<?xml version="1.0" encoding="UTF-8"?>
<!DOCTYPE html PUBLIC "-//W3C//DTD XHTML 1.0 Transitional//EN"
    "http://www.w3.org/TR/xhtml1/DTD/xhtml1-transitional.dtd">
<html xmlns="http://www.w3.org/1999/xhtml" xml:lang="en" lang="en">
 <head>
  <title>
</title>
<meta http-equiv="Content-Type" content="text/html;charset=utf-8" />
  <meta name='ocr-system' content='tesseract 3.04.00' />
  <meta name='ocr-capabilities' content='ocr_page ocr_carea ocr_par ocr_line ocrx_word'/>
</head>
<body>
  <div class='ocr_page' id='page_1' title='image "./doctorisseraphic08bona_0691.png"; bbox 0 0 2133 3317; ppageno 0'>
   <div class='ocr_carea' id='block_1_1' title="bbox 12 0 22 796">
    <p class='ocr_par' dir='ltr' id='par_1_1' title="bbox 12 0 22 796">
     <span class='ocr_line' id='line_1_1' title="bbox 12 0 22 796; baseline 0 0"><span class='ocrx_word' id='word_1_1' title='bbox 12 0 22 796; x_wconf 95' lang='lat' dir='ltr'> </span> 
     </span>
    </p>
   </div>
   <div class='ocr_carea' id='block_1_2' title="bbox 0 871 79 1677">
    <p class='ocr_par' dir='ltr' id='par_1_2' title="bbox 0 871 79 1677">
     <span class='ocr_line' id='line_1_2' title="bbox 0 871 79 1677; baseline 0 1640"><span class='ocrx_word' id='word_1_2' title='bbox 0 871 79 1677; x_wconf 95' lang='lat' dir='ltr'> </span> 
     </span>
    </p>
   </div>
   <div class='ocr_carea' id='block_1_3' title="bbox 413 213 1520 250">
    <p class='ocr_par' dir='ltr' id='par_1_3' title="bbox 413 213 1520 250">
     <span class='ocr_line' id='line_1_3' title="bbox 413 213 1520 250; baseline 0.001 -8"><span class='ocrx_word' id='word_1_3' title='bbox 413 213 611 243; x_wconf 88' lang='lat' dir='ltr'>OPUSCULUM</span> <span class='ocrx_word' id='word_1_4' title='bbox 633 213 721 241; x_wconf 83' lang='lat' dir='ltr'><strong>XXIII.</strong></span> <span class='ocrx_word' id='word_1_5' title='bbox 743 213 893 242; x_wconf 75' lang='lat' dir='ltr'>LEGENDA</span> <span class='ocrx_word' id='word_1_6' title='bbox 914 213 1029 242; x_wconf 77' lang='lat' dir='ltr'><strong>SANCTI</strong></span> <span class='ocrx_word' id='word_1_7' title='bbox 1048 214 1224 243; x_wconf 76' lang='lat' dir='ltr'>FRANCISCI.</span> <span class='ocrx_word' id='word_1_8' title='bbox 1245 215 1407 244; x_wconf 68' lang='lat' dir='ltr'>MIRACULA</span> <span class='ocrx_word' id='word_1_9' title='bbox 1429 216 1446 250; x_wconf 61' lang='grc' dir='ltr'><strong>ς</strong></span> <span class='ocrx_word' id='word_1_10' title='bbox 1467 215 1520 243; x_wconf 86' lang='lat' dir='ltr'>VII.</span> 
     </span>
    </p>
   </div>
   <div class='ocr_carea' id='block_1_4' title="bbox 93 290 939 882">
    <p class='ocr_par' dir='ltr' id='par_1_4' title="bbox 93 290 939 882">
     <span class='ocr_line' id='line_1_4' title="bbox 95 290 938 331; baseline -0.004 -9"><span class='ocrx_word' id='word_1_11' title='bbox 95 293 180 331; x_wconf 89' lang='lat' dir='ltr'>ipsius</span> <span class='ocrx_word' id='word_1_12' title='bbox 200 294 374 329; x_wconf 83' lang='lat' dir='ltr'>agnosceret,</span> <span class='ocrx_word' id='word_1_13' title='bbox 401 294 428 320; x_wconf 91' lang='lat' dir='ltr'>et</span> <span class='ocrx_word' id='word_1_14' title='bbox 455 299 490 320; x_wconf 83' lang='lat' dir='ltr'>an</span> <span class='ocrx_word' id='word_1_15' title='bbox 511 291 689 328; x_wconf 86' lang='lat' dir='ltr'>antiphonam</span> <span class='ocrx_word' id='word_1_16' title='bbox 719 290 792 319; x_wconf 90' lang='lat' dir='ltr'>illam</span> <span class='ocrx_word' id='word_1_17' title='bbox 818 291 938 328; x_wconf 79' lang='lat' dir='ltr'>Virginis</span> 
     </span>
     <span class='ocr_line' id='line_1_5' title="bbox 95 337 938 378; baseline -0.002 -10"><span class='ocrx_word' id='word_1_18' title='bbox 95 339 227 378; x_wconf 82' lang='lat' dir='ltr'>gloriosae</span> <span class='ocrx_word' id='word_1_19' title='bbox 239 340 264 366; x_wconf 88' lang='lat'>¹:</span> <span class='ocrx_word' id='word_1_20' title='bbox 284 350 297 363; x_wconf 74' lang='grc' dir='ltr'>«ι</span> <span class='ocrx_word' id='word_1_21' title='bbox 309 338 400 372; x_wconf 87' lang='lat' dir='ltr'>Salve,</span> <span class='ocrx_word' id='word_1_22' title='bbox 422 338 522 375; x_wconf 86' lang='lat' dir='ltr'>Regina</span> <span class='ocrx_word' id='word_1_23' title='bbox 543 337 785 371; x_wconf 81' lang='lat' dir='ltr'>misericordiae»,</span> <span class='ocrx_word' id='word_1_24' title='bbox 801 337 884 366; x_wconf 88' lang='lat' dir='ltr'>sciret</span> <span class='ocrx_word' id='word_1_25' title='bbox 904 337 938 366; x_wconf 90' lang='lat' dir='ltr'>ad</span> 
     </span>
     <span class='ocr_line' id='line_1_6' title="bbox 94 384 938 421; baseline -0.004 -6"><span class='ocrx_word' id='word_1_26' title='bbox 94 388 226 416; x_wconf 79' lang='lat' dir='ltr'>honorem</span> <span class='ocrx_word' id='word_1_27' title='bbox 247 385 370 414; x_wconf 90' lang='lat' dir='ltr'>eiusdem</span> <span class='ocrx_word' id='word_1_28' title='bbox 391 384 511 421; x_wconf 85' lang='lat' dir='ltr'>Virginis</span> <span class='ocrx_word' id='word_1_29' title='bbox 525 384 650 413; x_wconf 86' lang='lat' dir='ltr'>recitare.</span> <span class='ocrx_word' id='word_1_30' title='bbox 666 384 726 420; x_wconf 84' lang='lat' dir='ltr'>Qua</span> <span class='ocrx_word' id='word_1_31' title='bbox 746 384 938 421; x_wconf 80' lang='lat' dir='ltr'>respondente,</span> 
     </span>
     <span class='ocr_line' id='line_1_7' title="bbox 95 431 939 468; baseline -0.005 -5"><span class='ocrx_word' id='word_1_32' title='bbox 95 442 123 463; x_wconf 90' lang='lat' dir='ltr'>se</span> <span class='ocrx_word' id='word_1_33' title='bbox 143 433 245 462; x_wconf 87' lang='lat' dir='ltr'>habere</span> <span class='ocrx_word' id='word_1_34' title='bbox 272 432 395 460; x_wconf 73' lang='lat' dir='ltr'>notitiam</span> <span class='ocrx_word' id='word_1_35' title='bbox 417 431 452 460; x_wconf 92' lang='lat' dir='ltr'>de</span> <span class='ocrx_word' id='word_1_36' title='bbox 479 431 621 468; x_wconf 87' lang='lat' dir='ltr'>utrisque:</span> <span class='ocrx_word' id='word_1_37' title='bbox 649 442 662 456; x_wconf 76' lang='grc' dir='ltr'>α</span> <span class='ocrx_word' id='word_1_38' title='bbox 681 431 786 468; x_wconf 83' lang='lat' dir='ltr'>Incipe,</span> <span class='ocrx_word' id='word_1_39' title='bbox 813 431 851 459; x_wconf 92' lang='lat' dir='ltr'>ait</span> <span class='ocrx_word' id='word_1_40' title='bbox 872 432 939 459; x_wconf 88' lang='lat' dir='ltr'>San-</span> 
     </span>
     <span class='ocr_line' id='line_1_8' title="bbox 94 477 937 515; baseline -0.005 -6"><span class='ocrx_word' id='word_1_41' title='bbox 94 484 166 514; x_wconf 87' lang='lat' dir='ltr'>ctus,</span> <span class='ocrx_word' id='word_1_42' title='bbox 194 479 372 515; x_wconf 87' lang='lat' dir='ltr'>antiphonam</span> <span class='ocrx_word' id='word_1_43' title='bbox 400 486 524 511; x_wconf 88' lang='lat' dir='ltr'>sacram,</span> <span class='ocrx_word' id='word_1_44' title='bbox 555 480 582 506; x_wconf 87' lang='lat' dir='ltr'>et</span> <span class='ocrx_word' id='word_1_45' title='bbox 609 480 756 514; x_wconf 80' lang='lat' dir='ltr'>antequam</span> <span class='ocrx_word' id='word_1_46' title='bbox 785 477 937 514; x_wconf 78' lang='lat' dir='ltr'>compleas,</span> 
     </span>
     <span class='ocr_line' id='line_1_9' title="bbox 94 524 938 564; baseline -0.004 -9"><span class='ocrx_word' id='word_1_47' title='bbox 94 527 184 564; x_wconf 86' lang='lat' dir='ltr'>paries</span> <span class='ocrx_word' id='word_1_48' title='bbox 204 533 267 554; x_wconf 90' lang='lat' dir='ltr'>cum</span> <span class='ocrx_word' id='word_1_49' title='bbox 290 525 379 554; x_wconf 88' lang='lat' dir='ltr'>salute</span> <span class='ocrx_word' id='word_1_50' title='bbox 393 536 419 553; x_wconf 74' lang='lat' dir='ltr'>n.</span> <span class='ocrx_word' id='word_1_51' title='bbox 439 525 477 553; x_wconf 74' lang='lat' dir='ltr'>Ad</span> <span class='ocrx_word' id='word_1_52' title='bbox 499 525 569 553; x_wconf 86' lang='lat' dir='ltr'>banc</span> <span class='ocrx_word' id='word_1_53' title='bbox 590 532 685 554; x_wconf 75' lang='lat' dir='ltr'>vocem</span> <span class='ocrx_word' id='word_1_54' title='bbox 713 524 851 561; x_wconf 82' lang='lat' dir='ltr'>evigilavit</span> <span class='ocrx_word' id='word_1_55' title='bbox 876 532 938 553; x_wconf 93' lang='lat' dir='ltr'>mu-</span> 
     </span>
     <span class='ocr_line' id='line_1_10' title="bbox 94 571 938 608; baseline -0.004 -6"><span class='ocrx_word' id='word_1_56' title='bbox 94 573 144 602; x_wconf 91' lang='lat' dir='ltr'>lier</span> <span class='ocrx_word' id='word_1_57' title='bbox 164 575 192 601; x_wconf 89' lang='lat' dir='ltr'>et</span> <span class='ocrx_word' id='word_1_58' title='bbox 207 579 271 601; x_wconf 90' lang='lat' dir='ltr'>cum</span> <span class='ocrx_word' id='word_1_59' title='bbox 292 572 392 600; x_wconf 89' lang='lat' dir='ltr'>timore</span> <span class='ocrx_word' id='word_1_60' title='bbox 410 571 499 608; x_wconf 87' lang='lat' dir='ltr'>coepit</span> <span class='ocrx_word' id='word_1_61' title='bbox 513 571 620 600; x_wconf 86' lang='lat' dir='ltr'>dicere:</span> <span class='ocrx_word' id='word_1_62' title='bbox 640 582 653 596; x_wconf 70' lang='grc' dir='ltr'>π</span> <span class='ocrx_word' id='word_1_63' title='bbox 668 571 759 605; x_wconf 87' lang='lat' dir='ltr'>Salve,</span> <span class='ocrx_word' id='word_1_64' title='bbox 775 571 876 607; x_wconf 85' lang='lat' dir='ltr'>Regina</span> <span class='ocrx_word' id='word_1_65' title='bbox 890 571 938 599; x_wconf 89' lang='lat' dir='ltr'>mi-</span> 
     </span>
     <span class='ocr_line' id='line_1_11' title="bbox 94 617 938 655; baseline -0.004 -6"><span class='ocrx_word' id='word_1_66' title='bbox 94 619 294 649; x_wconf 80' lang='lat' dir='ltr'>sericordiae».</span> <span class='ocrx_word' id='word_1_67' title='bbox 316 618 441 655; x_wconf 87' lang='lat' dir='ltr'>Cumque</span> <span class='ocrx_word' id='word_1_68' title='bbox 463 618 523 647; x_wconf 87' lang='lat' dir='ltr'>illos</span> <span class='ocrx_word' id='word_1_69' title='bbox 544 617 736 647; x_wconf 86' lang='lat' dir='ltr'>misericordes</span> <span class='ocrx_word' id='word_1_70' title='bbox 756 617 851 646; x_wconf 88' lang='lat' dir='ltr'>oculos</span> <span class='ocrx_word' id='word_1_71' title='bbox 875 625 938 654; x_wconf 88' lang='lat' dir='ltr'>pre-</span> 
     </span>
     <span class='ocr_line' id='line_1_12' title="bbox 94 664 936 702; baseline -0.004 -7"><span class='ocrx_word' id='word_1_72' title='bbox 94 669 203 696; x_wconf 81' lang='lat' dir='ltr'>caretur</span> <span class='ocrx_word' id='word_1_73' title='bbox 224 666 403 702; x_wconf 86' lang='lat' dir='ltr'>fructumque</span> <span class='ocrx_word' id='word_1_74' title='bbox 428 667 657 694; x_wconf 87' lang='lat' dir='ltr'>commemoraret</span> <span class='ocrx_word' id='word_1_75' title='bbox 684 664 757 693; x_wconf 86' lang='lat' dir='ltr'>uteri</span> <span class='ocrx_word' id='word_1_76' title='bbox 780 664 936 701; x_wconf 84' lang='lat' dir='ltr'>virginalis;</span> 
     </span>
     <span class='ocr_line' id='line_1_13' title="bbox 94 711 937 748; baseline -0.005 -6"><span class='ocrx_word' id='word_1_77' title='bbox 94 713 223 743; x_wconf 85' lang='lat' dir='ltr'>continuo</span> <span class='ocrx_word' id='word_1_78' title='bbox 249 712 356 741; x_wconf 87' lang='lat' dir='ltr'>cunctis</span> <span class='ocrx_word' id='word_1_79' title='bbox 378 712 493 740; x_wconf 88' lang='lat' dir='ltr'>liberata</span> <span class='ocrx_word' id='word_1_80' title='bbox 514 712 668 748; x_wconf 86' lang='lat' dir='ltr'>pressuris,</span> <span class='ocrx_word' id='word_1_81' title='bbox 698 711 828 739; x_wconf 75' lang='lat' dir='ltr'>infantem</span> <span class='ocrx_word' id='word_1_82' title='bbox 856 718 937 747; x_wconf 88' lang='lat' dir='ltr'>pepe-</span> 
     </span>
     <span class='ocr_line' id='line_1_14' title="bbox 93 757 937 797; baseline -0.005 -8"><span class='ocrx_word' id='word_1_83' title='bbox 93 760 130 789; x_wconf 87' lang='lat' dir='ltr'>rit</span> <span class='ocrx_word' id='word_1_84' title='bbox 150 759 320 797; x_wconf 90' lang='lat' dir='ltr'>speciosum,</span> <span class='ocrx_word' id='word_1_85' title='bbox 341 759 443 796; x_wconf 83' lang='lat' dir='ltr'>gratias</span> <span class='ocrx_word' id='word_1_86' title='bbox 471 766 554 795; x_wconf 83' lang='lat' dir='ltr'>agens</span> <span class='ocrx_word' id='word_1_87' title='bbox 575 758 691 795; x_wconf 81' lang='lat' dir='ltr'>Reginae</span> <span class='ocrx_word' id='word_1_88' title='bbox 717 757 937 791; x_wconf 81' lang='lat' dir='ltr'>misericordiae,</span> 
     </span>
     <span class='ocr_line' id='line_1_15' title="bbox 94 804 938 844; baseline -0.005 -8"><span class='ocrx_word' id='word_1_89' title='bbox 94 815 164 844; x_wconf 89' lang='lat' dir='ltr'>quae</span> <span class='ocrx_word' id='word_1_90' title='bbox 185 814 233 843; x_wconf 88' lang='lat' dir='ltr'>per</span> <span class='ocrx_word' id='word_1_91' title='bbox 255 806 325 835; x_wconf 87' lang='lat' dir='ltr'>beati</span> <span class='ocrx_word' id='word_1_92' title='bbox 342 806 476 834; x_wconf 87' lang='lat' dir='ltr'>Francisci</span> <span class='ocrx_word' id='word_1_93' title='bbox 491 805 590 834; x_wconf 88' lang='lat' dir='ltr'>merita</span> <span class='ocrx_word' id='word_1_94' title='bbox 608 805 695 841; x_wconf 90' lang='lat' dir='ltr'>ipsius</span> <span class='ocrx_word' id='word_1_95' title='bbox 715 804 826 841; x_wconf 80' lang='lat' dir='ltr'>dignata</span> <span class='ocrx_word' id='word_1_96' title='bbox 846 804 938 833; x_wconf 82' lang='lat' dir='ltr'>fuerat</span> 
     </span>
     <span class='ocr_line' id='line_1_16' title="bbox 93 861 227 882; baseline -0.007 0"><span class='ocrx_word' id='word_1_97' title='bbox 93 861 227 882; x_wconf 79' lang='lat' dir='ltr'>misereri.</span> 
     </span>
    </p>
   </div>
   <div class='ocr_carea' id='block_1_5' title="bbox 278 945 752 983">
    <p class='ocr_par' dir='ltr' id='par_1_5' title="bbox 278 945 752 983">
     <span class='ocr_line' id='line_1_17' title="bbox 278 945 752 983; baseline -0.004 -8"><span class='ocrx_word' id='word_1_98' title='bbox 278 949 296 983; x_wconf 54' lang='grc' dir='ltr'>ὅ</span> <span class='ocrx_word' id='word_1_99' title='bbox 318 947 370 975; x_wconf 93' lang='lat' dir='ltr'>VII.</span> <span class='ocrx_word' id='word_1_100' title='bbox 396 947 434 975; x_wconf 82' lang='lat' dir='ltr'>De</span> <span class='ocrx_word' id='word_1_101' title='bbox 455 946 549 974; x_wconf 74' lang='lat' dir='ltr'>caecis</span> <span class='ocrx_word' id='word_1_102' title='bbox 570 945 752 974; x_wconf 70' lang='lat' dir='ltr'>illiciitz&#39;ttatis.</span> 
     </span>
    </p>
   </div>
   <div class='ocr_carea' id='block_1_6' title="bbox 60 1038 942 2247">
    <p class='ocr_par' dir='ltr' id='par_1_6' title="bbox 60 1038 940 2157">
     <span class='ocr_line' id='line_1_18' title="bbox 173 1038 937 1075; baseline -0.004 -5"><span class='ocrx_word' id='word_1_103' title='bbox 173 1043 196 1070; x_wconf 87' lang='lat'>1.</span> <span class='ocrx_word' id='word_1_104' title='bbox 219 1042 246 1070; x_wconf 91' lang='lat' dir='ltr'>Iu</span> <span class='ocrx_word' id='word_1_105' title='bbox 269 1044 407 1070; x_wconf 85' lang='lat' dir='ltr'>conventu</span> <span class='ocrx_word' id='word_1_106' title='bbox 428 1040 555 1068; x_wconf 89' lang='lat' dir='ltr'>Fratrum</span> <span class='ocrx_word' id='word_1_107' title='bbox 574 1039 709 1067; x_wconf 86' lang='lat' dir='ltr'>Minorum</span> <span class='ocrx_word' id='word_1_108' title='bbox 730 1038 785 1067; x_wconf 73' lang='lat' dir='ltr'>de²</span> <span class='ocrx_word' id='word_1_109' title='bbox 811 1039 937 1075; x_wconf 82' lang='lat' dir='ltr'>Neapoli,</span> 
     </span>
     <span class='ocr_line' id='line_1_19' title="bbox 93 1086 939 1126; baseline -0.005 -8"><span class='ocrx_word' id='word_1_110' title='bbox 93 1097 156 1118; x_wconf 85' lang='lat' dir='ltr'>cum</span> <span class='ocrx_word' id='word_1_111' title='bbox 177 1088 288 1126; x_wconf 89' lang='lat' dir='ltr'>quidam</span> <span class='ocrx_word' id='word_1_112' title='bbox 310 1088 413 1121; x_wconf 81' lang='lat' dir='ltr'>Frater,</span> <span class='ocrx_word' id='word_1_113' title='bbox 436 1087 572 1115; x_wconf 82' lang='lat' dir='ltr'>Robertus</span> <span class='ocrx_word' id='word_1_114' title='bbox 592 1086 715 1120; x_wconf 89' lang='lat' dir='ltr'>nomine,</span> <span class='ocrx_word' id='word_1_115' title='bbox 740 1093 839 1114; x_wconf 85' lang='lat' dir='ltr'>caecus</span> <span class='ocrx_word' id='word_1_116' title='bbox 859 1086 939 1114; x_wconf 87' lang='lat' dir='ltr'>annis</span> 
     </span>
     <span class='ocr_line' id='line_1_20' title="bbox 60 1129 939 1175; baseline -0.006 -10"><span class='ocrx_word' id='word_1_117' title='bbox 60 1129 64 1135; x_wconf 74' lang='grc'><strong>“</strong></span> <span class='ocrx_word' id='word_1_118' title='bbox 93 1136 221 1175; x_wconf 88' lang='lat' dir='ltr'>plurimis</span> <span class='ocrx_word' id='word_1_119' title='bbox 242 1135 408 1168; x_wconf 82' lang='lat' dir='ltr'>exstitisset,</span> <span class='ocrx_word' id='word_1_120' title='bbox 430 1134 517 1163; x_wconf 85' lang='lat' dir='ltr'>crevit</span> <span class='ocrx_word' id='word_1_121' title='bbox 531 1133 558 1161; x_wconf 91' lang='lat' dir='ltr'>in</span> <span class='ocrx_word' id='word_1_122' title='bbox 573 1133 661 1161; x_wconf 86' lang='lat' dir='ltr'>oculis</span> <span class='ocrx_word' id='word_1_123' title='bbox 674 1133 734 1161; x_wconf 90' lang='lat' dir='ltr'>eius</span> <span class='ocrx_word' id='word_1_124' title='bbox 755 1140 819 1161; x_wconf 87' lang='lat' dir='ltr'>caro</span> <span class='ocrx_word' id='word_1_125' title='bbox 841 1140 939 1169; x_wconf 89' lang='lat' dir='ltr'>super-</span> 
     </span>
     <span class='ocr_line' id='line_1_21' title="bbox 93 1179 937 1217; baseline -0.006 -5"><span class='ocrx_word' id='word_1_126' title='bbox 93 1183 162 1217; x_wconf 87' lang='lat' dir='ltr'>flua,</span> <span class='ocrx_word' id='word_1_127' title='bbox 185 1185 291 1211; x_wconf 90' lang='lat' dir='ltr'>motum</span> <span class='ocrx_word' id='word_1_128' title='bbox 313 1185 340 1210; x_wconf 88' lang='lat' dir='ltr'>et</span> <span class='ocrx_word' id='word_1_129' title='bbox 362 1189 443 1210; x_wconf 90' lang='lat' dir='ltr'>usum</span> <span class='ocrx_word' id='word_1_130' title='bbox 466 1180 617 1217; x_wconf 87' lang='lat' dir='ltr'>impediens</span> <span class='ocrx_word' id='word_1_131' title='bbox 643 1179 847 1216; x_wconf 81' lang='lat' dir='ltr'>palpebrarum.</span> <span class='ocrx_word' id='word_1_132' title='bbox 869 1179 937 1207; x_wconf 89' lang='lat' dir='ltr'>Cum</span> 
     </span>
     <span class='ocr_line' id='line_1_22' title="bbox 92 1226 939 1267; baseline -0.006 -8"><span class='ocrx_word' id='word_1_133' title='bbox 92 1230 176 1267; x_wconf 87' lang='lat' dir='ltr'>igitur</span> <span class='ocrx_word' id='word_1_134' title='bbox 208 1230 315 1258; x_wconf 83' lang='lat' dir='ltr'>Fratres</span> <span class='ocrx_word' id='word_1_135' title='bbox 345 1228 480 1262; x_wconf 86' lang='lat' dir='ltr'>forenses,</span> <span class='ocrx_word' id='word_1_136' title='bbox 512 1227 545 1255; x_wconf 90' lang='lat' dir='ltr'>ad</span> <span class='ocrx_word' id='word_1_137' title='bbox 573 1227 696 1255; x_wconf 85' lang='lat' dir='ltr'>diversas</span> <span class='ocrx_word' id='word_1_138' title='bbox 722 1226 818 1254; x_wconf 86' lang='lat' dir='ltr'>mundi</span> <span class='ocrx_word' id='word_1_139' title='bbox 846 1228 939 1262; x_wconf 87' lang='lat' dir='ltr'>partes</span> 
     </span>
     <span class='ocr_line' id='line_1_23' title="bbox 93 1273 938 1312; baseline -0.006 -6"><span class='ocrx_word' id='word_1_140' title='bbox 93 1276 244 1311; x_wconf 87' lang='lat' dir='ltr'>tendentes,</span> <span class='ocrx_word' id='word_1_141' title='bbox 265 1275 366 1304; x_wconf 89' lang='lat' dir='ltr'>ibidem</span> <span class='ocrx_word' id='word_1_142' title='bbox 388 1274 500 1312; x_wconf 88' lang='lat' dir='ltr'>plurimi</span> <span class='ocrx_word' id='word_1_143' title='bbox 522 1273 725 1307; x_wconf 74' lang='lat' dir='ltr'>convenissent,</span> <span class='ocrx_word' id='word_1_144' title='bbox 748 1273 845 1301; x_wconf 86' lang='lat' dir='ltr'>beatus</span> <span class='ocrx_word' id='word_1_145' title='bbox 860 1273 938 1301; x_wconf 83' lang='lat' dir='ltr'>Pater</span> 
     </span>
     <span class='ocr_line' id='line_1_24' title="bbox 93 1319 938 1359; baseline -0.005 -7"><span class='ocrx_word' id='word_1_146' title='bbox 93 1324 254 1352; x_wconf 86' lang='lat' dir='ltr'>Franciscus</span> <span class='ocrx_word' id='word_1_147' title='bbox 274 1322 418 1359; x_wconf 88' lang='lat' dir='ltr'>speculum</span> <span class='ocrx_word' id='word_1_148' title='bbox 439 1321 610 1350; x_wconf 86' lang='lat' dir='ltr'>obedientiae</span> <span class='ocrx_word' id='word_1_149' title='bbox 631 1323 753 1354; x_wconf 87' lang='lat' dir='ltr'>sanctae,</span> <span class='ocrx_word' id='word_1_150' title='bbox 774 1323 806 1348; x_wconf 85' lang='lat' dir='ltr'>ut</span> <span class='ocrx_word' id='word_1_151' title='bbox 827 1328 873 1348; x_wconf 90' lang='lat' dir='ltr'>eos</span> <span class='ocrx_word' id='word_1_152' title='bbox 888 1319 938 1348; x_wconf 91' lang='lat' dir='ltr'>mi-</span> 
     </span>
     <span class='ocr_line' id='line_1_25' title="bbox 93 1366 938 1403; baseline -0.007 -4"><span class='ocrx_word' id='word_1_153' title='bbox 93 1370 180 1399; x_wconf 88' lang='lat' dir='ltr'>raculi</span> <span class='ocrx_word' id='word_1_154' title='bbox 208 1371 329 1398; x_wconf 68' lang='lat' dir='ltr'>novstate</span> <span class='ocrx_word' id='word_1_155' title='bbox 350 1369 512 1397; x_wconf 85' lang='lat' dir='ltr'>hortaretur</span> <span class='ocrx_word' id='word_1_156' title='bbox 539 1367 572 1395; x_wconf 84' lang='lat' dir='ltr'>ad</span> <span class='ocrx_word' id='word_1_157' title='bbox 594 1367 660 1400; x_wconf 89' lang='lat' dir='ltr'>iter,</span> <span class='ocrx_word' id='word_1_158' title='bbox 681 1366 853 1403; x_wconf 84' lang='lat' dir='ltr'>praedictum</span> <span class='ocrx_word' id='word_1_159' title='bbox 875 1367 938 1394; x_wconf 88' lang='lat' dir='ltr'>Fra-</span> 
     </span>
     <span class='ocr_line' id='line_1_26' title="bbox 93 1412 939 1453; baseline -0.007 -7"><span class='ocrx_word' id='word_1_160' title='bbox 93 1421 180 1451; x_wconf 84' lang='lat' dir='ltr'>trem,</span> <span class='ocrx_word' id='word_1_161' title='bbox 201 1416 268 1453; x_wconf 88' lang='lat' dir='ltr'>ipsis</span> <span class='ocrx_word' id='word_1_162' title='bbox 289 1415 497 1452; x_wconf 86' lang='lat' dir='ltr'>praesentibus,</span> <span class='ocrx_word' id='word_1_163' title='bbox 520 1414 565 1442; x_wconf 89' lang='lat' dir='ltr'>tali</span> <span class='ocrx_word' id='word_1_164' title='bbox 588 1413 668 1442; x_wconf 88' lang='lat' dir='ltr'>modo</span> <span class='ocrx_word' id='word_1_165' title='bbox 690 1413 806 1441; x_wconf 79' lang='lat' dir='ltr'>curavit.</span> <span class='ocrx_word' id='word_1_166' title='bbox 833 1412 939 1441; x_wconf 85' lang='lat' dir='ltr'>lacebat</span> 
     </span>
     <span class='ocr_line' id='line_1_27' title="bbox 93 1459 937 1500; baseline -0.007 -7"><span class='ocrx_word' id='word_1_167' title='bbox 93 1466 172 1493; x_wconf 90' lang='lat' dir='ltr'>nocte</span> <span class='ocrx_word' id='word_1_168' title='bbox 199 1462 317 1500; x_wconf 86' lang='lat' dir='ltr'>quadam</span> <span class='ocrx_word' id='word_1_169' title='bbox 346 1463 439 1490; x_wconf 85' lang='lat' dir='ltr'>Frater</span> <span class='ocrx_word' id='word_1_170' title='bbox 467 1461 603 1489; x_wconf 84' lang='lat' dir='ltr'>Robertus</span> <span class='ocrx_word' id='word_1_171' title='bbox 624 1460 782 1497; x_wconf 86' lang='lat' dir='ltr'>praedictus</span> <span class='ocrx_word' id='word_1_172' title='bbox 802 1467 883 1496; x_wconf 88' lang='lat' dir='ltr'>aeger</span> <span class='ocrx_word' id='word_1_173' title='bbox 904 1459 937 1487; x_wconf 91' lang='lat' dir='ltr'>ad</span> 
     </span>
     <span class='ocr_line' id='line_1_28' title="bbox 93 1506 937 1546; baseline -0.007 -6"><span class='ocrx_word' id='word_1_174' title='bbox 93 1513 226 1545; x_wconf 90' lang='lat' dir='ltr'>mortem,</span> <span class='ocrx_word' id='word_1_175' title='bbox 241 1510 352 1546; x_wconf 90' lang='lat' dir='ltr'>iamque</span> <span class='ocrx_word' id='word_1_176' title='bbox 367 1509 417 1538; x_wconf 89' lang='lat' dir='ltr'>sibi</span> <span class='ocrx_word' id='word_1_177' title='bbox 439 1509 530 1537; x_wconf 85' lang='lat' dir='ltr'>suerat</span> <span class='ocrx_word' id='word_1_178' title='bbox 544 1508 635 1536; x_wconf 90' lang='lat' dir='ltr'>anima</span> <span class='ocrx_word' id='word_1_179' title='bbox 656 1506 858 1540; x_wconf 87' lang='lat' dir='ltr'>commendata,</span> <span class='ocrx_word' id='word_1_180' title='bbox 874 1514 937 1535; x_wconf 92' lang='lat' dir='ltr'>cum</span> 
     </span>
     <span class='ocr_line' id='line_1_29' title="bbox 94 1553 938 1592; baseline -0.007 -5"><span class='ocrx_word' id='word_1_181' title='bbox 94 1566 172 1592; x_wconf 88' lang='lat' dir='ltr'>ecce,</span> <span class='ocrx_word' id='word_1_182' title='bbox 203 1557 289 1586; x_wconf 86' lang='lat' dir='ltr'>astitit</span> <span class='ocrx_word' id='word_1_183' title='bbox 309 1557 334 1585; x_wconf 92' lang='lat' dir='ltr'>ei</span> <span class='ocrx_word' id='word_1_184' title='bbox 362 1556 460 1585; x_wconf 87' lang='lat' dir='ltr'>beatus</span> <span class='ocrx_word' id='word_1_185' title='bbox 482 1556 559 1584; x_wconf 87' lang='lat' dir='ltr'>Pater</span> <span class='ocrx_word' id='word_1_186' title='bbox 587 1562 650 1583; x_wconf 91' lang='lat' dir='ltr'>cum</span> <span class='ocrx_word' id='word_1_187' title='bbox 678 1554 769 1582; x_wconf 89' lang='lat' dir='ltr'>tribus</span> <span class='ocrx_word' id='word_1_188' title='bbox 796 1553 938 1582; x_wconf 84' lang='lat' dir='ltr'>Fratribus</span> 
     </span>
     <span class='ocr_line' id='line_1_30' title="bbox 93 1600 938 1640; baseline -0.007 -6"><span class='ocrx_word' id='word_1_189' title='bbox 93 1605 166 1634; x_wconf 91' lang='lat' dir='ltr'>omni</span> <span class='ocrx_word' id='word_1_190' title='bbox 195 1604 339 1633; x_wconf 88' lang='lat' dir='ltr'>sanctitate</span> <span class='ocrx_word' id='word_1_191' title='bbox 364 1602 507 1640; x_wconf 79' lang='lat' dir='ltr'>perfectis,</span> <span class='ocrx_word' id='word_1_192' title='bbox 535 1601 662 1630; x_wconf 83' lang='lat' dir='ltr'>videlicet</span> <span class='ocrx_word' id='word_1_193' title='bbox 686 1604 780 1629; x_wconf 82' lang='lat' dir='ltr'>sancto</span> <span class='ocrx_word' id='word_1_194' title='bbox 808 1600 938 1634; x_wconf 73' lang='lat' dir='ltr'>Antonio,</span> 
     </span>
     <span class='ocr_line' id='line_1_31' title="bbox 93 1647 937 1688; baseline -0.007 -7"><span class='ocrx_word' id='word_1_195' title='bbox 93 1652 188 1681; x_wconf 87' lang='lat' dir='ltr'>Fratre</span> <span class='ocrx_word' id='word_1_196' title='bbox 209 1650 383 1688; x_wconf 75' lang='lat' dir='ltr'>Augustin0³</span> <span class='ocrx_word' id='word_1_197' title='bbox 405 1653 432 1678; x_wconf 90' lang='lat' dir='ltr'>et</span> <span class='ocrx_word' id='word_1_198' title='bbox 453 1650 547 1678; x_wconf 87' lang='lat' dir='ltr'>Fratre</span> <span class='ocrx_word' id='word_1_199' title='bbox 570 1649 665 1677; x_wconf 87' lang='lat' dir='ltr'>Iacobo</span> <span class='ocrx_word' id='word_1_200' title='bbox 685 1648 719 1676; x_wconf 90' lang='lat' dir='ltr'>de</span> <span class='ocrx_word' id='word_1_201' title='bbox 747 1647 861 1681; x_wconf 81' lang='lat' dir='ltr'>Assisio‚</span> <span class='ocrx_word' id='word_1_202' title='bbox 890 1647 937 1684; x_wconf 92' lang='lat' dir='ltr'>qui</span> 
     </span>
     <span class='ocr_line' id='line_1_32' title="bbox 94 1694 940 1734; baseline -0.007 -6"><span class='ocrx_word' id='word_1_203' title='bbox 94 1699 165 1728; x_wconf 89' lang='lat' dir='ltr'>sicut</span> <span class='ocrx_word' id='word_1_204' title='bbox 185 1706 249 1727; x_wconf 89' lang='lat' dir='ltr'>eum</span> <span class='ocrx_word' id='word_1_205' title='bbox 265 1697 385 1734; x_wconf 86' lang='lat' dir='ltr'>perfecte</span> <span class='ocrx_word' id='word_1_206' title='bbox 406 1697 516 1725; x_wconf 84' lang='lat' dir='ltr'>fuerant</span> <span class='ocrx_word' id='word_1_207' title='bbox 531 1695 631 1729; x_wconf 88' lang='lat' dir='ltr'>secuti,</span> <span class='ocrx_word' id='word_1_208' title='bbox 653 1695 720 1723; x_wconf 88' lang='lat' dir='ltr'>dum</span> <span class='ocrx_word' id='word_1_209' title='bbox 742 1694 880 1728; x_wconf 88' lang='lat' dir='ltr'>viverent,</span> <span class='ocrx_word' id='word_1_210' title='bbox 902 1694 940 1722; x_wconf 86' lang='lat' dir='ltr'>ita</span> 
     </span>
     <span class='ocr_line' id='line_1_33' title="bbox 93 1741 939 1782; baseline -0.007 -7"><span class='ocrx_word' id='word_1_211' title='bbox 93 1749 120 1775; x_wconf 86' lang='lat' dir='ltr'>et</span> <span class='ocrx_word' id='word_1_212' title='bbox 141 1746 232 1782; x_wconf 89' lang='lat' dir='ltr'>ipsum</span> <span class='ocrx_word' id='word_1_213' title='bbox 254 1744 382 1773; x_wconf 81' lang='lat' dir='ltr'>alacriter</span> <span class='ocrx_word' id='word_1_214' title='bbox 403 1743 606 1772; x_wconf 79' lang='lat' dir='ltr'>comitabantur</span> <span class='ocrx_word' id='word_1_215' title='bbox 627 1746 689 1779; x_wconf 89' lang='lat' dir='ltr'>post</span> <span class='ocrx_word' id='word_1_216' title='bbox 709 1745 836 1770; x_wconf 88' lang='lat' dir='ltr'>mortem.</span> <span class='ocrx_word' id='word_1_217' title='bbox 865 1741 939 1770; x_wconf 81' lang='lat' dir='ltr'>Acci-</span> 
     </span>
     <span class='ocr_line' id='line_1_34' title="bbox 93 1790 939 1830; baseline -0.006 -9"><span class='ocrx_word' id='word_1_218' title='bbox 93 1793 172 1830; x_wconf 85' lang='lat' dir='ltr'>piens</span> <span class='ocrx_word' id='word_1_219' title='bbox 193 1792 348 1825; x_wconf 88' lang='lat' dir='ltr'>cultellum,</span> <span class='ocrx_word' id='word_1_220' title='bbox 380 1793 492 1820; x_wconf 87' lang='lat' dir='ltr'>sanctus</span> <span class='ocrx_word' id='word_1_221' title='bbox 520 1790 681 1818; x_wconf 73' lang='lat' dir='ltr'>FrancIscus</span> <span class='ocrx_word' id='word_1_222' title='bbox 709 1797 819 1817; x_wconf 85' lang='lat' dir='ltr'>carnem</span> <span class='ocrx_word' id='word_1_223' title='bbox 842 1796 939 1825; x_wconf 87' lang='lat' dir='ltr'>super-</span> 
     </span>
     <span class='ocr_line' id='line_1_35' title="bbox 94 1836 939 1873; baseline -0.006 -5"><span class='ocrx_word' id='word_1_224' title='bbox 94 1839 179 1868; x_wconf 89' lang='lat' dir='ltr'>fluam</span> <span class='ocrx_word' id='word_1_225' title='bbox 200 1838 347 1872; x_wconf 85' lang='lat' dir='ltr'>resecavit,</span> <span class='ocrx_word' id='word_1_226' title='bbox 370 1838 462 1866; x_wconf 88' lang='lat' dir='ltr'>lumen</span> <span class='ocrx_word' id='word_1_227' title='bbox 485 1837 607 1865; x_wconf 88' lang='lat' dir='ltr'>restituit</span> <span class='ocrx_word' id='word_1_228' title='bbox 621 1836 770 1873; x_wconf 89' lang='lat' dir='ltr'>pristinum</span> <span class='ocrx_word' id='word_1_229' title='bbox 788 1839 815 1864; x_wconf 89' lang='lat' dir='ltr'>et</span> <span class='ocrx_word' id='word_1_230' title='bbox 836 1843 852 1864; x_wconf 85' lang='lat' dir='ltr'>a</span> <span class='ocrx_word' id='word_1_231' title='bbox 866 1843 939 1864; x_wconf 88' lang='lat' dir='ltr'>mor—</span> 
     </span>
     <span class='ocr_line' id='line_1_36' title="bbox 92 1882 939 1920; baseline -0.006 -5"><span class='ocrx_word' id='word_1_232' title='bbox 92 1886 129 1915; x_wconf 83' lang='lat' dir='ltr'>tis</span> <span class='ocrx_word' id='word_1_233' title='bbox 149 1893 213 1915; x_wconf 91' lang='lat' dir='ltr'>eum</span> <span class='ocrx_word' id='word_1_234' title='bbox 234 1885 313 1914; x_wconf 85' lang='lat' dir='ltr'>fauce</span> <span class='ocrx_word' id='word_1_235' title='bbox 340 1884 455 1913; x_wconf 84' lang='lat' dir='ltr'>reduxit</span> <span class='ocrx_word' id='word_1_236' title='bbox 481 1883 608 1920; x_wconf 81' lang='lat' dir='ltr'>dixitque</span> <span class='ocrx_word' id='word_1_237' title='bbox 628 1883 682 1911; x_wconf 87' lang='lat' dir='ltr'>illi:</span> <span class='ocrx_word' id='word_1_238' title='bbox 709 1894 721 1908; x_wconf 89' lang='lat'>«</span> <span class='ocrx_word' id='word_1_239' title='bbox 738 1883 784 1911; x_wconf 90' lang='lat' dir='ltr'>Fili</span> <span class='ocrx_word' id='word_1_240' title='bbox 807 1882 939 1916; x_wconf 87' lang='lat' dir='ltr'>Roberte,</span> 
     </span>
     <span class='ocr_line' id='line_1_37' title="bbox 95 1929 940 1971; baseline -0.006 -9"><span class='ocrx_word' id='word_1_241' title='bbox 95 1933 197 1971; x_wconf 83' lang='lat' dir='ltr'>gratia,</span> <span class='ocrx_word' id='word_1_242' title='bbox 218 1940 301 1970; x_wconf 89' lang='lat' dir='ltr'>quam</span> <span class='ocrx_word' id='word_1_243' title='bbox 327 1934 419 1960; x_wconf 89' lang='lat' dir='ltr'>tecum</span> <span class='ocrx_word' id='word_1_244' title='bbox 441 1930 508 1964; x_wconf 82' lang='lat' dir='ltr'>feci,</span> <span class='ocrx_word' id='word_1_245' title='bbox 538 1930 646 1967; x_wconf 89' lang='lat' dir='ltr'>signum</span> <span class='ocrx_word' id='word_1_246' title='bbox 674 1932 716 1958; x_wconf 88' lang='lat' dir='ltr'>est</span> <span class='ocrx_word' id='word_1_247' title='bbox 737 1929 879 1958; x_wconf 88' lang='lat' dir='ltr'>Fratribus</span> <span class='ocrx_word' id='word_1_248' title='bbox 906 1929 940 1957; x_wconf 88' lang='lat' dir='ltr'>ad</span> 
     </span>
     <span class='ocr_line' id='line_1_38' title="bbox 95 1976 940 2014; baseline -0.006 -5"><span class='ocrx_word' id='word_1_249' title='bbox 95 1983 214 2009; x_wconf 88' lang='lat' dir='ltr'>remotas</span> <span class='ocrx_word' id='word_1_250' title='bbox 234 1979 359 2008; x_wconf 88' lang='lat' dir='ltr'>nationes</span> <span class='ocrx_word' id='word_1_251' title='bbox 378 1978 521 2011; x_wconf 87' lang='lat' dir='ltr'>euntibus,</span> <span class='ocrx_word' id='word_1_252' title='bbox 538 1977 612 2014; x_wconf 89' lang='lat' dir='ltr'>quod</span> <span class='ocrx_word' id='word_1_253' title='bbox 633 1985 683 2014; x_wconf 90' lang='lat' dir='ltr'>ego</span> <span class='ocrx_word' id='word_1_254' title='bbox 704 1976 864 2013; x_wconf 85' lang='lat' dir='ltr'>praecedam</span> <span class='ocrx_word' id='word_1_255' title='bbox 894 1984 940 2005; x_wconf 92' lang='lat' dir='ltr'>eos</span> 
     </span>
     <span class='ocr_line' id='line_1_39' title="bbox 95 2022 940 2063; baseline -0.006 -8"><span class='ocrx_word' id='word_1_256' title='bbox 95 2029 122 2055; x_wconf 89' lang='lat' dir='ltr'>et</span> <span class='ocrx_word' id='word_1_257' title='bbox 148 2026 272 2063; x_wconf 91' lang='lat' dir='ltr'>ipsorum</span> <span class='ocrx_word' id='word_1_258' title='bbox 300 2025 415 2061; x_wconf 85' lang='lat' dir='ltr'>dirigam</span> <span class='ocrx_word' id='word_1_259' title='bbox 444 2031 564 2060; x_wconf 78' lang='lat' dir='ltr'>gressus.</span> <span class='ocrx_word' id='word_1_260' title='bbox 594 2023 712 2057; x_wconf 87' lang='lat' dir='ltr'>Vadant,</span> <span class='ocrx_word' id='word_1_261' title='bbox 740 2022 844 2059; x_wconf 82' lang='lat' dir='ltr'>inquit,</span> <span class='ocrx_word' id='word_1_262' title='bbox 873 2030 940 2059; x_wconf 86' lang='lat' dir='ltr'>gau-</span> 
     </span>
     <span class='ocr_line' id='line_1_40' title="bbox 95 2069 940 2102; baseline -0.006 0"><span class='ocrx_word' id='word_1_263' title='bbox 95 2073 192 2102; x_wconf 88' lang='lat' dir='ltr'>denter</span> <span class='ocrx_word' id='word_1_264' title='bbox 212 2075 239 2101; x_wconf 89' lang='lat' dir='ltr'>et</span> <span class='ocrx_word' id='word_1_265' title='bbox 267 2071 417 2100; x_wconf 88' lang='lat' dir='ltr'>iniunctam</span> <span class='ocrx_word' id='word_1_266' title='bbox 439 2069 621 2098; x_wconf 84' lang='lat' dir='ltr'>obedientiam</span> <span class='ocrx_word' id='word_1_267' title='bbox 643 2069 726 2098; x_wconf 88' lang='lat' dir='ltr'>alacri</span> <span class='ocrx_word' id='word_1_268' title='bbox 748 2069 840 2097; x_wconf 88' lang='lat' dir='ltr'>animo</span> <span class='ocrx_word' id='word_1_269' title='bbox 861 2077 940 2098; x_wconf 83' lang='lat' dir='ltr'>exse-</span> 
     </span>
     <span class='ocr_line' id='line_1_41' title="bbox 96 2122 260 2157; baseline -0.006 -9"><span class='ocrx_word' id='word_1_270' title='bbox 96 2122 218 2157; x_wconf 87' lang='lat' dir='ltr'>quantur</span> <span class='ocrx_word' id='word_1_271' title='bbox 234 2131 260 2147; x_wconf 84' lang='lat'>».</span> 
     </span>
    </p>

    <p class='ocr_par' dir='ltr' id='par_1_7' title="bbox 96 2163 942 2247">
     <span class='ocr_line' id='line_1_42' title="bbox 173 2163 942 2202; baseline -0.005 -7"><span class='ocrx_word' id='word_1_272' title='bbox 173 2168 199 2195; x_wconf 74' lang='lat'>2.</span> <span class='ocrx_word' id='word_1_273' title='bbox 221 2165 298 2202; x_wconf 86' lang='lat' dir='ltr'>Apud</span> <span class='ocrx_word' id='word_1_274' title='bbox 320 2165 428 2194; x_wconf 88' lang='lat' dir='ltr'>Thebas</span> <span class='ocrx_word' id='word_1_275' title='bbox 445 2164 473 2192; x_wconf 88' lang='lat' dir='ltr'>in</span> <span class='ocrx_word' id='word_1_276' title='bbox 488 2163 640 2193; x_wconf 75' lang='lat' dir='ltr'>Romania4</span> <span class='ocrx_word' id='word_1_277' title='bbox 660 2163 760 2192; x_wconf 89' lang='lat' dir='ltr'>mulier</span> <span class='ocrx_word' id='word_1_278' title='bbox 775 2171 855 2192; x_wconf 84' lang='lat' dir='ltr'>caeca</span> <span class='ocrx_word' id='word_1_279' title='bbox 872 2163 942 2200; x_wconf 87' lang='lat' dir='ltr'>vigi—</span> 
     </span>
     <span class='ocr_line' id='line_1_43' title="bbox 96 2210 941 2247; baseline -0.005 -5"><span class='ocrx_word' id='word_1_280' title='bbox 96 2213 159 2242; x_wconf 90' lang='lat' dir='ltr'>liam</span> <span class='ocrx_word' id='word_1_281' title='bbox 180 2213 266 2242; x_wconf 89' lang='lat' dir='ltr'>sancti</span> <span class='ocrx_word' id='word_1_282' title='bbox 293 2212 428 2240; x_wconf 87' lang='lat' dir='ltr'>Francisci</span> <span class='ocrx_word' id='word_1_283' title='bbox 450 2212 478 2240; x_wconf 95' lang='lat' dir='ltr'>in</span> <span class='ocrx_word' id='word_1_284' title='bbox 507 2218 577 2247; x_wconf 90' lang='lat' dir='ltr'>pane</span> <span class='ocrx_word' id='word_1_285' title='bbox 597 2213 704 2239; x_wconf 87' lang='lat' dir='ltr'>tantum</span> <span class='ocrx_word' id='word_1_286' title='bbox 726 2213 753 2239; x_wconf 87' lang='lat' dir='ltr'>et</span> <span class='ocrx_word' id='word_1_287' title='bbox 779 2218 852 2247; x_wconf 86' lang='lat' dir='ltr'>aqua</span> <span class='ocrx_word' id='word_1_288' title='bbox 872 2210 941 2239; x_wconf 90' lang='lat' dir='ltr'>ieiu-</span> 
     </span>
    </p>
   </div>
   <div class='ocr_carea' id='block_1_7' title="bbox 54 2256 941 2293">
    <p class='ocr_par' dir='ltr' id='par_1_8' title="bbox 54 2256 941 2293">
     <span class='ocr_line' id='line_1_44' title="bbox 54 2256 941 2293; baseline -0.005 -5"><span class='ocrx_word' id='word_1_289' title='bbox 54 2276 56 2279; x_wconf 62' lang='lat'>&gt;</span> <span class='ocrx_word' id='word_1_290' title='bbox 96 2267 179 2293; x_wconf 86' lang='lat' dir='ltr'>nans,</span> <span class='ocrx_word' id='word_1_291' title='bbox 201 2259 234 2287; x_wconf 89' lang='lat' dir='ltr'>ad</span> <span class='ocrx_word' id='word_1_292' title='bbox 255 2258 397 2287; x_wconf 89' lang='lat' dir='ltr'>ecclesiam</span> <span class='ocrx_word' id='word_1_293' title='bbox 419 2258 546 2285; x_wconf 89' lang='lat' dir='ltr'>Fratrum</span> <span class='ocrx_word' id='word_1_294' title='bbox 568 2256 704 2285; x_wconf 85' lang='lat' dir='ltr'>Minorum</span> <span class='ocrx_word' id='word_1_295' title='bbox 726 2264 836 2284; x_wconf 88' lang='lat' dir='ltr'>summo</span> <span class='ocrx_word' id='word_1_296' title='bbox 861 2264 941 2285; x_wconf 88' lang='lat' dir='ltr'>mane</span> 
     </span>
    </p>
   </div>
   <div class='ocr_carea' id='block_1_8' title="bbox 95 2302 941 2530">
    <p class='ocr_par' dir='ltr' id='par_1_9' title="bbox 95 2302 941 2530">
     <span class='ocr_line' id='line_1_45' title="bbox 95 2302 941 2340; baseline -0.005 -5"><span class='ocrx_word' id='word_1_297' title='bbox 95 2306 249 2335; x_wconf 86' lang='lat' dir='ltr'>festivitatis</span> <span class='ocrx_word' id='word_1_298' title='bbox 269 2313 284 2333; x_wconf 91' lang='lat' dir='ltr'>a</span> <span class='ocrx_word' id='word_1_299' title='bbox 305 2305 365 2333; x_wconf 88' lang='lat' dir='ltr'>viro</span> <span class='ocrx_word' id='word_1_300' title='bbox 380 2312 431 2333; x_wconf 92' lang='lat' dir='ltr'>suo</span> <span class='ocrx_word' id='word_1_301' title='bbox 451 2303 584 2340; x_wconf 88' lang='lat' dir='ltr'>perducta</span> <span class='ocrx_word' id='word_1_302' title='bbox 598 2306 647 2332; x_wconf 89' lang='lat' dir='ltr'>est.</span> <span class='ocrx_word' id='word_1_303' title='bbox 663 2303 753 2339; x_wconf 89' lang='lat' dir='ltr'>Quae,</span> <span class='ocrx_word' id='word_1_304' title='bbox 775 2302 842 2331; x_wconf 90' lang='lat' dir='ltr'>dum</span> <span class='ocrx_word' id='word_1_305' title='bbox 862 2303 941 2331; x_wconf 86' lang='lat' dir='ltr'>Missa</span> 
     </span>
     <span class='ocr_line' id='line_1_46' title="bbox 97 2349 941 2386; baseline -0.006 -4"><span class='ocrx_word' id='word_1_306' title='bbox 97 2353 294 2386; x_wconf 84' lang='lat' dir='ltr'>celebraretur,</span> <span class='ocrx_word' id='word_1_307' title='bbox 327 2352 352 2379; x_wconf 89' lang='lat' dir='ltr'>iu</span> <span class='ocrx_word' id='word_1_308' title='bbox 381 2350 532 2379; x_wconf 86' lang='lat' dir='ltr'>elevatione</span> <span class='ocrx_word' id='word_1_309' title='bbox 559 2350 683 2386; x_wconf 89' lang='lat' dir='ltr'>corporis</span> <span class='ocrx_word' id='word_1_310' title='bbox 714 2349 814 2378; x_wconf 84' lang='lat' dir='ltr'>Christi</span> <span class='ocrx_word' id='word_1_311' title='bbox 846 2349 941 2378; x_wconf 87' lang='lat' dir='ltr'>oculos</span> 
     </span>
     <span class='ocr_line' id='line_1_47' title="bbox 96 2396 941 2436; baseline -0.006 -7"><span class='ocrx_word' id='word_1_312' title='bbox 96 2399 220 2436; x_wconf 82' lang='lat' dir='ltr'>aperuit,</span> <span class='ocrx_word' id='word_1_313' title='bbox 242 2399 315 2428; x_wconf 87' lang='lat' dir='ltr'>clare</span> <span class='ocrx_word' id='word_1_314' title='bbox 346 2398 429 2432; x_wconf 88' lang='lat' dir='ltr'>vidit,</span> <span class='ocrx_word' id='word_1_315' title='bbox 452 2397 627 2426; x_wconf 88' lang='lat' dir='ltr'>devotissime</span> <span class='ocrx_word' id='word_1_316' title='bbox 657 2396 790 2425; x_wconf 83' lang='lat' dir='ltr'>adoravit.</span> <span class='ocrx_word' id='word_1_317' title='bbox 823 2397 850 2424; x_wconf 93' lang='lat' dir='ltr'>In</span> <span class='ocrx_word' id='word_1_318' title='bbox 882 2396 941 2433; x_wconf 87' lang='lat' dir='ltr'>ipsa</span> 
     </span>
     <span class='ocr_line' id='line_1_48' title="bbox 97 2443 939 2481; baseline -0.005 -6"><span class='ocrx_word' id='word_1_319' title='bbox 97 2454 163 2475; x_wconf 89' lang='lat' dir='ltr'>vero</span> <span class='ocrx_word' id='word_1_320' title='bbox 182 2446 341 2475; x_wconf 87' lang='lat' dir='ltr'>adoratione</span> <span class='ocrx_word' id='word_1_321' title='bbox 362 2453 429 2474; x_wconf 88' lang='lat' dir='ltr'>voce</span> <span class='ocrx_word' id='word_1_322' title='bbox 450 2453 549 2481; x_wconf 85' lang='lat' dir='ltr'>magna</span> <span class='ocrx_word' id='word_1_323' title='bbox 577 2444 765 2481; x_wconf 87' lang='lat' dir='ltr'>proclamans:</span> <span class='ocrx_word' id='word_1_324' title='bbox 792 2454 806 2468; x_wconf 86' lang='lat'><strong><em>«</em></strong></span> <span class='ocrx_word' id='word_1_325' title='bbox 820 2443 939 2478; x_wconf 87' lang='lat' dir='ltr'>Gratias,</span> 
     </span>
     <span class='ocr_line' id='line_1_49' title="bbox 97 2489 940 2530; baseline -0.004 -10"><span class='ocrx_word' id='word_1_326' title='bbox 97 2492 201 2530; x_wconf 89' lang='lat' dir='ltr'>inquit,</span> <span class='ocrx_word' id='word_1_327' title='bbox 223 2493 279 2521; x_wconf 89' lang='lat' dir='ltr'>Deo</span> <span class='ocrx_word' id='word_1_328' title='bbox 303 2495 331 2521; x_wconf 88' lang='lat' dir='ltr'>et</span> <span class='ocrx_word' id='word_1_329' title='bbox 345 2493 442 2520; x_wconf 86' lang='lat' dir='ltr'>Sancto</span> <span class='ocrx_word' id='word_1_330' title='bbox 463 2491 536 2525; x_wconf 87' lang='lat' dir='ltr'>eius,</span> <span class='ocrx_word' id='word_1_331' title='bbox 557 2490 623 2527; x_wconf 84' lang='lat' dir='ltr'>quia</span> <span class='ocrx_word' id='word_1_332' title='bbox 646 2490 725 2518; x_wconf 85' lang='lat' dir='ltr'>video</span> <span class='ocrx_word' id='word_1_333' title='bbox 745 2497 847 2526; x_wconf 91' lang='lat' dir='ltr'>corpus</span> <span class='ocrx_word' id='word_1_334' title='bbox 861 2489 940 2518; x_wconf 87' lang='lat' dir='ltr'>Chri-</span> 
     </span>
    </p>
   </div>
   <div class='ocr_carea' id='block_1_9' title="bbox 99 2656 942 3035">
    <p class='ocr_par' dir='ltr' id='par_1_10' title="bbox 99 2656 942 2875">
     <span class='ocr_line' id='line_1_50' title="bbox 161 2656 940 2685; baseline -0.004 -5"><span class='ocrx_word' id='word_1_335' title='bbox 161 2657 168 2670; x_wconf 86' lang='lat'>²</span> <span class='ocrx_word' id='word_1_336' title='bbox 188 2657 294 2684; x_wconf 69' lang='lat' dir='ltr'>Ecum-d,</span> <span class='ocrx_word' id='word_1_337' title='bbox 312 2657 440 2685; x_wconf 75' lang='lat' dir='ltr'>Scriptores</span> <span class='ocrx_word' id='word_1_338' title='bbox 457 2657 512 2679; x_wconf 91' lang='lat' dir='ltr'>Ord.</span> <span class='ocrx_word' id='word_1_339' title='bbox 530 2656 667 2683; x_wconf 72' lang='lat' dir='ltr'>Praedicat,</span> <span class='ocrx_word' id='word_1_340' title='bbox 685 2659 740 2678; x_wconf 89' lang='lat' dir='ltr'>tom.</span> <span class='ocrx_word' id='word_1_341' title='bbox 764 2657 778 2678; x_wconf 95' lang='lat' dir='ltr'>l.</span> <span class='ocrx_word' id='word_1_342' title='bbox 796 2662 849 2684; x_wconf 80' lang='lat' dir='ltr'>pag.</span> <span class='ocrx_word' id='word_1_343' title='bbox 867 2656 895 2678; x_wconf 80' lang='lat'>97</span> <span class='ocrx_word' id='word_1_344' title='bbox 919 2656 940 2678; x_wconf 91' lang='lat' dir='ltr'>in</span> 
     </span>
     <span class='ocr_line' id='line_1_51' title="bbox 99 2695 940 2725; baseline -0.004 -6"><span class='ocrx_word' id='word_1_345' title='bbox 99 2699 162 2719; x_wconf 81' lang='lat' dir='ltr'>nota:</span> <span class='ocrx_word' id='word_1_346' title='bbox 180 2697 323 2724; x_wconf 74' lang='lat' dir='ltr'>Notandum,</span> <span class='ocrx_word' id='word_1_347' title='bbox 340 2696 403 2725; x_wconf 88' lang='lat' dir='ltr'>quod</span> <span class='ocrx_word' id='word_1_348' title='bbox 426 2696 550 2724; x_wconf 83' lang='lat' dir='ltr'>antiphona</span> <span class='ocrx_word' id='word_1_349' title='bbox 569 2695 604 2717; x_wconf 88' lang='lat' dir='ltr'>illa</span> <span class='ocrx_word' id='word_1_350' title='bbox 628 2695 682 2717; x_wconf 78' lang='lat' dir='ltr'>altas</span> <span class='ocrx_word' id='word_1_351' title='bbox 699 2695 824 2722; x_wconf 82' lang='lat' dir='ltr'>diceretur,</span> <span class='ocrx_word' id='word_1_352' title='bbox 840 2701 940 2722; x_wconf 85' lang='lat' dir='ltr'>nempe:</span> 
     </span>
     <span class='ocr_line' id='line_1_52' title="bbox 100 2733 940 2765; baseline -0.004 -7"><span class='ocrx_word' id='word_1_353' title='bbox 100 2734 179 2762; x_wconf 70' lang='lat' dir='ltr'>Salve,</span> <span class='ocrx_word' id='word_1_354' title='bbox 199 2735 284 2765; x_wconf 75' lang='lat' dir='ltr'>neqina</span> <span class='ocrx_word' id='word_1_355' title='bbox 297 2734 474 2758; x_wconf 77' lang='lat' dir='ltr'>misericordiae</span> <span class='ocrx_word' id='word_1_356' title='bbox 487 2737 573 2757; x_wconf 86' lang='lat' dir='ltr'>tanturn</span> <span class='ocrx_word' id='word_1_357' title='bbox 582 2751 587 2761; x_wconf 92' lang='lat'>,</span> <span class='ocrx_word' id='word_1_358' title='bbox 599 2740 645 2756; x_wconf 91' lang='lat' dir='ltr'>non</span> <span class='ocrx_word' id='word_1_359' title='bbox 657 2734 735 2756; x_wconf 89' lang='lat' dir='ltr'>addito</span> <span class='ocrx_word' id='word_1_360' title='bbox 747 2735 831 2761; x_wconf 75' lang='lat' dir='ltr'>muter,</span> <span class='ocrx_word' id='word_1_361' title='bbox 844 2736 869 2755; x_wconf 90' lang='lat' dir='ltr'>ut</span> <span class='ocrx_word' id='word_1_362' title='bbox 885 2736 907 2756; x_wconf 87' lang='lat' dir='ltr'>et</span> <span class='ocrx_word' id='word_1_363' title='bbox 919 2733 940 2755; x_wconf 94' lang='lat' dir='ltr'>in</span> 
     </span>
     <span class='ocr_line' id='line_1_53' title="bbox 100 2772 942 2802; baseline -0.001 -7"><span class='ocrx_word' id='word_1_364' title='bbox 100 2773 145 2796; x_wconf 75' lang='lat' dir='ltr'>fine</span> <span class='ocrx_word' id='word_1_365' title='bbox 162 2773 181 2797; x_wconf 95' lang='grc'>0</span> <span class='ocrx_word' id='word_1_366' title='bbox 198 2774 273 2797; x_wconf 73' lang='lat' dir='ltr'>dulcis</span> <span class='ocrx_word' id='word_1_367' title='bbox 291 2773 370 2797; x_wconf 81' lang='lat' dir='ltr'>Maria</span> <span class='ocrx_word' id='word_1_368' title='bbox 387 2777 487 2802; x_wconf 63' lang='lat' dir='ltr'>tanturm</span> <span class='ocrx_word' id='word_1_369' title='bbox 505 2773 568 2802; x_wconf 87' lang='lat' dir='ltr'>quod</span> <span class='ocrx_word' id='word_1_370' title='bbox 586 2776 608 2795; x_wconf 89' lang='lat' dir='ltr'>et</span> <span class='ocrx_word' id='word_1_371' title='bbox 625 2773 711 2795; x_wconf 90' lang='lat' dir='ltr'>diutius</span> <span class='ocrx_word' id='word_1_372' title='bbox 733 2772 893 2799; x_wconf 78' lang='lat' dir='ltr'>observatum,</span> <span class='ocrx_word' id='word_1_373' title='bbox 917 2774 942 2794; x_wconf 86' lang='lat' dir='ltr'>ut</span> 
     </span>
     <span class='ocr_line' id='line_1_54' title="bbox 100 2810 942 2842; baseline -0.002 -7"><span class='ocrx_word' id='word_1_374' title='bbox 100 2819 126 2836; x_wconf 85' lang='lat' dir='ltr'>ex</span> <span class='ocrx_word' id='word_1_375' title='bbox 142 2814 242 2842; x_wconf 85' lang='lat' dir='ltr'>antiquis</span> <span class='ocrx_word' id='word_1_376' title='bbox 259 2813 327 2836; x_wconf 79' lang='lat' dir='ltr'>codd.</span> <span class='ocrx_word' id='word_1_377' title='bbox 344 2813 384 2835; x_wconf 68' lang='grc' dir='ltr'>ΜΞ.</span> <span class='ocrx_word' id='word_1_378' title='bbox 401 2815 508 2840; x_wconf 85' lang='lat' dir='ltr'>expertus</span> <span class='ocrx_word' id='word_1_379' title='bbox 525 2818 584 2834; x_wconf 84' lang='lat' dir='ltr'>sum.</span> <span class='ocrx_word' id='word_1_380' title='bbox 601 2824 631 2828; x_wconf 95' lang='lat'><strong>—</strong></span> <span class='ocrx_word' id='word_1_381' title='bbox 649 2812 697 2833; x_wconf 83' lang='lat' dir='ltr'>Mox</span> <span class='ocrx_word' id='word_1_382' title='bbox 710 2817 752 2839; x_wconf 87' lang='lat' dir='ltr'>pro</span> <span class='ocrx_word' id='word_1_383' title='bbox 770 2810 873 2833; x_wconf 75' lang='lat' dir='ltr'>eiusdem</span> <span class='ocrx_word' id='word_1_384' title='bbox 890 2811 942 2833; x_wconf 83' lang='lat' dir='ltr'>Vat.</span> 
     </span>
     <span class='ocr_line' id='line_1_55' title="bbox 101 2850 758 2875; baseline -0.005 0"><span class='ocrx_word' id='word_1_385' title='bbox 101 2857 152 2874; x_wconf 86' lang='lat' dir='ltr'>cum</span> <span class='ocrx_word' id='word_1_386' title='bbox 169 2852 205 2875; x_wconf 88' lang='lat' dir='ltr'>ed.</span> <span class='ocrx_word' id='word_1_387' title='bbox 224 2853 232 2874; x_wconf 84' lang='lat' dir='ltr'>l</span> <span class='ocrx_word' id='word_1_388' title='bbox 254 2851 331 2875; x_wconf 72' lang='lat' dir='ltr'>huius.</span> <span class='ocrx_word' id='word_1_389' title='bbox 348 2851 404 2875; x_wconf 87' lang='lat' dir='ltr'>Cod.</span> <span class='ocrx_word' id='word_1_390' title='bbox 423 2852 438 2874; x_wconf 88' lang='lat' dir='ltr'>E</span> <span class='ocrx_word' id='word_1_391' title='bbox 455 2853 498 2874; x_wconf 88' lang='lat' dir='ltr'>boc</span> <span class='ocrx_word' id='word_1_392' title='bbox 516 2851 651 2873; x_wconf 78' lang='lat' dir='ltr'>miraculum</span> <span class='ocrx_word' id='word_1_393' title='bbox 669 2850 758 2872; x_wconf 89' lang='lat' dir='ltr'>omittit.</span> 
     </span>
    </p>

    <p class='ocr_par' dir='ltr' id='par_1_11' title="bbox 162 2889 420 2913">
     <span class='ocr_line' id='line_1_56' title="bbox 162 2889 420 2913; baseline 0 -1"><span class='ocrx_word' id='word_1_394' title='bbox 162 2889 171 2903; x_wconf 81' lang='lat'><strong>²</strong></span> <span class='ocrx_word' id='word_1_395' title='bbox 189 2890 246 2913; x_wconf 83' lang='lat' dir='ltr'>Edd.</span> <span class='ocrx_word' id='word_1_396' title='bbox 263 2891 370 2913; x_wconf 89' lang='lat' dir='ltr'>omittunt</span> <span class='ocrx_word' id='word_1_397' title='bbox 387 2889 420 2913; x_wconf 75' lang='lat' dir='ltr'>(Ie.</span> 
     </span>
    </p>

    <p class='ocr_par' dir='ltr' id='par_1_12' title="bbox 102 2927 942 3035">
     <span class='ocr_line' id='line_1_57' title="bbox 162 2927 941 2958; baseline -0.003 -7"><span class='ocrx_word' id='word_1_398' title='bbox 162 2927 172 2941; x_wconf 78' lang='lat'>⁸</span> <span class='ocrx_word' id='word_1_399' title='bbox 189 2929 221 2951; x_wconf 86' lang='lat' dir='ltr'>De</span> <span class='ocrx_word' id='word_1_400' title='bbox 238 2935 296 2958; x_wconf 90' lang='lat' dir='ltr'>quo,</span> <span class='ocrx_word' id='word_1_401' title='bbox 314 2932 338 2951; x_wconf 91' lang='lat' dir='ltr'>ut</span> <span class='ocrx_word' id='word_1_402' title='bbox 354 2929 458 2956; x_wconf 82' lang='lat' dir='ltr'>videtur,</span> <span class='ocrx_word' id='word_1_403' title='bbox 475 2935 544 2956; x_wconf 87' lang='lat' dir='ltr'>supra</span> <span class='ocrx_word' id='word_1_404' title='bbox 562 2934 581 2950; x_wconf 91' lang='lat' dir='ltr'>c.</span> <span class='ocrx_word' id='word_1_405' title='bbox 601 2928 637 2950; x_wconf 51' lang='lat'>«¹4.</span> <span class='ocrx_word' id='word_1_406' title='bbox 654 2934 675 2950; x_wconf 88' lang='lat' dir='ltr'>n.</span> <span class='ocrx_word' id='word_1_407' title='bbox 694 2928 719 2954; x_wconf 65' lang='grc' dir='ltr'>ὃς</span> <span class='ocrx_word' id='word_1_408' title='bbox 738 2928 777 2949; x_wconf 77' lang='lat' dir='ltr'>etr.</span> <span class='ocrx_word' id='word_1_409' title='bbox 800 2927 868 2949; x_wconf 85' lang='lat' dir='ltr'>etiam</span> <span class='ocrx_word' id='word_1_410' title='bbox 886 2927 941 2949; x_wconf 80' lang='lat' dir='ltr'>Ana·</span> 
     </span>
     <span class='ocr_line' id='line_1_58' title="bbox 102 2966 942 2995; baseline -0.002 -5"><span class='ocrx_word' id='word_1_411' title='bbox 102 2967 157 2990; x_wconf 82' lang='lat' dir='ltr'>lecta</span> <span class='ocrx_word' id='word_1_412' title='bbox 174 2968 335 2995; x_wconf 79' lang='lat' dir='ltr'>Franciscana,</span> <span class='ocrx_word' id='word_1_413' title='bbox 352 2972 408 2990; x_wconf 87' lang='lat' dir='ltr'>tom.</span> <span class='ocrx_word' id='word_1_414' title='bbox 425 2968 457 2990; x_wconf 85' lang='lat' dir='ltr'>lll.</span> <span class='ocrx_word' id='word_1_415' title='bbox 474 2974 528 2995; x_wconf 83' lang='lat' dir='ltr'>pag.</span> <span class='ocrx_word' id='word_1_416' title='bbox 545 2968 602 2994; x_wconf 78' lang='lat'>226,</span> <span class='ocrx_word' id='word_1_417' title='bbox 620 2966 659 2989; x_wconf 89' lang='lat' dir='ltr'>ubi</span> <span class='ocrx_word' id='word_1_418' title='bbox 681 2969 777 2989; x_wconf 81' lang='lat' dir='ltr'>vocatur</span> <span class='ocrx_word' id='word_1_419' title='bbox 799 2966 942 2994; x_wconf 80' lang='lat' dir='ltr'>Augustinus</span> 
     </span>
     <span class='ocr_line' id='line_1_59' title="bbox 102 3005 941 3035; baseline -0.002 -6"><span class='ocrx_word' id='word_1_420' title='bbox 102 3005 131 3028; x_wconf 83' lang='lat' dir='ltr'>de</span> <span class='ocrx_word' id='word_1_421' title='bbox 148 3007 243 3035; x_wconf 78' lang='lat' dir='ltr'>Assisio;</span> <span class='ocrx_word' id='word_1_422' title='bbox 262 3007 317 3029; x_wconf 86' lang='lat' dir='ltr'>ibid.</span> <span class='ocrx_word' id='word_1_423' title='bbox 334 3013 389 3035; x_wconf 80' lang='lat' dir='ltr'>pag.</span> <span class='ocrx_word' id='word_1_424' title='bbox 412 3007 456 3029; x_wconf 68' lang='lat'>⁴98</span> <span class='ocrx_word' id='word_1_425' title='bbox 474 3007 567 3029; x_wconf 87' lang='lat' dir='ltr'>dicitur:</span> <span class='ocrx_word' id='word_1_426' title='bbox 591 3007 613 3028; x_wconf 91' lang='lat' dir='ltr'>ln</span> <span class='ocrx_word' id='word_1_427' title='bbox 631 3006 750 3034; x_wconf 83' lang='lat' dir='ltr'>provincia</span> <span class='ocrx_word' id='word_1_428' title='bbox 773 3005 844 3027; x_wconf 79' lang='lat' dir='ltr'>sancti</span> <span class='ocrx_word' id='word_1_429' title='bbox 861 3005 941 3032; x_wconf 81' lang='lat' dir='ltr'>Angeli</span> 
     </span>
    </p>
   </div>
   <div class='ocr_carea' id='block_1_10' title="bbox 967 344 971 2483">
    <p class='ocr_par' dir='ltr' id='par_1_13' title="bbox 967 344 971 2483">
     <span class='ocr_line' id='line_1_60' title="bbox 967 344 971 2483; baseline 0 0"><span class='ocrx_word' id='word_1_430' title='bbox 967 344 971 2483; x_wconf 95' lang='lat' dir='ltr'> </span> 
     </span>
    </p>
   </div>
   <div class='ocr_carea' id='block_1_11' title="bbox 1785 216 1840 244">
    <p class='ocr_par' dir='ltr' id='par_1_14' title="bbox 1785 216 1840 244">
     <span class='ocr_line' id='line_1_61' title="bbox 1785 216 1840 244; baseline 0 0"><span class='ocrx_word' id='word_1_431' title='bbox 1785 216 1840 244; x_wconf 75' lang='lat'>559</span> 
     </span>
    </p>
   </div>
   <div class='ocr_carea' id='block_1_12' title="bbox 994 292 1956 2479">
    <p class='ocr_par' dir='ltr' id='par_1_15' title="bbox 994 292 1842 699">
     <span class='ocr_line' id='line_1_62' title="bbox 995 292 1841 329; baseline 0.001 -9"><span class='ocrx_word' id='word_1_432' title='bbox 995 292 1028 320; x_wconf 88' lang='lat' dir='ltr'>sti</span> <span class='ocrx_word' id='word_1_433' title='bbox 1044 303 1071 325; x_wconf 73' lang='lat' dir='ltr'>n,</span> <span class='ocrx_word' id='word_1_434' title='bbox 1092 292 1234 326; x_wconf 78' lang='lat' dir='ltr'>erunibus,</span> <span class='ocrx_word' id='word_1_435' title='bbox 1255 292 1302 329; x_wconf 86' lang='lat' dir='ltr'>qui</span> <span class='ocrx_word' id='word_1_436' title='bbox 1318 293 1445 327; x_wconf 90' lang='lat' dir='ltr'>aderant,</span> <span class='ocrx_word' id='word_1_437' title='bbox 1467 294 1494 322; x_wconf 90' lang='lat' dir='ltr'>in</span> <span class='ocrx_word' id='word_1_438' title='bbox 1513 301 1607 322; x_wconf 90' lang='lat' dir='ltr'>vocem</span> <span class='ocrx_word' id='word_1_439' title='bbox 1619 293 1630 311; x_wconf 85' lang='lat'>⁵</span> <span class='ocrx_word' id='word_1_440' title='bbox 1648 293 1841 322; x_wconf 85' lang='lat' dir='ltr'>exsultationis</span> 
     </span>
     <span class='ocr_line' id='line_1_63' title="bbox 995 339 1842 376; baseline 0.002 -10"><span class='ocrx_word' id='word_1_441' title='bbox 995 339 1144 367; x_wconf 85' lang='lat' dir='ltr'>conversis.</span> <span class='ocrx_word' id='word_1_442' title='bbox 1177 339 1239 367; x_wconf 89' lang='lat' dir='ltr'>Post</span> <span class='ocrx_word' id='word_1_443' title='bbox 1266 347 1409 368; x_wconf 87' lang='lat' dir='ltr'>sacrorum</span> <span class='ocrx_word' id='word_1_444' title='bbox 1443 340 1627 376; x_wconf 86' lang='lat' dir='ltr'>expletionem</span> <span class='ocrx_word' id='word_1_445' title='bbox 1657 347 1768 368; x_wconf 88' lang='lat' dir='ltr'>reversa</span> <span class='ocrx_word' id='word_1_446' title='bbox 1800 342 1842 368; x_wconf 88' lang='lat' dir='ltr'>est</span> 
     </span>
     <span class='ocr_line' id='line_1_64' title="bbox 994 385 1840 423; baseline 0.002 -10"><span class='ocrx_word' id='word_1_447' title='bbox 994 385 1095 414; x_wconf 90' lang='lat' dir='ltr'>mulier</span> <span class='ocrx_word' id='word_1_448' title='bbox 1118 385 1144 413; x_wconf 88' lang='lat' dir='ltr'>in</span> <span class='ocrx_word' id='word_1_449' title='bbox 1165 385 1277 414; x_wconf 88' lang='lat' dir='ltr'>domum</span> <span class='ocrx_word' id='word_1_450' title='bbox 1300 394 1378 414; x_wconf 86' lang='lat' dir='ltr'>suam</span> <span class='ocrx_word' id='word_1_451' title='bbox 1400 394 1463 415; x_wconf 86' lang='lat' dir='ltr'>cum</span> <span class='ocrx_word' id='word_1_452' title='bbox 1486 387 1587 423; x_wconf 84' lang='lat' dir='ltr'>gaudio</span> <span class='ocrx_word' id='word_1_453' title='bbox 1608 387 1723 423; x_wconf 88' lang='lat' dir='ltr'>spiritus</span> <span class='ocrx_word' id='word_1_454' title='bbox 1743 389 1771 415; x_wconf 90' lang='lat' dir='ltr'>et</span> <span class='ocrx_word' id='word_1_455' title='bbox 1799 386 1840 415; x_wconf 89' lang='lat' dir='ltr'>lu-</span> 
     </span>
     <span class='ocr_line' id='line_1_65' title="bbox 995 432 1842 470; baseline 0.002 -10"><span class='ocrx_word' id='word_1_456' title='bbox 995 432 1068 460; x_wconf 88' lang='lat' dir='ltr'>mine</span> <span class='ocrx_word' id='word_1_457' title='bbox 1089 432 1243 461; x_wconf 87' lang='lat' dir='ltr'>oculorum.</span> <span class='ocrx_word' id='word_1_458' title='bbox 1266 433 1428 462; x_wconf 87' lang='lat' dir='ltr'>Exsultabat</span> <span class='ocrx_word' id='word_1_459' title='bbox 1455 434 1566 470; x_wconf 89' lang='lat' dir='ltr'>quidem</span> <span class='ocrx_word' id='word_1_460' title='bbox 1589 434 1700 468; x_wconf 87' lang='lat' dir='ltr'>mulier,</span> <span class='ocrx_word' id='word_1_461' title='bbox 1722 442 1775 462; x_wconf 89' lang='lat' dir='ltr'>non</span> <span class='ocrx_word' id='word_1_462' title='bbox 1798 441 1842 462; x_wconf 88' lang='lat' dir='ltr'>so-</span> 
     </span>
     <span class='ocr_line' id='line_1_66' title="bbox 995 478 1840 517; baseline 0.001 -10"><span class='ocrx_word' id='word_1_463' title='bbox 995 478 1053 507; x_wconf 92' lang='lat' dir='ltr'>lum</span> <span class='ocrx_word' id='word_1_464' title='bbox 1084 479 1149 515; x_wconf 83' lang='lat' dir='ltr'>qula</span> <span class='ocrx_word' id='word_1_465' title='bbox 1184 479 1253 507; x_wconf 88' lang='lat' dir='ltr'>lucis</span> <span class='ocrx_word' id='word_1_466' title='bbox 1287 487 1436 516; x_wconf 86' lang='lat' dir='ltr'>corporeae</span> <span class='ocrx_word' id='word_1_467' title='bbox 1470 483 1650 517; x_wconf 87' lang='lat' dir='ltr'>recuperarat</span> <span class='ocrx_word' id='word_1_468' title='bbox 1685 483 1840 517; x_wconf 87' lang='lat' dir='ltr'>aspectum,</span> 
     </span>
     <span class='ocr_line' id='line_1_67' title="bbox 995 525 1840 562; baseline 0.001 -9"><span class='ocrx_word' id='word_1_469' title='bbox 995 532 1093 553; x_wconf 84' lang='lat' dir='ltr'>verum</span> <span class='ocrx_word' id='word_1_470' title='bbox 1130 525 1231 559; x_wconf 91' lang='lat' dir='ltr'>etiam,</span> <span class='ocrx_word' id='word_1_471' title='bbox 1263 526 1328 562; x_wconf 81' lang='lat' dir='ltr'>quia</span> <span class='ocrx_word' id='word_1_472' title='bbox 1349 527 1557 554; x_wconf 87' lang='lat' dir='ltr'>Sacramentum</span> <span class='ocrx_word' id='word_1_473' title='bbox 1580 526 1648 555; x_wconf 93' lang='lat' dir='ltr'>illud</span> <span class='ocrx_word' id='word_1_474' title='bbox 1676 526 1840 559; x_wconf 83' lang='lat' dir='ltr'>mirificum,</span> 
     </span>
     <span class='ocr_line' id='line_1_68' title="bbox 994 571 1841 610; baseline 0.002 -10"><span class='ocrx_word' id='word_1_475' title='bbox 994 571 1068 608; x_wconf 90' lang='lat' dir='ltr'>quod</span> <span class='ocrx_word' id='word_1_476' title='bbox 1090 574 1131 600; x_wconf 89' lang='lat' dir='ltr'>est</span> <span class='ocrx_word' id='word_1_477' title='bbox 1145 572 1239 601; x_wconf 91' lang='lat' dir='ltr'>lumen</span> <span class='ocrx_word' id='word_1_478' title='bbox 1258 572 1412 601; x_wconf 87' lang='lat' dir='ltr'>animarum</span> <span class='ocrx_word' id='word_1_479' title='bbox 1428 580 1526 601; x_wconf 83' lang='lat' dir='ltr'>verum</span> <span class='ocrx_word' id='word_1_480' title='bbox 1548 576 1574 601; x_wconf 92' lang='lat' dir='ltr'>et</span> <span class='ocrx_word' id='word_1_481' title='bbox 1590 573 1694 607; x_wconf 84' lang='lat' dir='ltr'>vivum,</span> <span class='ocrx_word' id='word_1_482' title='bbox 1713 575 1841 610; x_wconf 88' lang='lat' dir='ltr'>respectu</span> 
     </span>
     <span class='ocr_line' id='line_1_69' title="bbox 995 618 1841 656; baseline 0.002 -10"><span class='ocrx_word' id='word_1_483' title='bbox 995 618 1128 655; x_wconf 87' lang='lat' dir='ltr'>primario</span> <span class='ocrx_word' id='word_1_484' title='bbox 1149 626 1199 655; x_wconf 87' lang='lat' dir='ltr'>per</span> <span class='ocrx_word' id='word_1_485' title='bbox 1213 619 1284 647; x_wconf 89' lang='lat' dir='ltr'>beati</span> <span class='ocrx_word' id='word_1_486' title='bbox 1307 619 1442 648; x_wconf 86' lang='lat' dir='ltr'>Francisci</span> <span class='ocrx_word' id='word_1_487' title='bbox 1458 620 1569 654; x_wconf 88' lang='lat' dir='ltr'>merita,</span> <span class='ocrx_word' id='word_1_488' title='bbox 1590 620 1653 648; x_wconf 87' lang='lat' dir='ltr'>fidei</span> <span class='ocrx_word' id='word_1_489' title='bbox 1673 620 1841 656; x_wconf 79' lang='lat' dir='ltr'>suffragante</span> 
     </span>
     <span class='ocr_line' id='line_1_70' title="bbox 995 664 1406 699; baseline 0 -6"><span class='ocrx_word' id='word_1_490' title='bbox 995 664 1111 699; x_wconf 86' lang='lat' dir='ltr'>virtute,</span> <span class='ocrx_word' id='word_1_491' title='bbox 1133 668 1275 694; x_wconf 90' lang='lat' dir='ltr'>meruerat</span> <span class='ocrx_word' id='word_1_492' title='bbox 1296 665 1406 694; x_wconf 86' lang='lat' dir='ltr'>intueri.</span> 
     </span>
    </p>

    <p class='ocr_par' dir='ltr' id='par_1_16' title="bbox 994 712 1949 1302">
     <span class='ocr_line' id='line_1_71' title="bbox 1084 712 1949 750; baseline 0.001 -10"><span class='ocrx_word' id='word_1_493' title='bbox 1084 712 1110 740; x_wconf 82' lang='lat'>3.</span> <span class='ocrx_word' id='word_1_494' title='bbox 1143 712 1171 740; x_wconf 93' lang='lat' dir='ltr'>In</span> <span class='ocrx_word' id='word_1_495' title='bbox 1203 712 1350 748; x_wconf 86' lang='lat' dir='ltr'>Campania</span> <span class='ocrx_word' id='word_1_496' title='bbox 1381 720 1451 749; x_wconf 90' lang='lat' dir='ltr'>puer</span> <span class='ocrx_word' id='word_1_497' title='bbox 1485 713 1596 749; x_wconf 89' lang='lat' dir='ltr'>quidam</span> <span class='ocrx_word' id='word_1_498' title='bbox 1631 713 1841 750; x_wconf 87' lang='lat' dir='ltr'>quatuordecim</span> <span class='ocrx_word' id='word_1_499' title='bbox 1858 719 1949 738; x_wconf 73' lang='lat' dir='ltr'>Tertium-</span> 
     </span>
     <span class='ocr_line' id='line_1_72' title="bbox 994 758 1841 795; baseline 0.001 -9"><span class='ocrx_word' id='word_1_500' title='bbox 994 766 1131 786; x_wconf 88' lang='lat' dir='ltr'>annorum</span> <span class='ocrx_word' id='word_1_501' title='bbox 1153 758 1186 787; x_wconf 90' lang='lat' dir='ltr'>de</span> <span class='ocrx_word' id='word_1_502' title='bbox 1217 761 1307 787; x_wconf 90' lang='lat' dir='ltr'>castro</span> <span class='ocrx_word' id='word_1_503' title='bbox 1336 759 1457 795; x_wconf 75' lang='lat' dir='ltr'>Popliis⁶</span> <span class='ocrx_word' id='word_1_504' title='bbox 1479 759 1570 787; x_wconf 87' lang='lat' dir='ltr'>subita</span> <span class='ocrx_word' id='word_1_505' title='bbox 1601 762 1719 788; x_wconf 84' lang='lat' dir='ltr'>vexatus</span> <span class='ocrx_word' id='word_1_506' title='bbox 1754 767 1841 795; x_wconf 84' lang='lat' dir='ltr'>angu—</span> 
     </span>
     <span class='ocr_line' id='line_1_73' title="bbox 995 805 1841 839; baseline 0.001 -6"><span class='ocrx_word' id='word_1_507' title='bbox 995 805 1062 839; x_wconf 87' lang='lat' dir='ltr'>stia,</span> <span class='ocrx_word' id='word_1_508' title='bbox 1084 805 1226 834; x_wconf 89' lang='lat' dir='ltr'>sinistrum</span> <span class='ocrx_word' id='word_1_509' title='bbox 1250 805 1361 834; x_wconf 90' lang='lat' dir='ltr'>oculum</span> <span class='ocrx_word' id='word_1_510' title='bbox 1376 805 1467 834; x_wconf 88' lang='lat' dir='ltr'>amisit</span> <span class='ocrx_word' id='word_1_511' title='bbox 1481 813 1516 834; x_wconf 87' lang='lat' dir='ltr'>ex</span> <span class='ocrx_word' id='word_1_512' title='bbox 1534 809 1598 834; x_wconf 90' lang='lat' dir='ltr'>toto.</span> <span class='ocrx_word' id='word_1_513' title='bbox 1618 806 1751 834; x_wconf 85' lang='lat' dir='ltr'>Passionis</span> <span class='ocrx_word' id='word_1_514' title='bbox 1765 814 1841 834; x_wconf 87' lang='lat' dir='ltr'>acer-</span> 
     </span>
     <span class='ocr_line' id='line_1_74' title="bbox 996 852 1842 889; baseline 0.002 -10"><span class='ocrx_word' id='word_1_515' title='bbox 996 852 1066 880; x_wconf 86' lang='lat' dir='ltr'>bitas</span> <span class='ocrx_word' id='word_1_516' title='bbox 1094 852 1132 881; x_wconf 93' lang='lat' dir='ltr'>sic</span> <span class='ocrx_word' id='word_1_517' title='bbox 1160 852 1193 880; x_wconf 93' lang='lat' dir='ltr'>de</span> <span class='ocrx_word' id='word_1_518' title='bbox 1222 852 1280 880; x_wconf 82' lang='lat' dir='ltr'>loco</span> <span class='ocrx_word' id='word_1_519' title='bbox 1309 860 1359 881; x_wconf 92' lang='lat' dir='ltr'>suo</span> <span class='ocrx_word' id='word_1_520' title='bbox 1388 852 1511 889; x_wconf 82' lang='lat' dir='ltr'>propulit</span> <span class='ocrx_word' id='word_1_521' title='bbox 1538 853 1663 887; x_wconf 90' lang='lat' dir='ltr'>oculum,</span> <span class='ocrx_word' id='word_1_522' title='bbox 1690 853 1764 889; x_wconf 88' lang='lat' dir='ltr'>quod</span> <span class='ocrx_word' id='word_1_523' title='bbox 1793 861 1842 889; x_wconf 82' lang='lat' dir='ltr'>per</span> 
     </span>
     <span class='ocr_line' id='line_1_75' title="bbox 996 898 1840 936; baseline 0.001 -10"><span class='ocrx_word' id='word_1_524' title='bbox 996 901 1056 926; x_wconf 89' lang='lat' dir='ltr'>octo</span> <span class='ocrx_word' id='word_1_525' title='bbox 1077 898 1136 926; x_wconf 90' lang='lat' dir='ltr'>dies</span> <span class='ocrx_word' id='word_1_526' title='bbox 1163 902 1260 932; x_wconf 86' lang='lat' dir='ltr'>extra,</span> <span class='ocrx_word' id='word_1_527' title='bbox 1283 906 1368 927; x_wconf 86' lang='lat' dir='ltr'>nervo</span> <span class='ocrx_word' id='word_1_528' title='bbox 1397 899 1535 932; x_wconf 77' lang='lat' dir='ltr'>relaxam,</span> <span class='ocrx_word' id='word_1_529' title='bbox 1564 899 1734 935; x_wconf 84' lang='lat' dir='ltr'>longitudine</span> <span class='ocrx_word' id='word_1_530' title='bbox 1764 899 1840 936; x_wconf 84' lang='lat' dir='ltr'>digiti</span> 
     </span>
     <span class='ocr_line' id='line_1_76' title="bbox 996 945 1866 982; baseline 0.001 -9"><span class='ocrx_word' id='word_1_531' title='bbox 996 945 1080 974; x_wconf 88' lang='lat' dir='ltr'>unius</span> <span class='ocrx_word' id='word_1_532' title='bbox 1094 945 1126 973; x_wconf 87' lang='lat' dir='ltr'>ad</span> <span class='ocrx_word' id='word_1_533' title='bbox 1143 945 1271 974; x_wconf 79' lang='lat' dir='ltr'>maxillas</span> <span class='ocrx_word' id='word_1_534' title='bbox 1284 945 1454 982; x_wconf 89' lang='lat' dir='ltr'>dependens,</span> <span class='ocrx_word' id='word_1_535' title='bbox 1470 954 1538 982; x_wconf 86' lang='lat' dir='ltr'>pene</span> <span class='ocrx_word' id='word_1_536' title='bbox 1553 946 1648 974; x_wconf 86' lang='lat' dir='ltr'>aridus</span> <span class='ocrx_word' id='word_1_537' title='bbox 1663 950 1704 974; x_wconf 85' lang='lat' dir='ltr'>est</span> <span class='ocrx_word' id='word_1_538' title='bbox 1718 947 1840 975; x_wconf 77' lang='lat' dir='ltr'>effectus.</span> <span class='ocrx_word' id='word_1_539' title='bbox 1863 980 1866 981; x_wconf 38' lang='lat'>.</span> 
     </span>
     <span class='ocr_line' id='line_1_77' title="bbox 996 992 1842 1029; baseline 0.001 -9"><span class='ocrx_word' id='word_1_540' title='bbox 996 992 1047 1020; x_wconf 87' lang='lat' dir='ltr'>Sed</span> <span class='ocrx_word' id='word_1_541' title='bbox 1069 1000 1132 1020; x_wconf 89' lang='lat' dir='ltr'>cum</span> <span class='ocrx_word' id='word_1_542' title='bbox 1154 992 1211 1020; x_wconf 90' lang='lat' dir='ltr'>sola</span> <span class='ocrx_word' id='word_1_543' title='bbox 1232 996 1390 1029; x_wconf 86' lang='lat' dir='ltr'>superesset</span> <span class='ocrx_word' id='word_1_544' title='bbox 1411 992 1555 1026; x_wconf 89' lang='lat' dir='ltr'>abscissio,</span> <span class='ocrx_word' id='word_1_545' title='bbox 1577 996 1604 1021; x_wconf 90' lang='lat' dir='ltr'>et</span> <span class='ocrx_word' id='word_1_546' title='bbox 1625 1001 1640 1021; x_wconf 87' lang='lat' dir='ltr'>a</span> <span class='ocrx_word' id='word_1_547' title='bbox 1668 993 1842 1022; x_wconf 87' lang='lat' dir='ltr'>medentibus</span> 
     </span>
     <span class='ocr_line' id='line_1_78' title="bbox 996 1038 1842 1075; baseline 0.001 -8"><span class='ocrx_word' id='word_1_548' title='bbox 996 1039 1067 1067; x_wconf 85' lang='lat' dir='ltr'>foret</span> <span class='ocrx_word' id='word_1_549' title='bbox 1081 1039 1192 1075; x_wconf 85' lang='lat' dir='ltr'>penitus</span> <span class='ocrx_word' id='word_1_550' title='bbox 1205 1038 1382 1075; x_wconf 84' lang='lat' dir='ltr'>desperatus;</span> <span class='ocrx_word' id='word_1_551' title='bbox 1401 1041 1480 1075; x_wconf 89' lang='lat' dir='ltr'>pater</span> <span class='ocrx_word' id='word_1_552' title='bbox 1495 1039 1555 1067; x_wconf 91' lang='lat' dir='ltr'>eius</span> <span class='ocrx_word' id='word_1_553' title='bbox 1569 1039 1602 1067; x_wconf 88' lang='lat' dir='ltr'>ad</span> <span class='ocrx_word' id='word_1_554' title='bbox 1617 1039 1754 1067; x_wconf 84' lang='lat' dir='ltr'>auxilium</span> <span class='ocrx_word' id='word_1_555' title='bbox 1771 1040 1842 1068; x_wconf 87' lang='lat' dir='ltr'>beati</span> 
     </span>
     <span class='ocr_line' id='line_1_79' title="bbox 996 1085 1842 1114; baseline 0 0"><span class='ocrx_word' id='word_1_556' title='bbox 996 1086 1131 1114; x_wconf 89' lang='lat' dir='ltr'>Francisci</span> <span class='ocrx_word' id='word_1_557' title='bbox 1154 1088 1211 1114; x_wconf 86' lang='lat' dir='ltr'>tota</span> <span class='ocrx_word' id='word_1_558' title='bbox 1232 1094 1260 1114; x_wconf 88' lang='lat' dir='ltr'>se</span> <span class='ocrx_word' id='word_1_559' title='bbox 1282 1089 1373 1114; x_wconf 87' lang='lat' dir='ltr'>mente</span> <span class='ocrx_word' id='word_1_560' title='bbox 1389 1086 1532 1114; x_wconf 79' lang='lat' dir='ltr'>convertit.</span> <span class='ocrx_word' id='word_1_561' title='bbox 1555 1086 1611 1114; x_wconf 89' lang='lat' dir='ltr'>Non</span> <span class='ocrx_word' id='word_1_562' title='bbox 1634 1085 1720 1114; x_wconf 82' lang='lat' dir='ltr'>defuit</span> <span class='ocrx_word' id='word_1_563' title='bbox 1742 1086 1786 1114; x_wconf 90' lang='lat' dir='ltr'>ille</span> <span class='ocrx_word' id='word_1_564' title='bbox 1802 1086 1842 1114; x_wconf 93' lang='lat' dir='ltr'>in-</span> 
     </span>
     <span class='ocr_line' id='line_1_80' title="bbox 995 1132 1841 1169; baseline 0 -8"><span class='ocrx_word' id='word_1_565' title='bbox 995 1133 1119 1162; x_wconf 84' lang='lat' dir='ltr'>defessus</span> <span class='ocrx_word' id='word_1_566' title='bbox 1150 1133 1316 1161; x_wconf 90' lang='lat' dir='ltr'>miserorum</span> <span class='ocrx_word' id='word_1_567' title='bbox 1348 1133 1458 1161; x_wconf 84' lang='lat' dir='ltr'>adiutor</span> <span class='ocrx_word' id='word_1_568' title='bbox 1490 1132 1619 1169; x_wconf 87' lang='lat' dir='ltr'>precibus</span> <span class='ocrx_word' id='word_1_569' title='bbox 1653 1133 1841 1169; x_wconf 88' lang='lat' dir='ltr'>supplicantis.</span> 
     </span>
     <span class='ocr_line' id='line_1_81' title="bbox 996 1179 1841 1208; baseline 0.001 -1"><span class='ocrx_word' id='word_1_570' title='bbox 996 1180 1063 1208; x_wconf 90' lang='lat' dir='ltr'>Nam</span> <span class='ocrx_word' id='word_1_571' title='bbox 1084 1180 1198 1208; x_wconf 80' lang='lat' dir='ltr'>oculum</span> <span class='ocrx_word' id='word_1_572' title='bbox 1212 1179 1321 1208; x_wconf 88' lang='lat' dir='ltr'>aridum</span> <span class='ocrx_word' id='word_1_573' title='bbox 1344 1179 1464 1208; x_wconf 85' lang='lat' dir='ltr'>mirabili</span> <span class='ocrx_word' id='word_1_574' title='bbox 1479 1180 1584 1208; x_wconf 87' lang='lat' dir='ltr'>virtute</span> <span class='ocrx_word' id='word_1_575' title='bbox 1607 1180 1631 1208; x_wconf 90' lang='lat' dir='ltr'>in</span> <span class='ocrx_word' id='word_1_576' title='bbox 1655 1180 1744 1208; x_wconf 87' lang='lat' dir='ltr'>locum</span> <span class='ocrx_word' id='word_1_577' title='bbox 1760 1187 1841 1208; x_wconf 88' lang='lat' dir='ltr'>suum</span> 
     </span>
     <span class='ocr_line' id='line_1_82' title="bbox 996 1226 1843 1263; baseline 0.001 -9"><span class='ocrx_word' id='word_1_578' title='bbox 996 1226 1202 1263; x_wconf 88' lang='lat' dir='ltr'>pristinumque</span> <span class='ocrx_word' id='word_1_579' title='bbox 1217 1226 1339 1263; x_wconf 85' lang='lat' dir='ltr'>vigorem</span> <span class='ocrx_word' id='word_1_580' title='bbox 1362 1226 1483 1255; x_wconf 88' lang='lat' dir='ltr'>restituit</span> <span class='ocrx_word' id='word_1_581' title='bbox 1504 1229 1530 1255; x_wconf 89' lang='lat' dir='ltr'>et</span> <span class='ocrx_word' id='word_1_582' title='bbox 1547 1226 1615 1255; x_wconf 87' lang='lat' dir='ltr'>lucis</span> <span class='ocrx_word' id='word_1_583' title='bbox 1636 1230 1745 1263; x_wconf 87' lang='lat' dir='ltr'>optatae</span> <span class='ocrx_word' id='word_1_584' title='bbox 1759 1227 1843 1255; x_wconf 81' lang='lat' dir='ltr'>radiis</span> 
     </span>
     <span class='ocr_line' id='line_1_83' title="bbox 995 1273 1152 1302; baseline -0.006 0"><span class='ocrx_word' id='word_1_585' title='bbox 995 1273 1152 1302; x_wconf 83' lang='lat' dir='ltr'>illustravit.</span> 
     </span>
    </p>

    <p class='ocr_par' dir='ltr' id='par_1_17' title="bbox 995 1317 1956 1911">
     <span class='ocr_line' id='line_1_84' title="bbox 1073 1317 1956 1357; baseline 0.001 -9"><span class='ocrx_word' id='word_1_586' title='bbox 1073 1321 1100 1348; x_wconf 75' lang='grc' dir='ltr'>[ι.</span> <span class='ocrx_word' id='word_1_587' title='bbox 1124 1320 1150 1348; x_wconf 90' lang='lat' dir='ltr'>ln</span> <span class='ocrx_word' id='word_1_588' title='bbox 1166 1320 1260 1348; x_wconf 86' lang='lat' dir='ltr'>eadem</span> <span class='ocrx_word' id='word_1_589' title='bbox 1277 1317 1418 1356; x_wconf 84' lang='lat' dir='ltr'>provincia</span> <span class='ocrx_word' id='word_1_590' title='bbox 1438 1320 1511 1356; x_wconf 88' lang='lat' dir='ltr'>apud</span> <span class='ocrx_word' id='word_1_591' title='bbox 1526 1320 1653 1348; x_wconf 82' lang='lat' dir='ltr'>Castrum</span> <span class='ocrx_word' id='word_1_592' title='bbox 1669 1320 1759 1357; x_wconf 85' lang='lat' dir='ltr'>magni</span> <span class='ocrx_word' id='word_1_593' title='bbox 1775 1328 1842 1356; x_wconf 90' lang='lat' dir='ltr'>pon—</span> <span class='ocrx_word' id='word_1_594' title='bbox 1859 1326 1956 1349; x_wconf 67' lang='lat' dir='ltr'>Quanum-</span> 
     </span>
     <span class='ocr_line' id='line_1_85' title="bbox 995 1366 1843 1403; baseline 0 -9"><span class='ocrx_word' id='word_1_595' title='bbox 995 1367 1069 1395; x_wconf 86' lang='lat' dir='ltr'>deris</span> <span class='ocrx_word' id='word_1_596' title='bbox 1090 1367 1194 1403; x_wconf 84' lang='lat' dir='ltr'>lignum</span> <span class='ocrx_word' id='word_1_597' title='bbox 1217 1374 1252 1395; x_wconf 89' lang='lat' dir='ltr'>ex</span> <span class='ocrx_word' id='word_1_598' title='bbox 1274 1366 1329 1394; x_wconf 91' lang='lat' dir='ltr'>alto</span> <span class='ocrx_word' id='word_1_599' title='bbox 1350 1366 1460 1403; x_wconf 83' lang='lat' dir='ltr'>proruit</span> <span class='ocrx_word' id='word_1_600' title='bbox 1471 1366 1491 1400; x_wconf 89' lang='lat'>⁷,</span> <span class='ocrx_word' id='word_1_601' title='bbox 1513 1370 1539 1395; x_wconf 91' lang='lat' dir='ltr'>et</span> <span class='ocrx_word' id='word_1_602' title='bbox 1555 1366 1698 1395; x_wconf 89' lang='lat' dir='ltr'>cuiusdam</span> <span class='ocrx_word' id='word_1_603' title='bbox 1720 1366 1843 1395; x_wconf 87' lang='lat' dir='ltr'>sacerdo-</span> 
     </span>
     <span class='ocr_line' id='line_1_86' title="bbox 997 1413 1843 1450; baseline -0.002 -8"><span class='ocrx_word' id='word_1_604' title='bbox 997 1414 1030 1442; x_wconf 90' lang='lat' dir='ltr'>tis</span> <span class='ocrx_word' id='word_1_605' title='bbox 1051 1416 1135 1450; x_wconf 83' lang='lat' dir='ltr'>caput</span> <span class='ocrx_word' id='word_1_606' title='bbox 1148 1413 1310 1449; x_wconf 88' lang='lat' dir='ltr'>gravissime</span> <span class='ocrx_word' id='word_1_607' title='bbox 1331 1420 1478 1449; x_wconf 85' lang='lat' dir='ltr'>quassans,</span> <span class='ocrx_word' id='word_1_608' title='bbox 1494 1413 1637 1441; x_wconf 88' lang='lat' dir='ltr'>sinistrum</span> <span class='ocrx_word' id='word_1_609' title='bbox 1659 1413 1771 1441; x_wconf 90' lang='lat' dir='ltr'>oculum</span> <span class='ocrx_word' id='word_1_610' title='bbox 1793 1420 1843 1441; x_wconf 86' lang='lat' dir='ltr'>ex-</span> 
     </span>
     <span class='ocr_line' id='line_1_87' title="bbox 995 1459 1843 1496; baseline -0.001 -7"><span class='ocrx_word' id='word_1_611' title='bbox 995 1461 1123 1489; x_wconf 81' lang='lat' dir='ltr'>caecavit.</span> <span class='ocrx_word' id='word_1_612' title='bbox 1146 1460 1211 1496; x_wconf 87' lang='lat' dir='ltr'>Qui,</span> <span class='ocrx_word' id='word_1_613' title='bbox 1241 1460 1318 1488; x_wconf 83' lang='lat' dir='ltr'>humi</span> <span class='ocrx_word' id='word_1_614' title='bbox 1341 1460 1476 1494; x_wconf 85' lang='lat' dir='ltr'>deiectus,</span> <span class='ocrx_word' id='word_1_615' title='bbox 1498 1459 1587 1496; x_wconf 88' lang='lat' dir='ltr'>coepit</span> <span class='ocrx_word' id='word_1_616' title='bbox 1607 1460 1662 1488; x_wconf 86' lang='lat' dir='ltr'>alta</span> <span class='ocrx_word' id='word_1_617' title='bbox 1683 1467 1749 1488; x_wconf 87' lang='lat' dir='ltr'>voce</span> <span class='ocrx_word' id='word_1_618' title='bbox 1781 1468 1843 1488; x_wconf 87' lang='lat' dir='ltr'>san-</span> 
     </span>
     <span class='ocr_line' id='line_1_88' title="bbox 995 1507 1843 1541; baseline -0.001 -5"><span class='ocrx_word' id='word_1_619' title='bbox 995 1511 1070 1536; x_wconf 91' lang='lat' dir='ltr'>ctum</span> <span class='ocrx_word' id='word_1_620' title='bbox 1099 1507 1273 1536; x_wconf 86' lang='lat' dir='ltr'>Franciscum</span> <span class='ocrx_word' id='word_1_621' title='bbox 1303 1508 1428 1536; x_wconf 83' lang='lat' dir='ltr'>luctuose</span> <span class='ocrx_word' id='word_1_622' title='bbox 1450 1507 1584 1541; x_wconf 88' lang='lat' dir='ltr'>clamare,</span> <span class='ocrx_word' id='word_1_623' title='bbox 1613 1507 1721 1535; x_wconf 82' lang='lat' dir='ltr'>dicens:</span> <span class='ocrx_word' id='word_1_624' title='bbox 1748 1519 1760 1531; x_wconf 76' lang='lat' dir='ltr'>n</span> <span class='ocrx_word' id='word_1_625' title='bbox 1777 1507 1843 1535; x_wconf 84' lang='lat' dir='ltr'>Suc-</span> 
     </span>
     <span class='ocr_line' id='line_1_89' title="bbox 996 1553 1843 1589; baseline -0.001 -6"><span class='ocrx_word' id='word_1_626' title='bbox 996 1562 1092 1589; x_wconf 84' lang='lat' dir='ltr'>curre,</span> <span class='ocrx_word' id='word_1_627' title='bbox 1115 1555 1193 1582; x_wconf 84' lang='lat' dir='ltr'>Pater</span> <span class='ocrx_word' id='word_1_628' title='bbox 1225 1554 1411 1588; x_wconf 83' lang='lat' dir='ltr'>sanctissime,</span> <span class='ocrx_word' id='word_1_629' title='bbox 1434 1557 1465 1582; x_wconf 88' lang='lat' dir='ltr'>ut</span> <span class='ocrx_word' id='word_1_630' title='bbox 1496 1554 1530 1582; x_wconf 86' lang='lat' dir='ltr'>ad</span> <span class='ocrx_word' id='word_1_631' title='bbox 1560 1553 1662 1582; x_wconf 82' lang='lat' dir='ltr'>festum</span> <span class='ocrx_word' id='word_1_632' title='bbox 1696 1557 1775 1582; x_wconf 89' lang='lat' dir='ltr'>tuum</span> <span class='ocrx_word' id='word_1_633' title='bbox 1804 1554 1843 1582; x_wconf 88' lang='lat' dir='ltr'>ire</span> 
     </span>
     <span class='ocr_line' id='line_1_90' title="bbox 996 1601 1844 1638; baseline -0.002 -8"><span class='ocrx_word' id='word_1_634' title='bbox 996 1602 1120 1634; x_wconf 89' lang='lat' dir='ltr'>valeam,</span> <span class='ocrx_word' id='word_1_635' title='bbox 1152 1601 1223 1629; x_wconf 86' lang='lat' dir='ltr'>sicut</span> <span class='ocrx_word' id='word_1_636' title='bbox 1254 1601 1397 1629; x_wconf 82' lang='lat' dir='ltr'>Fratribus</span> <span class='ocrx_word' id='word_1_637' title='bbox 1428 1601 1483 1629; x_wconf 92' lang='lat' dir='ltr'>tuis</span> <span class='ocrx_word' id='word_1_638' title='bbox 1514 1601 1555 1630; x_wconf 90' lang='lat' dir='ltr'>ire</span> <span class='ocrx_word' id='word_1_639' title='bbox 1586 1601 1698 1638; x_wconf 83' lang='lat' dir='ltr'>promisi</span> <span class='ocrx_word' id='word_1_640' title='bbox 1722 1611 1752 1634; x_wconf 83' lang='lat'>»;</span> <span class='ocrx_word' id='word_1_641' title='bbox 1785 1603 1844 1629; x_wconf 85' lang='lat' dir='ltr'>erat</span> 
     </span>
     <span class='ocr_line' id='line_1_91' title="bbox 995 1647 1844 1685; baseline -0.001 -8"><span class='ocrx_word' id='word_1_642' title='bbox 995 1648 1068 1677; x_wconf 89' lang='lat' dir='ltr'>enim</span> <span class='ocrx_word' id='word_1_643' title='bbox 1102 1648 1195 1685; x_wconf 86' lang='lat' dir='ltr'>vigilia</span> <span class='ocrx_word' id='word_1_644' title='bbox 1229 1647 1337 1681; x_wconf 78' lang='lat' dir='ltr'>Sancti;</span> <span class='ocrx_word' id='word_1_645' title='bbox 1363 1647 1411 1684; x_wconf 87' lang='lat' dir='ltr'>qui</span> <span class='ocrx_word' id='word_1_646' title='bbox 1448 1648 1541 1676; x_wconf 90' lang='lat' dir='ltr'>statim</span> <span class='ocrx_word' id='word_1_647' title='bbox 1571 1655 1746 1685; x_wconf 80' lang='lat' dir='ltr'>exsurgens,</span> <span class='ocrx_word' id='word_1_648' title='bbox 1781 1655 1844 1684; x_wconf 86' lang='lat' dir='ltr'>per-</span> 
     </span>
     <span class='ocr_line' id='line_1_92' title="bbox 996 1694 1843 1733; baseline -0.002 -9"><span class='ocrx_word' id='word_1_649' title='bbox 996 1696 1099 1733; x_wconf 85' lang='lat' dir='ltr'>optime</span> <span class='ocrx_word' id='word_1_650' title='bbox 1115 1695 1263 1729; x_wconf 72' lang='lat' dir='ltr'>IIberatus,</span> <span class='ocrx_word' id='word_1_651' title='bbox 1285 1695 1311 1723; x_wconf 93' lang='lat' dir='ltr'>in</span> <span class='ocrx_word' id='word_1_652' title='bbox 1334 1703 1427 1724; x_wconf 86' lang='lat' dir='ltr'>vocem</span> <span class='ocrx_word' id='word_1_653' title='bbox 1444 1695 1573 1732; x_wconf 90' lang='lat' dir='ltr'>prorupit</span> <span class='ocrx_word' id='word_1_654' title='bbox 1593 1695 1682 1723; x_wconf 88' lang='lat' dir='ltr'>laudis</span> <span class='ocrx_word' id='word_1_655' title='bbox 1697 1697 1724 1723; x_wconf 85' lang='lat' dir='ltr'>et</span> <span class='ocrx_word' id='word_1_656' title='bbox 1738 1694 1843 1731; x_wconf 87' lang='lat' dir='ltr'>gaudii,</span> 
     </span>
     <span class='ocr_line' id='line_1_93' title="bbox 997 1740 1843 1778; baseline -0.001 -8"><span class='ocrx_word' id='word_1_657' title='bbox 997 1745 1024 1771; x_wconf 89' lang='lat' dir='ltr'>et</span> <span class='ocrx_word' id='word_1_658' title='bbox 1052 1742 1262 1770; x_wconf 79' lang='lat' dir='ltr'>circumstantes</span> <span class='ocrx_word' id='word_1_659' title='bbox 1290 1749 1400 1775; x_wconf 90' lang='lat' dir='ltr'>omnes,</span> <span class='ocrx_word' id='word_1_660' title='bbox 1426 1741 1472 1778; x_wconf 86' lang='lat' dir='ltr'>qui</span> <span class='ocrx_word' id='word_1_661' title='bbox 1502 1741 1561 1769; x_wconf 90' lang='lat' dir='ltr'>eius</span> <span class='ocrx_word' id='word_1_662' title='bbox 1590 1741 1715 1769; x_wconf 87' lang='lat' dir='ltr'>miseriae</span> <span class='ocrx_word' id='word_1_663' title='bbox 1744 1740 1843 1769; x_wconf 87' lang='lat' dir='ltr'>condo-</span> 
     </span>
     <span class='ocr_line' id='line_1_94' title="bbox 998 1787 1842 1824; baseline -0.002 -7"><span class='ocrx_word' id='word_1_664' title='bbox 998 1789 1101 1822; x_wconf 85' lang='lat' dir='ltr'>lebant,</span> <span class='ocrx_word' id='word_1_665' title='bbox 1131 1789 1157 1816; x_wconf 93' lang='lat' dir='ltr'>in</span> <span class='ocrx_word' id='word_1_666' title='bbox 1187 1792 1329 1824; x_wconf 85' lang='lat' dir='ltr'>stuporem</span> <span class='ocrx_word' id='word_1_667' title='bbox 1357 1788 1493 1816; x_wconf 84' lang='lat' dir='ltr'>convertit</span> <span class='ocrx_word' id='word_1_668' title='bbox 1521 1791 1548 1816; x_wconf 89' lang='lat' dir='ltr'>et</span> <span class='ocrx_word' id='word_1_669' title='bbox 1576 1788 1703 1816; x_wconf 90' lang='lat' dir='ltr'>iubilum.</span> <span class='ocrx_word' id='word_1_670' title='bbox 1734 1787 1783 1816; x_wconf 86' lang='lat' dir='ltr'>lvit</span> <span class='ocrx_word' id='word_1_671' title='bbox 1809 1787 1842 1816; x_wconf 87' lang='lat' dir='ltr'>ad</span> 
     </span>
     <span class='ocr_line' id='line_1_95' title="bbox 997 1834 1843 1871; baseline -0.002 -7"><span class='ocrx_word' id='word_1_672' title='bbox 997 1836 1114 1869; x_wconf 83' lang='lat' dir='ltr'>festum,</span> <span class='ocrx_word' id='word_1_673' title='bbox 1137 1843 1255 1863; x_wconf 89' lang='lat' dir='ltr'>narrans</span> <span class='ocrx_word' id='word_1_674' title='bbox 1275 1835 1417 1869; x_wconf 89' lang='lat' dir='ltr'>omnibus,</span> <span class='ocrx_word' id='word_1_675' title='bbox 1439 1842 1524 1871; x_wconf 88' lang='lat' dir='ltr'>quam</span> <span class='ocrx_word' id='word_1_676' title='bbox 1538 1834 1565 1863; x_wconf 88' lang='lat' dir='ltr'>in</span> <span class='ocrx_word' id='word_1_677' title='bbox 1588 1842 1617 1863; x_wconf 89' lang='lat' dir='ltr'>se</span> <span class='ocrx_word' id='word_1_678' title='bbox 1632 1837 1767 1871; x_wconf 87' lang='lat' dir='ltr'>expertus</span> <span class='ocrx_word' id='word_1_679' title='bbox 1788 1834 1843 1863; x_wconf 85' lang='lat' dir='ltr'>fue-</span> 
     </span>
     <span class='ocr_line' id='line_1_96' title="bbox 997 1882 1442 1911; baseline -0.004 0"><span class='ocrx_word' id='word_1_680' title='bbox 997 1886 1040 1911; x_wconf 90' lang='lat' dir='ltr'>rat</span> <span class='ocrx_word' id='word_1_681' title='bbox 1061 1882 1231 1911; x_wconf 87' lang='lat' dir='ltr'>clementiam</span> <span class='ocrx_word' id='word_1_682' title='bbox 1253 1884 1281 1910; x_wconf 83' lang='lat' dir='ltr'>et</span> <span class='ocrx_word' id='word_1_683' title='bbox 1301 1882 1442 1910; x_wconf 85' lang='lat' dir='ltr'>virtutem.</span> 
     </span>
    </p>

    <p class='ocr_par' dir='ltr' id='par_1_18' title="bbox 997 1928 1954 2385">
     <span class='ocr_line' id='line_1_97' title="bbox 1077 1928 1954 1965; baseline 0 -8"><span class='ocrx_word' id='word_1_684' title='bbox 1077 1930 1102 1957; x_wconf 76' lang='lat'>5.</span> <span class='ocrx_word' id='word_1_685' title='bbox 1119 1929 1166 1957; x_wconf 78' lang='lat' dir='ltr'>Vir</span> <span class='ocrx_word' id='word_1_686' title='bbox 1181 1928 1293 1965; x_wconf 88' lang='lat' dir='ltr'>quidam</span> <span class='ocrx_word' id='word_1_687' title='bbox 1314 1928 1348 1957; x_wconf 95' lang='lat' dir='ltr'>de</span> <span class='ocrx_word' id='word_1_688' title='bbox 1362 1931 1454 1956; x_wconf 87' lang='lat' dir='ltr'>monte</span> <span class='ocrx_word' id='word_1_689' title='bbox 1469 1928 1606 1964; x_wconf 85' lang='lat' dir='ltr'>Gargano,</span> <span class='ocrx_word' id='word_1_690' title='bbox 1621 1928 1701 1965; x_wconf 87' lang='lat' dir='ltr'>dum,</span> <span class='ocrx_word' id='word_1_691' title='bbox 1717 1928 1744 1956; x_wconf 90' lang='lat' dir='ltr'>in</span> <span class='ocrx_word' id='word_1_692' title='bbox 1765 1928 1843 1957; x_wconf 82' lang='lat' dir='ltr'>vinea</span> <span class='ocrx_word' id='word_1_693' title='bbox 1859 1934 1954 1958; x_wconf 74' lang='lat' dir='ltr'>Quintum-</span> 
     </span>
     <span class='ocr_line' id='line_1_98' title="bbox 998 1974 1844 2012; baseline -0.001 -8"><span class='ocrx_word' id='word_1_694' title='bbox 998 1984 1048 2004; x_wconf 89' lang='lat' dir='ltr'>sua</span> <span class='ocrx_word' id='word_1_695' title='bbox 1069 1975 1210 2008; x_wconf 87' lang='lat' dir='ltr'>laborans,</span> <span class='ocrx_word' id='word_1_696' title='bbox 1226 1975 1330 2011; x_wconf 90' lang='lat' dir='ltr'>lignum</span> <span class='ocrx_word' id='word_1_697' title='bbox 1352 1974 1489 2011; x_wconf 88' lang='lat' dir='ltr'>quoddam</span> <span class='ocrx_word' id='word_1_698' title='bbox 1505 1974 1579 2003; x_wconf 87' lang='lat' dir='ltr'>ferro</span> <span class='ocrx_word' id='word_1_699' title='bbox 1598 1975 1764 2009; x_wconf 85' lang='lat' dir='ltr'>succideret,</span> <span class='ocrx_word' id='word_1_700' title='bbox 1779 1983 1844 2012; x_wconf 90' lang='lat' dir='ltr'>pro-</span> 
     </span>
     <span class='ocr_line' id='line_1_99' title="bbox 998 2021 1842 2059; baseline -0.002 -8"><span class='ocrx_word' id='word_1_701' title='bbox 998 2023 1090 2059; x_wconf 86' lang='lat' dir='ltr'>prium</span> <span class='ocrx_word' id='word_1_702' title='bbox 1112 2022 1248 2058; x_wconf 87' lang='lat' dir='ltr'>percussit</span> <span class='ocrx_word' id='word_1_703' title='bbox 1269 2022 1381 2050; x_wconf 88' lang='lat' dir='ltr'>oculum</span> <span class='ocrx_word' id='word_1_704' title='bbox 1404 2024 1431 2050; x_wconf 93' lang='lat' dir='ltr'>et</span> <span class='ocrx_word' id='word_1_705' title='bbox 1459 2021 1497 2050; x_wconf 89' lang='lat' dir='ltr'>sic</span> <span class='ocrx_word' id='word_1_706' title='bbox 1522 2021 1614 2050; x_wconf 88' lang='lat' dir='ltr'>divisit</span> <span class='ocrx_word' id='word_1_707' title='bbox 1635 2030 1684 2058; x_wconf 87' lang='lat' dir='ltr'>per</span> <span class='ocrx_word' id='word_1_708' title='bbox 1706 2021 1842 2055; x_wconf 89' lang='lat' dir='ltr'>medium,</span> 
     </span>
     <span class='ocr_line' id='line_1_100' title="bbox 997 2068 1842 2106; baseline -0.002 -8"><span class='ocrx_word' id='word_1_709' title='bbox 997 2072 1029 2098; x_wconf 89' lang='lat' dir='ltr'>ut</span> <span class='ocrx_word' id='word_1_710' title='bbox 1050 2069 1127 2106; x_wconf 88' lang='lat' dir='ltr'>quasi</span> <span class='ocrx_word' id='word_1_711' title='bbox 1161 2068 1271 2097; x_wconf 72' lang='lat' dir='ltr'>media8</span> <span class='ocrx_word' id='word_1_712' title='bbox 1304 2076 1368 2105; x_wconf 88' lang='lat' dir='ltr'>pars</span> <span class='ocrx_word' id='word_1_713' title='bbox 1397 2068 1483 2105; x_wconf 88' lang='lat' dir='ltr'>ipsius</span> <span class='ocrx_word' id='word_1_714' title='bbox 1511 2068 1637 2097; x_wconf 87' lang='lat' dir='ltr'>exterius</span> <span class='ocrx_word' id='word_1_715' title='bbox 1667 2068 1842 2105; x_wconf 86' lang='lat' dir='ltr'>dependeret.</span> 
     </span>
     <span class='ocr_line' id='line_1_101' title="bbox 997 2114 1843 2153; baseline -0.001 -9"><span class='ocrx_word' id='word_1_716' title='bbox 997 2116 1123 2153; x_wconf 89' lang='lat' dir='ltr'>Cumque</span> <span class='ocrx_word' id='word_1_717' title='bbox 1144 2115 1171 2143; x_wconf 87' lang='lat' dir='ltr'>in</span> <span class='ocrx_word' id='word_1_718' title='bbox 1193 2118 1248 2144; x_wconf 89' lang='lat' dir='ltr'>tam</span> <span class='ocrx_word' id='word_1_719' title='bbox 1277 2115 1422 2152; x_wconf 87' lang='lat' dir='ltr'>desperato</span> <span class='ocrx_word' id='word_1_720' title='bbox 1447 2114 1573 2152; x_wconf 88' lang='lat' dir='ltr'>periculo</span> <span class='ocrx_word' id='word_1_721' title='bbox 1594 2115 1766 2152; x_wconf 86' lang='lat' dir='ltr'>desperaret,</span> <span class='ocrx_word' id='word_1_722' title='bbox 1792 2115 1843 2143; x_wconf 89' lang='lat' dir='ltr'>sibi</span> 
     </span>
     <span class='ocr_line' id='line_1_102' title="bbox 997 2162 1843 2200; baseline -0.001 -9"><span class='ocrx_word' id='word_1_723' title='bbox 997 2170 1077 2200; x_wconf 90' lang='lat' dir='ltr'>posse</span> <span class='ocrx_word' id='word_1_724' title='bbox 1098 2170 1148 2199; x_wconf 85' lang='lat' dir='ltr'>per</span> <span class='ocrx_word' id='word_1_725' title='bbox 1180 2162 1319 2190; x_wconf 88' lang='lat' dir='ltr'>hominem</span> <span class='ocrx_word' id='word_1_726' title='bbox 1352 2162 1509 2196; x_wconf 89' lang='lat' dir='ltr'>subveniri;</span> <span class='ocrx_word' id='word_1_727' title='bbox 1541 2162 1730 2190; x_wconf 88' lang='lat' dir='ltr'>ieiunaturum</span> <span class='ocrx_word' id='word_1_728' title='bbox 1762 2170 1791 2190; x_wconf 92' lang='lat' dir='ltr'>se</span> <span class='ocrx_word' id='word_1_729' title='bbox 1816 2162 1843 2190; x_wconf 90' lang='lat' dir='ltr'>in</span> 
     </span>
     <span class='ocr_line' id='line_1_103' title="bbox 997 2208 1842 2245; baseline -0.002 -7"><span class='ocrx_word' id='word_1_730' title='bbox 997 2210 1066 2239; x_wconf 83' lang='lat' dir='ltr'>festo</span> <span class='ocrx_word' id='word_1_731' title='bbox 1087 2209 1172 2238; x_wconf 84' lang='lat' dir='ltr'>sancti</span> <span class='ocrx_word' id='word_1_732' title='bbox 1195 2209 1345 2243; x_wconf 87' lang='lat' dir='ltr'>Francisci,</span> <span class='ocrx_word' id='word_1_733' title='bbox 1367 2209 1387 2237; x_wconf 89' lang='lat' dir='ltr'>si</span> <span class='ocrx_word' id='word_1_734' title='bbox 1417 2209 1441 2237; x_wconf 90' lang='lat' dir='ltr'>ei</span> <span class='ocrx_word' id='word_1_735' title='bbox 1463 2212 1654 2242; x_wconf 85' lang='lat' dir='ltr'>succurreret,</span> <span class='ocrx_word' id='word_1_736' title='bbox 1677 2208 1842 2245; x_wconf 88' lang='lat' dir='ltr'>repromisit.</span> 
     </span>
     <span class='ocr_line' id='line_1_104' title="bbox 997 2255 1844 2285; baseline -0.001 0"><span class='ocrx_word' id='word_1_737' title='bbox 997 2256 1092 2285; x_wconf 89' lang='lat' dir='ltr'>Statim</span> <span class='ocrx_word' id='word_1_738' title='bbox 1115 2256 1142 2284; x_wconf 95' lang='lat' dir='ltr'>in</span> <span class='ocrx_word' id='word_1_739' title='bbox 1163 2256 1222 2284; x_wconf 88' lang='lat' dir='ltr'>loco</span> <span class='ocrx_word' id='word_1_740' title='bbox 1244 2255 1335 2284; x_wconf 87' lang='lat' dir='ltr'>debito</span> <span class='ocrx_word' id='word_1_741' title='bbox 1356 2255 1407 2284; x_wconf 89' lang='lat' dir='ltr'>viri</span> <span class='ocrx_word' id='word_1_742' title='bbox 1430 2255 1541 2284; x_wconf 90' lang='lat' dir='ltr'>oculum</span> <span class='ocrx_word' id='word_1_743' title='bbox 1565 2256 1680 2284; x_wconf 89' lang='lat' dir='ltr'>Sanctus</span> <span class='ocrx_word' id='word_1_744' title='bbox 1694 2256 1741 2284; x_wconf 90' lang='lat' dir='ltr'>Dei</span> <span class='ocrx_word' id='word_1_745' title='bbox 1764 2255 1844 2284; x_wconf 88' lang='lat' dir='ltr'>resti-</span> 
     </span>
     <span class='ocr_line' id='line_1_105' title="bbox 997 2302 1844 2340; baseline -0.001 -9"><span class='ocrx_word' id='word_1_746' title='bbox 997 2303 1051 2332; x_wconf 92' lang='lat' dir='ltr'>tuit</span> <span class='ocrx_word' id='word_1_747' title='bbox 1071 2303 1166 2340; x_wconf 88' lang='lat' dir='ltr'>sicque</span> <span class='ocrx_word' id='word_1_748' title='bbox 1187 2302 1305 2331; x_wconf 84' lang='lat' dir='ltr'>divisum</span> <span class='ocrx_word' id='word_1_749' title='bbox 1332 2302 1456 2331; x_wconf 79' lang='lat' dir='ltr'>rejunxit</span> <span class='ocrx_word' id='word_1_750' title='bbox 1476 2305 1503 2331; x_wconf 92' lang='lat' dir='ltr'>et</span> <span class='ocrx_word' id='word_1_751' title='bbox 1525 2302 1628 2330; x_wconf 89' lang='lat' dir='ltr'>lumine</span> <span class='ocrx_word' id='word_1_752' title='bbox 1656 2302 1772 2339; x_wconf 88' lang='lat' dir='ltr'>pristino</span> <span class='ocrx_word' id='word_1_753' title='bbox 1799 2302 1844 2331; x_wconf 91' lang='lat' dir='ltr'>de-</span> 
     </span>
     <span class='ocr_line' id='line_1_106' title="bbox 997 2349 1781 2385; baseline -0.001 -7"><span class='ocrx_word' id='word_1_754' title='bbox 997 2350 1117 2383; x_wconf 87' lang='lat' dir='ltr'>coravit,</span> <span class='ocrx_word' id='word_1_755' title='bbox 1139 2352 1171 2378; x_wconf 90' lang='lat' dir='ltr'>ut</span> <span class='ocrx_word' id='word_1_756' title='bbox 1191 2349 1296 2378; x_wconf 90' lang='lat' dir='ltr'>nullius</span> <span class='ocrx_word' id='word_1_757' title='bbox 1317 2349 1443 2378; x_wconf 87' lang='lat' dir='ltr'>laesionis</span> <span class='ocrx_word' id='word_1_758' title='bbox 1464 2349 1578 2385; x_wconf 86' lang='lat' dir='ltr'>vestigia</span> <span class='ocrx_word' id='word_1_759' title='bbox 1599 2352 1781 2377; x_wconf 90' lang='lat' dir='ltr'>remanerent.</span> 
     </span>
    </p>

    <p class='ocr_par' dir='ltr' id='par_1_19' title="bbox 997 2395 1940 2479">
     <span class='ocr_line' id='line_1_107' title="bbox 1077 2395 1940 2424; baseline -0.001 -1"><span class='ocrx_word' id='word_1_760' title='bbox 1077 2396 1102 2423; x_wconf 85' lang='lat'>6.</span> <span class='ocrx_word' id='word_1_761' title='bbox 1124 2395 1207 2424; x_wconf 91' lang='lat' dir='ltr'>Filius</span> <span class='ocrx_word' id='word_1_762' title='bbox 1228 2395 1370 2424; x_wconf 88' lang='lat' dir='ltr'>cuiusdam</span> <span class='ocrx_word' id='word_1_763' title='bbox 1393 2395 1492 2424; x_wconf 90' lang='lat' dir='ltr'>nobilis</span> <span class='ocrx_word' id='word_1_764' title='bbox 1512 2395 1563 2423; x_wconf 84' lang='lat' dir='ltr'>viri</span> <span class='ocrx_word' id='word_1_765' title='bbox 1586 2403 1602 2423; x_wconf 88' lang='lat' dir='ltr'>a</span> <span class='ocrx_word' id='word_1_766' title='bbox 1616 2395 1757 2424; x_wconf 88' lang='lat' dir='ltr'>nativitate</span> <span class='ocrx_word' id='word_1_767' title='bbox 1782 2403 1842 2424; x_wconf 87' lang='lat' dir='ltr'>cae·</span> <span class='ocrx_word' id='word_1_768' title='bbox 1858 2403 1940 2421; x_wconf 81' lang='lat' dir='ltr'>sextum.</span> 
     </span>
     <span class='ocr_line' id='line_1_108' title="bbox 997 2442 1840 2479; baseline -0.001 -7"><span class='ocrx_word' id='word_1_769' title='bbox 997 2450 1046 2472; x_wconf 84' lang='lat' dir='ltr'>cus</span> <span class='ocrx_word' id='word_1_770' title='bbox 1071 2442 1177 2471; x_wconf 88' lang='lat' dir='ltr'>meritis</span> <span class='ocrx_word' id='word_1_771' title='bbox 1199 2442 1284 2471; x_wconf 87' lang='lat' dir='ltr'>sancti</span> <span class='ocrx_word' id='word_1_772' title='bbox 1303 2442 1439 2471; x_wconf 89' lang='lat' dir='ltr'>Francisci</span> <span class='ocrx_word' id='word_1_773' title='bbox 1464 2442 1558 2471; x_wconf 90' lang='lat' dir='ltr'>lumen</span> <span class='ocrx_word' id='word_1_774' title='bbox 1579 2442 1684 2479; x_wconf 86' lang='lat' dir='ltr'>accepit</span> <span class='ocrx_word' id='word_1_775' title='bbox 1703 2445 1840 2479; x_wconf 86' lang='lat' dir='ltr'>optatum;</span> 
     </span>
    </p>
   </div>
   <div class='ocr_carea' id='block_1_13' title="bbox 967 2486 1842 2526">
    <p class='ocr_par' dir='ltr' id='par_1_20' title="bbox 967 2486 1842 2526">
     <span class='ocr_line' id='line_1_109' title="bbox 967 2486 1842 2526; baseline -0.001 -7"><span class='ocrx_word' id='word_1_776' title='bbox 967 2486 970 2520; x_wconf 98' lang='grc' dir='ltr'>Ι</span> <span class='ocrx_word' id='word_1_777' title='bbox 995 2489 1060 2526; x_wconf 89' lang='lat' dir='ltr'>qui,</span> <span class='ocrx_word' id='word_1_778' title='bbox 1082 2497 1181 2517; x_wconf 89' lang='lat' dir='ltr'>nomen</span> <span class='ocrx_word' id='word_1_779' title='bbox 1196 2488 1231 2517; x_wconf 89' lang='lat' dir='ltr'>ab</span> <span class='ocrx_word' id='word_1_780' title='bbox 1245 2491 1345 2517; x_wconf 88' lang='lat' dir='ltr'>eventu</span> <span class='ocrx_word' id='word_1_781' title='bbox 1367 2489 1493 2523; x_wconf 88' lang='lat' dir='ltr'>sortitus,</span> <span class='ocrx_word' id='word_1_782' title='bbox 1517 2488 1703 2517; x_wconf 73' lang='lat' dir='ltr'>lllzmn&#39;natus</span> <span class='ocrx_word' id='word_1_783' title='bbox 1729 2491 1842 2518; x_wconf 86' lang='lat' dir='ltr'>vocatus</span> 
     </span>
    </p>
   </div>
   <div class='ocr_carea' id='block_1_14' title="bbox 997 2653 1841 3027">
    <p class='ocr_par' dir='ltr' id='par_1_21' title="bbox 997 2653 1841 2761">
     <span class='ocr_line' id='line_1_110' title="bbox 997 2653 1840 2684; baseline -0.002 -6"><span class='ocrx_word' id='word_1_784' title='bbox 997 2655 1121 2684; x_wconf 82' lang='lat' dir='ltr'>requiescit</span> <span class='ocrx_word' id='word_1_785' title='bbox 1137 2655 1221 2682; x_wconf 80' lang='lat' dir='ltr'>Fogiae</span> <span class='ocrx_word' id='word_1_786' title='bbox 1239 2654 1322 2684; x_wconf 82' lang='lat' dir='ltr'>[italice</span> <span class='ocrx_word' id='word_1_787' title='bbox 1338 2654 1434 2684; x_wconf 80' lang='lat' dir='ltr'>Foggia]</span> <span class='ocrx_word' id='word_1_788' title='bbox 1448 2655 1515 2676; x_wconf 81' lang='lat' dir='ltr'>trater</span> <span class='ocrx_word' id='word_1_789' title='bbox 1533 2653 1628 2676; x_wconf 85' lang='lat' dir='ltr'>lacobus</span> <span class='ocrx_word' id='word_1_790' title='bbox 1645 2654 1674 2676; x_wconf 85' lang='lat' dir='ltr'>de</span> <span class='ocrx_word' id='word_1_791' title='bbox 1692 2654 1788 2681; x_wconf 79' lang='lat' dir='ltr'>Assisio,</span> <span class='ocrx_word' id='word_1_792' title='bbox 1801 2654 1840 2683; x_wconf 87' lang='lat' dir='ltr'>qui</span> 
     </span>
     <span class='ocr_line' id='line_1_111' title="bbox 998 2693 1841 2722; baseline 0 -6"><span class='ocrx_word' id='word_1_793' title='bbox 998 2695 1082 2716; x_wconf 88' lang='lat' dir='ltr'>multos</span> <span class='ocrx_word' id='word_1_794' title='bbox 1098 2700 1110 2716; x_wconf 86' lang='lat' dir='ltr'>a</span> <span class='ocrx_word' id='word_1_795' title='bbox 1128 2693 1263 2722; x_wconf 82' lang='lat' dir='ltr'>periculosis</span> <span class='ocrx_word' id='word_1_796' title='bbox 1280 2693 1450 2715; x_wconf 80' lang='lat' dir='ltr'>infirmitatibus</span> <span class='ocrx_word' id='word_1_797' title='bbox 1467 2693 1603 2715; x_wconf 85' lang='lat' dir='ltr'>miraculose</span> <span class='ocrx_word' id='word_1_798' title='bbox 1620 2693 1716 2715; x_wconf 76' lang='lat' dir='ltr'>curavit.</span> <span class='ocrx_word' id='word_1_799' title='bbox 1729 2706 1758 2709; x_wconf 87' lang='lat'><strong>—</strong></span> <span class='ocrx_word' id='word_1_800' title='bbox 1771 2694 1841 2721; x_wconf 81' lang='lat' dir='ltr'>Supe-</span> 
     </span>
     <span class='ocr_line' id='line_1_112' title="bbox 997 2732 1757 2761; baseline -0.003 -6"><span class='ocrx_word' id='word_1_801' title='bbox 997 2733 1045 2755; x_wconf 90' lang='lat' dir='ltr'>rius</span> <span class='ocrx_word' id='word_1_802' title='bbox 1062 2739 1104 2761; x_wconf 88' lang='lat' dir='ltr'>pro</span> <span class='ocrx_word' id='word_1_803' title='bbox 1122 2738 1176 2756; x_wconf 75' lang='lat' dir='ltr'>cum</span> <span class='ocrx_word' id='word_1_804' title='bbox 1193 2738 1243 2756; x_wconf 80' lang='lat' dir='ltr'>ecce</span> <span class='ocrx_word' id='word_1_805' title='bbox 1260 2732 1311 2754; x_wconf 88' lang='lat' dir='ltr'>Vat.</span> <span class='ocrx_word' id='word_1_806' title='bbox 1328 2735 1350 2754; x_wconf 91' lang='lat' dir='ltr'>et</span> <span class='ocrx_word' id='word_1_807' title='bbox 1366 2732 1404 2754; x_wconf 90' lang='lat' dir='ltr'>ed.</span> <span class='ocrx_word' id='word_1_808' title='bbox 1423 2732 1430 2753; x_wconf 48' lang='lat' dir='ltr'>*l</span> <span class='ocrx_word' id='word_1_809' title='bbox 1453 2733 1475 2754; x_wconf 84' lang='lat' dir='ltr'>et</span> <span class='ocrx_word' id='word_1_810' title='bbox 1490 2737 1553 2759; x_wconf 81' lang='lat' dir='ltr'>ecce,</span> <span class='ocrx_word' id='word_1_811' title='bbox 1571 2732 1625 2754; x_wconf 81' lang='lat' dir='ltr'>Acta</span> <span class='ocrx_word' id='word_1_812' title='bbox 1643 2732 1681 2753; x_wconf 81' lang='lat' dir='ltr'>SS.</span> <span class='ocrx_word' id='word_1_813' title='bbox 1699 2737 1757 2754; x_wconf 76' lang='lat' dir='ltr'>ecce.</span> 
     </span>
    </p>

    <p class='ocr_par' dir='ltr' id='par_1_22' title="bbox 1060 2770 1490 2799">
     <span class='ocr_line' id='line_1_113' title="bbox 1060 2770 1490 2799; baseline -0.002 -6"><span class='ocrx_word' id='word_1_814' title='bbox 1060 2771 1069 2783; x_wconf 78' lang='lat'><strong>⁴</strong></span> <span class='ocrx_word' id='word_1_815' title='bbox 1086 2771 1131 2794; x_wconf 86' lang='lat' dir='ltr'>Csr.</span> <span class='ocrx_word' id='word_1_816' title='bbox 1148 2777 1218 2799; x_wconf 84' lang='lat' dir='ltr'>supra</span> <span class='ocrx_word' id='word_1_817' title='bbox 1237 2777 1291 2799; x_wconf 80' lang='lat' dir='ltr'>pag.</span> <span class='ocrx_word' id='word_1_818' title='bbox 1308 2770 1364 2798; x_wconf 75' lang='lat'>556,</span> <span class='ocrx_word' id='word_1_819' title='bbox 1382 2773 1434 2793; x_wconf 78' lang='lat' dir='ltr'>nota</span> <span class='ocrx_word' id='word_1_820' title='bbox 1453 2771 1490 2792; x_wconf 50' lang='lat' dir='ltr'>rlO.</span> 
     </span>
    </p>

    <p class='ocr_par' dir='ltr' id='par_1_23' title="bbox 998 2808 1841 2910">
     <span class='ocr_line' id='line_1_114' title="bbox 1060 2808 1841 2837; baseline -0.001 -5"><span class='ocrx_word' id='word_1_821' title='bbox 1060 2809 1070 2822; x_wconf 86' lang='lat'>⁵</span> <span class='ocrx_word' id='word_1_822' title='bbox 1086 2811 1115 2832; x_wconf 92' lang='lat' dir='ltr'>lta</span> <span class='ocrx_word' id='word_1_823' title='bbox 1133 2810 1209 2837; x_wconf 81' lang='lat' dir='ltr'>Gllt1;</span> <span class='ocrx_word' id='word_1_824' title='bbox 1227 2809 1280 2831; x_wconf 84' lang='lat' dir='ltr'>edd.</span> <span class='ocrx_word' id='word_1_825' title='bbox 1298 2808 1323 2832; x_wconf 80' lang='lat' dir='ltr'>in</span> <span class='ocrx_word' id='word_1_826' title='bbox 1339 2814 1393 2832; x_wconf 76' lang='lat' dir='ltr'>voce</span> <span class='ocrx_word' id='word_1_827' title='bbox 1411 2809 1461 2837; x_wconf 77' lang='lat' dir='ltr'>(cfr.</span> <span class='ocrx_word' id='word_1_828' title='bbox 1480 2809 1515 2831; x_wconf 83' lang='lat' dir='ltr'>Ps.</span> <span class='ocrx_word' id='word_1_829' title='bbox 1534 2809 1574 2837; x_wconf 71' lang='grc'>41,</span> <span class='ocrx_word' id='word_1_830' title='bbox 1592 2809 1618 2831; x_wconf 82' lang='lat'>5:</span> <span class='ocrx_word' id='word_1_831' title='bbox 1635 2808 1748 2831; x_wconf 87' lang='lat' dir='ltr'>Transibo</span> <span class='ocrx_word' id='word_1_832' title='bbox 1771 2809 1793 2831; x_wconf 88' lang='lat' dir='ltr'>iu</span> <span class='ocrx_word' id='word_1_833' title='bbox 1811 2809 1841 2831; x_wconf 91' lang='lat' dir='ltr'>lo-</span> 
     </span>
     <span class='ocr_line' id='line_1_115' title="bbox 998 2847 1841 2877; baseline -0.002 -5"><span class='ocrx_word' id='word_1_834' title='bbox 998 2856 1050 2872; x_wconf 87' lang='lat' dir='ltr'>cum</span> <span class='ocrx_word' id='word_1_835' title='bbox 1069 2849 1232 2871; x_wconf 83' lang='lat' dir='ltr'>tabernaculi...</span> <span class='ocrx_word' id='word_1_836' title='bbox 1247 2849 1269 2871; x_wconf 88' lang='lat' dir='ltr'>in</span> <span class='ocrx_word' id='word_1_837' title='bbox 1280 2854 1338 2871; x_wconf 80' lang='lat' dir='ltr'>voce</span> <span class='ocrx_word' id='word_1_838' title='bbox 1350 2847 1502 2871; x_wconf 85' lang='lat' dir='ltr'>exsultationis</span> <span class='ocrx_word' id='word_1_839' title='bbox 1514 2850 1535 2870; x_wconf 87' lang='lat' dir='ltr'>et</span> <span class='ocrx_word' id='word_1_840' title='bbox 1549 2848 1714 2877; x_wconf 76' lang='lat' dir='ltr'>consessionis).</span> <span class='ocrx_word' id='word_1_841' title='bbox 1727 2861 1757 2864; x_wconf 97' lang='lat'><strong>—</strong></span> <span class='ocrx_word' id='word_1_842' title='bbox 1771 2848 1841 2876; x_wconf 82' lang='lat' dir='ltr'>Supe-</span> 
     </span>
     <span class='ocr_line' id='line_1_116' title="bbox 998 2888 1258 2910; baseline 0 0"><span class='ocrx_word' id='word_1_843' title='bbox 998 2889 1045 2910; x_wconf 88' lang='lat' dir='ltr'>rius</span> <span class='ocrx_word' id='word_1_844' title='bbox 1063 2888 1079 2910; x_wconf 88' lang='lat' dir='ltr'>B</span> <span class='ocrx_word' id='word_1_845' title='bbox 1096 2888 1179 2910; x_wconf 84' lang='lat' dir='ltr'>omittit</span> <span class='ocrx_word' id='word_1_846' title='bbox 1194 2893 1258 2910; x_wconf 74' lang='lat' dir='ltr'>vero.</span> 
     </span>
    </p>

    <p class='ocr_par' dir='ltr' id='par_1_24' title="bbox 998 2925 1839 2994">
     <span class='ocr_line' id='line_1_117' title="bbox 1060 2925 1839 2954; baseline -0.001 -6"><span class='ocrx_word' id='word_1_847' title='bbox 1060 2925 1070 2939; x_wconf 81' lang='lat'>⁶</span> <span class='ocrx_word' id='word_1_848' title='bbox 1088 2927 1133 2948; x_wconf 86' lang='lat' dir='ltr'>lam</span> <span class='ocrx_word' id='word_1_849' title='bbox 1151 2932 1220 2954; x_wconf 87' lang='lat' dir='ltr'>supra</span> <span class='ocrx_word' id='word_1_850' title='bbox 1237 2926 1251 2954; x_wconf 68' lang='lat'>(3</span> <span class='ocrx_word' id='word_1_851' title='bbox 1272 2926 1294 2948; x_wconf 74' lang='lat'>3.</span> <span class='ocrx_word' id='word_1_852' title='bbox 1310 2932 1332 2948; x_wconf 90' lang='lat' dir='ltr'>n.</span> <span class='ocrx_word' id='word_1_853' title='bbox 1350 2926 1372 2948; x_wconf 80' lang='lat'>2.</span> <span class='ocrx_word' id='word_1_854' title='bbox 1390 2926 1464 2948; x_wconf 87' lang='lat' dir='ltr'>allato.</span> <span class='ocrx_word' id='word_1_855' title='bbox 1480 2938 1510 2941; x_wconf 98' lang='lat'><strong>—</strong></span> <span class='ocrx_word' id='word_1_856' title='bbox 1527 2925 1583 2948; x_wconf 87' lang='lat' dir='ltr'>Cod.</span> <span class='ocrx_word' id='word_1_857' title='bbox 1600 2926 1616 2947; x_wconf 79' lang='lat' dir='ltr'>E</span> <span class='ocrx_word' id='word_1_858' title='bbox 1639 2926 1682 2947; x_wconf 86' lang='lat' dir='ltr'>boc</span> <span class='ocrx_word' id='word_1_859' title='bbox 1703 2925 1839 2948; x_wconf 87' lang='lat' dir='ltr'>miraculum</span> 
     </span>
     <span class='ocr_line' id='line_1_118' title="bbox 998 2963 1839 2994; baseline -0.001 -7"><span class='ocrx_word' id='word_1_860' title='bbox 998 2965 1089 2988; x_wconf 89' lang='lat' dir='ltr'>omittit.</span> <span class='ocrx_word' id='word_1_861' title='bbox 1432 2963 1442 2976; x_wconf 83' lang='lat'><em>⁷</em></span> <span class='ocrx_word' id='word_1_862' title='bbox 1459 2964 1516 2987; x_wconf 87' lang='lat' dir='ltr'>Cod.</span> <span class='ocrx_word' id='word_1_863' title='bbox 1533 2965 1539 2986; x_wconf 94' lang='lat' dir='ltr'>l</span> <span class='ocrx_word' id='word_1_864' title='bbox 1556 2967 1577 2987; x_wconf 91' lang='lat' dir='ltr'>et</span> <span class='ocrx_word' id='word_1_865' title='bbox 1595 2964 1648 2987; x_wconf 83' lang='lat' dir='ltr'>Acta</span> <span class='ocrx_word' id='word_1_866' title='bbox 1667 2965 1705 2987; x_wconf 83' lang='lat' dir='ltr'>SS.</span> <span class='ocrx_word' id='word_1_867' title='bbox 1720 2963 1839 2994; x_wconf 77' lang='lat' dir='ltr'>prorupit.</span> 
     </span>
    </p>

    <p class='ocr_par' dir='ltr' id='par_1_25' title="bbox 1060 3003 1362 3027">
     <span class='ocr_line' id='line_1_119' title="bbox 1060 3003 1362 3027; baseline -0.003 0"><span class='ocrx_word' id='word_1_868' title='bbox 1060 3003 1069 3017; x_wconf 82' lang='lat'>⁸</span> <span class='ocrx_word' id='word_1_869' title='bbox 1086 3004 1159 3027; x_wconf 88' lang='lat' dir='ltr'>Codd.</span> <span class='ocrx_word' id='word_1_870' title='bbox 1175 3004 1238 3027; x_wconf 79' lang='lat' dir='ltr'>Gllll</span> <span class='ocrx_word' id='word_1_871' title='bbox 1256 3003 1362 3027; x_wconf 73' lang='lat' dir='ltr'>dimidia.</span> 
     </span>
    </p>
   </div>
  </div>
 </body>
</html>
