2133 3317
157 1033 256 1057 Cupiditas

125 1058 154 1076 est
163 1057 255 1084 idolorum

125 1083 213 1100 seertllS.

141 1175 252 1198 Exemplum

165 1198 229 1217 Iudae.

141 1456 252 1475 Adversarii

153 1480 240 1504 perfidia.

128 1974 193 1994 Primo
202 1980 255 1994 oscu-

124 1999 163 2017 lum
172 1999 258 2023 praebet.

126 2493 213 2513 Secundo
234 2494 262 2512 le-

138 2517 202 2536 taliter
220 2522 262 2541 per-

139 2541 193 2560 eutit.

270 231 328 261 30lt

271 309 458 339 meritorium
479 308 566 338 credit
587 310 615 336 et
635 309 778 341 sanctum,
799 314 864 335 cum
885 305 994 334 nullum
1022 304 1121 333 vitium

271 357 307 386 sit
326 355 540 386 abominabilius
560 354 711 391 cupiditate
731 356 758 382 et
772 353 923 382 ambitione
936 359 1120 389 personarum

271 403 537 436 ecclesiasticarum,
559 409 623 430 cum
645 408 695 438 per
715 401 784 429 haec
806 400 861 428 duo
889 399 942 428 emi
964 400 1008 428 vel
1040 398 1120 428 vendi

272 451 358 479 soleat
379 449 498 486 Spiritus
520 451 647 482 sanctus,
667 450 699 476 ut
713 447 747 476 de
761 447 843 475 domo
857 446 905 475 Dei
921 446 969 475 fiat
982 446 1122 483 spelunca

272 498 421 526 latronum
433 498 461 530 1;
482 504 536 525 non
556 495 649 524 minus
663 495 808 532 impugnat
821 494 1032 523 fundamentum
1047 493 1122 522 chri-

272 544 376 573 stianae
397 542 538 580 religionis
566 550 650 580 quam
678 541 851 578 evangelicae
881 540 1062 578 paupertatis.
1085 556 1123 560 —

761 227 959 257 OPUSCULUM
979 227 1022 256 Xl.
1043 225 1205 255 APOLOGIA
1226 225 1408 255 PAUPERUM.
1429 224 1498 253 CAP.
1520 224 1551 253 X.

1178 304 1206 333 ln
1228 304 1281 333 hoc
1302 304 1387 341 igitur
1419 302 1482 332 finis
1513 302 1548 332 sit
1578 302 1665 331 huius
1696 301 1794 330 tertiae
1825 301 2025 338 responsionis,

1178 359 1347 388 quamquam
1369 359 1424 379 non
1445 350 1481 379 sit
1502 349 1562 379 eius
1583 349 1628 378 cui
1657 348 1874 385 respondemus,
1902 348 2025 385 partialis

1178 398 1318 427 intercisio
1340 397 1411 426 libri.
1434 397 1504 434 Quia
1525 396 1599 426 enim
1621 404 1658 425 ex
1678 403 1754 424 nunc
1774 395 1807 423 ad
1829 394 1954 423 ordinem
1973 395 2027 432 spi-

1179 445 1307 474 ritualem
1329 444 1549 481 impugnandum
1572 451 1601 472 se
1622 445 1770 480 praeparat
1797 449 1953 479 novamque
1980 449 2027 479 ag-

1179 492 1305 530 greditur
1326 499 1464 528 pugnam,
1485 498 1573 519 novae
1593 489 1781 527 responsionis
1802 496 1866 518 cum
1890 488 2029 517 adiutorio

1179 539 1281 568 Christi
1303 545 1479 567 assumemus
1499 540 1681 566 armaturam.

1049 675 1211 704 CArrrULUM
1231 675 1262 703 X.

332 803 464 839 Quartae
484 800 683 839 responsionis
703 800 806 838 prima
824 799 977 838 particula
997 799 1197 837 decimamque
1218 797 1397 836 capitulum,
1419 797 1450 825 in
1471 805 1528 835 quo
1549 795 1659 833 Religio
1681 795 1847 824 carentium
1868 794 1970 824 loculis

536 852 573 881 ab
595 860 695 881 errore
715 850 893 889 defenditur,
915 854 941 879 et
961 859 1064 879 verum
1085 850 1133 878 izts
1151 848 1344 887 possessionis
1364 847 1572 877 ecclesiasticae
1593 846 1772 876 declaratur.

355 979 379 1006 l.
405 977 544 1006 Omnium
564 976 714 1004 malorum
734 974 862 1003 radicalis
888 974 981 1012 origo,
1010 973 1124 1011 cupitli-

273 1029 319 1054 tas
330 1026 352 1060 2,
374 1033 437 1054 cum
466 1024 605 1053 humanae
634 1022 734 1052 mentis
764 1029 858 1050 arcem
888 1021 1036 1055 invaserit,
1068 1023 1124 1049 tam

272 1073 344 1102 dura
365 1071 510 1109 tyrannide
531 1070 649 1108 premit,
670 1072 702 1098 ut
723 1069 757 1098 ad
779 1069 917 1098 idolorum
939 1068 1045 1105 redigat
1066 1076 1124 1097 ser-

273 1119 390 1148 vitutem
419 1121 447 1147 et
478 1118 505 1147 in
536 1117 679 1146 bestialem
712 1115 891 1145 transformet
922 1115 1123 1144 crudelitatem.

272 1167 360 1196 Huius
380 1165 570 1195 testimonium
592 1164 704 1193 evidens
726 1171 785 1192 esse
807 1165 914 1192 constat
936 1162 1017 1191 Iudae
1031 1162 1124 1199 prodi-

272 1214 341 1243 toris
363 1213 531 1251 nequitiam,
553 1211 618 1249 qui,
640 1219 704 1240 cum
726 1211 831 1239 loculos
853 1210 983 1244 haberet,
1006 1209 1039 1238 de
1063 1208 1124 1246 qui-

272 1261 326 1290 bus
347 1259 505 1297 cupiditatis
527 1267 593 1288 suae
615 1258 794 1287 voracitatem
815 1257 969 1286 famelicam
998 1256 1125 1293 mitigare

271 1308 396 1343 valebat,
418 1307 541 1336 modicae
568 1309 660 1335 tamen
692 1305 743 1334 sibi
775 1304 960 1341 repromissae
991 1303 1125 1340 pecuniae

271 1358 348 1385 tanto
369 1358 411 1384 est
432 1354 541 1383 illectus
562 1360 672 1387 amore,
687 1355 718 1381 ut
734 1352 823 1381 sitiret
837 1351 986 1380 Salvatoris
1001 1349 1125 1379 omnium

273 1403 435 1440 sanguinem
458 1405 485 1431 et
505 1403 648 1430 auctorem
670 1400 743 1429 vitae
758 1402 909 1427 venaretur
924 1398 958 1426 ad
973 1401 1090 1426 mortem
1104 1397 1124 1424 3.

273 1451 327 1479 Hac
348 1453 425 1487 peste
455 1448 585 1477 laborans
616 1450 643 1476 et
675 1447 720 1475 hic
751 1453 909 1483 pauperum
941 1444 1126 1474 calumniator

272 1501 405 1534 tanquam
428 1496 509 1525 Iudae
531 1494 684 1532 discipulus
706 1493 796 1531 primo
818 1493 857 1522 eis
879 1492 965 1530 pacis
993 1491 1127 1520 osculum

273 1544 376 1573 tribuit
387 1544 409 1578 4,
430 1544 555 1580 ipsorum
578 1540 750 1571 simulatorie
775 1539 993 1569 commendando
1022 1546 1126 1576 paupe-

272 1592 357 1626 riem;
380 1591 480 1620 dehinc
502 1589 623 1619 letaliter
641 1588 786 1626 percutit,
808 1587 875 1616 dum
904 1586 1001 1616 loculis
1029 1594 1127 1615 caren-

272 1638 342 1668 tium
364 1645 520 1675 pauperum
544 1635 745 1673 professionem
768 1637 885 1663 conatur
906 1641 1040 1671 arguere,
1070 1641 1125 1661 non

273 1686 362 1715 solum
383 1688 416 1714 ut
437 1684 643 1722 imperfectam,
665 1690 764 1711 verum
790 1682 872 1710 etiam
901 1683 934 1709 ut
962 1688 1126 1714 erroneam,

272 1732 473 1763 simulatoriam
496 1734 523 1760 et
543 1731 676 1768 iniquam.
693 1729 733 1758 Ex
749 1729 852 1766 quibus
867 1736 922 1757 non
937 1728 1028 1757 solum
1044 1735 1124 1764 prae-

272 1781 409 1814 latorum,
432 1779 479 1808 sed
500 1781 527 1807 et
549 1778 716 1807 clericorum
738 1779 765 1805 et
794 1776 986 1813 religiosorum
1017 1782 1124 1812 posses-

272 1827 362 1856 siones
382 1826 544 1855 habentium
568 1824 667 1853 nititur
688 1823 795 1852 animos
816 1822 850 1851 ad
875 1822 999 1859 ipsorum
1029 1821 1123 1850 odium

271 1877 298 1904 et
319 1873 518 1903 exterminium
540 1872 687 1901 concitare.

350 1923 377 1950 2.
400 1921 491 1949 Ρ111110
512 1920 597 1957 igitur
619 1918 698 1956 quasi
720 1918 854 1946 osculum
865 1916 1023 1954 praetem,
1039 1923 1123 1953 quae-

272 1969 388 1998 stionem
420 1968 471 1997 sibi
503 1966 652 2005 proponit:
686 1977 699 1991 «
716 1965 768 1994 Sed
796 1965 885 1994 dices:
917 1964 1125 1993 Condemnasne

272 2024 318 2045 605
333 2015 381 2053 0111
395 2015 501 2044 10611105
515 2023 570 2043 11011
585 2014 704 2047 habent,
719 2020 770 2041 nec
784 2012 911 2041 laborant
924 2022 938 2037 n
954 2014 965 2039 ’1
983 2011 1014 2039 Et
1029 2014 1124 2048 postea

272 2063 383 2093 subdit:
418 2075 431 2089 «
448 2063 507 2091 Non
539 2061 708 2095 condemno,
740 2059 787 2089 sed
818 2059 916 2093 laudo,
948 2066 998 2087 nec
1030 2061 1123 2086 tamen

272 2110 439 2139 habentibus
460 2109 603 2146 praefero,
625 2108 691 2145 quia
720 2116 779 2136 non
810 2110 851 2135 est
881 2105 1045 2143 discipulus
1073 2113 1123 2133 szt-

269 2165 324 2195 per
344 2156 524 2194 magistrum
536 2155 546 2172 ⁵
558 2167 585 2183 ».
608 2155 639 2183 Et
658 2154 741 2191 paulo
756 2156 831 2190 post:
853 2164 866 2178 «
882 2152 936 2181 Etsi
951 2152 1025 2181 enim
1039 2152 1123 2180 homo

273 2204 348 2233 solus
370 2203 475 2240 absque
496 2202 594 2231 loculis
615 2201 701 2239 possit
722 2201 832 2234 vivere,
854 2202 945 2228 tamen
960 2199 993 2227 de
1008 2206 1122 2235 congre-

272 2251 396 2289 gatione,
418 2250 462 2279 cui
484 2252 560 2278 tanta
581 2251 758 2285 competunt,
790 2247 921 2276 credibile
952 2254 1007 2274 non
1039 2247 1121 2274 est».

272 2298 377 2328 Dehinc
392 2297 500 2327 subdit:
525 2308 538 2321 «
552 2297 603 2325 Res
616 2295 728 2333 publica
747 2297 812 2324 sunt
827 2293 909 2323 loculi
924 2292 1035 2322 Christi.
1052 2293 1122 2329 Ergo

272 2345 294 2374 si
316 2344 417 2373 Christi
439 2344 596 2373 membrum
611 2351 656 2377 es,
672 2350 737 2372 611111
752 2341 862 2370 Christo
877 2341 983 2369 loculos
998 2339 1083 2368 habes
1094 2351 1121 2367 ».

272 2392 342 2422 Haec
363 2392 436 2421 enim
459 2394 524 2420 sunt
546 2390 631 2419 verba
652 2390 755 2427 ipsius,
777 2389 805 2417 in
827 2388 930 2426 quibus
949 2395 1026 2416 more
1041 2386 1123 2415 Iudae

272 2440 363 2477 primo
384 2439 581 2473 deosculatur,
604 2446 668 2467 cum
690 2436 788 2466 loculis
809 2438 935 2465 carentes
955 2434 1070 2463 laudare
1095 2442 1124 2462 se

273 2487 387 2521 asserit;
409 2486 457 2515 sed
476 2486 568 2515 statim
589 2485 697 2514 vulnus
719 2483 842 2520 insliyit,
871 2490 935 2511 cum
967 2481 1124 2510 immediate

274 2534 428 2568 subnectit,
450 2533 525 2571 quod
547 2533 599 2561 hoc
620 2531 748 2560 Christus
773 2530 902 2567 exemplo
929 2537 985 2558 non
1013 2528 1122 2563 docuit;

337 2689 344 2701 ¹
364 2689 494 2716 Respicitur
511 2688 588 2710 Matth.
605 2687 648 2714 21,
670 2687 703 2709 13.
721 2686 768 2710 Csr.
784 2692 854 2714 supra
872 2691 926 2714 pag.
939 2685 997 2713 293,
1012 2686 1067 2707 nota
1087 2684 1123 2706 10.

337 2726 346 2740 ²
364 2728 434 2756 Epist.
453 2728 468 2750 l.
485 2727 545 2749 Tim.
563 2727 590 2755 6,
610 2727 646 2749 10.
663 2725 709 2749 Csr.
731 2732 801 2754 supra
824 2731 880 2753 pag.
902 2724 961 2752 272,
984 2726 1037 2746 nota
1055 2724 1076 2746 4.
1094 2735 1125 2740 —

275 2767 377 2790 Subinde
394 2766 516 2795 respicitur
534 2767 589 2794 Eph.
603 2766 630 2793 5,
643 2766 656 2787 5
667 2774 672 2788 :
689 2766 792 2794 Avarus,
804 2764 868 2794 quod
880 2767 914 2786 est
925 2764 1041 2786 idolorum
1053 2763 1125 2786 servi-

274 2810 322 2835 tus,
335 2813 380 2829 non
391 2806 461 2829 habet
473 2805 622 2828 hereditatem
637 2805 657 2827 111
670 2811 743 2833 regno
754 2804 836 2827 Christi
849 2807 871 2826 et
883 2803 930 2826 Dei.
943 2803 988 2826 Cfr.
1000 2802 1048 2825 Col.
1060 2803 1073 2825 3
1082 2819 1087 2829 ,
1103 2802 1124 2824 5.

337 2845 347 2858 ⁸
363 2845 410 2868 Cfr.
426 2851 497 2873 supra
514 2851 569 2873 pag.
588 2844 645 2871 292,
663 2847 715 2866 nota
739 2844 762 2866 3.
784 2843 806 2865 in
828 2843 881 2865 fine.
899 2856 930 2859 —
947 2842 1060 2870 Superius
1082 2847 1124 2870 pro

275 2884 367 2908 valebat
385 2884 423 2912 (ita
441 2883 577 2912 ABCDG)
595 2883 649 2906 edd.
665 2882 767 2906 wtebat.

338 2923 347 2936 ⁴
364 2923 440 2946 Matth.
459 2923 501 2950 26,
520 2923 564 2945 49:
582 2924 607 2945 Et
624 2922 744 2945 confestim
762 2922 875 2945 accedens
893 2920 983 2951 [ludas]
995 2921 1025 2943 ad
1037 2921 1122 2949 lesum,

275 2963 345 2985 dixit:
363 2962 423 2990 Ave,
440 2962 522 2984 Rubbi.
540 2963 566 2984 Et
582 2963 699 2985 osculatus
715 2964 749 2984 est
766 2967 828 2984 eum.

338 3000 348 3014 ⁵
366 3002 442 3024 matth.
461 3002 502 3029 10,
514 3001 552 3023 24.
564 3014 594 3017 -
607 3001 702 3023 1111611115
718 3007 761 3029 pro
778 3000 867 3024 Dehinc
883 2999 963 3023 subdit
979 2999 1020 3023 BC
1038 2998 1125 3022 Deinde

274 3040 361 3064 subdit.

1180 980 1212 1001 ac
1233 980 1283 1009 per
1304 972 1357 1000 1106
1378 971 1565 1005 demonstrat,
1587 969 1662 1007 quod
1683 969 1782 998 loculis
1803 977 1898 998 carere
1919 977 1974 998 non
1996 969 2031 999 sit

1180 1019 1350 1056 perfectum,
1373 1018 1420 1047 sed
1435 1018 1644 1055 imperfectum,
1660 1017 1725 1054 quia
1739 1025 1797 1045 non
1812 1021 1852 1045 est
1866 1016 2029 1054 discipulus

1180 1074 1269 1103 super
1290 1065 1470 1103 ‘'nagistrum
1482 1065 1502 1093 ⁶.

1261 1113 1286 1142 3.
1309 1113 1422 1141 Certum
1443 1115 1536 1140 autem
1558 1114 1614 1146 est,
1636 1111 1710 1149 quod
1732 1111 1827 1140 nullus
1848 1111 1891 1140 vir
1905 1110 2028 1148 prudens

1181 1159 1359 1189 abrenuntiat
1379 1159 1491 1193 loculis,
1513 1159 1566 1188 nisi
1587 1161 1619 1188 ut
1638 1159 1748 1187 Christo
1763 1158 1953 1196 configuretur
1968 1166 2031 1195 per-

1181 1207 1294 1241 fectius;
1316 1206 1406 1235 omnis
1427 1206 1513 1243 igitur
1534 1206 1596 1235 talis
1618 1205 1772 1235 secundum
1787 1205 1839 1234 1106
1854 1196 1953 1243 dogma
1967 1213 2031 1243 per-

1181 1254 1317 1283 versum⁷
1349 1257 1390 1282 est
1421 1261 1518 1282 errore
1548 1253 1689 1290 deceptus.
1713 1269 1750 1273 —
1771 1252 1910 1290 Amplius,
1933 1252 1955 1282 si
1976 1261 2032 1282 non

1182 1304 1223 1330 est
1244 1301 1390 1335 credibile,
1413 1300 1488 1338 quod
1516 1300 1692 1338 congregatio
1722 1300 1815 1337 aliqua
1846 1300 1905 1329 sine
1935 1300 2033 1330 loculis

1182 1349 1272 1383 vivat,
1294 1352 1326 1377 ut
1347 1348 1428 1382 dicit;
1450 1350 1499 1376 aut
1519 1347 1618 1376 asserit
1633 1347 1685 1376 hoc
1700 1347 1876 1382 incredibile,
1895 1347 1961 1385 quia
1975 1346 2033 1385 dif-

1182 1396 1266 1434 ficile,
1288 1399 1336 1424 aut
1357 1395 1423 1433 quia
1444 1394 1628 1432 impossibile.
1656 1394 1681 1423 Si
1711 1394 1777 1432 quia
1805 1394 1937 1432 difficile,
1965 1397 2033 1424 tunc

1183 1443 1242 1481 pari
1265 1443 1371 1471 ratione
1392 1451 1446 1471 non
1468 1445 1510 1471 est
1531 1441 1677 1476 credibile,
1700 1440 1775 1479 quod
1796 1441 1890 1479 aliqua
1917 1449 2033 1479 congre-

1183 1490 1256 1528 gatio
1277 1492 1370 1519 sancte
1391 1489 1466 1518 vivat
1487 1492 1513 1518 et
1535 1492 1617 1518 caste.
1640 1488 1667 1517 Si
1688 1488 1754 1526 quia
1775 1488 1951 1526 impossibile
1959 1499 1969 1522 ,·
1984 1489 2031 1518 sed

1183 1538 1272 1567 omnis
1293 1537 1470 1574 congregatio
1490 1536 1660 1574 impossibile
1681 1536 1815 1573 profitens
1836 1538 1863 1565 et
1884 1544 1914 1565 se
1934 1535 1969 1565 ad
1983 1536 2033 1564 im-

1183 1585 1313 1622 possibile
1334 1585 1421 1621 ligans
1443 1586 1484 1612 est
1505 1583 1719 1620 superstitiosa8
1751 1585 1778 1612 et
1805 1583 1896 1618 fatua,
1924 1591 1956 1612 ac
1983 1590 2033 1620 per

1182 1632 1235 1661 hoc
1257 1631 1446 1669 reprobanda,
1469 1631 1535 1668 quia
1565 1638 1690 1659 erronea.
1723 1630 1809 1668 Igitur
1840 1630 1946 1659 loculos
1976 1638 2031 1659 non

1183 1679 1316 1707 habentes
1337 1677 1490 1707 secundum
1511 1677 1672 1706 huiusmodi
1693 1676 1828 1715 dogmatis
1852 1677 2032 1706 assertionem

1182 1735 1237 1755 non
1259 1728 1324 1755 sunt
1345 1725 1419 1763 digni
1441 1725 1538 1759 laude,
1560 1724 1607 1754 sed
1629 1724 1832 1762 reprobatione.
1855 1741 1892 1744 —
1907 1724 2031 1761 Insuper,

1182 1773 1217 1807 si,
1239 1773 1410 1810 quicumque
1431 1772 1589 1801 membrum
1605 1771 1706 1801 Christi
1721 1774 1775 1806 est,
1790 1779 1854 1800 cum
1869 1771 1978 1800 Christo
1993 1771 2032 1800 10-

1182 1820 1259 1849 611105
1280 1820 1379 1855 habet,
1402 1823 1433 1849 ut
1454 1819 1568 1854 asserit;
1591 1828 1611 1848 a
1638 1818 1831 1848 destructione
1859 1827 2030 1857 comequen-

1182 1868 1241 1897 tis⁹
1263 1868 1311 1905 qui
1333 1867 1438 1896 loculos
1459 1875 1514 1895 non
1536 1866 1621 1895 habet
1640 1874 1696 1895 11011
1717 1868 1759 1895 651
1779 1866 1938 1895 membrum
1952 1865 2031 1894 Chri-

1181 1915 1224 1944 sti.
1247 1915 1288 1944 Ex
1309 1923 1365 1952 quo
1388 1915 1471 1943 etiam
1492 1913 1630 1951 sequitur,
1662 1912 1737 1950 quod
1767 1921 1863 1942 omnes
1894 1920 2031 1950 pauperes

1181 1963 1250 1992 nihil
1272 1962 1405 1991 habentes
1426 1965 1453 1991 et
1474 1969 1591 1998 prorsus
1612 1960 1704 1989 omnia
1731 1960 1921 1997 relinquentes
1948 1959 2030 1989 alieni

1181 2012 1246 2038 sunt
1267 2009 1302 2038 ab
1323 2009 1429 2038 unitate
1450 2008 1575 2045 corporis
1595 2007 1720 2045 mystici,
1741 2010 1873 2044 tanquam
1895 2006 1917 2036 si
1938 2006 1962 2035 is
1983 2006 2031 2044 qui

1181 2057 1284 2086 habere
1306 2056 1451 2094 pecuniam
1480 2055 1617 2090 noluerit,
1646 2055 1763 2092 gratiam
1794 2054 1896 2083 Christi
1927 2054 2031 2083 habere

1180 2112 1234 2132 non
1256 2103 1357 2141 possit,
1379 2111 1410 2132 ac
1432 2111 1482 2140 per
1503 2103 1556 2131 1106
1576 2102 1683 2131 beatior
1703 2101 1789 2130 fuerit
1810 2101 1906 2136 ludas,
1928 2100 2030 2138 011110-

1179 2150 1257 2180 culos
1278 2150 1392 2184 habuit,
1415 2157 1499 2187 quam
1522 2149 1635 2183 Petrus,
1650 2148 1699 2186 qui
1713 2148 1785 2177 dixit
1797 2148 1836 2176 ¹⁰:
1866 2148 2030 2186 Arqentztm

1179 2201 1205 2226 et
1225 2205 1337 2226 aurum
1357 2205 1417 2225 non
1437 2200 1479 2225 est
1498 2195 1588 2230 milzi;
1610 2204 1673 2225 cum
1694 2196 1776 2225 etiam
1791 2195 1945 2224 secundum
1959 2195 2031 2224 hanc

1180 2244 1322 2281 profanam
1344 2243 1507 2273 sententiam
1529 2243 1587 2280 ipse
1608 2243 1742 2271 Dominus
1762 2243 1838 2271 Iesus
1859 2250 1914 2271 non
1936 2242 1988 2271 nisi
2002 2242 2031 2270 in

1180 2292 1277 2320 loculis
1298 2291 1419 2320 inveniat
1440 2291 1549 2325 locum,
1571 2290 1619 2328 qui
1641 2292 1732 2319 tamen
1764 2297 1814 2327 per
1843 2289 1938 2318 Isaiam
1966 2297 2030 2326 pro-

1180 2339 1291 2376 phetam
1321 2339 1412 2367 locum
1435 2346 1502 2367 suae
1523 2337 1704 2375 requietionis
1725 2336 1824 2366 asserit
1845 2345 1935 2374 super
1952 2344 2030 2374 pctu-

1177 2385 1333 2423 pcreulwn
1354 2388 1378 2413 et
1399 2385 1567 2413 contritum.

1259 2433 1286 2461 [1..
1303 2432 1385 2466 Ε666,
1401 2432 1492 2469 qualis
1506 2439 1661 2469 pauperum
1676 2431 1855 2465 collaudator,
1870 2431 1918 2468 qui
1933 2431 2028 2466 etiam,

1180 2483 1213 2509 ut
1234 2480 1276 2509 5111
1298 2479 1418 2516 pectoris
1439 2479 1518 2508 virus
1545 2478 1733 2508 abundantius
1762 2480 1886 2512 evomat,
1918 2478 2028 2507 eosdem

1181 2527 1280 2557 nititur
1302 2527 1335 2556 de
1356 2527 1465 2556 haeresi
1486 2526 1589 2563 duplici
1604 2526 1632 2555 in
1646 2525 1881 2563 consequentibus
1895 2525 2029 2554 notabiles

1245 2681 1255 2695 ⁶
1272 2683 1348 2705 Matth.
1363 2683 1403 2710 lo,
1415 2682 1453 2704 24.
1466 2695 1496 2698 -
1509 2682 1539 2704 Ex
1553 2682 1569 2704 B
1579 2681 1595 2704 C
1605 2682 1620 2704 F
1632 2681 1794 2710 supplevimus
1805 2679 1847 2703 sed
1857 2679 2030 2709 imperfectum.

1246 2721 1254 2734 ‘¹
1272 2723 1303 2745 lta
1320 2722 1401 2750 codd.;
1419 2721 1473 2744 edd.
1486 2721 1627 2751 profanum.

1245 2760 1254 2774 ⁸
1272 2762 1329 2784 Edd.
1347 2762 1436 2784 addunt
1452 2762 1475 2784 et
1491 2767 1560 2784 vana.

1245 2800 1255 2813 ⁰
1272 2801 1361 2828 1306111,
1379 2801 1394 2823 l.
1412 2800 1441 2822 de
1459 2800 1597 2828 Syllogismo
1620 2799 1784 2827 hypothetico:
1807 2798 1884 2827 ltaque
1906 2798 1928 2819 in
1951 2803 2029 2820 conse-

1182 2841 1274 2870 quentia
1292 2839 1457 2868 propositionis
1474 2839 1621 2866 coniunctae,
1633 2839 1652 2861 si
1664 2841 1698 2861 est
1711 2838 1826 2866 primum,
1838 2837 1967 2860 secundum
1979 2842 2029 2859 esse

1182 2886 1275 2903 necesse
1292 2883 1340 2907 est2
1358 2880 1377 2902 si
1394 2879 1523 2902 secundum
1541 2884 1589 2902 non
1605 2878 1689 2908 fuerit,
1709 2884 1756 2900 non
1773 2878 1816 2900 erit
1832 2877 1934 2905 primum
1951 2879 1995 2899 etc.

1245 2918 1265 2932 ¹⁰
1282 2919 1332 2941 Act.
1348 2919 1375 2947 3,
1393 2919 1415 2941 6.
1431 2931 1458 2934 —-
1479 2917 1583 2940 Subinde
1596 2918 1707 2946 allegatur
1723 2917 1772 2939 lsai.
1789 2917 1830 2943 66,
1851 2917 1872 2939 1.
1890 2922 1955 2944 seq.:
1973 2915 2029 2945 Quis

1181 2961 1216 2981 est
1233 2959 1273 2981 iste
1291 2959 1354 2981 locus
1371 2958 1455 2986 01116115
1473 2957 1574 2987 [Hieron.
1590 2955 1753 2986 requietionis]
1770 2956 1855 2978 meae?
1872 2955 1955 2977 Omnia
1972 2956 2029 2977 haec

1182 2998 1283 3028 [caelum
1301 3001 1324 3020 et
1340 2997 1434 3026 terram]
1452 3003 1534 3019 manus
1551 3002 1603 3018 mea
1627 2996 1702 3018 fecit...
1724 2996 1753 3018 ad
1770 3001 1840 3024 quem
1863 2997 1940 3017 autem
1957 2994 2029 3022 respi-

1182 3037 1241 3060 ciam
1258 3037 1301 3059 nisi
1318 3037 1347 3059 ad
1365 3036 1533 3065 pauperculum
1551 3038 1573 3058 et
1589 3035 1712 3058 contritum
1729 3034 1810 3063 spiritu
1828 3036 1870 3056 etc.

2051 1113 2133 1141 Conticuit

2046 1140 2111 1161 arguit(
2115 1140 2133 1159 111

2048 1215 2113 1274 Secunti

2049 1725 2109 1744 Tertio

2057 2431 2106 2450 ldem
2121 2435 2133 2451 ,11

2045 2456 2073 2473 sat
2081 2455 2104 2474 de
2112 2453 2133 2472 ol

2044 2478 2062 2497 ci
2073 2478 2116 2497 haer
2121 2490 2128 2496 ,.
