2133 3317
101 360 132 379 Au
145 360 228 380 Senam⁰

249 229 304 258 672
881 223 1078 254 OPUSCULUM
1099 224 1152 254 Vll.
1174 223 1373 253 RHYTHMICA.

268 307 312 332 48.
330 307 362 332 In
381 306 428 331 hac
447 306 510 331 hora
529 306 612 330 anima
631 304 699 329 ebria
718 303 830 333 videtur,

356 349 401 374 Sed
421 350 485 374 circa
504 348 631 373 meridiem
650 348 718 373 calor
737 354 792 372 cum
811 347 932 379 augetur,

356 392 390 416 Ut
409 392 501 417 amoris
520 391 600 416 iaculo
619 391 699 422 magis
718 390 872 421 perforetur,

354 435 412 460 Mox
432 435 463 460 ab
483 435 528 460 illa
546 434 630 465 passio
650 433 743 459 Christi
764 433 915 458 1000ομ11111.

265 479 309 504 49.
328 479 436 504 Plorans
455 485 513 510 ergo
533 477 636 509 respicit
654 477 756 509 Agnum
776 476 920 507 delicatum,

354 522 455 553 Agnum
476 522 528 546 sine
546 521 657 550 macula,
679 520 758 551 spinis
776 520 936 550 coronatum,

354 564 470 589 Lividum
488 564 647 593 verberibus,
667 563 745 589 clavis
764 563 919 594 perforatum

354 608 391 632 Ac
410 615 454 639 per
473 607 562 632 cuncta
581 607 692 638 corporis
711 607 765 631 loca
784 606 943 631 cruentatum
955 605 973 630 ¹.

267 650 308 676 50.
329 651 398 675 Tunc
418 650 540 675 exclamat
559 648 683 675 millies²:
704 650 742 674 oei
761 656 816 674 cum
834 649 963 679 lamentis,

359 693 418 726 Oui,
437 694 476 719 oca·
494 694 624 723 miseram,
644 694 702 725 quia
721 700 789 718 meae
807 692 898 718 mentis

356 737 455 762 Statum
475 737 563 762 turbat
582 736 691 768 pallidus
710 736 796 761 vultus
816 736 945 761 morientis

356 780 390 805 Et
408 780 557 812 languentes
577 780 640 805 oculi
659 780 685 804 in
704 786 775 804 cruce
794 778 934 810 pendentis.

267 822 310 848 51.
329 823 422 848 Siccine
441 822 570 852 decuerat,
589 822 685 854 inquit,
705 821 730 847 te
749 822 885 853 benignum

356 866 457 898 Agnum
476 866 565 891 mortis
584 866 677 891 exitum
696 865 750 897 pati
769 865 821 890 tam
840 865 989 896 indignum?

357 909 402 934 Sed
422 910 457 934 sic
475 909 634 940 disposueras
653 909 751 933 vincere
770 908 922 939 malignum,

356 952 390 977 Et
408 952 454 977 hoc
472 952 555 978 totum
573 951 667 976 factum
686 951 725 976 est
753 951 783 976 ob
802 951 894 976 amoris
913 951 1021 982 signum.

268 996 310 1021 52.
329 996 398 1021 Haec
416 996 508 1020 amoris
527 995 600 1026 signa
619 994 692 1024 sunt,
712 994 737 1019 et
756 994 882 1026 postrema
901 994 989 1025 primis

358 1039 484 1071 Copulans
503 1038 624 1068 associat,
644 1045 741 1063 summa
759 1037 839 1069 figens
858 1038 929 1068 imis;

356 1081 513 1111 Monstrans,
535 1081 599 1112 quod
619 1081 654 1105 sic
672 1081 792 1110 moriens,
811 1088 857 1106 nos
875 1088 973 1105 amares
986 1079 996 1092 ⁸
1015 1080 1101 1110 nimis,

357 1125 423 1150 Dum
442 1124 467 1149 10
486 1124 567 1150 totum
586 1124 702 1149 funderes
720 1124 759 1149 tot
778 1124 873 1155 apertis
892 1124 971 1150 rimis.

270 1167 311 1193 53.
332 1168 369 1192 Tu
388 1168 482 1193 amicus
500 1175 580 1193 novus
600 1175 637 1197 es,
657 1167 686 1192 tu
705 1174 731 1192 es
749 1174 841 1192 novum
860 1167 983 1197 mustum,

357 1211 396 1236 Sic
414 1211 438 1236 te
458 1211 530 1236 vocat
548 1211 666 1242 Sapiens,
686 1210 711 1235 et
730 1210 769 1235 est
788 1210 850 1235 satis
868 1210 977 1241 iustum,

357 1255 435 1279 Totus
454 1255 519 1279 enim
538 1254 634 1283 affluis,
655 1253 759 1279 reddens
778 1253 873 1279 dulcem
892 1254 1010 1285 gustum,

357 1298 475 1322 Fundens
494 1298 577 1322 carnis
595 1297 701 1327 dolium,
720 1297 780 1322 licet
797 1304 843 1322 vas
862 1297 996 1322 venustum
1007 1296 1025 1323 ⁴².

270 1341 311 1367 54.
332 1341 420 1366 Tantis
439 1341 518 1373 signis
536 1340 660 1370 monitus,
681 1340 810 1372 poenitens
829 1341 877 1365 iam
898 1341 996 1371 credat,

358 1383 448 1414 Quod⁶
467 1384 671 1415 praecordialiter
691 1383 807 1408 Christus
826 1384 847 1408 ei
867 1391 892 1409 se
912 1384 964 1409 dat.

358 1427 414 1452 Ista
434 1427 506 1459 signa
524 1427 645 1457 recolam,
664 1434 694 1451 ne
713 1434 752 1451 me
772 1427 845 1452 satan
864 1427 962 1459 laedat,

357 1471 424 1495 Nan]
443 1470 538 1502 peccati
557 1470 650 1495 rabiem
669 1470 733 1495 nihil
751 1470 788 1495 ita
811 1470 888 1495 sedat.

270 1514 312 1539 55.
331 1514 387 1539 Ista
407 1514 479 1546 signa
497 1513 621 1543 recolens,
641 1513 695 1544 oei,
716 1513 755 1538 ool
774 1513 866 1542 clamo,

358 1557 444 1582 Dulcis
463 1556 522 1582 Iesu
540 1557 657 1588 querulor
668 1555 685 1586 ⁶,
706 1556 771 1588 quod
789 1556 814 1581 te
833 1557 916 1581 minus
934 1563 1003 1586 amo,

358 1600 454 1632 Stringi
473 1600 557 1625 tamen
576 1601 648 1632 cupio
667 1600 812 1631 disciplinae
831 1607 912 1630 camo,

359 1644 427 1669 Sicut
446 1651 491 1675 pro
510 1651 548 1668 me
567 1643 657 1675 captus
676 1651 702 1668 es
721 1643 835 1668 caritatis
854 1643 936 1669 hamo.

270 1687 312 1713 56.
332 1687 458 1717 Quantum
477 1687 580 1712 hamum
599 1686 691 1712 caritas
711 1686 757 1711 tibi
776 1687 960 1718 praesentavit,

358 1731 422 1756 Mori
440 1738 495 1756 cum
515 1737 560 1761 pro
579 1730 677 1755 homine
696 1730 720 1754 te
740 1730 898 1759 sollicitavit,

359 1774 405 1799 Sed
425 1774 449 1799 et
467 1781 522 1798 esca
541 1773 639 1805 placida
657 1773 759 1798 hamum
779 1773 913 1804 occupavit
924 1772 942 1803 ⁷,

360 1817 421 1843 Cum
439 1817 532 1842 lucrari
550 1817 647 1841 animas
667 1816 691 1841 te
711 1824 755 1848 per
772 1816 819 1842 hoc
837 1816 996 1842 monstravit.

272 1860 314 1887 57.
334 1861 367 1886 Te
387 1860 485 1892 quidem
504 1860 604 1885 aculeus
622 1860 690 1885 hami
708 1867 758 1885 non
776 1860 887 1890 latebat,

360 1903 406 1928 Sed
425 1903 493 1928 illius
512 1903 614 1935 punctio
633 1902 658 1927 te
676 1910 726 1928 non
745 1902 897 1932 deterrebat,

360 1946 440 1971 Immo
459 1946 525 1971 hunc
541 1946 663 1977 impetere
682 1946 728 1970 tibi
747 1945 928 1977 complacebat,

361 1988 424 2019 Quia
442 1989 590 2014 desiderium
610 1996 678 2014 escae
698 1989 723 2014 10
742 1988 859 2013 trahebat
870 1987 887 2013 ὃ.

275 2032 317 2058 58.
336 2032 404 2064 Ergo
424 2040 469 2064 pro
488 2040 527 2057 me
545 2033 648 2062 misera,
668 2040 743 2064 quam
762 2032 791 2057 tu
803 2032 925 2062 dilexisti,

361 2076 450 2102 Mortis
469 2076 496 2101 in
515 2076 627 2101 aculeum
648 2076 727 2101 sciens
746 2076 880 2107 impegisti,

1264 302 1326 328 Cum
1344 303 1368 327 te
1387 302 1459 327 Patri
1478 302 1605 327 victimam
1624 301 1736 326 sanctam
1756 301 1870 327 obtulisti

1263 345 1297 370 Et
1315 346 1341 370 in
1360 345 1403 370 tuo
1422 346 1543 377 sanguine
1563 344 1686 370 sordidam
1705 345 1791 369 lavisti
1801 343 1818 370 ⁰.

1175 388 1217 413 59.
1238 388 1298 418 Quis
1317 388 1423 413 miretur
1441 389 1534 420 igitur,
1554 396 1599 420 pro
1617 388 1642 413 te
1662 389 1683 413 si
1702 389 1813 420 suspiro,

1263 431 1355 456 Iuncta
1374 432 1426 456 5100
1445 431 1541 456 meritis
1560 431 1612 456 tam
1633 432 1724 456 zelanti
1743 432 1815 456 viro?

1264 474 1330 499 Nam
1349 474 1465 499 affectum
1485 475 1565 499 allicis
1584 482 1664 499 meum
1684 474 1755 500 modo
1774 475 1850 504 miro,

1264 517 1313 542 Pro
1332 524 1370 542 me
1389 516 1468 541 vitam
1486 517 1576 542 finiens
1595 517 1661 542 exitu
1681 517 1733 542 tam
1753 517 1814 543 diro.

1174 560 1217 585 60.
1236 560 1300 585 Vere
1319 560 1368 585 iam
1387 567 1437 585 non
1456 560 1530 585 debeo
1550 560 1650 584 tantum
1669 561 1804 591 suspirare,

1263 603 1357 632 Immo,
1376 603 1446 628 iuxta
1464 603 1567 628 verbum
1586 603 1643 632 Iob,
1662 609 1752 628 carnes
1772 603 1900 635 lacerare,

1262 646 1293 672 In
1312 654 1419 671 caverna
1437 646 1525 671 lateris
1542 646 1655 670 nidulum
1673 653 1763 677 parare
1774 644 1794 658 ¹⁰

1263 690 1297 714 Et
1315 690 1453 715 extremum
1473 689 1591 720 spiritum
1609 689 1661 714 illic
1679 689 1805 714 exhalare..

1175 731 1218 758 61.
1236 732 1327 762 Plane,
1347 733 1395 757 nisi
1415 733 1508 758 moriar
1527 732 1620 763 tecum,
1640 739 1689 757 non
1709 732 1840 763 quiescam,

1267 775 1327 807 Oet,
1347 776 1386 801 occ·
1404 776 1537 801 clamitans
1555 783 1683 807 nunquam
1702 775 1877 805 conticescam,

1264 819 1303 844 Ab
1322 819 1368 844 11οο
1386 819 1506 843 desiderio
1525 818 1590 843 certe
1602 817 1621 830 ¹¹
1641 825 1691 843 non
1711 818 1850 849 tepescam,

1264 862 1497 893 Quantumcumque
1516 861 1613 886 saeculo
1626 861 1729 893 propter
1747 861 1793 886 hoc
1811 861 1935 886 vilescam.

1176 905 1218 930 62.
1238 905 1319 935 Tunc,
1338 905 1368 930 111
1387 905 1487 930 (1010005
1506 904 1620 929 clamitat
1632 903 1665 929 ¹²:
1685 904 1795 929 Veniant
1813 904 1936 935 lanistae,

1265 948 1312 978 Qui
1331 947 1438 979 affigant
1457 948 1573 972 miseram
1591 948 1658 973 cruci
1677 948 1743 977 tuae,
1763 947 1875 978 Christe,

1265 991 1322 1016 Erit
1341 992 1406 1016 enim
1425 991 1506 1016 exitus
1525 991 1585 1016 mihi
1604 991 1683 1016 dulcis
1702 991 1763 1022 iste,

1265 1035 1290 1059 Si
1309 1034 1446 1066 amplector
1465 1035 1573 1060 moriens
1593 1035 1701 1066 propriis
1719 1035 1787 1059 111015
1805 1034 1837 1059 te.

1177 1078 1220 1103 63.
1240 1078 1303 1104 Vere
1324 1077 1399 1108 siem,
1419 1085 1469 1103 non
1488 1078 1574 1108 aliter,
1595 1078 1676 1103 rabies
1696 1078 1799 1108 doloris,

1267 1121 1320 1151 Qua
1339 1128 1380 1146 cor
1399 1128 1481 1146 meum
1501 1121 1608 1153 singulis
1627 1121 1770 1146 terebratur
1788 1121 1870 1151 horis,

1266 1164 1371 1189 Deliniri
1392 1164 1498 1196 poterit,
1518 1165 1566 1189 nisi
1586 1164 1627 1194 tu,
1648 1164 1756 1190 dulcoris

1266 1208 1333 1233 Fons
1352 1207 1497 1237 abundans,
1516 1207 1625 1232 medicus
1644 1208 1691 1232 mei
1710 1208 1744 1232 sis
1763 1207 1864 1233 doloris.

1177 1251 1219 1276 64.
1239 1251 1332 1281 Plane,
1353 1251 1432 1276 dulcis
1451 1251 1559 1276 medicus
1579 1258 1617 1281 es,
1636 1251 1678 1282 qui
1697 1258 1825 1282 nunquam
1844 1251 1949 1283 pungis,

1267 1294 1314 1319 Sed
1332 1302 1347 1319 a
1366 1294 1438 1319 corde
1457 1294 1545 1319 vitium
1565 1294 1655 1319 leniter
1674 1294 1802 1325 emungis,

1267 1337 1333 1362 Nam
1353 1345 1414 1369 quos
1433 1337 1480 1362 tibi
1498 1337 1604 1362 firmiter
1624 1345 1668 1368 per
1686 1344 1795 1362 amorem
1814 1337 1911 1369 iungis,

1267 1381 1327 1405 Tuis
1346 1380 1540 1406 charismatibus
1559 1388 1656 1412 semper
1675 1387 1715 1405 eos
1734 1379 1848 1412 ungis¹⁴.

1178 1424 1221 1450 65.
1240 1425 1310 1455 Heu,
1330 1432 1403 1456 quam
1423 1424 1600 1449 damnabiliter
1619 1423 1726 1448 mundus
1744 1424 1783 1449 est
1801 1424 1929 1450 caecatus!

1268 1468 1314 1498 Qui
1334 1475 1390 1493 cum
1411 1467 1444 1492 sit
1462 1468 1494 1492 ab
1513 1467 1628 1493 hostibus
1646 1467 1698 1492 dire
1717 1467 1879 1498 vulneratus,

1266 1511 1340 1536 Hunc
1359 1511 1468 1536 declinat
1485 1510 1614 1540 medicum,
1633 1517 1689 1535 cum
1708 1510 1775 1535 adsit
1793 1510 1898 1542 paratus
1909 1509 1939 1542 ¹⁵,

1267 1554 1397 1586 Languido
1416 1554 1531 1585 aperiens
1551 1561 1624 1578 suum
1643 1553 1713 1578 dulce
1731 1554 1808 1579 latus.

1178 1597 1221 1622 66.
1241 1597 1310 1622 Heu!
1331 1604 1374 1622 cur
1394 1597 1512 1622 beneficia
1532 1596 1627 1622 Christi
1646 1597 1770 1628 passionis

1266 1640 1346 1666 Penes
1366 1640 1390 1665 te
1410 1640 1560 1670 memoriter,
1579 1640 1665 1670 homo,
1685 1647 1735 1665 non
1755 1640 1876 1672 reponis?

1268 1683 1316 1709 Per
1334 1683 1400 1708 hanc
1418 1684 1483 1708 enim
1502 1684 1573 1715 rupti
1591 1683 1651 1708 sunt
1669 1683 1751 1715 laquei
1772 1683 1915 1715 praedonis,

1267 1727 1316 1753 Per
1333 1727 1399 1753 hanc
1418 1727 1535 1752 Christus
1553 1727 1667 1752 maximis
1686 1727 1711 1752 te
1730 1727 1821 1752 ditavit
1838 1727 1918 1754 bonis.

1178 1771 1221 1796 67.
1241 1771 1289 1796 Suo
1309 1771 1400 1803 quippe
1419 1778 1521 1802 corpore
1540 1770 1686 1802 languidum
1705 1770 1730 1795 te
1749 1771 1833 1802 pavit,

1269 1814 1345 1844 Quem
1365 1815 1390 1839 in
1410 1821 1454 1839 suo
1475 1814 1596 1846 sanguine
1614 1813 1696 1845 gratis
1716 1814 1856 1844 balneavit,

1267 1858 1373 1883 Demum
1384 1856 1405 1870 ¹³
1424 1865 1496 1883 suum
1515 1857 1585 1883 dulce
1604 1865 1646 1883 cor
1664 1858 1711 1882 tibi
1728 1857 1875 1889 denudavit,

1267 1902 1303 1926 Ut
1322 1902 1357 1927 sic
1375 1901 1555 1931 innotesceret,
1575 1901 1697 1933 quantum
1717 1901 1742 1926 te
1761 1901 1863 1927 amavit.

1179 1945 1220 1970 68.
1241 1944 1262 1971 Ο
1281 1953 1355 1977 quam
1376 1945 1447 1970 dulce
1464 1944 1595 1974 balneum,
1615 1952 1671 1969 esca
1689 1952 1763 1976 quam
1783 1945 1880 1970 suavis!

1269 1988 1336 2019 Quae
1356 1988 1464 2013 sumenti
1483 1988 1557 2020 digne
1576 1987 1606 2012 fit
1624 1988 1735 2019 paradisi
1754 1989 1845 2019 clavis,

1268 2032 1302 2057 Et
1320 2032 1342 2057 ei
1360 2039 1433 2063 quem
1451 2031 1546 2062 reficis,
1565 2031 1651 2056 nullus
1669 2031 1740 2057 labor
1758 2032 1857 2063 gravis,

1271 2075 1340 2100 Licet
1360 2075 1393 2100 sis
1413 2074 1514 2100 fastidio
1532 2075 1647 2100 cordibus
1665 2075 1772 2107 ignavis.

320 2309 327 2322 ¹
346 2310 457 2332 Ultimum
475 2316 570 2332 versum
588 2310 639 2332 Vat.
658 2310 687 2332 ita
705 2309 811 2332 exhibet:
828 2310 874 2333 Per
892 2311 924 2333 tol
948 2309 1000 2333 loca
1025 2309 1107 2333 latetis

256 2342 321 2371 fossa
339 2342 500 2364 cruenlulum.
519 2342 616 2364 Textum
634 2340 730 2369 praebet
747 2341 784 2364 ed.
805 2342 829 2368 i,
847 2347 907 2370 quae
929 2344 981 2369 post
998 2342 1106 2365 cruenta-

257 2375 308 2397 tum
325 2373 401 2395 adhuc
418 2379 467 2402 seq.
485 2374 604 2401 stropham
622 2372 756 2400 subiungit:
772 2372 869 2401 Alopos,
887 2372 1039 2401 arundinem,
1059 2378 1106 2396 cer-

257 2405 291 2428 m't
303 2406 325 2428 et
340 2404 445 2433 slaqella,
463 2403 553 2433 Sputa,
570 2405 670 2432 vestam,
689 2403 797 2427 lanceam
809 2403 833 2427 111
850 2410 923 2427 ocu-no
940 2403 1039 2432 tenella,
1056 2403 1106 2433 Fel,

257 2438 363 2464 acetum,
382 2435 444 2465 quod
461 2435 481 2458 ei
498 2435 559 2459 dedit
576 2441 633 2465 qens
650 2435 759 2463 misella,-
779 2436 844 2459 Tunc
865 2435 961 2466 affectat
980 2435 1106 2459 condolens

257 2469 358 2491 mortem
376 2466 447 2496 quusi
462 2466 542 2489 mella.

321 2498 329 2511 ²
347 2499 377 2520 lta
395 2499 432 2521 ed.
451 2499 477 2525 4,
495 2498 609 2520 Vat.liuic
626 2497 699 2521 verbo
717 2498 835 2521 substituit
851 2497 891 2528 pia
908 2504 983 2521 mens.
1000 2511 1031 2514 ——
1048 2499 1106 2521 lnsra

258 2533 312 2559 post
328 2529 449 2559 pendentis
466 2530 504 2552 ed.
531 2531 538 2552 i
568 2530 601 2552 sic
626 2530 756 2553 continuat:
776 2529 856 2557 Quare
880 2529 914 2553 sic
936 2529 1053 2559 oportuit,
1073 2530 1106 2552 in-

274 2562 309 2585 uz't
342 2563 371 2584 te.

259 2568 272 2591 q
315 2580 331 2605 '³
348 2593 391 2615 Pro
409 2598 505 2615 amares
523 2592 562 2621 (ita
580 2592 617 2615 ed.
636 2592 658 2621 l)
677 2593 729 2615 Vat.
747 2592 816 2615 habet
832 2592 962 2621 animales,
983 2592 1107 2615 substituto

258 2624 288 2647 ab
306 2624 388 2647 eadem
407 2627 473 2646 antea
489 2625 516 2647 ut
533 2630 575 2652 pro
593 2623 656 2653 quod
674 2624 712 2652 (ita
731 2624 767 2646 ed.
786 2624 818 2653 1)Δ

322 2655 332 2667 *²
348 2656 411 2678 Duos
429 2656 521 2678 ultimos
538 2661 621 2677 versus
638 2655 675 2678 ed.
694 2656 702 2677 i
724 2655 755 2678 ita
773 2655 879 2677 exhibet:
906 2656 977 2678 Totus
995 2655 1058 2678 enim
1074 2655 1107 2685 af-

259 2686 315 2716 fluis
328 2686 392 2716 [Vat.
409 2686 485 2717 filius]
498 2686 597 2709 reddens
610 2686 702 2710 dulcem
719 2688 817 2716 qustum
830 2686 859 2710 Et
869 2688 971 2710 mentem
987 2686 1109 2710 inebrians

259 2718 320 2741 catis
338 2724 379 2741 cor
396 2720 530 2741 venustum.

323 2748 332 2761 ⁵
350 2750 390 2772 Ed.
409 2750 416 2771 l
440 2749 509 2772 habet
527 2749 605 2777 Quam
622 2752 644 2772 et
662 2749 719 2772 infra
732 2749 809 2778 inepte
820 2755 878 2772 nam
886 2749 1005 2779 precandi
1018 2749 1109 2773 rabiem

260 2787 303 2809 pro
320 2781 383 2804 Nam
397 2781 489 2810 peccati
505 2780 603 2803 rabiem.

323 2811 333 2824 ‘⁵
350 2813 410 2834 Loco
428 2811 555 2842 querulor,
577 2811 640 2841 quod
656 2813 677 2835 le
694 2812 731 2835 ed.
749 2813 756 2833 i
779 2812 848 2835 habet
866 2812 980 2842 querula,
1000 2818 1059 2835 nam
1080 2813 1109 2835 te.

324 2842 332 2855 ⁷
350 2844 374 2865 ln
392 2844 428 2866 ed.
448 2844 455 2865 «l
479 2844 516 2866 hic
534 2849 617 2865 versus
634 2843 667 2866 sic
684 2844 834 2872 proponitur:
852 2843 899 2867 Sed
923 2843 987 2867 Itmzc
1009 2844 1109 2867 hamum

258 2873 355 2903 placida
372 2880 425 2897 esca
439 2874 563 2904 palliavit,
581 2874 723 2897 substituens
747 2878 814 2897 antea
842 2874 918 2902 Quasi
941 2875 1041 2898 hamum
1066 2881 1109 2903 pro

264 2905 386 2933 Quantum
404 2905 503 2928 hamum
521 2909 543 2928 et
559 2906 615 2928 insi-a
631 2912 675 2935 pet·
692 2912 746 2929 eum
772 2906 867 2929 animas
892 2906 1037 2930 monstravit
1057 2907 1108 2929 vice

262 2936 356 2959 animos
374 2938 394 2959 le
411 2943 453 2966 per
470 2937 513 2960 hoc
530 2937 680 2960 monstravit.

325 2966 334 2979 ³
352 2967 429 2990 Vei-ba
446 2969 467 2991 te
484 2968 591 2991 trahebal
608 2968 769 2991 substituimus
786 2975 812 2991 ex
831 2969 866 2991 ed.
888 2970 894 2990 1
912 2975 954 2997 pro
966 2968 1108 2997 ath'ohebdl,

264 2999 328 3027 quod
345 2998 414 3021 habet
432 2999 483 3021 Vat.
501 3000 611 3027 Superius
628 3006 671 3028 pro
688 3000 735 3023 Sed
751 3000 816 3023 illius
828 3001 865 3023 ed.
879 3001 886 3022 ’1
904 3001 968 3028 ponit
984 3001 1032 3024 Aul
1044 3000 1108 3024 illius

264 3032 287 3052 et
304 3029 350 3053 Sed
366 3030 387 3053 sl
404 3029 416 3052 lz
423 3036 467 3053 11110
484 3032 613 3059 competere
630 3038 672 3059 pro
690 3032 766 3054 Immo
784 3031 847 3054 hunc
864 3031 981 3061 impetere.

1226 2308 1235 2322 Β
1253 2310 1294 2332 Ed.
1315 2310 1323 2331 l
1346 2311 1407 2332 1111110
1424 2316 1519 2332 versum
1538 2310 1567 2332 ita
1584 2310 1650 2338 legit:
1668 2310 1695 2332 Ιη
1713 2315 1783 2333 cruce
1799 2315 1881 2339 meque
1898 2312 1938 2334 luo
1955 2316 2011 2334 san-

1163 2340 1235 2370 quine
1253 2340 1344 2369 lavisti,
1363 2347 1424 2370 quae
1441 2341 1509 2363 etiam
1529 2341 1550 2363 in
1568 2342 1662 2369 stropha
1679 2348 1727 2370 seq.
1746 2341 1815 2364 habet
1831 2341 1912 2371 igitur,
1927 2341 2013 2372 sipost

1164 2373 1184 2395 le
1201 2372 1297 2401 suspiro
1315 2378 1358 2400 pro
1375 2372 1463 2402 ἱρέων,
1483 2378 1528 2401 pro
1546 2374 1567 2395 te
1583 2372 1605 2395 si
1619 2372 1723 2402 suspiro.

1227 2403 1247 2416 ¹⁰
1264 2404 1307 2426 Pro
1325 2403 1406 2427 lateris
1423 2403 1535 2427 nidulum
1551 2410 1642 2433 parare
1659 2404 1695 2427 ed.
1713 2405 1717 2426 1
1738 2404 1802 2432 ponit
1816 2403 1897 2427 lateris
1914 2404 1963 2428 iam
1980 2404 2013 2428 ni-

1164 2434 1269 2465 dificare.
1287 2435 1361 2463 Supra
1380 2435 1432 2457 Vat.
1450 2435 1527 2458 crines
1544 2442 1587 2463 pro
1604 2441 1689 2458 carnes
1713 2436 1759 2464 (ed.
1778 2436 1786 2457 1
1810 2436 1925 2465 carnem),
1948 2436 2012 2465 quod

1164 2467 1249 2495 legitur
1266 2466 1305 2489 lob
1327 2467 1364 2494 13,
1384 2466 1426 2494 114,
1444 2469 1466 2489 et
1487 2467 1581 2489 iuferius
1598 2467 1634 2489 ed.
1654 2467 1661 2489 i
1684 2466 1741 2489 illuc
1758 2466 1873 2490 eoeltalare
1895 2467 1945 2490 loco
1963 2467 2014 2491 illio

1164 2497 1288 2521 eoelzalare.
1634 2498 1651 2512 ¹¹
1670 2499 1699 2521 lta
1718 2499 1754 2521 ed.
1776 2499 1793 2525 t,
1811 2500 1861 2521 Vat.
1879 2499 1934 2527 legit
1950 2504 2012 2522 vere.

1229 2528 1247 2544 ¹²
1264 2530 1306 2551 Hic
1323 2536 1405 2551 versus
1422 2529 1444 2551 in
1462 2530 1500 2552 ed.
1518 2530 1526 2551 rl
1549 2530 1577 2552 ita
1595 2530 1746 2558 proponitur:
1764 2530 1814 2558 Eu,
1827 2531 1855 2553 ut
1865 2536 1948 2553 umens
1965 2529 2014 2553 cla-

1164 2560 1235 2584 mito:
1253 2560 1357 2589 ,veniant
1374 2560 1480 2589 laniste‘,
1506 2567 1532 2584 ex
1557 2568 1603 2589 qua
1628 2561 1696 2584 etiam
1716 2561 1809 2584 inferius
1828 2561 1970 2584 correximus
1986 2560 2015 2585 Si

1165 2595 1217 2614 ante
1234 2592 1365 2622 amplector
1383 2599 1424 2620 pro
1442 2592 1495 2620 Sic,
1513 2594 1576 2621 quod
1595 2592 1664 2615 habet
1681 2593 1742 2620 Vat,
1762 2592 1804 2615 sed
1820 2599 1863 2621 pro
1883 2592 2014 2622 amplector

1165 2624 1201 2646 ed.
1221 2624 1229 2645 1
1252 2624 1307 2651 legit
1323 2623 1466 2653 complectar
1484 2627 1506 2646 et
1523 2624 1630 2652 superius
1648 2624 1769 2654 configyont
1784 2630 1826 2652 pro
1842 2623 1948 2654 affigant.

1229 2654 1249 2667 ¹³³
1266 2655 1306 2677 Ed.
1326 2656 1333 2677 i
1356 2655 1481 2683 praemittit
1497 2657 1520 2678 et
1535 2658 1587 2678 ante
1603 2661 1664 2683 non,
1682 2655 1805 2678 substituto
1828 2659 1893 2678 antea
1911 2655 1951 2679 Sic
1970 2661 2013 2684 pro

1171 2686 1238 2714 Vere,
1256 2692 1317 2715 quac
1335 2687 1403 2709 etiam
1415 2687 1437 2709 in
1451 2687 1530 2709 ultimo
1543 2693 1612 2709 versu
1625 2686 1694 2709 habet
1706 2686 1830 2716 lanquoris
1846 2688 1897 2710 loco
1913 2686 2012 2710 doloris.

1229 2717 1249 2730 ¹⁴²
1266 2718 1331 2740 Hunc
1349 2724 1443 2741 versum
1462 2718 1498 2741 ed.
1525 2719 1529 2739 t
1559 2719 1589 2741 ita
1607 2718 1709 2741 exhibet:
1727 2719 1755 2741 In
1768 2718 1899 2748 pressuris,
1917 2717 2012 2748 qaudizls·

1165 2749 1276 2779 supernis
1294 2749 1403 2779 inzmqts,
1421 2750 1529 2778 superius
1546 2750 1624 2778 legens
1642 2749 1705 2773 Sane
1726 2756 1768 2778 pro
1790 2749 1864 2773 Plane
1881 2753 1903 2772 et
1918 2749 2013 2779 sortiter

1165 2787 1208 2809 pro
1225 2780 1334 2811 firmiter,

1229 2811 1249 2824 1⁵
1266 2813 1296 2834 lta
1314 2812 1478 2840 corrigendum
1491 2818 1541 2835 esse
1556 2813 1703 2841 putavimus,
1716 2812 1768 2834 Vat.
1780 2812 1834 2840 legit
1844 2813 2013 2841 praeparatus,

1165 2844 1203 2866 ed.
1221 2844 1229 2866 1
1251 2849 1308 2866 vero
1325 2844 1385 2866 duos
1402 2844 1495 2866 ultimos
1520 2850 1602 2866 versus
1619 2845 1663 2866 hoc
1680 2844 1750 2866 modo
1776 2844 1870 2866 format:
1887 2844 1956 2867 Hunc
1977 2843 2013 2867 de-

1165 2874 1223 2898 vitat
1245 2874 1376 2903 medicum,
1400 2881 1454 2898 cum
1477 2875 1532 2898 huic
1553 2874 1620 2898 dulce
1646 2874 1708 2898 lalus
1736 2875 1795 2897 Tam
1817 2874 1890 2898 libens
1907 2874 2013 2904 aperiat,

1164 2912 1250 2952 sempfg
1265 2908 1490 2960 lfrqgnssefmylgrtafelds..
1499 2938 1507 2958 11
1527 2937 1596 2960 habet
1608 2938 1664 2960 Post
1677 2937 1748 2966 hoec,
1762 2944 1822 2966 quae
1834 2938 1902 2960 etiam
1919 2937 1940 2960 in
1956 2939 2014 2960 stro-

1165 2970 1212 2997 pha
1229 2975 1277 2998 seq.
1295 2969 1359 2996 ponit
1384 2968 1448 2992 olous
1475 2975 1548 2998 quom
1564 2975 1606 2997 pro
1631 2974 1684 2992 esca
1704 2975 1777 2998 quam
1798 2972 1820 2991 et
1841 2968 1872 2992 Ei
1893 2974 1962 2998 qnam
1988 2970 2014 2991 tu

1165 2999 1242 3054 {elicis
1260 3006 1302 3028 pro
1315 3000 1345 3023 El
1361 2999 1383 3023 ei
1399 3006 1469 3030 quem
1482 3000 1567 3030 reficis,
1579 3000 1721 3023 substituens
1738 3003 1818 3028 postea
1837 2999 1950 3028 Quamvis
1970 3005 2013 3028 pro

1185 3032 1236 3055 icet.
