2133 3317
566 216 763 246 OPUSCULUM
784 218 825 246 xi.
847 218 1008 247 APOLOGIA
1028 219 1210 248 PAUPERUM.
1232 219 1300 248 CAP.
1323 219 1353 248 V.

91 295 204 329 obtulit,
236 295 346 332 quando
377 295 472 331 plures
502 294 530 322 in
557 301 589 322 eo
620 301 734 330 peccare
765 297 932 331 potuerunt,

91 341 210 380 paschali
226 341 328 370 scilicet
350 344 491 378 tempore,
512 348 575 369 cum
597 340 761 369 ludaeorum
783 341 933 370 multitudo

91 389 124 418 ad
143 388 243 417 festum
266 390 385 416 ventura
413 390 472 416 erat
484 388 504 421 1,
525 387 560 416 de
586 395 642 424 qua
662 387 780 421 sciebat,
802 387 877 424 quod
905 388 931 416 in

91 436 150 465 eius
170 437 287 463 mortem
309 441 478 463 consensura
498 436 578 462 esset.
602 450 637 453 —
659 434 821 470 Arguuntur
849 434 931 462 etiam

91 480 242 511 secundum
270 480 341 508 hanc
361 479 514 508 doctrinam
541 479 689 516 impietatis
709 482 737 508 et
762 479 934 508 crudelitatis

90 535 183 557 omnes
203 527 352 563 Martyres,
374 526 420 563 qui
443 534 497 555 non
518 526 658 563 fugerunt.

172 574 214 602 19.
237 573 355 601 lnaniter
369 572 484 610 proinde
498 572 508 588 ²
530 573 678 610 gloriatur,
694 580 722 601 se
742 572 933 601 adversarium

0 633 32 653 ¹ni.
41 631 77 656 μο-
92 620 261 653 confutasse,
283 619 361 656 quasi
383 619 479 656 fugere
500 628 553 648 non
576 619 611 647 sit
638 619 847 656 imperfectum,
869 626 934 647 cum

0 662 15 684 ².⁰
35 655 77 675 mi.

0 1192 75 1212 §udum

2 1222 12 1236 s
19 1220 75 1236 mor-

0 1584 49 1632 ffir
55 1587 79 1606 ad

42 1616 67 1630 m.
91 1601 134 1628 ter
147 1599 300 1628 ostendant.
322 1599 389 1628 Nam
405 1599 426 1627 si
448 1599 575 1628 Christus
590 1599 641 1628 hoc
662 1598 837 1636 quadruplici
852 1599 933 1628 modo

92 667 191 697 habeat
211 666 271 695 fieri
292 674 329 695 ex
343 666 492 695 abundanti
515 666 718 700 misericordia,
739 673 810 702 quae
831 666 934 703 imper-

90 713 213 743 fectionis
243 721 298 742 non
319 716 408 750 potest
439 720 498 742 esse
518 713 652 741 ministra.
675 713 703 741 In
735 720 791 750 quo
819 712 934 741 credens

89 760 203 789 alterius
222 760 380 796 improbare
394 759 570 793 sententiam,
590 759 662 787 viam
678 759 767 796 aperit
788 759 822 788 ad
837 767 934 796 repro-

88 806 205 836 bandam
226 814 313 835 suam.
336 806 362 835 Si
384 806 456 835 enim
477 806 619 840 Christus,
641 806 706 842 quia
734 806 803 842 fugit
825 813 861 834 ex
883 805 933 834 mi-

89 853 237 883 sericordia
257 856 385 890 respectu
413 852 655 889 persequentium,
677 852 782 881 nullam
805 852 932 889 imperfe-

89 900 185 930 ctionis
216 903 307 928 notam
337 899 473 933 incurrit;
498 899 712 936 multomagis,
744 899 765 928 si
797 899 867 936 fugit
896 907 933 927 ex

88 946 276 976 misericordia
296 949 424 983 respectu
449 945 639 974 membrorum
667 953 783 974 suorum
810 946 933 974 infirmo-

89 1001 151 1022 rum
172 993 206 1021 ad
227 992 415 1030 praebendum
444 993 497 1021 illis
518 992 663 1026 solatium,
692 1001 746 1021 non
774 992 854 1021 debet
882 993 934 1021 im-

88 1040 248 1077 perfectioni
282 1039 440 1074 ascribere,
475 1039 521 1068 sed
557 1040 648 1076 potius
687 1039 809 1068 iudicare
844 1040 933 1076 perfe-

90 1090 174 1116 ctum.

169 1134 214 1162 ΞΟ.
236 1133 315 1170 Quod
335 1136 427 1161 autem
456 1133 484 1161 in
508 1132 562 1161 fine
583 1133 737 1167 concludit,
759 1132 834 1170 quod
862 1144 875 1158 (ι
890 1132 934 1161 his

91 1182 211 1217 quatuor
233 1179 320 1208 modis
351 1179 478 1208 Christus
499 1179 568 1216 fugit
599 1182 626 1208 et
651 1179 747 1216 fugere
777 1179 885 1213 docuit,
907 1182 934 1208 et

90 1226 142 1255 viri
163 1226 353 1264 perfectissimi
378 1226 405 1254 in
436 1226 488 1254 hoc
519 1234 583 1255 eum
606 1226 702 1254 imitati
734 1230 799 1255 sunt
827 1229 854 1254 et
882 1227 934 1255 hoc

89 1273 157 1302 alios
184 1273 274 1302 facere
301 1273 472 1307 docuerunt,
494 1276 521 1301 et
549 1272 622 1309 quod
650 1272 777 1301 Christus
806 1272 934 1309 fugiendo

89 1319 250 1356 exemplum
271 1319 388 1348 infirmis
410 1319 553 1356 praebuit,
574 1319 692 1348 infirmis
713 1323 823 1353 autem,
845 1322 877 1348 ut
897 1319 934 1348 di-

89 1366 138 1401 cit,
160 1366 319 1394 infirmitate
340 1366 455 1400 carnis,
477 1374 549 1402 quae
566 1366 695 1402 perfectis
716 1366 856 1400 convenit,
879 1374 933 1394 non

88 1413 206 1447 mentis,
228 1420 300 1449 quae
320 1413 408 1441 solum
430 1413 559 1449 competit
581 1412 747 1449 imperfectis
762 1424 789 1446 ι),
811 1413 876 1450 quia
897 1421 934 1442 ex

89 1459 338 1497 praecedentibus⁸
359 1459 528 1488 sufficienter
543 1459 722 1496 reprobatum
744 1462 799 1493 est,
821 1468 874 1488 non
893 1462 935 1488 est

89 1513 159 1543 opus
179 1506 254 1534 ultra
281 1505 434 1539 discutere,
462 1513 631 1542 quamquam
658 1505 724 1534 haec
752 1508 873 1543 quatuor
902 1506 934 1534 si-

89 1553 149 1581 mul
169 1555 315 1589 aggregata
342 1552 477 1589 dogmatis
505 1552 590 1581 huius
620 1552 820 1581 absurditatem
841 1555 934 1589 paten-

1778 221 1834 249 257

990 296 1075 333 fugit,
1096 300 1123 325 et
1144 297 1334 333 perfectissimi
1355 297 1407 325 viri
1428 297 1456 325 in
1477 297 1528 326 hoc
1550 305 1614 326 eum
1635 297 1732 326 imitati
1754 301 1833 333 sunt;

990 350 1053 371 cum
1086 343 1137 372 hoc
1168 343 1247 380 fugae
1279 343 1456 380 quadrivium
1487 352 1596 381 semper
1627 347 1654 372 et
1676 344 1780 381 ubique
1807 348 1834 373 et

990 389 1118 417 omnibus
1139 393 1245 426 pateat,
1274 397 1383 427 semper
1408 394 1435 419 et
1462 398 1478 419 a
1505 391 1628 427 quolibet
1652 390 1772 420 ineunda
1792 394 1834 420 est

991 434 1063 471 fuga.
1092 436 1159 471 Quis
1189 436 1261 464 enin]
1290 445 1345 465 non
1376 437 1539 466 naturaliter
1567 437 1686 466 timet4?
1711 438 1778 474 Quis
1806 446 1835 467 se

990 489 1044 509 non
1065 481 1146 510 debet
1167 482 1336 511 humiliare?
1357 483 1424 519 Quis
1444 492 1498 512 non
1519 484 1600 513 debet
1617 484 1769 521 prudenter
1791 492 1835 513 ca-

990 534 1055 555 vere
1089 527 1269 564 periculum?
1297 529 1364 565 Quis
1398 530 1523 559 misereri
1555 539 1610 559 non
1642 530 1740 560 debeat
1770 538 1832 568 per-

991 573 1166 610 sequentium
1195 575 1416 610 proximorum?
1444 576 1470 604 Si
1498 577 1583 614 igitur
1611 578 1663 606 hae
1697 577 1757 606 viae
1791 577 1833 606 fu-

990 627 1088 656 garum
1116 620 1228 649 semitae
1249 624 1314 649 sunt
1341 622 1560 658 perfectionum,
1589 624 1692 661 quibus
1717 624 1773 653 itur
1800 624 1835 653 ad

990 666 1148 700 Christum;
1170 674 1224 694 non
1246 667 1300 695 iam
1315 667 1349 695 ad
1363 669 1584 698 exhortationem
1605 671 1769 707 apostolIcae
1790 673 1834 700 tu—

990 712 1062 741 bae⁵
1091 713 1261 741 currendum
1283 717 1325 742 est
1352 714 1392 742 ad
1408 716 1593 752 propositam
1623 717 1703 745 nobis
1732 718 1835 754 passio-

990 766 1057 787 num
1080 762 1241 793 certamcn,
1263 759 1311 788 sed
1329 760 1421 796 potius
1441 763 1630 797 quaerendum
1655 767 1696 792 est
1716 771 1765 800 per
1787 764 1835 792 ali-

990 813 1073 842 quam
1094 805 1231 834 dictarum
1253 806 1362 835 viarum
1383 807 1464 844 fugae
1484 809 1667 844 praesidinm,
1689 818 1745 846 quo
1766 811 1836 839 cele-

990 852 1050 880 rius
1071 855 1201 889 tanquam
1222 860 1272 889 per
1300 853 1505 890 compendiosas
1527 855 1701 891 perfectionis
1725 857 1836 885 semitas

990 899 1169 935 perveniatur
1196 899 1230 927 ad
1258 899 1408 928 Christum.
1431 900 1532 936 Quodsi
1555 901 1712 930 huiusmodi
1733 903 1836 931 exhor-

991 945 1115 979 tationis,
1137 945 1222 974 immo
1243 946 1442 975 dehortationis
1460 948 1625 981 clamorem,
1647 957 1702 985 quo
1723 949 1836 978 bellato-

991 1000 1054 1020 rum
1076 992 1159 1021 corda
1188 996 1343 1027 terrentur,
1365 993 1462 1030 procul
1489 1002 1506 1022 a
1526 995 1624 1023 castris
1652 997 1834 1032 pugnantium

990 1038 1084 1068 abesse
1109 1042 1279 1068 censuerunt
1305 1040 1390 1069 duces
1411 1040 1438 1068 in
1467 1049 1560 1078 pugna
1587 1042 1705 1075 saeculi;
1733 1045 1836 1078 quanto

991 1085 1078 1122 magis
1100 1086 1151 1114 hoc
1172 1086 1321 1115 observare
1335 1087 1463 1115 convenit
1484 1087 1510 1116 in
1532 1096 1625 1124 pugna
1640 1088 1699 1117 Iesu
1720 1088 1836 1123 Christi,

990 1132 1037 1161 ubi
1059 1140 1104 1161 res
1132 1133 1223 1170 agitur
1244 1141 1298 1161 non
1330 1142 1381 1170 pro
1402 1134 1520 1163 vitandis
1550 1134 1699 1171 dispendiis
1724 1143 1835 1170 rerum,

991 1182 1039 1208 aut
1052 1179 1188 1216 fugiendis
1203 1180 1334 1216 periculis
1355 1188 1519 1217 corporum,
1542 1181 1589 1210 sed
1604 1189 1654 1218 pro
1675 1181 1836 1210 declinanda

991 1225 1116 1254 infinibili
1138 1230 1228 1255 morte
1256 1227 1436 1255 animarum?
1457 1227 1510 1256 Nec
1531 1228 1584 1256 hoc
1604 1228 1737 1262 dicimus,
1766 1229 1834 1265 quin

991 1276 1147 1309 competere
1168 1273 1253 1310 possit
1275 1274 1402 1310 perfectis
1424 1274 1451 1302 in
1473 1282 1538 1303 casu
1561 1274 1656 1312 fugere
1685 1283 1717 1303 eo
1738 1275 1834 1309 modo,

991 1327 1046 1356 quo
1078 1319 1229 1356 superius⁶
1250 1323 1390 1349 ostensum
1414 1324 1470 1355 est;
1500 1321 1547 1349 sed
1578 1324 1610 1350 ut
1639 1321 1720 1358 fugae
1742 1322 1836 1351 laudes

991 1366 1162 1402 superfluas,
1185 1374 1268 1395 vanas
1289 1370 1317 1395 et
1337 1367 1433 1401 falsas,
1459 1370 1590 1404 tanquam
1620 1368 1787 1404 perniciosas
1808 1371 1836 1397 et

991 1412 1142 1441 virtutibus
1170 1413 1298 1449 perfectis
1329 1414 1482 1443 contrarias
1508 1414 1685 1443 ostendamus
1712 1422 1771 1443 esse
1792 1415 1836 1443 fu-

991 1459 1117 1496 giendas3
1142 1459 1223 1496 quia,
1255 1467 1318 1488 cum
1349 1460 1453 1489 falsitas
1483 1468 1592 1498 semper
1613 1464 1640 1490 et
1671 1461 1775 1498 ubique
1796 1461 1835 1490 vi-

990 1505 1072 1534 tanda
1093 1506 1143 1540 sit,
1169 1506 1206 1534 ibi
1228 1509 1319 1535 tamen
1340 1509 1367 1535 et
1394 1510 1461 1536 tunc
1482 1507 1655 1544 potissimum
1676 1507 1836 1537 declinanda

990 1555 1046 1587 est,
1069 1560 1132 1581 cum
1155 1552 1208 1581 sub
1238 1553 1326 1581 fallaci
1348 1553 1439 1590 specie
1470 1554 1621 1582 sanctitatis
1652 1562 1668 1582 a
1698 1555 1834 1583 virtutum

990 1599 1110 1628 culmine
1131 1602 1242 1628 revocat
1262 1603 1289 1628 et
1309 1600 1422 1628 inclinat
1442 1600 1476 1628 ad
1498 1601 1560 1629 ima.

853 1732 1013 1762 emm-mn
1042 1733 1072 1761 V.

183 1855 330 1884 Secundae
351 1855 547 1892 responsionis
567 1855 696 1883 secanda.
716 1854 866 1892 particula
888 1855 1076 1893 quintamque
1097 1855 1273 1892 capitulam,
1297 1856 1326 1884 in
1348 1864 1403 1894 qao
1424 1855 1614 1885 abstinenciae
1635 1857 1702 1885 [aas
1722 1862 1747 1886 ct

405 1904 543 1943 perfectio
565 1905 749 1940 declaratur,
771 1908 796 1934 et
816 1905 943 1934 eiusdem
963 1906 1146 1943 impugnatio
1168 1906 1352 1935 calumniosa
1376 1905 1525 1943 refellitur.

174 2029 195 2056 l.
217 2028 391 2065 Quamquam
413 2030 520 2056 certum
536 2027 571 2056 sit
591 2027 720 2056 omnibus
735 2028 762 2056 in
784 2027 934 2056 christiano

0 2083 68 2112 putas
90 2075 248 2105 exercitatis
275 2082 377 2112 agone,
398 2074 578 2104 abstinentiae
600 2077 709 2103 sanctae
729 2074 850 2112 rigorem
872 2082 934 2111 per-

0 2109 77 2150 Ξῖιζῗθ
89 2122 276 2152 necessarium
297 2130 357 2151 esse
377 2122 421 2151 his
435 2121 483 2159 qui
505 2121 699 2159 perfectionem
720 2121 832 2158 adipisci
847 2125 874 2150 et
888 2121 934 2150 de-

0 2154 61 2174 nuda

63 2167 198 2199 'fensare
225 2171 376 2203 conantum
408 2169 474 2206 quia
502 2171 592 2197 tamen
620 2176 706 2197 novae
734 2168 934 2197 adinventionis

89 2216 189 2253 dogma
202 2223 366 2253 perversum
380 2215 624 2244 subintroductum
646 2217 687 2244 est
705 2214 739 2243 ad
760 2214 933 2252 probandum

89 2262 275 2297 contrarium,
303 2262 460 2291 roboranda
488 2265 529 2291 est
556 2261 715 2291 huiusmodi
743 2261 846 2290 veritas
878 2263 933 2289 tam

90 2317 140 2347 per
160 2309 290 2346 exempla
317 2317 400 2346 quam
429 2316 478 2346 per
503 2308 675 2337 clocmnenta
697 2309 869 2337 Sanctorum.
897 2324 933 2328 —

0 2369 71 2406 nofe:
92 2357 123 2385 Et
143 2356 264 2393 primum
286 2355 397 2393 quidem
415 2355 586 2392 evangelicae
606 2355 781 2392 perfectionis
803 2355 934 2383 Praecur-

0 2391 75 2441 ζιῗέιιῗίιι
91 2411 137 2433 sor
158 2403 311 2432 adducatur
331 2403 359 2431 in
384 2402 522 2436 medium,
544 2402 592 2439 qui
607 2405 720 2438 propter
741 2401 933 2430 abstinentiam

40 2438 76 2457 ¹³²*
91 2450 255 2479 eminentem
278 2458 404 2487 magmas
426 2449 600 2486 praedicatur
621 2448 743 2485 angelica
763 2456 843 2482 voce,
865 2448 936 2477 sicut

154 2610 162 2623 ¹
180 2610 235 2633 Cod.
253 2611 271 2633 G
289 2611 383 2640 quando
401 2610 545 2633 ludaeorum
562 2609 639 2633 maim·
657 2610 783 2633 mullitudo
800 2610 831 2632 ml
847 2610 934 2640 sescum

91 2650 239 2673 com-onerat.
257 2649 351 2672 lusci-ius
369 2652 419 2677 post
438 2654 484 2672 non
501 2649 616 2678 sufferunt
628 2649 643 2670 B
656 2649 720 2671 addit
732 2648 755 2671 in
769 2650 885 2678 quuntam
896 2655 934 2678 po-

92 2690 195 2712 tueruut.
756 2687 765 2700 ²
786 2688 834 2710 Vnt.
853 2687 932 2717 iyi'lur.

154 2727 163 2740 ³
181 2729 253 2755 Supra
271 2734 293 2749 n.
311 2728 333 2750 5.
350 2733 415 2756 seqq.
432 2730 453 2749 et
470 2733 489 2749 c.
512 2727 529 2749 Ι.
551 2733 573 2748 n.
592 2727 613 2748 6.
631 2733 695 2755 seqq.
713 2739 743 2742 —
761 2726 871 2754 Superius
892 2733 934 2754 pro

92 2766 199 2790 Christus
216 2766 277 2796 [ussit
294 2767 316 2789 rt
331 2766 413 2795 suqere
429 2765 507 2789 docuit
523 2766 541 2787 G
560 2765 667 2789 Christus
679 2765 768 2794 fauisse
783 2765 901 2788 invenimi-
913 2767 934 2788 el

92 2805 170 2829 docuit
187 2804 221 2827 sic
236 2805 325 2834 suffere.

154 2842 163 2855 ‘¹
181 2843 238 2866 Edd.
255 2844 343 2866 addunt
360 2845 471 2871 mortem,
489 2843 551 2872 quod
571 2842 639 2866 ABG
651 2843 667 2865 D
685 2843 801 2865 omittunt.

155 2881 164 2894 ⁵
181 2881 250 2904 llebr.
271 2883 308 2909 12,
329 2883 347 2904 1.
364 2881 409 2905 Cfr.
426 2888 495 2910 supra
514 2889 534 2904 n.
557 2883 573 2904 l.

155 2920 164 2933 Β
181 2921 248 2943 Num.
267 2920 287 2943 4.
304 2924 326 2942 et
343 2922 363 2942 6.
381 2921 404 2943 7.

156 2959 164 2972 ⁷
181 2960 236 2988 Cap.
258 2960 275 2987 l,
297 2960 330 2981 15.
347 2971 378 2975 -
394 2960 472 2982 Glossa
490 2964 524 2982 est
541 2960 664 2982 ordinaria
683 2964 704 2982 ct
723 2963 798 2982 sumta
816 2966 841 2982 ex
859 2960 933 2986 Beda,

95 2999 114 3022 in
132 2999 232 3022 eundem
250 2999 338 3021 locum:
356 2998 437 3022 Sicera
455 2998 616 3027 interpretatur
627 2998 738 3026 ebrictas;
756 3005 802 3027 quo
820 2998 933 3021 vocabulo

186 3046 308 3070 S.Bonac.
326 3058 356 3062 —-
374 3046 440 3068 Toni.
453 3046 509 3068 viu.

992 2027 1076 2056 refert
1097 2028 1183 2056 Lucas
1195 2028 1214 2062 ⁷,
1236 2028 1367 2065 Angelum
1389 2028 1493 2058 dixisse
1513 2029 1546 2058 ad
1568 2029 1747 2058 Zachariam:
1772 2030 1835 2059 Eril

991 2075 1067 2103 enim
1087 2083 1215 2112 magynzis
1243 2083 1343 2103 coram
1372 2075 1511 2110 Domino,
1533 2076 1634 2104 vinam
1663 2080 1687 2104 et
1708 2077 1835 2106 siceram

990 2130 1048 2150 non
1069 2121 1156 2155 biben-
1178 2121 1225 2150 ubi
1250 2121 1358 2150 Glossa:
1379 2133 1393 2147 «κ
1408 2122 1500 2151 Sicera
1521 2122 1721 2159 interpretatur
1747 2124 1835 2153 ebrie-

992 2172 1047 2203 tas,
1076 2177 1131 2205 quo
1152 2168 1262 2197 nomine
1290 2168 1415 2206 signatur
1443 2177 1525 2198 omne
1553 2170 1683 2206 poculum
1705 2170 1739 2199 de
1767 2179 1834 2208 qua-

991 2222 1110 2252 cumque
1131 2214 1245 2243 materia
1266 2214 1385 2249 factum,
1408 2215 1482 2252 quod
1502 2215 1640 2245 inebriare
1661 2217 1754 2253 possit.
1784 2217 1835 2246 De-

991 2263 1034 2290 cet
1054 2269 1188 2298 namque,
1210 2269 1258 2290 vas
1279 2261 1387 2290 caelesti
1409 2262 1513 2299 gratiae
1532 2263 1717 2299 mancipatum
1739 2271 1755 2291 a
1777 2271 1835 2292 sae-

991 2308 1045 2337 culi
1067 2308 1203 2337 illecebris
1223 2309 1402 2338 abstinere».
1425 2309 1478 2338 Hoc
1500 2309 1589 2346 ipsum
1609 2318 1662 2338 vtis
1676 2310 1833 2345 electionis,

991 2355 1134 2392 Apostolus
1164 2355 1192 2384 in
1224 2363 1253 2384 se
1283 2355 1341 2392 ipso
1373 2356 1561 2390 commendat,
1593 2356 1627 2384 ad
1657 2356 1835 2385 Corinthios8

991 2402 1129 2430 scribens:
1160 2402 1275 2439 Castiyo
1303 2410 1411 2439 corpas
1439 2411 1534 2430 meam
1562 2406 1587 2430 et
1611 2402 1641 2430 in
1668 2403 1834 2431 seruitutem

991 2448 1104 2485 resliyo,
1135 2457 1170 2477 ue
1197 2448 1285 2486 forte,
1311 2457 1377 2477 cam
1405 2448 1473 2477 aliis
1497 2449 1747 2486 praedicaverim,
1776 2449 1835 2486 ipse

990 2611 1087 2633 Hebraei
1105 2617 1173 2633 omne
1185 2611 1247 2639 suntid
1266 2609 1378 2632 inebriare
1392 2613 1465 2637 potest
1483 2610 1630 2637 poculentum
1645 2609 1695 2631 sive
1712 2609 1741 2631 ‹le
1759 2610 1833 2637 potuis

991 2649 1039 2671 sive
1057 2650 1085 2671 ile
1104 2649 1208 2676 frugibus
1226 2655 1265 2671 seu
1284 2649 1312 2671 de
1330 2648 1430 2677 ruialibet
1448 2648 1490 2670 alia
1508 2648 1601 2670 materia
1625 2649 1753 2670 consectum
1766 2648 1833 2675 signi-

991 2689 1082 2710 ficant...
1099 2689 1165 2710 Decet
1183 2688 1257 2715 enim,
1275 2694 1316 2709 ras
1332 2688 1421 2709 caelesti
1441 2687 1526 2715 gratiae
1544 2687 1698 2714 inani-ipatuni
1717 2694 1729 2708 u
1750 2687 1833 2709 saeculi

991 2727 1101 2749 illecebris
1114 2727 1219 2753 vestigari
1232 2730 1274 2748 etc.
1292 2726 1336 2749 Csr.
1349 2726 1477 2751 Forcellini,
1495 2726 1621 2747 secuudum
1639 2731 1708 2754 quem
1720 2725 1832 2754 [amulum.

990 2766 1103 2794 significat
1119 2766 1186 2787 etiam
1205 2766 1278 2793 ipsunt
1301 2765 1425 2792 polionem.
1444 2765 1547 2791 Hierum,
1571 2764 1639 2792 Epist.
1663 2765 1699 2786 52.
1718 2765 1782 2793 (alias
1800 2765 1831 2793 2.)

991 2811 1011 2827 n.
1034 2806 1072 2826 ll:
1091 2805 1167 2826 Sicera
1185 2804 1289 2826 Helu-aco
1307 2810 1414 2825 sermone
1430 2804 1505 2825 omnis
1520 2803 1583 2832 potio
1601 2807 1759 2831 nuncupatur,
1771 2810 1831 2832 quae

991 2843 1103 2866 inebriare
1120 2846 1205 2871 potest,
1222 2843 1271 2864 sive
1288 2843 1322 2864 illa
1338 2849 1397 2871 quae
1416 2844 1528 2864 Frumento
1540 2843 1670 2870 conficitur,
1688 2843 1738 2865 sive
1756 2849 1832 2870 pruno-

991 2888 1042 2904 rum
1061 2888 1129 2904 succo
1146 2886 1188 2904 etc.
1206 2881 1250 2904 Cfr.
1272 2882 1295 2904 ΙΙ,
1312 2881 1440 2903 Continent.
1458 2882 1480 2904 in
1508 2882 1556 2904 lsai.
1579 2882 1604 2908 5,
1631 2883 1664 2903 ll.
1687 2888 1734 2910 seq.
1758 2885 1779 2904 ct
1804 2882 1833 2904 de

991 2921 1106 2944 Nominib.
1123 2921 1227 2943 llcbrnir.
1245 2927 1271 2943 cx
1289 2922 1359 2943 Luca:
1379 2920 1471 2947 Sicera,
1489 2921 1587 2943 ebrietas
1604 2925 1645 2943 etc.

1053 2959 1062 2972 Β
1081 2961 1149 2988 Epist.
1167 2961 1181 2982 Ι.
1199 2966 1218 2982 c.
1240 2960 1265 2987 9,
1283 2960 1325 2986 Q7;
1342 2959 1399 2982 ibid.
1417 2967 1438 2981 v.
1455 2960 1490 2982 25.
1510 2960 1834 2988 habeturse11.1o‹:us.Supe-

991 3000 1038 3022 rius
1055 2999 1176 3028 respicitur
1194 3000 1241 3022 Aet.
1259 3000 1285 3027 ἕ),
1307 3000 1345 3022 15;
1368 2999 1413 3022 Vns
1430 2998 1546 3022 flectionis
1564 3003 1597 3022 cst
1615 3000 1668 3022 mihi
1688 3000 1736 3022 istc.

1712 3048 1739 3069 33

1855 912 1968 931 Notandum.

1852 2315 1912 2333 Pauli.
