2133 3317
729 480 1299 553 PROLEGOMENA

584 673 667 720 IN
712 672 1100 720 OOTAVUM
1146 672 1447 721 TOMUM.

205 1116 226 1137 ln
244 1114 383 1137 edit10nibus
400 1114 509 1137 Omnium
527 1114 628 1142 Operum
647 1114 669 1136 S.
687 1114 863 1136 Bonaventurae
875 1113 984 1136 Vaticana

141 1167 239 1190 eamque
256 1160 407 1190 sequentibus
424 1161 494 1183 multa
511 1161 660 1184 inveniuntur
677 1161 787 1189 opuscula
803 1160 899 1188 mystica
916 1163 938 1183 et
955 1160 985 1183 ad

141 1214 178 1231 res
194 1207 285 1231 Ordinis
301 1207 372 1230 nostri
390 1207 528 1235 spectantia,
548 1213 609 1236 quae
635 1208 671 1230 vel
697 1210 758 1230 certe
782 1210 836 1230 sunt
859 1207 985 1235 suppositi-

141 1254 184 1282 tia,
199 1254 234 1277 vel
251 1254 330 1277 saltem
348 1253 427 1276 dubia.
444 1253 509 1276 Unde
525 1253 639 1276 incumbit
664 1253 732 1282 nobis
757 1253 786 1276 de
811 1256 843 1276 tot
868 1253 985 1281 opusculis

141 1301 298 1331 quaestionem
321 1301 452 1328 instituere,
474 1304 552 1323 utrum
569 1301 670 1328 legitima
687 1300 743 1327 sint,
760 1306 803 1322 nec
822 1307 858 1323 ne.
875 1300 942 1329 Quod
960 1303 985 1322 ut

140 1349 244 1371 ordinate
261 1347 384 1376 procedat,
406 1348 429 1370 in
454 1348 554 1376 capitulo
576 1347 651 1375 primo
676 1348 798 1376 loquemur
824 1347 853 1369 de
878 1347 985 1375 genuinis

141 1395 264 1424 operibus,
281 1401 342 1424 quae
357 1395 386 1418 ad
404 1395 543 1423 theologiam
561 1395 682 1423 mysticam
695 1395 771 1423 magis
782 1395 908 1423 generatim
922 1401 985 1417 sum-

141 1445 187 1465 tam
204 1445 319 1471 spectant:
337 1443 359 1465 in
376 1442 492 1469 secundo,
509 1442 539 1465 de
556 1442 583 1465 iis
600 1448 661 1471 quae
678 1442 707 1465 ad
724 1448 761 1465 res
778 1442 869 1465 Ordinis
886 1448 983 1471 quoquo

142 1489 212 1512 modo
229 1490 355 1518 pertinent;
373 1490 396 1512 in
413 1489 479 1512 tertio
497 1495 594 1518 agemus
611 1489 641 1512 de
658 1489 735 1512 dubiis
752 1493 774 1512 et
785 1489 870 1517 spuriis
884 1489 913 1512 ad
927 1490 985 1512 hanc

141 1536 257 1565 duplIcem
275 1536 370 1559 classem
387 1535 563 1564 pertinentibus.

517 1630 578 1653 CAP.
596 1631 611 1652 l.

167 1722 204 1752 De
225 1721 354 1761 genuinis
375 1721 500 1761 operibus
521 1721 711 1761 spectantibus
732 1722 769 1752 ad
789 1721 958 1761 theologiam

199 1768 346 1808 mysticam
366 1769 422 1799 sive
442 1769 589 1799 asceticam
611 1769 769 1807 generatim
790 1768 922 1799 sumtam.

204 1864 217 1891 23
229 1864 247 1885 l.
257 1862 391 1893 Opuscnlum
400 1862 417 1886 Ι.
428 1863 477 1886 sive
486 1862 512 1885 de
522 1862 619 1892 Triplici
627 1862 679 1893 Via,
688 1863 743 1885 alias
754 1862 883 1886 Incendium
894 1862 984 1886 amoris.

203 1916 224 1933 a.
240 1909 365 1933 Casimirus
377 1910 481 1932 Oudinus
493 1909 632 1938 (Comment.
643 1910 673 1932 de
685 1909 841 1938 Scriptoribus
852 1910 985 1938 ecclesiast„

141 1961 195 1980 tom.
212 1958 245 1980 lll.
261 1958 303 1980 col.
322 1957 379 1984 422,
396 1957 432 1980 ed.
450 1957 540 1985 Lipsiae
556 1957 627 1986 1722)
639 1963 710 1980 ausus
721 1960 755 1980 est
766 1958 809 1980 hoe
821 1957 985 1985 praestantissi-

140 2010 216 2032 mum,
228 2004 250 2026 in
266 2010 357 2027 summa
375 2003 488 2026 brevitate
500 2004 626 2026 maximum
639 2010 699 2032 opus
711 2004 770 2026 inter
782 2004 860 2032 spuria
873 2004 985 2032 relegare.

139 2051 205 2074 Ratio
224 2051 329 2074 eiusdem
349 2051 426 2074 nititur
443 2051 466 2073 in
483 2058 522 2078 eo,
538 2051 602 2080 quod
621 2051 731 2079 prologus
747 2051 794 2079 ille,
811 2051 851 2080 qui
869 2051 985 2073 invenitur

140 2098 162 2121 in
178 2097 319 2121 editionibus
336 2098 446 2126 (exceptis
463 2097 536 2120 tribus
553 2097 735 2126 antiquioribus,
751 2098 807 2120 infra
831 2097 944 2126 notandis)
963 2100 985 2120 et

139 2145 220 2173 incipit
241 2144 364 2174 Eviqz'luns
387 2150 441 2168 vero
464 2144 528 2173 (vide
544 2144 732 2178 Additamentum
751 2145 766 2167 1.
783 2145 840 2167 infra
860 2150 914 2173 pag.
934 2145 984 2174 18),

140 2192 260 2214 manifeste
277 2192 306 2215 sit
317 2192 406 2214 alienus
423 2198 435 2214 a
452 2192 503 2214 stilo
520 2194 542 2214 et
559 2191 636 2214 indole
653 2192 676 2214 S.
693 2192 808 2220 Doctoris;
826 2196 847 2214 et
864 2198 917 2214 cum
934 2198 985 2220 pro-

140 2239 207 2267 logus
229 2239 270 2262 iste
292 2239 320 2261 sit
341 2239 512 2267 supposititius,
534 2239 639 2261 Oudinus
661 2245 784 2267 perperam
806 2239 885 2266 infert,
911 2241 983 2262 totum

141 2286 292 2315 opusculum,
309 2286 372 2315 quod
389 2288 451 2309 certe
468 2286 639 2309 evidentissima
651 2286 716 2314 signa
729 2286 875 2314 genuinitatis
891 2292 948 2314 prae
959 2292 984 2309 se

142 2334 195 2359 sert,
212 2339 262 2355 esse
279 2333 393 2361 spurium.
409 2333 433 2355 Ρ.
449 2333 534 2355 Bonelli
551 2332 703 2361 (Prodromus
720 2336 763 2356 etc.
780 2333 821 2355 col.
841 2333 884 2356 453
907 2334 982 2362 seqq.)

139 2380 212 2403 inutili
229 2379 309 2402 labore
325 2382 421 2402 conatur
437 2380 505 2402 etiam
524 2380 592 2403 istum
610 2381 734 2408 prologum
747 2381 922 2403 Bonaventurae
934 2381 984 2402 vin-

140 2427 229 2455 dicare,
246 2430 268 2449 et
285 2427 309 2449 Ρ.
326 2426 432 2450 Sbaralea
453 2427 621 2455 (Supplement.
639 2427 666 2450 ad
686 2427 814 2455 Scriptores
830 2427 922 2450 Ordinis
944 2427 983 2449 lili-

139 2479 237 2501 norum,
254 2479 308 2502 pag.
327 2473 381 2502 152)
398 2473 518 2502 opinatur:
540 2482 550 2494 α
563 2474 595 2496 De
612 2474 710 2502 prologo
726 2480 772 2496 non
792 2474 847 2496 satis
859 2474 941 2502 liquet,
954 2480 983 2495 an

139 2526 235 2547 verum,
252 2520 288 2542 vel
306 2520 436 2543 addititIum
453 2520 482 2543 sit
493 2529 515 2542 n.
533 2520 578 2543 Sed
595 2520 652 2543 ratio
677 2526 771 2543 causam
797 2520 891 2543 omniuo
913 2520 984 2542 confi-

139 2567 202 2590 ciens
218 2570 252 2589 est
268 2567 390 2590 auctoritas
406 2567 512 2589 codicum
535 2567 689 2595 plurimorum
712 2570 734 2590 et
759 2567 983 2595 probatissimorum.

140 2613 196 2635 Nam
214 2615 305 2641 praeter
321 2616 367 2636 tres
382 2616 523 2636 memoratas
538 2614 592 2636 edd.
610 2614 668 2636 inter
686 2615 732 2636 sere
749 2615 863 2637 trecentos
874 2620 934 2643 quos
946 2620 984 2636 no-

140 2659 240 2682 tavimus
257 2659 337 2687 codd,
354 2666 455 2688 quorum
472 2661 538 2683 multi
555 2660 690 2689 antiquitate
707 2661 820 2688 eminent,
837 2663 883 2683 tres
899 2661 983 2683 solum·

141 2705 210 2728 modo
227 2705 342 2734 sequioris
358 2707 438 2729 aetatis
455 2706 517 2734 (sunt
533 2707 595 2729 euim
613 2707 696 2729 saeculi
710 2707 761 2729 XV.
773 2707 877 2730 exeuntis
888 2711 910 2730 et
921 2713 981 2730 saec.

140 2752 209 2779 XVl.)
227 2752 382 2780 inveniuntur,
399 2753 439 2781 qui
464 2752 550 2775 habent
575 2757 665 2781 praeter
692 2754 819 2781 genuinum
846 2754 983 2782 prologum:

141 2799 210 2827 Ecce,
228 2798 343 2828 descripsi
359 2802 413 2827 ete,
431 2799 498 2821 etiam
516 2799 612 2822 alterum
630 2803 792 2822 memoratum.
815 2801 910 2828 insuper
929 2806 982 2823 cum

140 2845 231 2868 Oudino
249 2851 382 2873 censemus,
400 2847 528 2874 praeratum
546 2847 668 2874 prologum
687 2853 698 2868 a
717 2848 738 2869 S.
757 2847 931 2869 Bonaventurae
954 2847 983 2869 in-

141 2892 193 2915 dole
209 2896 232 2915 et
248 2892 299 2914 stilo
315 2898 366 2915 esse
382 2893 494 2921 alienum,
511 2893 626 2922 quidquid
643 2893 725 2916 dixerit
741 2894 834 2916 Bonelli.
852 2895 875 2916 ln
893 2894 944 2916 Vat.
961 2897 983 2916 et

140 2939 190 2961 aliis
206 2939 259 2961 edd.
277 2939 391 2967 genuinus
402 2939 437 2961 ille
449 2939 559 2967 prologus
572 2945 692 2967 perperam
705 2940 801 2963 trahitur
812 2940 841 2963 ad
853 2946 903 2969 cap.
917 2941 932 2968 l,
943 2941 983 2969 qui

234 3018 262 3041 S.
273 3018 405 3041 Bonna-
419 3018 557 3041 Tom.Vtu,

1041 1113 1060 1136 si
1076 1115 1138 1136 recte
1155 1113 1244 1141 positus
1261 1114 1340 1136 suisset
1365 1118 1416 1136 ante
1442 1115 1485 1137 hoe
1502 1115 1641 1143 capitulum,
1660 1115 1747 1138 facilius
1767 1121 1831 1138 error
1848 1116 1888 1138 du-

1041 1160 1107 1188 plicis
1124 1160 1213 1188 prologi
1230 1161 1368 1189 perspicuus
1385 1161 1471 1184 suisset.
1488 1174 1519 1178 —
1537 1162 1623 1184 Eadem
1634 1163 1768 1184 auctoritate
1780 1163 1886 1185 codicum

1041 1205 1180 1234 reprobatur
1197 1207 1265 1229 etiam
1282 1207 1407 1235 singularis
1424 1214 1488 1230 error
1505 1208 1635 1235 Possevini,
1653 1209 1692 1237 qui
1711 1209 1733 1230 in
1751 1215 1793 1231 suo
1811 1210 1886 1238 Appa-

1041 1254 1098 1276 ratu
1114 1259 1184 1276 sacro
1201 1254 1268 1282 (tom.
1285 1255 1299 1277 1.
1317 1254 1339 1276 in
1357 1254 1503 1283 appendice,
1521 1261 1575 1283 pag.
1588 1255 1633 1278 635
1645 1255 1683 1278 ed.
1695 1255 1795 1278 Venetiis
1811 1256 1886 1285 1606.)

1042 1300 1145 1329 scripsit:
1165 1309 1175 1320 α
1188 1301 1348 1324 Bonaventura
1366 1302 1502 1329 Patavinus,
1527 1302 1582 1324 Ord.
1608 1303 1712 1325 Fratrum
1736 1303 1887 1326 Eremitarum

1042 1348 1064 1370 S.
1081 1348 1202 1376 Augustini
1220 1348 1334 1376 scripsit...
1354 1348 1498 1371 Ternarium
1515 1355 1555 1371 seu
1572 1349 1683 1372 Primum
1696 1349 1804 1377 (parvum
1811 1350 1830 1377 i)
1847 1349 1887 1373 Bo-

1041 1400 1112 1422 num,
1130 1394 1157 1417 de
1173 1394 1289 1424 reyimine
1305 1394 1460 1418 conscientiae
1477 1401 1503 1418 ac
1520 1395 1749 1425 Breviloquz‘umm),
1761 1403 1808 1425 quo
1820 1402 1887 1419 accu-

1041 1444 1089 1464 rate
1106 1448 1132 1464 ac
1150 1442 1278 1470 theologice
1295 1442 1400 1470 procedit
1411 1448 1424 1464 a
1436 1442 1511 1470 prima
1523 1448 1592 1465 causa
1605 1443 1634 1465 ad
1646 1449 1700 1465 suos
1712 1444 1816 1470 effectus,
1829 1443 1887 1465 sicut

1042 1494 1055 1510 e
1071 1489 1186 1512 contrario
1203 1489 1361 1518 philosophica
1378 1489 1487 1512 deductio
1505 1490 1653 1518 progreditur
1671 1489 1700 1512 ab
1723 1490 1840 1513 effectibus
1857 1491 1885 1513 ad

1042 1536 1115 1559 Deum
1134 1536 1315 1559 benedictum».
1333 1537 1386 1559 Mira
1404 1543 1459 1559 saue
1481 1537 1505 1559 in
1530 1540 1576 1559 tam
1599 1537 1667 1560 docto
1690 1538 1740 1560 viro
1766 1540 1886 1560 auctorum

1041 1586 1064 1605 et
1080 1583 1253 1606 notissimorum
1270 1584 1436 1612 opusculorum
1454 1585 1573 1607 confusio!

1105 1631 1127 1653 b.
1144 1631 1202 1654 Cum
1220 1631 1366 1659 supposititio
1384 1631 1480 1659 prologo
1498 1631 1566 1653 etiam
1584 1632 1654 1653 salsus
1670 1631 1754 1654 titulus
1773 1631 1793 1654 iu
1808 1631 1885 1654 editio-

1042 1684 1083 1701 nes
1100 1678 1201 1706 irrepsit,
1220 1684 1272 1700 cum
1291 1678 1313 1700 in
1330 1678 1376 1700 fine
1392 1678 1465 1706 spurii
1483 1679 1572 1706 prologi
1585 1678 1687 1701 dicatur:
1702 1678 1787 1700 «istius
1799 1678 1849 1701 libri
1863 1678 1887 1700 ti-

1042 1725 1102 1748 tulus
1119 1728 1153 1747 est
1165 1724 1302 1748 Incendium
1313 1724 1404 1748 umoris
1413 1734 1438 1753 12‚-
1450 1731 1520 1754 quam
1533 1725 1704 1753 inscriptionem
1717 1725 1804 1754 antiqui
1817 1725 1885 1748 codd.

1041 1772 1161 1800 ignorant,
1178 1772 1229 1794 licet
1242 1771 1284 1800 ipsi
1299 1761 1357 1794 miro
1370 1772 1440 1794 modo
1451 1772 1586 1794 dissentiant
1597 1772 1619 1794 iu
1631 1772 1776 1800 assignandis
1788 1772 1886 1794 diversis

1042 1819 1124 1846 titulis,
1141 1822 1166 1842 ut
1182 1819 1263 1841 videre
1278 1819 1329 1842 licet
1346 1819 1369 1841 in
1386 1819 1535 1848 subsequenti
1549 1819 1642 1842 elencho
1659 1819 1776 1842 codicum.
1787 1819 1885 1842 Libellus

1042 1865 1102 1888 enim
1119 1865 1252 1888 inscribitur
1270 1865 1339 1888 modo
1358 1865 1463 1888 Paruum
1481 1865 1581 1893 bonum,
1595 1866 1664 1888 modo
1677 1865 1831 1889 llinerarium
1843 1866 1886 1895 (lti-

1042 1913 1156 1941 nerarius)
1173 1912 1257 1936 mentzls·
1274 1912 1297 1935 iu
1315 1919 1340 1935 se
1351 1912 1442 1942 ipsum,
1455 1913 1525 1935 modo
1538 1913 1601 1936 Fons
1614 1912 1674 1936 vitae
1686 1912 1725 1941 (ab
1739 1913 1824 1935 ultimis
1836 1919 1885 1935 ver-

1042 1959 1077 1982 bis
1094 1965 1145 1987 cap.
1162 1959 1199 1981 lll:
1221 1967 1231 1979 α
1243 1959 1297 1981 Nota
1316 1958 1445 1986 diligenter,
1462 1959 1572 1987 quoniam
1585 1959 1606 1981 iu
1619 1959 1661 1981 illis
1673 1962 1707 1981 est
1718 1959 1771 1988 sons
1785 1959 1844 1982 ultae
1853 1960 1885 1988 ιι),

1042 2005 1113 2028 modo
1130 2004 1240 2035 Reyimen
1256 2004 1422 2033 conscientiae,
1440 2005 1511 2027 modo
1529 2004 1673 2028 lnccntivum
1691 2005 1794 2033 amoris,
1815 2005 1884 2027 modo

1041 2051 1141 2082 Mystico
1158 2051 1287 2081 theoloyia,
1300 2052 1370 2074 modo
1382 2051 1500 2076 stimulus
1512 2052 1680 2080 conscientiae,
1695 2053 1731 2074 vel
1748 2051 1839 2075 amoris
1852 2053 1886 2080 (ut

1041 2099 1098 2122 alius
1110 2098 1197 2122 libellus
1210 2100 1265 2121 salso
1278 2100 1453 2122 Bonaventurae
1471 2099 1587 2128 tributus),
1605 2100 1674 2122 modo
1694 2099 1819 2122 Trium-ius
1836 2099 1885 2122 sive

1044 2145 1175 2168 Tei-narius
1186 2144 1214 2168 cle
1226 2145 1273 2168 vita
1284 2145 1471 2175 contemplativa.
1491 2146 1581 2168 Praeter
1598 2146 1654 2168 alios
1671 2147 1794 2168 nonnullos
1809 2146 1885 2168 titulos

1041 2199 1115 2220 vagos
1131 2193 1153 2215 in
1172 2193 1249 2216 multis
1265 2193 1364 2222 antiquis
1380 2192 1499 2216 codicibus
1516 2193 1647 2216 inscribitur
1663 2194 1696 2216 De
1715 2193 1812 2223 Triplici
1831 2193 1883 2222 Via,

1041 2239 1090 2263 sive
1102 2239 1204 2263 Libellus
1216 2239 1243 2262 de
1255 2239 1343 2269 triplici
1360 2240 1404 2263 viu.
1423 2241 1484 2263 Hanc
1502 2241 1612 2268 sormam,
1631 2244 1710 2268 utpote
1728 2241 1759 2263 rei
1778 2244 1884 2263 tractatae

1041 2287 1116 2315 magis
1128 2288 1282 2315 conformem,
1295 2293 1350 2315 prae
1362 2287 1411 2309 aliis
1422 2287 1547 2315 elegimus,
1559 2288 1667 2316 quami-is
1678 2288 1708 2310 de
1724 2288 1841 2316 primitiva
1854 2288 1885 2310 in-

1041 2335 1165 2362 scriptione
1182 2334 1212 2356 ob
1225 2336 1312 2357 tantum
1326 2334 1431 2357 codicum
1446 2337 1467 2357 et
1479 2335 1575 2357 aliorum
1588 2335 1678 2357 testium
1691 2335 1820 2357 dissensum
1834 2341 1884 2357 con-

1041 2383 1101 2403 stare
1113 2387 1158 2403 non
1168 2381 1247 2409 possit,
1257 2381 1328 2403 immo
1338 2380 1434 2403 dubium
1447 2384 1571 2409 remaneat,
1581 2384 1656 2403 utrum
1670 2384 1749 2403 auctor
1761 2381 1883 2409 specialem

1041 2427 1130 2449 titulum
1142 2433 1185 2449 suo
1197 2427 1262 2455 operi
1280 2427 1415 2455 praefixerit.
1429 2440 1457 2443 —
1470 2428 1501 2450 De
1515 2427 1587 2456 ipsius
1604 2431 1679 2450 autem
1698 2428 1803 2455 opusculi
1814 2427 1884 2455 legiti-

1041 2473 1120 2496 mitate
1131 2474 1189 2496 nulla
1204 2473 1316 2497 dubitatio
1333 2474 1454 2502 insurgere
1467 2477 1541 2502 potest
1552 2477 1600 2497 tum
1619 2478 1713 2503 propter
1725 2474 1883 2497 auctoritatem

1040 2520 1147 2543 codicum
1165 2524 1187 2543 et
1204 2521 1300 2543 aliorum
1313 2521 1415 2549 testium,
1429 2524 1452 2543 ut
1464 2521 1631 2544 Chronicorum
1644 2521 1718 2543 xxw
1730 2521 1883 2547 Generalium,

1041 2568 1064 2590 S.
1075 2567 1189 2595 Antonini,
1202 2568 1261 2590 loan.
1273 2568 1392 2590 Trithemii
1405 2569 1560 2597 aliorumque,
1573 2568 1658 2597 quibus
1669 2568 1815 2591 subscribunt
1828 2568 1885 2591 Sha-

1040 2614 1108 2641 ralea,
1120 2614 1223 2637 Editores
1236 2615 1314 2637 Veneti
1327 2618 1349 2637 et
1361 2615 1452 2637 Bonelli.
1464 2615 1504 2637 llic
1517 2615 1646 2640 (Prodi-om.
1657 2615 1698 2637 loc.
1712 2615 1758 2643 cit.)
1770 2615 1884 2643 opinatur,

1041 2662 1084 2683 hoc
1095 2662 1233 2689 opusculum
1250 2661 1337 2684 editum
1355 2668 1405 2684 esse
1418 2664 1470 2690 post
1482 2662 1542 2684 aliud
1556 2662 1690 2690 inscriptum
1703 2662 1732 2684 de
1745 2661 1884 2685 Reductz'otw

1039 2707 1129 2731 artium
1147 2707 1179 2730 ad
1196 2708 1343 2737 tlteoloqz'am.
1355 2709 1475 2731 Rationem
1488 2710 1531 2731 hoc
1543 2709 1657 2731 asserendi
1670 2709 1740 2731 sumit
1754 2715 1780 2732 ex
1793 2709 1883 2736 verbis,

1040 2754 1138 2783 quaein
1155 2754 1192 2777 cd.
1215 2754 1337 2782 Argentina
1359 2761 1396 2777 an.
1419 2755 1479 2778 4495
1501 2758 1523 2778 et
1543 2762 1609 2784 seqq.
1631 2755 1771 2778 editionibus
1793 2756 1815 2778 in
1839 2756 1883 2778 tlue

1040 2800 1133 2829 genuini
1145 2801 1234 2829 prologi
1246 2801 1353 2829 leguntur
1366 2801 1415 2829 (cfr.
1427 2802 1483 2824 infra
1495 2808 1550 2830 pag.
1559 2803 1581 2830 3,
1593 2805 1644 2824 uota
1658 2803 1671 2824 6
1684 2803 1706 2825 in
1719 2803 1785 2830 fine):
1800 2811 1811 2823 «ι
1821 2803 1883 2825 Sicut

1040 2851 1157 2870 ostensum
1175 2850 1208 2870 est
1225 2854 1294 2876 supra
1313 2848 1335 2870 in
1352 2851 1448 2871 tractatu
1465 2849 1495 2871 de
1512 2849 1655 2872 Reductione
1672 2849 1755 2871 artium
1773 2849 1802 2871 ad
1820 2850 1883 2871 theo-

1041 2895 1125 2923 logiam
1138 2903 1160 2917 υ.
1177 2896 1226 2923 lpse
1244 2895 1326 2918 Bonelli
1344 2896 1476 2923 confitetur,
1488 2895 1572 2919 verba:
1585 2895 1609 2919 in
1620 2897 1723 2920 tractatu
1737 2899 1779 2918 etc.
1792 2902 1837 2919 uon
1851 2895 1882 2918 in-

1039 2941 1116 2965 veniri
1131 2941 1154 2964 in
1171 2941 1310 2964 editionibus
1327 2942 1362 2965 illa
1380 2942 1518 2970 Argentinae
1533 2943 1646 2971 publicata
1660 2943 1824 2970 anterioribus,
1842 2943 1881 2965 scd
