2133 3317
284 216 374 245 LXXX

288 294 352 317 dedit
363 294 396 317 eis
407 293 556 322 sapientiam,
574 293 597 315 id
610 295 644 315 est
655 292 760 320 sapidam
778 291 897 314 scientiam
909 291 1020 318 caritatis,
1037 290 1131 319 quando

286 340 414 364 ascendens
431 340 456 363 in
473 340 562 368 altum,
581 339 699 369 captivam
716 338 786 362 duxit
807 338 977 368 captivitatem,
990 337 1053 361 dedit
1068 337 1132 361 dona

287 387 422 410 hominibus
440 387 506 415 (Eph.
525 386 551 414 4,
569 386 613 415 8.),
630 386 724 415 quando
742 386 827 408 scilicet
839 385 872 408 eis
885 385 994 413 Spiritum
1008 384 1132 413 sapientiae

287 434 361 461 dedit,
379 434 419 462 qui
436 439 476 456 eos
493 432 573 456 docuit
588 438 682 455 omnem
698 431 821 455 veritatem
834 431 904 460 (toan.
918 432 959 460 16,
973 432 1028 460 la).
1042 432 1068 453 Et
1079 431 1132 453 ideo

287 480 332 503 dixi
349 486 432 508 supra:
449 480 537 502 donum
555 479 682 507 sapientiae
699 479 801 507 primum
827 479 850 500 in
867 478 1030 501 descendendo
1046 480 1069 500 et
1085 477 1134 500 ulti-

286 534 352 551 mum
365 528 387 550 in
399 527 546 549 ascendendo
559 526 647 549 obtinet
658 526 742 554 locum,
754 526 808 554 quia
819 525 922 548 Christus
933 525 955 547 in
967 531 1009 548 suo
1021 525 1133 548 descensu

287 575 362 603 primo
382 580 423 597 nos
441 574 519 596 docuit
536 573 590 596 fidei
607 573 741 600 veritatem,
758 573 838 595 ultimo
855 573 878 594 in
895 579 937 595 suo
955 578 1051 594 ascensu
1068 572 1134 594 disci-

287 621 348 649 pulis
365 621 413 643 suis
430 620 511 643 infudit
528 621 653 648 perfectam
674 620 807 646 caritatem,
828 619 923 648 quando
945 619 1031 641 scilicet
1052 625 1133 641 eorum

288 667 377 691 dilectio
402 668 427 690 uc
448 672 514 690 mors
536 666 604 696 fortis
623 666 696 693 (Cant.
714 666 739 693 8,
757 666 791 695 6.)
811 667 866 688 facta
890 668 924 688 est
945 668 967 688 et
989 666 1041 694 plus
1062 671 1133 694 qnam

287 721 363 741 mors,
388 717 410 737 et
435 720 515 736 eorum
538 717 615 736 sancta
637 713 803 736 «aemulatio»
825 712 910 736 durior
927 719 1000 742 quam
1017 712 1134 742 infm'tzus.

289 763 313 784 Et
330 762 382 784 ideo
400 761 501 790 primum
528 764 550 783 et
575 761 681 783 ultimum
704 766 827 782 numerum
850 759 893 782 sibi
910 760 1038 788 specialiter
1056 766 1134 782 conse-

288 809 372 836 cravit,
390 809 447 831 dum
462 807 583 838 primitias
601 809 623 830 et
639 807 741 830 decimas
759 806 801 829 sibi
819 807 863 835 ipsi
880 807 1010 834 praeceptis
1021 806 1134 834 legalibus

289 855 404 878 dedicavit
422 855 473 883 (cfr.
490 855 561 877 Exod.
579 855 615 882 22,
633 855 671 877 29.
688 857 710 877 et
727 854 781 876 alibi
799 854 902 883 passim).
926 854 989 876 Sicut
1006 853 1066 876 enim
1085 853 1134 875 uni-

289 906 323 925 tas
339 905 373 925 est
390 901 531 930 principium
549 901 653 923 omnium
671 906 834 928 numerorum,
853 900 882 922 ita
904 900 1013 923 denarius
1035 903 1069 923 est
1091 900 1135 928 pri-

288 956 341 972 mus
358 949 423 972 limes
440 952 462 971 et
480 949 573 971 ultimus
590 954 701 970 numerus
718 948 740 970 in
766 948 843 976 primo
868 947 948 970 ordine
970 954 1133 976 numerorum,

289 996 342 1025 quia
360 996 383 1018 in
400 996 486 1018 unitate
503 995 557 1017 fidei
574 997 596 1017 et
613 995 752 1023 perfectione
769 995 873 1022 decalogi
885 995 960 1017 omnis
972 1001 1026 1017 vera
1045 995 1135 1023 sapien-

290 1043 318 1066 tia
338 1043 474 1066 declaratur.
492 1042 588 1070 Proprie
605 1042 666 1064 enim
684 1042 796 1069 sapientia
813 1042 895 1064 dicitur
917 1042 947 1064 de
970 1042 1067 1069 divinis,
1084 1042 1135 1070 qui-

289 1089 334 1112 bus
351 1090 410 1112 nulla
429 1089 512 1111 falsitas
530 1089 683 1117 admiscetur3
701 1090 723 1110 et
739 1088 843 1110 omnium
861 1088 995 1110 divinorum
1013 1087 1135 1110 charisma-

289 1139 352 1164 tum,
370 1136 429 1159 sicut
446 1136 503 1158 fides
521 1138 554 1158 est
571 1135 711 1163 principium
733 1137 756 1157 et
773 1134 962 1161 fundamentum,
981 1134 1009 1156 ita
1028 1140 1083 1157 vera
1101 1140 1135 1156 ca-

289 1183 344 1205 ritas
361 1185 395 1205 est
412 1182 463 1204 finis
481 1184 502 1204 et
519 1182 623 1204 omnium
641 1181 846 1209 complementum.
869 1181 895 1203 Et
918 1184 1012 1209 propter
1030 1182 1074 1203 hoc
1098 1181 1136 1203 be-

291 1236 320 1252 ne
338 1230 393 1252 dicit
416 1229 547 1257 Apostolus,
570 1228 634 1257 quod
658 1227 712 1258 finis
728 1228 848 1257 praecepti
863 1229 898 1251 est
914 1228 1010 1256 caritas,
1029 1231 1050 1250 et
1072 1228 1135 1257 quod

289 1275 410 1306 plenitudo
428 1275 485 1305 teqz's
511 1276 546 1298 est
568 1274 658 1298 dilectio
677 1274 701 1303 (1.
719 1275 779 1297 Tim.
806 1276 814 1296 l
827 1292 832 1301 ,
850 1275 872 1297 5.
890 1277 912 1296 et
928 1275 994 1297 Rom.
1021 1275 1058 1302 ¹¹3,
1077 1274 1136 1303 =10.)‚

291 1323 344 1352 quia
362 1329 470 1351 saporem
488 1322 591 1345 caelestis
609 1322 695 1350 gratiae
707 1324 728 1344 et
746 1322 825 1344 lumen
836 1327 906 1344 verae
918 1322 1026 1344 scientiae
1037 1322 1136 1349 comple-

290 1370 357 1392 ctitur
375 1373 396 1392 et
413 1369 545 1397 coniungit,
570 1371 594 1391 ut
611 1375 665 1391 vera
691 1368 816 1396 sapientia,
833 1368 857 1390 id
882 1371 916 1390 est
932 1368 1013 1396 sapida
1030 1368 1136 1395 scientia,

289 1417 334 1439 dici
352 1416 432 1445 possit.
449 1416 547 1438 Scientia
564 1422 620 1437 vcro
637 1415 767 1438 secundum
784 1416 879 1438 Sanctos
896 1415 990 1444 proprie
1007 1415 1090 1438 dicitur
1107 1416 1137 1438 de

290 1464 409 1490 humanis,
427 1464 463 1485 vel
481 1463 548 1485 etiam
567 1462 596 1485 de
621 1463 705 1485 divinis
730 1463 859 1485 secundum
877 1464 1002 1485 humanam
1024 1463 1136 1485 rationem

289 1511 404 1539 perceptis
422 1513 444 1532 et
464 1509 594 1538 acquisitis,
612 1512 633 1531 et
650 1509 798 1532 nihilominus
815 1510 909 1531 scientia
935 1509 992 1532 inter
1010 1509 1070 1532 dona
1089 1509 1137 1537 Spi-

289 1558 346 1580 ritus
364 1557 435 1580 sancti
454 1557 512 1580 sicut
529 1557 639 1585 sapientia
657 1557 822 1578 adnumeratur
840 1559 861 1578 et
884 1559 918 1578 est
935 1556 956 1578 in
974 1556 1137 1578 descendendo

290 1605 397 1634 quintum
415 1605 516 1631 donum,
534 1604 575 1627 sed
593 1604 613 1626 in
632 1603 779 1626 ascendendo
798 1603 889 1626 tertium
907 1606 1062 1631 computatur.
1080 1603 1137 1632 Quia

290 1652 351 1675 enim
370 1655 421 1674 ante
438 1652 565 1674 adventum
583 1650 665 1673 Christi
683 1651 811 1672 humanum
838 1656 912 1677 genus
936 1656 978 1678 per
996 1650 1137 1672 delectabilia

290 1699 378 1722 obiecta
397 1699 501 1727 quinque
517 1704 628 1720 sensuum
646 1697 800 1725 corporalium
818 1697 884 1725 quasi
903 1699 975 1719 totum
988 1698 1079 1719 carnale
1090 1700 1139 1719 erat

290 1747 409 1773 effectum,
431 1745 483 1767 ideo
511 1743 614 1767 Verbum
632 1743 685 1771 Dei,
702 1744 726 1766 id
754 1746 788 1766 est
804 1743 874 1766 Filius
892 1743 944 1771 Dei,
963 1743 1066 1766 Verbum
1085 1749 1138 1765 caro

290 1794 375 1816 factum
394 1795 438 1821 est,
457 1795 481 1814 ut
498 1792 527 1814 de
544 1790 674 1814 carnalibus
697 1791 830 1818 spirituales
853 1792 948 1818 faceret,
971 1794 995 1813 ut
1017 1790 1061 1818 sic,
1084 1791 1138 1820 quia

288 1840 350 1862 Deus
367 1839 461 1867 spiritus
478 1841 523 1866 est,
542 1844 583 1866 per
600 1838 703 1867 quinque
714 1844 823 1860 sensuum
837 1837 1021 1865 purificationem
1033 1837 1139 1860 homines

289 1886 420 1914 spirituales
437 1886 509 1908 effecti
536 1887 629 1913 possent
654 1885 677 1907 in
703 1885 743 1907 Dei
770 1884 829 1907 filios
846 1884 964 1913 adoptari,
983 1884 1037 1914 quia
1055 1884 1139 1907 talibus

288 1933 392 1957 Christus
409 1932 571 1956 descendendo
590 1938 630 1960 per
648 1932 722 1954 carnis
739 1932 905 1954 assumtionem
923 1931 984 1955 dedit
998 1933 1138 1961 potestatem

288 1980 350 2011 filios
368 1980 410 2003 Dei
425 1980 479 2010 fieri
495 1980 564 2008 (toan.
585 1980 605 2007 l,
623 1979 682 2007 la),
700 1985 712 2001 a
731 1985 799 2002 carne
812 1979 840 2002 ad
859 1979 966 2007 spiritum
984 1979 1138 2002 ascendendo.

289 2028 316 2050 Et
332 2027 384 2050 ideo
402 2027 462 2049 bene
479 2027 567 2049 (lictum
584 2028 631 2054 est,
648 2026 712 2054 quod
730 2026 818 2048 donum
836 2026 945 2048 scientiae
956 2026 978 2048 in
992 2025 1138 2048 ascendendo

290 2074 382 2096 tertium
400 2076 560 2101 computatur,
578 2073 631 2101 quia
650 2079 691 2100 per
709 2072 795 2095 donum
819 2072 927 2095 scientiae
950 2075 995 2095 tres
1012 2072 1073 2094 vire-s
1090 2072 1139 2094 ani-

291 2126 353 2147 mae,
371 2120 457 2143 scilicet
482 2119 621 2147 rationalis,
648 2118 836 2148 concupiscibilis
859 2121 881 2141 et
897 2118 1038 2146 irascibilis,
1058 2119 1138 2141 illumi-

289 2170 372 2190 nantur
390 2171 411 2189 et
430 2167 582 2194 adiuvantur,
600 2168 624 2188 ut
641 2165 767 2189 rationalis
793 2172 835 2193 per
861 2166 1017 2194 cognitionem
1036 2166 1138 2188 veritatis

290 2215 388 2237 declinet
416 2214 549 2240 falsitatem,
575 2212 764 2242 concupiscibilis
791 2219 831 2241 per
857 2213 1004 2235 dilectionem
1030 2212 1138 2235 bonitatis

290 2264 385 2289 respuat
401 2261 558 2290 iniquitatem,
576 2259 703 2283 irascibilis
729 2266 770 2288 per
787 2260 994 2288 apprehensionem
1013 2260 1138 2282 honestatis

290 2308 398 2331 vitiorum
418 2308 490 2336 fugiat
507 2307 630 2334 vilitate1n;
646 2309 668 2329 et
694 2307 723 2329 ita
749 2307 824 2329 anima
842 2312 883 2334 per
900 2312 986 2329 verum
1005 2305 1092 2329 bonum
1116 2309 1138 2329 et

290 2355 389 2378 arduum
408 2355 517 2377 ascendat
534 2354 563 2377 ad
581 2354 736 2382 cognitionem
750 2356 772 2376 et
783 2354 929 2376 dilectionem
941 2356 964 2376 et
976 2354 1138 2382 apprehensio-

289 2407 342 2423 nem
362 2400 508 2424 beatissimae
526 2401 655 2428 Trinitatis,
672 2401 762 2422 exclusa
788 2399 931 2428 ignorantia,
950 2399 1061 2427 genitrice
1078 2405 1138 2422 erro-

290 2448 321 2471 ris
338 2451 360 2470 et
378 2448 492 2476 falsitatis,
510 2448 619 2470 exst'mcta
636 2447 835 2475 concupiscentia,
853 2449 926 2469 matre
943 2446 1018 2469 omnis
1036 2446 1139 2475 iniquita-

290 2495 330 2523 tis,
349 2495 441 2523 expulsa
460 2494 607 2523 impotentia,
625 2497 720 2522 parente
737 2494 813 2516 omnis
831 2493 975 2516 infirmitatis.

354 2543 378 2564 Et
396 2542 450 2571 quia
468 2542 497 2565 de
514 2542 586 2564 sacris
603 2540 763 2569 Religionibus
789 2543 887 2563 tractare
911 2540 1065 2569 intendimus,
1083 2546 1138 2569 qua-

290 2596 342 2612 rum
365 2589 456 2618 aliquae
475 2595 516 2617 per
532 2589 602 2611 vitam
621 2588 824 2616 contemplativam
842 2588 902 2610 circa
921 2588 994 2610 Deum
1020 2590 1042 2610 et
1060 2587 1138 2610 divina

291 2637 384 2659 divinae
408 2636 508 2659 caritatis
533 2636 617 2658 ardore
641 2638 780 2662 versantur,
806 2635 897 2664 aliquae
922 2641 978 2657 vero
1004 2641 1045 2663 per
1066 2635 1137 2657 vitam

291 2684 389 2706 activam
416 2683 476 2706 circa
502 2684 615 2705 humanas
637 2683 784 2705 necessitates
800 2688 879 2705 amore
903 2681 986 2705 Christi
1003 2681 1086 2704 utiliter
1103 2687 1138 2704 oc-

291 2732 416 2758 cupantur;
435 2730 499 2758 ideo,
517 2732 542 2752 nt
559 2730 589 2752 de
613 2729 698 2752 divinis
721 2729 792 2757 digne
817 2729 880 2757 loqui
907 2729 1037 2756 possimus,
1060 2727 1138 2750 divina

290 2777 401 2805 sapientia
420 2777 564 2805 indigemus,
581 2780 603 2799 et
620 2776 725 2799 eiusdem
743 2776 837 2799 scientia
862 2776 929 2799 nobis
951 2776 1079 2799 necessaria
1097 2778 1138 2803 est,

290 2827 315 2846 ut
332 2824 362 2846 de
379 2824 487 2846 humanis
504 2824 533 2846 ad
550 2830 630 2846 veram
647 2824 783 2851 religionem
796 2823 966 2851 pertinentibus
977 2825 1074 2845 tractare
1086 2828 1137 2845 con-

291 2876 348 2898 grue
365 2871 492 2892 valeamus.
510 2871 647 2892 lnvocemus
658 2876 714 2898 ergo
727 2870 811 2892 devote
828 2870 926 2898 gratiam
945 2869 1043 2898 Spiritus
1060 2868 1138 2897 sancti,

291 2919 315 2939 ut
332 2922 373 2944 per
390 2916 528 2944 sapientiam
545 2919 615 2945 atque
631 2917 750 2939 scientiam
768 2919 813 2939 tam
827 2917 856 2939 de
868 2917 952 2939 divinis
969 2922 1039 2945 quam
1057 2916 1087 2938 de
1099 2916 1139 2938 hu-

290 2962 365 2985 manis
387 2962 504 2990 possimus
528 2963 648 2986 veritatem
674 2963 815 2986 salutiferam
838 2963 956 2986 declarare
982 2966 1004 2986 et
1028 2963 1138 2991 detegere

989 211 1231 241 PROLEGOMENA
1253 211 1281 240 C.
1303 212 1332 240 ll.

1188 290 1308 313 falsitatem
1325 290 1385 313 circa
1404 296 1430 312 ea
1447 290 1585 318 praecipue,
1608 295 1668 318 quae
1692 288 1805 317 pertinent
1821 289 1851 311 ad
1868 289 2032 316 perfectionem

1188 343 1258 359 verae
1275 337 1404 365 religionis,
1422 337 1451 359 de
1468 337 1534 359 cuius
1550 336 1648 359 veritate
1659 339 1681 358 et
1693 335 1823 363 integritate
1834 335 1862 357 ad
1876 341 1986 363 praesens
2003 336 2032 358 in-

1188 384 1280 412 quirere
1298 384 1451 412 proponimus
1473 386 1495 406 et
1516 386 1621 406 tractare.
1645 383 1740 411 Explicit
1761 383 1881 410 prologus
1897 395 1928 399 —
1945 381 2032 405 Tabula

1190 430 1264 453 fratris
1280 431 1457 453 Bonaventurae
1482 430 1511 452 de
1535 430 1676 452 institutione
1700 429 1848 452 novitiorum.
1875 429 1972 452 Versus:
1998 430 2033 452 Sis

1189 478 1275 506 iustus,
1292 478 1407 506 prudens,
1426 477 1500 504 fortis,
1519 477 1631 499 discretus
1648 480 1671 499 et
1687 483 1756 499 verax
1775 476 1803 505 (?)
1829 489 1859 492 —
1877 479 1899 498 et
1915 479 2032 505 constans,

1190 527 1304 553 moestus,
1322 524 1415 547 humilis
1437 527 1569 552 castusque,
1587 524 1706 546 modestus
1730 536 1761 540 —
1778 529 1858 550 orans,
1888 526 2033 550 mansuetus,

1190 571 1327 594 miserans...
1346 572 1418 593 laetus
1435 583 1465 587 —
1483 570 1607 599 quindenis
1624 569 1736 598 gradibus
1753 570 1788 592 his
1804 570 1896 592 culmen
1913 569 1968 592 caeli
1988 569 2034 592 adi.

1190 619 1223 640 De
1235 618 1310 640 officio
1328 617 1466 640 celebrando
1484 622 1535 644 cap.
1554 617 1573 638 sl.
1591 619 1645 643 etc.,
1657 616 1686 639 de
1705 618 1841 644 paupertate
1858 622 1910 644 cap.
1928 616 1965 638 46.
1982 616 2035 639 Pro-

1189 665 1269 693 logus:
1286 663 1441 687 Itenovamini
1457 663 1482 686 in
1498 662 1601 686 novitate
1618 669 1711 686 sensus.

1253 711 1266 739 S
1285 711 1321 733 [11.
1339 709 1473 740 Opuseulum
1489 709 1549 732 m.
1575 708 1678 739 Epistola
1701 708 1819 732 continens
1834 708 1922 738 viginti
1938 708 2034 739 quinque

1190 756 1338 780 Memoriana.

1253 811 1274 827 a.
1293 805 1326 827 De
1343 806 1386 827 hoc
1404 804 1529 832 opusculo,
1546 803 1611 832 quod
1628 803 1717 831 incipit:
1738 804 1781 826 «ln
1793 803 1882 826 Christo
1894 810 1937 826 suo
1954 804 2035 827 dilecto

1190 852 1262 874 Fratri
1279 852 1304 874 N.
1317 860 1339 878 ιι,
1356 851 1461 874 Oudinus
1479 851 1531 879 (loc.
1556 851 1594 873 cit.
1619 851 1662 872 col.
1681 850 1733 879 424)
1753 850 1853 878 ingenue
1871 852 1965 878 fatetur,
1985 859 1997 871 ιι
2008 856 2036 873 ex

1191 898 1340 926 inscriptione
1357 901 1379 920 et
1395 898 1494 920 dictione
1511 897 1589 925 operis
1611 900 1673 920 certo
1696 900 1801 925 spectare
1818 897 1848 920 ad
1865 897 1946 920 divum
1964 898 2035 920 Bona-

1191 947 1313 967 venturam
1327 953 1348 967 n.
1365 944 1418 968 Soli
1433 944 1533 967 editores
1550 944 1632 967 Veneti
1654 944 1704 966 ausi
1729 947 1790 971 sunt,
1807 944 1868 966 nulla
1885 944 1984 967 adducta
2001 950 2037 966 ra-

1191 992 1263 1019 tione,
1281 992 1335 1014 illud
1347 992 1441 1014 reiicere
1458 991 1488 1014 ad
1505 991 1596 1014 incerta-
1607 992 1629 1013 S.
1647 991 1823 1014 Bonaventurae
1834 991 1919 1019 scripta
1932 990 2036 1020 (Diatrib.

1191 1045 1245 1067 pag.
1263 1040 1292 1061 80
1310 1038 1376 1067 seq),
1394 1039 1423 1061 de
1440 1044 1487 1067 quo
1505 1044 1517 1060 a
1534 1038 1620 1060 Bonelli
1638 1038 1768 1066 (Prodrom.
1785 1038 1828 1060 col.
1846 1038 1890 1060 653
1911 1039 1969 1067 seq.)
1982 1038 2037 1061 acri-

1192 1088 1236 1114 ter,
1253 1085 1294 1108 sed
1311 1085 1370 1107 iuste
1387 1088 1525 1113 arguuntur.
1542 1085 1565 1107 ln
1583 1084 1688 1107 indiculis
1706 1085 1734 1107 ad
1758 1087 1815 1107 tom.
1833 1085 1860 1107 V.
1878 1091 1948 1113 saepe
1964 1085 2037 1108 citatis

1192 1133 1368 1155 Bonaventurae
1385 1132 1513 1155 attribuunt
1529 1133 1588 1154 hanc
1613 1132 1732 1160 epistolam
1750 1132 1903 1160 Trithemius,
1924 1131 2038 1156 marianus

1192 1180 1335 1203 Florentinus
1352 1180 1443 1208 aliique.
1462 1179 1612 1202 Consentiunt
1624 1179 1731 1208 antiquae
1744 1179 1868 1207 editiones,
1880 1186 1980 1209 quarum
1993 1186 2037 1203 una

1191 1228 1261 1250 relata
1279 1227 1302 1249 in
1320 1227 1406 1249 Bonelli
1432 1226 1560 1249 Prodromo
1587 1226 1638 1255 (col.
1664 1227 1720 1255 280)
1744 1226 1773 1248 ita
1791 1226 1871 1249 habet:
1892 1235 1903 1246 α
1916 1227 2037 1249 Utilissima

1192 1273 1308 1302 quaedam
1327 1273 1424 1301 Epistola
1442 1273 1518 1295 eximii
1535 1275 1557 1294 et
1573 1272 1652 1295 devoti
1663 1273 1768 1295 Doctoris
1785 1273 1967 1300 Bonaventurae,
1978 1279 2038 1302 quae

1192 1325 1226 1343 est
1243 1320 1358 1349 quaedam
1376 1321 1455 1348 regula
1472 1323 1494 1342 et
1511 1320 1621 1342 institutio
1638 1320 1741 1342 omnium
1760 1320 1797 1348 pie
1814 1322 1837 1342 et
1853 1320 2000 1348 spiritualiter
2017 1321 2039 1344 in

1193 1368 1282 1391 Christo
1299 1368 1379 1390 vivere
1396 1367 1533 1394 volentium,
1551 1369 1573 1389 et
1589 1367 1738 1395 distinguitur
1759 1367 1781 1389 in
1800 1367 1865 1390 XXV
1883 1367 2038 1391 Memorabilia

1194 1414 1277 1443 (sic)».
1295 1414 1367 1437 Aliam
1392 1420 1448 1442 prae
1472 1413 1580 1436 manibus
1605 1413 1731 1442 habemus,
1749 1420 1809 1443 quae
1833 1414 1884 1437 licet
1909 1414 1933 1436 in
1950 1415 1995 1437 fine
2011 1415 2040 1438 sit

1193 1462 1242 1484 sine
1258 1462 1308 1484 loco
1326 1464 1348 1483 et
1364 1468 1437 1489 anno,
1455 1461 1547 1483 videtur
1564 1467 1614 1483 esse
1631 1467 1668 1483 an.
1687 1461 1760 1488 4484,
1777 1461 1830 1490 quia
1852 1462 1986 1484 adiunctum
2006 1465 2040 1485 est

1194 1507 1372 1537 Brecz'loquz'um
1390 1509 1433 1530 hoc
1458 1514 1519 1530 anno
1542 1508 1681 1535 impressum
1707 1508 1794 1530 eisdem
1820 1508 1915 1531 omnino
1941 1509 2002 1536 typis
2018 1512 2040 1532 et

1194 1557 1279 1578 charta.
1297 1554 1396 1577 Omnem
1414 1557 1491 1577 autem
1509 1553 1675 1576 dubitationem
1693 1555 1774 1577 tollunt
1791 1557 1839 1577 tum
1857 1555 1971 1583 Epistolae
1988 1562 2040 1578 sen-

1194 1602 1279 1625 tentiae
1295 1607 1424 1630 earumque
1442 1603 1529 1629 forma,
1546 1604 1595 1623 tum
1617 1601 1741 1624 auctoritas
1758 1604 1790 1624 tot
1806 1602 1921 1631 codicum,
1939 1608 2039 1631 quorum

1194 1650 1258 1673 multi
1277 1652 1329 1672 sunt
1346 1649 1448 1677 optimae
1465 1651 1538 1671 notae.
1557 1649 1614 1670 lnter
1630 1648 1661 1670 74
1673 1648 1765 1671 codices
1777 1651 1864 1672 tantum
1877 1652 1976 1678 quatuor
1988 1652 2041 1672 sunt

1194 1696 1317 1724 anonymi,
1334 1698 1356 1718 et
1373 1698 1419 1717 tres
1444 1701 1540 1717 erronee
1565 1695 1708 1717 Bernardum
1731 1696 1851 1718 nominant
1867 1699 1993 1719 auctorem.
2010 1710 2041 1714 —

1195 1743 1249 1765 Aliis
1265 1743 1343 1765 verbis
1360 1745 1382 1765 et
1399 1742 1469 1765 variis
1486 1741 1618 1765 inscribitur
1635 1743 1691 1765 haec
1708 1743 1819 1771 Epistola:
1831 1743 1867 1766 vel
1883 1744 1999 1772 «Epistola
2012 1744 2041 1767 de

1195 1790 1305 1819 spirituali
1324 1791 1427 1818 profectu
1439 1797 1461 1818 »3
1478 1791 1515 1812 vel
1536 1798 1547 1810 τι
1558 1790 1588 1812 de
1605 1789 1675 1812 modo
1692 1790 1827 1818 proficiendi
1840 1790 2006 1818 compendioso
2018 1798 2040 1819 1·;

1195 1837 1231 1859 vel
1253 1845 1263 1857 ιι
1275 1837 1305 1859 de
1321 1837 1402 1859 ordine
1424 1837 1486 1859 vitae
1508 1836 1660 1864 spiritualis»,
1677 1837 1713 1859 vel
1734 1844 1744 1856 ιι
1756 1837 1928 1859 Exhortatorius
1945 1837 1973 1859 ad
1991 1837 2041 1859 Fra-

1195 1887 1241 1907 tres
1251 1891 1272 1912 »3
1289 1884 1325 1906 vel
1347 1892 1356 1904 α
1371 1884 1495 1911 Speculum
1512 1883 1617 1905 Fratrum
1636 1886 1658 1905 et
1675 1883 1785 1906 Sororum
1798 1892 1810 1903 n
1830 1886 1873 1906 etc.

1258 1930 1281 1953 b.
1298 1931 1387 1953 Revera
1405 1931 1461 1952 haec
1478 1930 1577 1958 Epistola
1596 1929 1692 1958 praebet
1709 1929 1811 1959 Reyulae
1827 1929 1973 1953 novitiorum
1998 1937 2040 1959 pro

1195 1976 1358 2005 incipientibus
1369 1976 1490 2004 Religiosis
1501 1977 1600 2004 scriptae
1611 1976 1731 2005 quoddam
1748 1976 1875 2004 pretiosum
1893 1977 2041 2004 supplemen-

1194 2027 1252 2052 tum,
1263 2025 1316 2053 quia
1335 2024 1474 2047 documenta
1487 2023 1518 2046 ibi
1530 2023 1660 2052 proposita,
1672 2023 1690 2046 si
1702 2023 1780 2046 debito
1792 2023 1862 2046 modo
1880 2023 2041 2052 observantur,

1194 2071 1276 2093 idonea
1293 2073 1358 2099 sunt,
1376 2074 1400 2092 ut
1418 2070 1479 2092 viam
1498 2072 1579 2098 parent
1603 2070 1753 2098 perveniendi
1776 2070 1805 2092 ad
1826 2076 1943 2092 summam
1969 2071 2041 2098 perfe-

1194 2118 1303 2140 ctionem.
1319 2129 1350 2133 —
1367 2117 1439 2139 Etiam
1457 2118 1500 2139 hac
1517 2117 1605 2139 ratione
1629 2118 1686 2139 haec
1711 2116 1810 2144 Epistola
1831 2117 1948 2145 singulare
1973 2116 2042 2140 habet

1195 2165 1306 2193 pretium,
1324 2165 1377 2193 quia
1395 2165 1467 2187 vitam
1493 2164 1631 2187 interiorem
1656 2165 1679 2186 S.
1705 2165 1809 2187 Doctoris
1826 2165 1956 2187 authentice
1975 2164 2042 2188 nobis

1194 2218 1280 2240 magna
1297 2218 1324 2234 ex
1342 2214 1407 2239 parte
1425 2211 1565 2239 manifestat,
1583 2217 1636 2234 cum
1654 2211 1768 2234 contineat
1785 2218 1811 2234 ea
1825 2211 1964 2241 proposita,
1981 2217 2041 2241 quae

1194 2259 1244 2287 ipse
1261 2259 1290 2281 ad
1308 2259 1428 2287 proprium
1448 2265 1515 2281 usum
1542 2257 1585 2281 sibi
1607 2259 1731 2286 collegerat
1748 2258 1798 2287 (cfr.
1814 2265 1868 2287 pag.
1887 2259 1927 2281 494
1949 2261 2001 2281 nota
2021 2259 2040 2281 t.

1194 2309 1217 2329 et
1229 2306 1311 2329 clarius
1329 2312 1383 2334 pag.
1401 2306 1445 2328 498
1463 2306 1510 2328 col.
1530 2305 1560 2334 l).

1257 2354 1279 2376 ln
1298 2353 1398 2376 editione
1415 2353 1466 2375 Vat.
1485 2353 1602 2381 inscriptio
1628 2353 1742 2381 Epistolae
1764 2352 1833 2376 habet
1850 2353 1935 2377 Fratri
1950 2353 1981 2382 E,
2001 2353 2040 2376 Bo-

1194 2400 1246 2422 nelli
1264 2400 1316 2429 (loc.
1333 2400 1380 2429 cit.)
1399 2406 1452 2422 cum
1468 2399 1573 2428 pluribus
1590 2399 1709 2422 codicibus
1734 2400 1798 2428 ponit
1819 2399 1852 2422 ad
1872 2400 1985 2423 Fratrem
2002 2400 2041 2423 Pe-

1195 2448 1273 2476 trum;
1291 2453 1343 2474 nos,
1361 2447 1415 2475 quia
1432 2453 1518 2469 nomen
1543 2447 1620 2469 visum
1638 2449 1672 2470 est
1694 2447 1814 2474 incertum,
1831 2446 1993 2470 substituimus
2009 2447 2040 2469 lit-

1194 2497 1266 2517 teram
1285 2495 1310 2516 N.
1328 2495 1360 2516 De
1377 2494 1413 2517 illo
1430 2495 1507 2516 Fratre
1532 2494 1602 2517 Petro
1625 2494 1710 2516 Bonelli
1731 2495 1787 2516 haec
1805 2493 1928 2522 adiungit:
1950 2502 1960 2514 α
1972 2494 2041 2516 Binos

1195 2541 1320 2563 innotuisse
1337 2540 1404 2563 nobis
1421 2541 1481 2563 illius
1498 2541 1549 2563 aevi
1566 2541 1656 2563 Fratres
1673 2541 1731 2563 Petri
1749 2540 1844 2563 nomine
1860 2543 1968 2567 vocatos,
1985 2546 2040 2569 quo-

1194 2594 1246 2610 rum
1264 2588 1319 2610 alter
1336 2588 1436 2610 Minister
1453 2588 1561 2610 Franciae
1578 2588 1763 2610 Bonaventuram
1781 2590 1886 2610 nostrum
1899 2587 2002 2610 laudavit
2017 2587 2040 2609 in

1195 2635 1290 2662 epistola
1307 2634 1391 2662 scripta
1406 2641 1442 2657 an.
1456 2635 1540 2657 l268...
1553 2634 1608 2657 alter
1619 2640 1675 2657 vero
1688 2634 1788 2657 Minister
1801 2635 1917 2657 Turoniae
1930 2640 2041 2657 memora-

1195 2684 1231 2704 tur
1248 2681 1277 2703 ab
1295 2681 1378 2704 eodem
1395 2682 1557 2704 Bonaventura
1568 2690 1579 2702 υ
1601 2681 1665 2710 (vide
1682 2682 1738 2704 infra
1756 2687 1811 2710 pag.
1826 2681 1870 2704 473
1888 2681 1958 2710 Epist.
1977 2681 2032 2710 Vl.)-

1476 2758 1612 2789 Elenchus
1633 2758 1762 2789 codicum.

1233 2837 1251 2860 I.
1270 2836 1360 2860 Codices
1377 2844 1391 2860 a
1408 2837 1473 2860 nobis
1491 2844 1540 2860 oum
1557 2837 1626 2861 textu
1641 2837 1768 2860 Vaticanae
1785 2837 1893 2860 editionis
1910 2836 1997 2860 collati.

1262 2916 1278 2938 Ι.
1296 2916 1418 2945 Athztstae
1437 2915 1600 2944 Trevirorum,
1617 2915 1754 2939 bibliotheca
1770 2916 1879 2938 ecclesiae
1890 2915 2039 2942 Cathedralis,

1195 2962 1247 2985 cod.
1267 2962 1304 2984 49.
1321 2963 1392 2985 chart.
1411 2962 1495 2985 saeculi
1512 2963 1572 2985 XVl.
1598 2963 1702 2985 ineuntis.
1719 2975 1750 2979 —
1767 2963 1877 2985 Praesens
1902 2962 2040 2990 opusculum
