2133 3317
0 431 48 451 pram
58 426 90 446 ἆυ·

2 451 88 479 piandum.

0 994 83 1016 [tumtur

9 1019 68 1036 Patres.

461 207 656 236 OPUSCULUM
677 207 741 235 XIII.
763 207 1071 237 DETERMINATIONES
1092 208 1333 246 QUAESTIONUM.
1355 210 1436 239 PARS
1456 210 1485 239 ΙΙ.

105 285 273 316 correctione
293 288 321 314 et
351 285 379 314 in
409 285 485 319 aliis,
506 288 600 322 peccat
632 284 789 322 recipiendo
813 285 948 321 stipendia

104 332 252 366 Ecclesiae,
274 340 357 369 quam
380 339 434 360 non
465 331 586 360 deservit
598 332 617 366 ¹,
637 335 669 359 ut
689 331 778 360 debet.
801 331 872 368 Ergo
892 339 946 360 non

103 379 234 408 deberent
251 378 276 407 ei
290 378 365 412 dari,
380 386 415 407 ne
429 378 544 406 daretur
558 378 664 407 occasio
679 378 790 415 peccati.
807 394 844 398 —
858 378 946 414 Quam

105 425 258 463 paucissimi
281 428 374 454 autem
394 425 422 453 in
445 425 528 454 terris
549 425 608 453 istis
629 425 682 453 iam
697 425 883 461 reperiantur,
898 424 946 461 qui

103 472 194 501 debito
214 471 294 499 modo
315 471 438 508 praesint
458 471 604 500 animabus
624 471 787 506 commissis,
808 471 891 500 nimis
905 474 947 500 est

102 518 270 552 miserabile,
292 518 340 555 qui
361 521 410 546 aut
430 526 467 547 ex
487 518 596 547 defectu
624 518 709 553 iuris,
731 522 779 547 aut
800 518 945 552 scientiae,

102 567 150 593 aut
170 564 254 598 vitae,
275 568 324 592 aut
344 564 500 601 diligentiae
521 565 595 593 circa
609 572 663 599 eas,
679 568 727 593 aut
742 565 844 593 liberae
865 572 946 593 exse-

102 611 219 640 cutionis
246 610 328 639 officii
349 611 391 639 sui
414 611 483 639 nihil
512 611 631 640 habeant
660 611 892 648 reprehensibile,
918 614 946 639 et

102 657 175 695 quod
195 665 242 686 eos
263 657 309 686 tali
331 658 421 686 officio
443 658 539 686 reddat
559 658 693 695 indignos.
716 658 858 694 Quomodo
878 665 945 686 vero

103 707 158 733 tota
180 704 298 733 Ecclesia
318 712 368 741 per
390 705 461 733 mala
492 705 621 741 exempla
648 705 813 734 clericorum
835 707 862 733 et
881 712 945 733 ava-

102 751 191 779 ritiam
212 754 410 788 corrumpatur
432 755 459 780 et
489 752 682 788 negligentiam
695 752 705 768 2
726 751 897 780 deformetur
918 754 945 779 et

100 806 116 826 a
136 799 210 826 statu
230 797 323 826 debito
344 798 502 835 elongetur,
524 802 551 827 et
572 802 676 835 quanta
697 806 734 827 ex
756 799 807 826 hoc
822 798 945 835 quotidie

101 847 211 881 peccata
238 844 408 879 increscant,
430 848 457 873 et
487 848 555 882 quot
586 845 657 873 bona
688 845 863 882 negligantur
894 852 944 881 per

101 891 250 924 mundum,
272 891 320 919 vix
341 891 442 928 aliquis
463 892 566 920 sufficit
586 891 740 920 aestimare.

178 938 248 966 Haec
270 941 297 966 et
318 938 399 974 plura
429 938 483 966 alia
510 946 573 967 cum
602 946 668 967 vera
689 946 748 967 esse
780 938 895 972 scimus,
917 940 945 966 et

101 987 191 1013 tamen
212 992 245 1013 ea
266 985 368 1021 populo
389 993 443 1013 non
471 988 566 1022 aperte
594 985 800 1022 praedicemus,
823 993 876 1013 non
898 984 944 1013 de-

99 1031 197 1060 bemus
217 1040 233 1060 a
254 1031 328 1060 clero
349 1032 481 1066 iudicari,
503 1032 577 1069 quod
608 1032 761 1061 confusioni
783 1040 879 1061 eorum
903 1032 944 1060 in-

100 1078 245 1107 tendamus
266 1081 293 1107 et
313 1086 360 1107 eos
390 1079 493 1115 populo
521 1079 682 1108 studeamus
702 1079 817 1107 odibiles
837 1079 943 1113 facere,

101 1125 148 1155 sed
168 1125 269 1162 magis,
291 1125 313 1154 si
335 1125 469 1154 haberent
496 1126 720 1163 intelligentiam,
746 1129 943 1163 agnoscerent,

101 1175 236 1209 quantum
257 1180 304 1201 eos
325 1173 494 1202 honoramus
524 1175 552 1201 et
578 1172 730 1201 deferimus
761 1173 826 1201 talia
856 1173 944 1202 subti-

99 1219 184 1248 cendo
212 1223 326 1256 propter
347 1227 445 1248 causas
465 1228 551 1256 supra
572 1222 687 1248 notatas.
710 1219 771 1248 ldeo
796 1223 885 1249 tamen
902 1228 944 1249 se-

100 1265 195 1294 curius
216 1266 268 1294 ista
288 1266 512 1300 dissimulamus,
534 1266 608 1303 qnod
630 1274 680 1295 nec
700 1266 867 1295 clericorum
893 1274 944 1296 nec

101 1312 234 1341 laicorum
255 1320 324 1341 cura
344 1313 424 1341 nobis
451 1313 489 1341 ita
520 1313 666 1341 commissa
686 1316 745 1347 est,
765 1316 797 1341 ut
817 1313 851 1341 de
877 1313 944 1349 ipsis

101 1362 245 1387 teneamur
273 1359 389 1388 reddere
417 1359 551 1388 rationem
573 1359 645 1388 sicut
667 1359 779 1396 praelati
802 1359 942 1396 ipsorum,

99 1405 132 1434 ad
153 1413 224 1442 quos
245 1409 350 1442 spectat
371 1414 467 1435 eorum
495 1406 646 1440 correctio,
669 1406 720 1435 nisi
750 1406 778 1434 in
805 1409 942 1443 quantum

99 1460 136 1481 ex
157 1452 244 1481 libera
264 1453 378 1481 caritate
399 1453 630 1482 consideramus³
651 1453 691 1482 eis
712 1453 852 1490 prodesse.
867 1453 943 1482 Unde

100 1507 248 1536 possumus
269 1502 360 1528 tacere
381 1503 408 1528 et
429 1500 504 1537 loqui
529 1508 601 1537 quae
628 1500 781 1529 secundum
806 1500 894 1528 Deum
916 1503 944 1528 et

98 1545 177 1574 nobis
196 1549 224 1575 et
245 1546 305 1575 aliis
326 1546 459 1583 expedire
481 1546 621 1580 videmus,
643 1554 707 1575 cum
728 1546 797 1575 nihil
824 1555 840 1575 a
864 1547 943 1575 nobis

98 1593 216 1630 amplius
236 1593 406 1630 requiratur.
423 1609 460 1614 —
475 1593 546 1622 Vitia
560 1597 652 1623 autem
674 1594 807 1622 laicorum
828 1594 943 1623 liberius

98 1639 260 1677 arguimus,
282 1640 347 1677 quia
367 1643 395 1669 et
425 1640 575 1677 patientius
599 1640 736 1669 sustinent
763 1643 790 1669 et
816 1640 943 1669 nesciunt

98 1686 213 1720 litteras,
234 1687 338 1724 quibus
359 1686 545 1721 instruantur,
559 1687 625 1724 quid
647 1687 765 1716 debeant
786 1695 884 1716 cavere
899 1687 942 1716 vel

87 1730 202 1768 ‘facere;
224 1737 251 1762 et
281 1733 373 1762 minus
394 1733 549 1770 periculum
578 1734 722 1771 sequitur,
744 1735 766 1763 si
794 1742 893 1763 eorum
914 1734 942 1762 in

97 1780 208 1817 publico
229 1781 409 1818 propalentur
429 1788 572 1814 excessus,
587 1784 614 1809 et
628 1781 735 1810 facilius
749 1781 941 1809 emendantur.

97 1827 209 1856 Clericis
229 1830 321 1857 autem
342 1835 492 1864 possumus
513 1828 540 1856 in
561 1828 689 1864 capitulis
711 1828 769 1857 suis
789 1828 882 1856 omnia
896 1835 943 1864 pe-

99 1874 186 1903 ricula
206 1882 256 1903 sua
277 1875 305 1903 in
326 1875 502 1903 sermonibus
523 1874 689 1903 litteralibus
710 1883 835 1903 seorsum
850 1878 943 1903 osten-

97 1920 163 1949 dere
189 1928 254 1949 cum
285 1921 442 1950 reverentia
469 1921 591 1950 caritatis
620 1924 647 1950 et
676 1921 834 1950 maturitate
865 1921 942 1950 heni-

97 1975 166 2003 gna,
180 1970 208 1996 et
228 1967 267 1996 sic
281 1967 368 2004 magis
389 1967 552 2004 proficimus
572 1967 646 2004 apud
666 1975 713 1996 eos
723 1969 744 1996 ⁴.

424 2061 564 2097 Quaasrio
584 2061 613 2089 Il.

148 2154 210 2183 Cur
230 2155 354 2183 Fratres
374 2154 406 2183 in
423 2154 645 2191 praedicatione
665 2155 795 2183 alicuius
815 2155 889 2183 vitia

431 2201 606 2238 corripiam.

175 2293 244 2323 Cum
266 2302 333 2331 ergo
354 2302 409 2323 non
430 2294 489 2323 sitis
510 2295 615 2323 iudices
635 2294 801 2323 clericorum
822 2295 866 2323 vel
893 2294 942 2323 lai-

98 2348 210 2375 corum,
231 2348 282 2370 nec
303 2341 337 2369 ad
359 2349 407 2370 vos
427 2343 532 2378 spectet
552 2349 599 2370 eos
620 2341 789 2378 redarguere
809 2342 852 2370 vel
880 2349 942 2370 cor-

98 2387 203 2424 rigere,
224 2387 272 2416 sed
292 2387 325 2416 ad
347 2395 412 2417 suos
433 2390 539 2417 tantum
561 2390 699 2422 rectores;
728 2388 794 2424 quid
823 2396 942 2425 usurpa-

161 2564 169 2577 ¹
188 2565 222 2588 Du
239 2565 325 2593 Gange,
342 2565 482 2588 Glossarium
500 2568 554 2588 etc.:
573 2565 702 2594 Deservz're,
723 2566 787 2594 fungi
804 2566 881 2594 aliquo
894 2572 942 2589 mu-

100 2609 165 2632 nere;
182 2604 238 2627 Gall.
256 2604 386 2627 Dessercz'r.
404 2605 460 2627 Hinc
477 2605 603 2627 locutiones
620 2605 670 2627 illae
687 2605 709 2627 in
726 2605 884 2627 instrumentis
902 2606 942 2627 sre-

99 2646 206 2671 quentes:
224 2643 347 2666 Deservz‘re
363 2643 485 2666 ecclesiam
502 2644 538 2665 vel
564 2643 681 2671 ecclesiae,
708 2643 829 2666 neser-cire
846 2643 871 2666 in
888 2643 943 2666 divi-

99 2681 147 2709 πίε,
164 2688 206 2710 pro
223 2682 354 2710 paroeciam
377 2682 549 2711 administrare⁷
575 2683 611 2704 vel
636 2683 723 2704 ratione
746 2682 850 2704 beneficii
873 2682 944 2704 eccle-

99 2720 182 2743 siastici
200 2721 303 2743 debitum
321 2727 406 2744 munus
423 2721 495 2744 obire.
512 2721 556 2743 Cir.
574 2727 644 2749 supra
662 2727 716 2748 pag.
734 2721 786 2748 345,
804 2724 856 2743 nota
876 2721 896 2742 l.
914 2733 943 2736 —

101 2759 150 2781 Vat.
168 2766 221 2782 cum
239 2760 292 2782 edd.
311 2761 332 2788 l,
349 2761 362 2782 2
387 2763 464 2782 contra
491 2760 543 2782 cod.
560 2763 582 2782 et
598 2760 635 2782 ed.
662 2760 675 2781 3
700 2759 816 2788 stipendia
838 2758 942 2782 ecclesia-

99 2797 171 2825 stica,
189 2803 249 2827 quae
264 2803 313 2820 non
330 2797 438 2821 deservit.
457 2798 551 2820 interius
569 2803 610 2825 pro
627 2803 684 2826 erqo
695 2803 743 2819 non
755 2796 864 2820 deberent
879 2797 915 2819 ed.
929 2798 942 2819 :3

101 2841 154 2858 cum
169 2837 222 2859 cod.
238 2842 295 2866 erqo
312 2842 361 2860 non
376 2836 476 2860 deberet.

162 2872 171 2886 ²
187 2873 244 2897 Cod.
261 2875 412 2904 negligentia.
430 2875 526 2897 lnserius
543 2880 586 2902 pro
602 2874 645 2897 mssoe
661 2874 715 2897 edd.
740 2874 747 2895 ¹l
759 2891 765 2900 ,
783 2875 796 2895 2
817 2879 877 2903 quae
893 2873 943 2896 vim.

162 2912 171 2926 ⁸
189 2914 239 2937 Vat.
256 2913 430 2937 consideremus
451 2914 556 2942 (fortasse
577 2913 701 2941 legendum
718 2912 903 2941 desideramus),
921 2915 944 2935 et

100 2951 193 2974 inbrius
208 2952 362 2982 requiramus
379 2959 422 2980 pro
439 2952 586 2982 requiratur.

162 2990 172 3003 ⁴
189 2992 266 3014 Editor
283 2992 319 3014 ed.
346 2992 358 3014 3
383 2994 458 3014 notat:
480 3000 491 3012 ιι
503 2992 533 3013 Ex
559 2992 594 3014 his
620 2991 642 3013 S.
667 2991 841 3013 Bonaventurae
866 2990 945 3013 verbis

969 2565 973 2736 l

1790 210 1846 240 359

1005 286 1040 315 tis
1061 286 1138 315 vobis
1159 287 1244 322 iuris,
1265 288 1347 317 etiam
1369 288 1390 317 si
1412 296 1511 317 causae
1539 288 1695 325 praedictae
1722 296 1776 317 non
1805 296 1847 318 es-

1004 335 1080 366 sent,
1101 336 1133 361 ut
1153 333 1270 363 alicuius
1291 335 1357 363 vitia
1385 335 1494 372 publice
1523 335 1746 372 reprehendatis,
1775 335 1847 364 sicut

1003 386 1083 416 saepe
1105 380 1215 417 tangitis
1236 381 1263 409 in
1285 381 1486 418 praedicatione
1509 382 1574 410 vitia
1594 382 1784 419 quorumlibet
1799 382 1846 410 lai-

1003 433 1116 459 corum,
1138 427 1304 456 clericorum
1326 430 1354 457 et
1376 429 1591 465 Religiosorum,
1612 436 1677 457 cum
1706 429 1847 466 praedica-

1004 475 1047 501 tor
1067 481 1121 501 non
1142 473 1239 502 debeat
1260 475 1402 512 arguendo
1422 476 1588 505 descendere
1608 476 1643 505 ad
1664 476 1768 513 species
1783 484 1847 513 pec-

1003 522 1145 554 catorum,
1166 520 1213 549 sed
1235 521 1262 549 in
1283 530 1384 558 genere
1405 523 1494 551 solum
1510 522 1654 552 ostendere
1669 523 1734 552 vitia
1749 525 1776 552 et
1790 523 1846 552 vir-

1003 566 1098 594 tutes⁵
1120 569 1147 594 et
1169 567 1277 595 nullum
1298 568 1455 597 notabiliter
1486 569 1655 598 confundere
1683 577 1776 598 coram
1797 578 1846 606 po·

1002 612 1083 648 pulo,
1105 616 1216 649 peccata
1238 622 1288 643 sua
1309 615 1418 651 publice
1442 616 1614 653 obiurgando
1635 617 1695 646 aliis
1716 617 1744 646 in
1768 625 1846 646 scan-

1002 658 1095 687 dalum
1110 662 1121 688 ἱ)

1082 707 1247 743 Respondeo.
1267 708 1484 745 intelligentibus
1499 712 1620 744 constat,
1636 710 1709 747 quod
1725 711 1845 739 multum

1001 752 1133 781 differunt
1153 755 1223 782 actio
1244 755 1353 783 iudicis
1374 758 1400 784 et
1421 756 1555 784 doctoris.
1578 757 1670 785 Iudex
1698 757 1786 791 enim,
1812 757 1846 786 ad

1001 806 1085 835 quem
1106 803 1210 836 spectat
1237 802 1373 830 correctio
1403 802 1623 839 delinquentium
1654 803 1844 838 subditorum,

1001 844 1082 874 debet
1102 846 1284 883 investigare,
1315 856 1448 878 excessus
1479 849 1700 887 delinquentium
1731 850 1845 885 audire,

1002 894 1085 920 testes
1112 893 1251 929 recipere,
1282 899 1439 931 peccantem
1471 896 1572 930 citare,
1602 897 1720 925 crimina
1750 900 1847 926 contra

1002 938 1092 974 ipsum
1115 940 1255 976 proposita
1276 941 1299 969 ei
1328 941 1463 977 obiicere,
1491 946 1636 980 negantem
1664 944 1844 979 convincere,

1001 985 1158 1014 convictum
1182 987 1225 1015 vel
1246 988 1402 1017 confessum
1424 989 1540 1025 punire,
1569 992 1759 1019 contumacem
1787 998 1845 1019 am-

1001 1031 1089 1067 plius,
1112 1035 1142 1060 ut
1163 1033 1250 1069 magis
1271 1038 1419 1069 terreatur,
1440 1039 1548 1065 arctare
1570 1039 1597 1065 et
1617 1044 1715 1073 cogere
1744 1037 1778 1065 ad
1803 1045 1846 1066 sa-

1001 1078 1181 1107 tisfactionem
1209 1080 1291 1109 etiam
1313 1081 1440 1110 invitum.
1461 1082 1529 1111 Cum
1544 1090 1611 1120 ergo
1635 1083 1750 1112 formam
1765 1084 1844 1112 istam

1001 1126 1112 1154 omnino
1133 1134 1187 1154 non
1209 1130 1351 1157 teneamus
1372 1128 1399 1157 in
1421 1129 1618 1166 praedicando,
1640 1138 1694 1159 non
1724 1139 1844 1168 usurpa-

1001 1179 1064 1200 mus
1085 1172 1163 1201 nohis
1184 1173 1291 1202 iudicis
1312 1174 1433 1203 officium
1450 1176 1596 1205 iudicantis
1610 1184 1695 1214 super
1709 1177 1842 1214 aliquem,

1001 1218 1048 1246 sed
1070 1219 1211 1248 imitamur
1233 1224 1339 1249 tantum
1360 1222 1477 1251 formam
1499 1223 1633 1252 doctoris.
1651 1224 1756 1252 Doctor
1771 1224 1844 1253 enim

1001 1272 1052 1293 seu
1075 1266 1255 1302 praedicator,
1277 1268 1324 1304 qui
1347 1268 1447 1297 diversi
1470 1269 1578 1306 generis
1599 1270 1739 1299 auditores
1762 1271 1844 1300 debet

1001 1311 1155 1347 instruere,
1177 1317 1208 1341 ut
1230 1314 1347 1343 virtutes
1376 1316 1461 1352 magis
1490 1316 1586 1345 reddat
1612 1317 1842 1347 commendabiles

1001 1359 1170 1388 necessarias
1190 1360 1223 1388 ad
1245 1361 1378 1395 salutem,
1400 1362 1466 1390 vitia
1487 1362 1530 1391 his
1551 1364 1676 1400 opposita
1690 1372 1773 1401 quam
1788 1364 1843 1393 sint

1001 1405 1098 1434 nociva
1120 1409 1147 1434 et
1167 1406 1353 1442 detestabilia,
1374 1409 1500 1437 ostendit.
1522 1409 1554 1437 Et
1575 1410 1739 1446 quibusdam
1761 1419 1842 1447 gene-

1001 1453 1079 1481 ribus
1101 1454 1243 1482 hominum
1265 1455 1399 1491 quaedam
1425 1456 1491 1484 vitia
1518 1460 1583 1485 sunt
1612 1457 1698 1494 magis
1726 1458 1842 1492 usitata,

1001 1503 1032 1528 ut
1054 1501 1254 1529 mercatoribus
1274 1502 1351 1530 fraus
1372 1506 1398 1530 et
1418 1503 1574 1537 mendacia,
1595 1503 1729 1532 militibus
1748 1504 1844 1541 rapina

1001 1550 1027 1575 et
1048 1546 1186 1581 incendia,
1207 1551 1234 1576 et
1255 1547 1292 1576 ita
1306 1548 1339 1577 de
1353 1549 1428 1583 aliis;
1444 1557 1555 1578 necesse
1569 1552 1625 1584 est,
1641 1550 1714 1586 quod
1730 1554 1843 1587 propter

1000 1594 1155 1630 generalem
1177 1595 1386 1624 instructionem
1414 1596 1556 1633 quodlibet
1583 1604 1670 1633 genus
1699 1598 1842 1626 homiuum

1001 1641 1155 1677 specialiter
1176 1645 1274 1678 arguat
1295 1645 1322 1671 et
1343 1647 1452 1671 moneat
1473 1643 1522 1671 sibi
1545 1643 1690 1680 specialius
1714 1644 1843 1673 insidian-

1000 1688 1038 1716 tia
1059 1688 1124 1716 vitia
1146 1696 1258 1723 cavere,
1281 1689 1352 1718 sicut
1372 1689 1496 1718 medicus
1516 1698 1614 1727 aegros
1634 1690 1751 1720 diversis
1766 1691 1843 1719 infir-

1000 1734 1142 1763 mitatibus
1164 1735 1319 1764 laborantes
1340 1735 1418 1764 docet
1438 1744 1455 1764 a
1475 1736 1525 1765 sibi
1547 1737 1634 1773 magis
1655 1737 1747 1766 noxiis
1775 1737 1843 1767 cibis

1000 1784 1027 1810 et
1047 1782 1108 1810 aliis
1128 1782 1275 1811 abstinere.
1297 1782 1368 1811 Nihil
1389 1783 1461 1811 enim
1490 1783 1632 1819 prodesset
1659 1784 1792 1818 infirmis,
1820 1785 1842 1813 si

999 1828 1117 1857 diceret:
1140 1832 1233 1858 cavete
1254 1829 1288 1857 ab
1308 1829 1439 1858 omnibus
1460 1830 1528 1858 cibis
1548 1830 1653 1859 nocivis
1667 1831 1842 1867 generaliter,

999 1875 1050 1903 nisi
1072 1875 1243 1912 specificaret
1263 1876 1290 1904 in
1312 1876 1435 1912 qualibet
1456 1877 1597 1913 passione,
1619 1877 1685 1914 quid
1715 1877 1753 1906 illi
1781 1885 1842 1914 spe-

999 1922 1096 1951 cialius
1116 1922 1231 1951 noxium
1254 1925 1326 1951 esset
1346 1926 1394 1951 aut
1416 1923 1571 1960 proficuum
1592 1924 1710 1952 sanitati.

1077 1969 1156 2005 Quod
1177 1973 1269 1998 autem
1291 1970 1401 2004 dicitur,
1422 1970 1495 2007 quod
1515 1970 1687 2007 praedicator
1701 1971 1798 2000 debeat
1813 1972 1841 2001 in

999 2023 1100 2053 genere
1120 2024 1215 2045 omnes
1235 2024 1354 2053 arguere
1375 2020 1518 2053 peccantes
1539 2019 1566 2046 et
1592 2025 1647 2046 non
1675 2018 1841 2047 descendere

999 2062 1033 2091 ad
1054 2062 1174 2099 species;
1196 2062 1249 2091 hoc
1269 2066 1311 2091 est
1331 2063 1538 2099 intelligendum
1560 2063 1594 2092 de
1614 2064 1726 2093 notabili
1754 2064 1842 2101 speci-

1000 2109 1127 2137 ficatione
1145 2117 1361 2146 personarum,
1383 2117 1437 2138 non
1468 2110 1608 2138 vitiorum
1635 2111 1678 2139 vel
1708 2115 1842 2140 statuum

1000 2156 1043 2185 vel
1064 2155 1244 2194 officiorum,
1266 2164 1337 2193 quae
1358 2164 1412 2184 non
1440 2160 1556 2193 possunt
1582 2157 1695 2194 proprie
1722 2158 1841 2187 describi

999 2202 1057 2230 sine
1078 2202 1257 2238 expressione
1277 2202 1357 2230 officii
1380 2202 1422 2231 vel
1437 2205 1525 2231 status
1539 2202 1650 2231 illorum
1672 2204 1720 2240 qui
1746 2203 1774 2232 in
1789 2204 1842 2233 boc

998 2249 1153 2285 specialiter
1173 2249 1312 2277 ostendere
1332 2252 1544 2278 consueverunt.
1577 2249 1667 2278 Potest
1697 2251 1770 2279 enim
1802 2251 1841 2280 sic

998 2303 1120 2332 congrue
1134 2295 1299 2332 generaliter
1313 2295 1379 2324 dici:
1394 2303 1442 2324 vos
1456 2295 1575 2325 artifices
1586 2297 1704 2332 peccatis
1714 2297 1842 2335 frequen-

999 2344 1041 2370 ter
1061 2342 1087 2370 in
1111 2342 1178 2375 boc,
1200 2345 1227 2370 et
1248 2350 1296 2370 vos
1317 2342 1417 2371 milites
1437 2342 1465 2370 in
1491 2342 1558 2377 hoc,
1586 2345 1614 2371 et
1641 2351 1690 2372 vos
1715 2344 1841 2381 Religiosi

998 2388 1026 2416 in
1047 2388 1116 2422 isto,
1138 2396 1187 2417 vos
1208 2388 1299 2417 clerici
1321 2388 1349 2416 in
1370 2389 1432 2423 illo,
1453 2392 1481 2417 et
1501 2389 1540 2417 sic
1560 2389 1594 2418 de
1621 2390 1697 2424 aliis,
1725 2391 1748 2419 si
1776 2394 1841 2420 sunt

999 2566 1124 2594 evincitur,
1142 2572 1270 2593 sermones,
1288 2565 1312 2587 in
1328 2565 1415 2594 quibus
1432 2565 1481 2593 ipse
1497 2565 1634 2589 clericorum
1651 2565 1704 2588 vitia
1723 2566 1841 2594 redarguit

999 2608 1021 2627 et
1038 2605 1172 2631 insectatur,
1191 2610 1236 2626 non
1254 2610 1332 2626 coram
1350 2605 1447 2632 populo,
1464 2604 1506 2626 sed
1528 2604 1550 2626 in
1572 2604 1777 2627 ecclesiasticorum
1804 2611 1841 2628 ca-

996 2643 1079 2672 pitulis
1096 2643 1125 2665 ab
1143 2643 1225 2665 eodem
1243 2642 1333 2665 habitos
1351 2643 1430 2671 fuisse,
1448 2646 1473 2665 ut
1489 2646 1550 2666 recte
1567 2644 1590 2665 Ρ.
1609 2644 1720 2666 Bonellius
1737 2644 1759 2666 in
1778 2645 1842 2667 Prae-

999 2681 1081 2703 tatione
1099 2681 1126 2703 ad
1145 2684 1200 2703 tom.
1219 2681 1234 2703 l.
1251 2681 1407 2709 Supplenienti
1425 2687 1481 2709 opp.
1499 2682 1521 2704 S.
1539 2682 1711 2705 Bonaventurae
1723 2682 1760 2705 ed.
1778 2683 1840 2706 Sixti-

999 2727 1041 2742 nac
1059 2727 1080 2742 n.
1098 2721 1135 2742 29.
1157 2721 1350 2743 animadvertit».
1372 2732 1403 2737 --
1426 2720 1558 2743 Secundum
1581 2721 1615 2743 Du
1637 2721 1725 2749 Gange,
1750 2722 1841 2745 Glossa-

999 2759 1059 2781 rium
1076 2762 1118 2781 ete.
1137 2758 1224 2782 Littera
1242 2759 1302 2781 idem
1321 2762 1354 2781 est
1371 2765 1397 2781 ac
1414 2759 1490 2782 Latina
1508 2760 1596 2788 lingua,
1608 2760 1751 2784 Litterauter
1763 2761 1840 2783 Latine

1001 2796 1050 2823 (cfr.
1067 2796 1124 2818 ibid.
1140 2795 1263 2824 Litteraee,
1281 2797 1382 2819 Latine...
1399 2797 1502 2820 Ciceroni
1519 2797 1629 2822 cinerate
1645 2801 1680 2821 est
1701 2799 1781 2827 docte,
1797 2800 1840 2822 ele·

999 2838 1087 2863 genter.
1105 2835 1267 2863 Litteralorie,
1284 2836 1384 2865 Latine);
1403 2842 1429 2858 ex
1454 2843 1501 2865 quo
1526 2837 1608 2859 deduci
1627 2837 1721 2865 poterit,
1738 2837 1839 2860 dictione

1000 2875 1022 2896 S.
1040 2874 1126 2896 bonav.
1151 2874 1175 2896 in
1196 2873 1346 2897 ses-monibus
1372 2874 1512 2898 litteralibus
1535 2875 1597 2898 idem
1622 2876 1747 2904 significari
1763 2882 1790 2898 ac
1816 2876 1840 2900 in

999 2913 1147 2936 sermonibus
1165 2912 1252 2936 latinis.

1063 2951 1072 2963 ⁶
1088 2952 1176 2979 Regula
1193 2958 1213 2974 c.
1230 2953 1256 2974 9:
1273 2952 1435 2975 Annuntiaudo
1451 2953 1484 2975 eis
1501 2953 1556 2976 vitia
1575 2956 1597 2976 et
1613 2954 1722 2982 virtutes,
1739 2960 1840 2983 poenam

1001 2992 1022 3012 et
1039 2990 1135 3018 gloriam
1152 2996 1205 3012 cum
1223 2989 1335 3012 brevitate
1353 2991 1465 3013 sermonis
1482 2994 1525 3014 etc.

1862 720 1970 739 Distinctio.

1862 767 1890 786 De
1904 766 1973 786 iudice.

1860 1233 1889 1253 De
1904 1233 1989 1253 doctore.

1858 1981 1968 2006 Explicatio.
