2133 3317
762 225 1003 254 PROLEGOMENA
1024 226 1052 254 C.
1076 226 1116 254 111.

64 313 161 338 quorum
178 306 340 334 reprobatione
361 305 390 328 ilii
415 307 515 334 quatuor
536 304 581 326 viri
605 304 663 326 inter
683 310 708 326 se
733 306 756 326 et
777 303 846 326 etiam
864 310 904 326 00-

64 353 152 377 hiscum
168 354 204 376 vel
221 353 288 381 plene
305 352 341 374 vel
359 353 405 374 sere
426 351 576 374 consentiunt.
594 350 696 372 Sufficiat
712 350 780 372 etiam
798 352 904 372 accurate

64 401 132 424 citare
148 399 294 423 solummodo
312 398 472 422 Prodi-omum
490 398 553 421 illum
571 397 666 424 Bonelli,
689 397 711 419 in
734 403 780 426 quo
806 397 903 419 aliorum

64 447 106 470 loci
123 446 168 468 iam
185 448 290 468 accurate
307 445 397 473 allegati
414 447 474 467 sunt.

111 516 227 540 Elenclius
244 521 344 545 opernm
360 515 525 543 asceticarum,
543 520 603 544 qnae
619 515 680 537 certe
696 513 781 543 spuria
798 514 862 536 sunt.

126 587 146 608 i.
164 584 348 614 Gonfessionale,
367 584 431 613 quod
449 583 540 612 incipit:
556 584 583 606 ln
601 582 644 606 Dei
657 581 810 606 tabernaculo
823 581 855 608 (in
868 581 903 604 ed.

66 634 115 656 Vat.
124 635 179 655 tom.
188 632 233 654 Vll.
243 637 297 659 pag.
308 631 355 660 48).
365 629 510 658 Reprobatur
522 629 675 652 communiter
687 631 712 651 ut
723 628 828 656 spurium
841 628 905 656 <vide

65 679 183 702 Prodrom.
199 678 241 700 col.
259 678 321 705 692).
341 677 363 699 ln
380 677 430 705 ipso
453 676 510 698 libro
533 676 578 698 iam
596 676 694 698 citantur
711 677 816 697 auctores
833 675 904 697 Bona-

65 729 160 750 ventura
177 725 323 754 posteriores.
350 724 432 746 Bonelli
458 724 600 752 suspicatur,
625 725 743 745 auctorem
769 722 837 744 huius
854 727 905 744 esse

65 774 98 796 Fr.
115 772 282 795 Marchesinum
300 771 329 794 de
346 771 419 799 Regio
436 770 535 798 Lepide,
553 775 622 798 quem
640 770 708 791 etiam
721 768 905 797 probabilissime

66 824 114 841 esse
138 818 311 845 compilatorem
336 816 441 844 opusculi
459 815 633 845 Centiloquinm
655 814 866 837 demonstravimus
883 814 906 836 in

65 865 190 893 Prolegom.
208 864 237 886 ad
255 867 311 886 tom.
330 863 358 885 V.
376 869 430 891 pag.
447 863 542 885 XLVlll.

126 912 148 934 2.
164 912 197 934 De
213 912 301 940 septem
319 909 443 933 Itineribus
460 908 614 932 aeternitatis.
632 908 723 936 incipit:
741 908 803 931 Eum
821 907 862 937 qui
872 913 908 930 ve-

65 958 99 982 m't
114 958 146 982 ad
160 964 197 981 me
215 958 276 987 (Vat.
293 960 348 980 tom.
367 957 411 980 Vll.
429 963 484 985 pag.
503 956 564 984 145).
581 956 666 978 Auctor
688 955 737 977 eius
759 957 793 977 est
816 955 908 977 natione

65 1006 203 1033 Germanus,
229 1010 315 1032 nempe
339 1004 475 1031 Rodulphus
500 1004 530 1026 de
555 1002 663 1030 Bihraco,
689 1002 727 1031 qui
753 1001 829 1024 floruit
852 1004 908 1023 teste

66 1052 198 1080 Waddingo
216 1051 354 1080 (Scriptores
370 1051 425 1074 Ord.
442 1051 494 1073 Min.
513 1057 566 1078 pag.
584 1050 639 1078 309)
657 1050 717 1072 circa
734 1055 819 1072 annum
841 1049 907 1071 1360.

66 1098 109 1122 Cir.
127 1098 244 1121 Prodrom.
262 1098 305 1120 col.
322 1098 374 1120 606.
393 1097 471 1119 Eidem
489 1096 576 1119 auctori
593 1096 701 1118 tribuitur
723 1096 790 1118 etiam
809 1095 865 1117 liber
881 1094 909 1118 de

66 1145 157 1175 Septem
170 1144 241 1167 Donis
253 1143 359 1174 Spiritus
371 1144 407 1171 S.,
427 1144 456 1166 de
472 1149 519 1172 quo
536 1143 581 1165 iam
600 1143 691 1171 egimus
702 1143 725 1165 in
738 1142 909 1170 Prolegomenis

66 1193 94 1216 ad
110 1194 165 1215 tom.
183 1192 209 1213 V.
226 1197 282 1219 pag.
297 1191 345 1213 XL.

127 1239 149 1261 3.
166 1238 283 1262 Stimulos
299 1237 397 1261 uniaris.
416 1237 507 1265 incipit:
525 1236 561 1260 Ad
577 1238 609 1264 te,
624 1236 731 1264 Domine,
753 1235 829 1258 levavi
847 1236 908 1264 (Vnt.

66 1288 121 1309 tom.
137 1286 182 1308 Vll.
199 1291 254 1314 pag.
271 1285 335 1314 203).
352 1284 505 1312 Compilatum
524 1286 559 1306 est
574 1284 618 1306 hoc
638 1284 735 1305 multum
753 1285 908 1310 propagatum

69 1333 205 1362 opusculum
222 1339 248 1355 ex
265 1332 336 1355 variis
347 1332 396 1354 aliis
408 1331 479 1358 libris,
496 1331 631 1359 praesertim
649 1331 824 1353 Bonaventurae
835 1332 857 1352 et
873 1330 908 1352 Fr.

68 1380 141 1403 David
158 1379 187 1402 ab
209 1379 319 1407 Augusta.
341 1379 425 1401 Auctor
448 1378 552 1400 eiusdem
579 1377 670 1399 videtur
694 1383 744 1399 esse
761 1376 856 1405 quidam
874 1376 910 1398 Fr.

68 1426 174 1453 lacobus,
191 1427 272 1449 Lector
289 1425 463 1448 Mediolanensis
479 1425 533 1447 Ord.
552 1425 603 1446 Min.
620 1424 684 1452 Opus
700 1424 758 1446 mira
769 1430 822 1446 cum
836 1423 909 1445 varie-

68 1475 111 1496 tate
127 1473 159 1496 rei
176 1476 198 1495 ct
215 1473 295 1496 ordine
312 1473 412 1501 partium
430 1471 549 1494 exhibetur
561 1471 584 1493 in
597 1471 674 1493 multis
685 1471 753 1493 codd.
766 1473 788 1492 et
799 1470 852 1492 edd.
865 1470 909 1492 Cir.

69 1520 186 1542 Prodi-om.
204 1519 247 1542 col.
265 1519 311 1541 703
329 1525 394 1547 seqq.

131 1566 152 1589 4.
169 1565 244 1589 Biblia
258 1571 404 1595 pauperum.
422 1564 512 1592 incipit:
527 1564 603 1587 Tanta
612 1563 685 1592 pollet
696 1562 834 1586 excellentia
848 1563 908 1591 (vat.

72 1616 127 1636 tom.
143 1614 181 1636 Vi.
198 1619 252 1641 pag.
269 1612 333 1641 285).
350 1613 387 1634 Est
404 1612 439 1633 Fr.
457 1611 541 1633 Nicolai
558 1611 588 1633 de
605 1610 706 1638 Hanapis
722 1610 775 1632 Ord.
794 1610 876 1632 Praeti.
887 1612 910 1632 et

70 1660 191 1688 separatim
209 1659 295 1682 editum
314 1665 367 1681 cum
384 1659 434 1680 eius
451 1657 545 1679 nomine
562 1657 700 1684 Antverpiae
724 1657 784 1679 1535
801 1659 823 1679 01
841 1657 911 1678 Vene-

69 1707 104 1730 tiis
125 1707 188 1729 1533.
206 1706 251 1729 Cir.
269 1706 389 1728 Prodrom.
407 1705 450 1727 col.
467 1705 521 1726 710.

132 1753 152 1775 5.
171 1752 311 1776 collationes
329 1753 380 1775 octo
397 1750 429 1774 ad
453 1751 551 1774 Fratres
581 1748 705 1773 Tolosates.
732 1749 822 1778 incipit:
843 1749 910 1777 Vide,

70 1800 151 1823 anima
167 1805 220 1822 mea
238 1799 299 1827 (Vat.
317 1802 371 1820 tom.
391 1798 436 1820 Vll.
454 1803 507 1825 pag.
520 1797 583 1826 565).
595 1797 669 1819 Prima
682 1796 749 1819 libelli
762 1803 816 1824 pars
835 1799 910 1818 sumta

69 1850 103 1870 est
119 1853 145 1870 ex
162 1846 272 1869 Ubertino
297 1845 326 1868 de
351 1845 423 1867 Casali
441 1844 525 1873 (Arbor
542 1844 601 1866 vitae
625 1843 767 1872 crucifixae);
785 1844 866 1866 citatur
889 1843 912 1865 in

69 1900 97 1917 eo
108 1899 203 1923 quoque
220 1892 277 1915 liber
295 1892 324 1914 de
342 1892 468 1914 imitatione
485 1891 576 1914 Christi.
592 1890 638 1913 Cir.
654 1891 774 1913 Prodrom.
795 1891 837 1913 col.
858 1890 913 1912 702.

133 1941 155 1962 6.
167 1939 269 1963 Summa
281 1938 308 1961 de
320 1937 428 1961 essentia.
442 1938 533 1966 incipit:
547 1936 699 1967 Omnipotens
712 1938 772 1960 Deus
784 1938 844 1965 (Vat.
856 1939 912 1959 tom.

71 1987 116 2009 Vll.
139 1987 162 2008 in
179 1985 284 2014 Append.
310 1991 364 2013 pag.
389 1985 452 2013 681).
477 1984 539 2006 Licet
563 1990 616 2006 cum
639 1983 766 2006 editoribus
791 1983 914 2005 Vaticanae

73 2033 141 2055 etiam
158 2032 265 2054 Sbaralea
283 2035 305 2053 et
322 2031 407 2053 Bonelli
425 2033 513 2052 tantum
538 2029 653 2057 dubitent,
671 2036 701 2052 an
726 2031 783 2052 sorte
799 2029 827 2051 sit
844 2030 914 2051 Bona-

72 2083 195 2106 venturae,
214 2082 289 2101 tamen
308 2081 395 2101 certum
413 2081 459 2105 est,
485 2083 544 2105 opus
569 2077 623 2100 illud
644 2077 739 2099 existere
755 2077 776 2099 in
794 2076 914 2099 codicibus

72 2130 122 2150 ante
140 2133 199 2149 saec.
217 2126 245 2148 X,
262 2125 364 2153 scriptis;
382 2125 445 2153 quod
464 2126 485 2147 1).
503 2124 586 2147 Fidelis
610 2130 622 2146 a
648 2124 723 2146 Fanna
748 2124 915 2146 demonstravit

73 2174 95 2196 in
111 2173 169 2196 libro
187 2172 252 2196 Ratio
269 2178 344 2195 novae
367 2171 511 2195 collectionis
528 2177 581 2199 pag.
601 2171 644 2193 186
670 2177 719 2200 seq.
735 2172 874 2198 impressum
893 2170 915 2192 ii-

73 2221 112 2244 lud
129 2223 162 2244 est
178 2221 236 2243 inter
253 2226 323 2248 opera
343 2220 365 2242 S.
383 2219 503 2247 Augustini
522 2221 576 2240 tom.
595 2218 650 2240 Vili.
662 2218 705 2240 col.
723 2218 753 2240 72
771 2217 806 2240 ed.
830 2218 914 2240 Veneta

74 2267 142 2290 1733.
160 2266 273 2293 1101110011,
291 2266 375 2288 Etudes
393 2268 415 2288 et
432 2265 522 2288 Notices
534 2265 599 2293 (tom.
612 2265 658 2293 Vl.)
671 2264 784 2292 opinatur,
796 2267 914 2286 auctorem

77 2319 128 2336 esse
144 2314 165 2335 S.
183 2313 328 2336 Eucherium.

135 2361 158 2384 7.
177 2361 207 2383 De
224 2366 267 2383 seat
283 2359 329 2383 alis
347 2359 481 2383 Cherubim.
499 2359 593 2387 incipit:
616 2358 698 2381 Prima
714 2358 755 2381 ala
776 2360 810 2382 est
827 2358 916 2387 conses-

76 2406 110 2430 sio
128 2407 187 2436 (Vat.
205 2410 260 2430 tom.
278 2407 323 2429 Vll.
341 2406 447 2435 Append.
468 2412 522 2434 pag.
543 2405 606 2432 684).
629 2405 686 2428 Cum
710 2405 836 2428 editoribus
858 2405 917 2427 Vati-

76 2460 145 2477 00000
161 2454 228 2477 011010
246 2454 330 2476 Bonelli
347 2454 423 2476 adhuc
440 2452 511 2484 dubie
528 2453 612 2475 dehoc
624 2452 735 2480 opusculo
747 2452 858 2481 loquitur:
876 2451 916 2474 sed

77 2501 201 2524 certissime
217 2507 262 2523 non
280 2503 314 2523 est
332 2501 511 2528 ssonaveniurae,
529 2505 582 2521 cum
601 2500 624 2521 Ρ.
640 2499 722 2521 Fidelis
739 2499 790 2521 illud
809 2499 832 2520 in
855 2498 917 2521 codi-

78 2547 143 2571 cibus
159 2548 270 2571 iuvenerit
286 2547 389 2575 scriptis,
407 2550 531 2575 antequam
550 2546 586 2568 hic
604 2549 670 2568 natus
687 2546 727 2568 suit
741 2546 804 2573 (vide
821 2546 864 2567 loc.
881 2545 916 2567 cit.

80 2600 131 2623 pag.
148 2595 189 2617 185
205 2595 271 2623 seq.)
289 2594 357 2622 Apud
376 2593 450 2621 liligne
468 2593 591 2621 (Patrolog.
609 2593 656 2614 Lai.
676 2596 732 2615 tom.
743 2593 855 2620 210,(·01.
872 2593 917 2615 ‘255

79 2642 152 2670 seqq.)
169 2641 283 2664 invenitur
301 2641 359 2663 inter
376 2646 447 2668 opera
465 2640 528 2662 Alani
541 2639 570 2661 ab
583 2639 670 2661 insulis.

141 2688 161 2709 8.
179 2687 261 2710 Diaeta
279 2687 370 2710 salutis.
399 2687 489 2714 incipit:
515 2686 576 2709 Haec
601 2686 634 2708 est
650 2685 689 2708 via
716 2686 775 2714 (Vat.
801 2689 856 2707 tom.
881 2685 917 2708 Vi.

80 2739 133 2761 pag.
145 2734 208 2763 285).
220 2733 379 2756 Communitcr
397 2739 409 2755 a
427 2733 559 2755 memoratis
576 2732 632 2754 viris
649 2732 802 2759 proclamatur
818 2731 918 2761 spuria;

80 2780 119 2802 cii·-
137 2780 261 2803 Procli-om.
278 2781 320 2802 col.
338 2780 392 2802 700.
409 2780 483 2807 Saepe
500 2779 612 2806 impressa
629 2781 663 2800 est
683 2777 727 2800 sub
747 2778 919 2800 Bonaventurae

80 2826 183 2854 nomine,
200 2829 234 2848 est
251 2830 326 2848 tamen
353 2826 387 2848 Fr.
411 2826 515 2848 Gulielmi
540 2825 570 2848 de
595 2824 683 2846 Lanicia
706 2824 759 2846 Ord.
777 2825 836 2853 Min„
853 2824 920 2853 Aqui-

82 2873 134 2901 tani,
153 2876 177 2895 ut
193 2874 257 2895 multi
275 2873 342 2895 codd,
360 2875 506 2899 attestantur,
524 2878 623 2901 quorum
637 2878 696 2894 unus
712 2871 850 2894 describitur
862 2877 874 2893 a
892 2872 918 2893 cl.

83 2920 105 2943 P.
131 2921 216 2944 Deniiic
238 2921 293 2943 Ord.
320 2921 354 2943 Pr.
380 2921 401 2942 111
427 2920 531 2943 fasciculo
557 2918 719 2942 lncentarium
745 2918 847 2948 Capituli
865 2919 920 2941 Der-

86 2967 193 2990 tusensis.

1749 225 1803 253 CXI

1025 304 1045 326 9.
1064 303 1207 327 Psalterium
1224 304 1302 327 maius
1320 304 1380 333 (Vat.
1398 304 1434 326 Vl.
1453 310 1507 332 pag.
1527 303 1591 332 50i).
1608 303 1656 325 Hoc
1672 302 1803 325 detenditur

961 349 1009 372 iure
1027 356 1039 371 0
1056 350 1199 378 Bellarmino,
1217 356 1300 378 nempe
1311 353 1424 379 quatenus
1441 349 1471 372 ab
1491 349 1609 372 haereticis
1630 352 1738 378 tanquam
1758 355 1804 371 non

961 396 1121 420 orthodoxum
1133 400 1155 419 et
1167 396 1330 426 blasphemum
1341 398 1472 420 traductum
1484 399 1540 419 erat.
1549 396 1621 419 Etiam
1635 395 1741 418 Sbaralea
1751 395 1803 424 (loc.

960 443 998 465 cit.
1010 449 1063 470 pag.
1079 443 1131 472 159)
1146 443 1201 466 illud
1214 446 1238 465 ut
1249 446 1310 466 certo
1322 443 1433 473 spurium
1444 443 1564 472 reprobat,
1576 443 1632 466 dum
1645 443 1728 465 Bonelli
1742 442 1804 470 (Pro—

961 489 1035 511 drom.
1054 489 1096 511 col.
1108 490 1149 511 681
1165 490 1239 518 seqq.)
1258 490 1382 518 praecipue
1399 489 1430 512 ob
1446 490 1612 517 auctoritatem,
1623 492 1685 512 certo
1697 496 1742 511 non
1756 495 1804 511 ma-

962 541 1040 562 gnam,
1057 535 1093 557 ed.
1111 536 1249 563 Argentinae
1266 542 1302 558 an.
1324 536 1380 558 1495
1399 537 1459 565 vult,
1476 536 1532 559 illud
1549 535 1646 559 dubium
1663 542 1721 558 esse.

1025 581 1061 604 10,
1079 581 1207 610 Speculum
1225 583 1251 605 B.
1270 583 1303 605 M.
1331 582 1441 612 Virqinis.
1465 583 1558 611 incipit:
1577 582 1703 610 Quoniam,
1721 584 1746 605 ut
1771 581 1806 605 ait

963 627 1120 659 Hieronymus
1137 629 1198 655 (Vat.
1216 631 1270 651 tom.
1290 630 1325 652 Vi.
1343 636 1395 658 pag.
1414 629 1477 659 450).
1495 630 1579 652 Auctor
1596 633 1640 656 est,
1653 632 1709 651 teste
1722 630 1805 651 Ioanne

963 676 992 698 de
1010 676 1183 698 Turrecremata
1202 677 1223 698 in
1241 679 1336 699 tractatu
1354 677 1383 699 de
1401 677 1501 699 Veritate
1518 676 1680 704 Conceptionis
1692 677 1714 698 B.
1728 677 1757 698 lii.
1769 676 1804 704 V.,

969 731 978 742 α
991 723 1026 744 Fr.
1043 722 1163 745 Conradus
1180 724 1261 749 Saxon,
1279 726 1432 750 cognomento
1449 723 1594 751 Holzingario
1604 731 1626 745 n.
1643 722 1702 745 Vide
1720 722 1804 744 Bonelli

964 770 1092 797 (ΡΙ-001001.
1110 771 1152 792 col.
1170 770 1234 798 706),
1252 770 1291 798 qui
1315 770 1419 793 rationes
1445 770 1528 793 Oudini
1546 773 1607 792 recte
1624 770 1736 797 confutat,
1761 769 1803 792 sed

963 817 1041 846 quoad
1058 816 1231 840 conclusionem
1248 817 1297 839 aliis
1315 816 1387 839 tribus
1405 817 1488 839 criticis
1505 817 1624 839 consentit.

1027 864 1035 885 1
1047 864 1063 885 i.
1078 863 1203 892 Theoloyia
1215 863 1322 893 mystica.
1334 863 1423 891 incipit:
1440 863 1495 886 Viae
1507 863 1565 887 Sion
1575 863 1656 892 luaent
1672 863 1732 891 (Vat.
1746 865 1801 884 tom.

964 911 1010 933 Vll.
1028 910 1134 938 Append.
1152 916 1207 937 pag.
1223 910 1286 939 699).
1306 910 1421 939 Quidquid
1435 910 1495 932 dicat
1507 910 1655 938 Waddingus
1667 909 1803 938 (Scriptores

965 956 1019 979 Ord.
1036 956 1086 978 Min.
1104 962 1159 984 pag.
1176 956 1205 977 80
1223 956 1260 978 ed.
1276 957 1363 978 Romae
1379 956 1458 985 1806),
1470 959 1558 979 certum
1571 958 1617 983 est,
1630 956 1685 978 salso
1697 956 1758 977 illam
1771 955 1806 977 tri-

965 1003 1005 1026 bui
1022 1004 1202 1026 Bonaventurae.
1222 1003 1306 1025 Bonelli
1324 1003 1453 1031 (Prodrom.
1465 1003 1508 1025 001.
1525 1003 1569 1025 677
1587 1003 1663 1031 seqq.)
1680 1008 1733 1025 cum
1751 1001 1807 1030 ipsis

965 1049 1094 1073 editoribus
1110 1050 1234 1072 vaticanae
1251 1050 1280 1072 de
1298 1050 1437 1077 genuinitate
1454 1050 1558 1072 eiusdem
1576 1049 1644 1072 vaide
1656 1048 1805 1072 dubitationi

965 1100 1059 1125 propter
1076 1097 1220 1119 manifestam
1238 1096 1389 1119 differentiam
1406 1097 1448 1119 stili
1466 1099 1514 1118 tum
1532 1100 1626 1124 propter
1651 1096 1806 1118 testimonium

966 1143 1080 1171 codicum,
1098 1143 1206 1165 Gersonis
1223 1143 1378 1171 aliorumque,
1391 1143 1431 1172 qui
1448 1144 1506 1165 hanc
1520 1142 1671 1172 Theoloqiam
1682 1142 1807 1172 mysticam

965 1190 1068 1213 tribuunt
1080 1190 1115 1212 Fr.
1127 1190 1217 1217 Hugoni
1230 1190 1293 1216 (01105
1304 1189 1409 1217 Henrico)
1423 1189 1452 1211 dc
1464 1190 1548 1211 Raima.
1562 1190 1650 1211 Exstant
1661 1189 1737 1211 adhuc
1749 1189 1806 1211 ultra

966 1238 995 1259 50
1012 1237 1116 1264 codices,
1134 1237 1181 1266 qui,
1198 1237 1298 1264 exceptis
1323 1237 1438 1258 nonnullis
1463 1236 1596 1264 anonymis,
1621 1242 1680 1264 opus
1705 1235 1808 1258 tribuunt

967 1283 1062 1313 Huyoni
1077 1283 1104 1306 tle
1121 1283 1217 1311 Balma,
1232 1283 1322 1311 addito,
1335 1284 1398 1312 quod
1415 1283 1443 1305 sit
1458 1283 1629 1305 Carthusianus.
1642 1282 1773 1305 Paucissimi
1786 1285 1808 1305 et

966 1334 1069 1354 recentes
1087 1332 1217 1359 praeierunt
1233 1336 1317 1352 nomen
1335 1331 1516 1352 Bonaventurae.
1530 1342 1561 1346 —
1575 1330 1631 1359 Quia
1650 1330 1671 1352 in
1688 1329 1807 1352 codicibus

967 1378 1071 1407 pluribus
1083 1378 1163 1400 eadem
1179 1377 1309 1400 inscribitur
1320 1377 1347 1400 de
1362 1377 1458 1406 Triplici
1475 1377 1515 1400 Via
1527 1377 1559 1400 ad
1575 1376 1723 1406 sapientiam,
1735 1383 1805 1405 quem

966 1426 1056 1449 titulum
1076 1425 1144 1447 etiam
1162 1425 1223 1447 allud
1246 1424 1376 1454 qennz'nnm
1393 1424 1531 1452 opusculum
1549 1424 1723 1446 Bonaventurae
1742 1422 1807 1452 (infra

967 1471 1052 1499 Opusc.
1070 1472 1093 1500 l.)
1107 1471 1185 1497 habet,
1198 1471 1250 1493 hinc
1262 1477 1325 1493 error
1343 1473 1406 1493 ortus
1418 1477 1468 1493 esse
1480 1470 1584 1497 videtur,
1597 1472 1622 1492 ut
1633 1470 1666 1492 illa
1682 1469 1808 1499 Tlteoloqia

967 1518 1066 1548 mystica
1085 1518 1257 1540 Bonaventurae
1274 1517 1420 1539 tribueretur.

1032 1565 1068 1586 12.
1087 1564 1119 1586 De
1135 1563 1204 1587 Motlo
1223 1563 1348 1593 confitendi
1367 1565 1388 1586 et
1410 1562 1437 1585 de
1451 1563 1557 1592 puritate
1574 1562 1736 1586 conscientiae.
1753 1563 1808 1584 lnci-

968 1611 1013 1639 pit:
1032 1610 1150 1639 Quoniam
1165 1610 1348 1640 [tundamentum
1360 1610 1419 1638 (Vat.
1433 1613 1487 1632 tom.
1501 1610 1546 1632 Vii.
1561 1610 1667 1637 Append.
1679 1616 1732 1637 pag,
1745 1609 1808 1638 687).

968 1658 1110 1686 Opusculum
1128 1658 1267 1685 impressum
1285 1661 1318 1679 est
1335 1657 1391 1679 inter
1409 1663 1477 1685 opera
1491 1657 1513 1679 S.
1527 1657 1630 1679 Thomae
1643 1656 1688 1685 (ecl.
1706 1657 1808 1678 Romana

968 1704 1012 1727 sub
1030 1706 1052 1727 S.
1071 1705 1109 1727 Pio
1127 1705 1176 1734 V.),
1194 1705 1248 1731 scd,
1266 1707 1322 1726 teste
1339 1704 1442 1726 Echardo
1460 1703 1552 1732 (Script.
1565 1703 1620 1726 Ord.
1634 1703 1713 1726 Praed.
1726 1705 1781 1725 tom.
1793 1704 1808 1725 l.

969 1758 1022 1780 pag.
1040 1751 1103 1780 341),
1120 1758 1165 1774 000
1182 1754 1216 1774 est
1233 1751 1292 1779 eius;
1310 1751 1374 1780 quod
1391 1757 1453 1773 nunc
1476 1751 1629 1773 communiter
1647 1752 1743 1773 tenetur.
1762 1752 1809 1772 iam

969 1801 1057 1822 Gerson
1075 1799 1160 1827 (Tract.
1177 1799 1209 1820 De
1234 1798 1358 1820 Examinat.
1384 1798 1506 1820 doctrinar.
1532 1804 1554 1825 p.
1580 1798 1603 1819 ll.
1630 1797 1659 1819 00
1684 1796 1810 1825 pollutione

970 1847 1078 1869 diuturna
1096 1847 1132 1868 sol.
1151 1846 1205 1874 215)
1216 1845 1291 1867 dicit:
1308 1853 1318 1865 «x
1330 1845 1423 1867 Notetur
1435 1845 1579 1871 tractatulus,
1592 1850 1661 1872 quem
1674 1843 1808 1866 adscribunt

970 1893 1039 1921 aliqui
1065 1893 1087 1915 S.
1113 1893 1228 1919 Thomae,
1254 1892 1293 1913 sed
1319 1891 1394 1919 magis
1414 1891 1514 1920 apparet
1538 1897 1564 1913 ex
1588 1889 1641 1913 stilo
1658 1891 1680 1912 et
1695 1889 1809 1918 materia,

970 1939 1033 1967 quod
1051 1939 1079 1961 sit
1095 1939 1291 1965 Bonaventurae,·
1308 1937 1347 1966 qui
1366 1937 1457 1965 incipit:
1484 1936 1603 1965 Quoniam
1627 1935 1810 1966 fundamentum

970 1987 992 2009 et
1008 1985 1089 2008 ianua.
1115 1986 1140 2007 Et
1164 1987 1198 2007 est
1220 1985 1316 2007 multum
1342 1984 1402 2006 utilis
1415 1993 1435 2005 n.
1453 1983 1582 2006 Auctoritas
1598 1983 1706 2005 Gersonis
1722 1982 1811 2005 induxit

971 2032 1102 2055 Sbaraleam
1121 2034 1142 2054 et
1159 2032 1242 2054 Bonelli
1261 2032 1389 2059 (i‘rodrom.
1407 2031 1448 2052 coi.
1467 2030 1534 2059 549),
1558 2032 1582 2052 ut
1606 2031 1666 2052 hunc
1691 2032 1811 2052 tractatum

973 2080 1145 2101 Bonaventurae
1161 2078 1337 2105 vindicaverint,
1348 2081 1417 2106 atque
1433 2077 1501 2099 etiam
1519 2077 1608 2099 occasio
1621 2077 1673 2105 suit,
1687 2080 1710 2098 ut
1723 2076 1743 2098 iu
1756 2082 1812 2098 non-

972 2127 1038 2148 nullis
1055 2125 1123 2148 libelli
1140 2124 1258 2148 codicibus
1276 2128 1326 2152 post
1343 2125 1467 2147 Gersonem
1486 2123 1577 2152 scriptis
1593 2129 1677 2146 nomen
1694 2123 1812 2146 Bonaven·

972 2175 1041 2196 turae
1057 2172 1196 2200 apparuerit.
1216 2172 1260 2194 Sed
1277 2178 1302 2194 re
1316 2177 1369 2193 vera
1388 2172 1475 2193 Gerson
1490 2177 1535 2193 non
1554 2170 1676 2192 affirmavit
1692 2169 1810 2197 absolute,

972 2219 1156 2241 Bonaventuram
1175 2224 1224 2240 esse
1246 2218 1314 2240 huius
1337 2219 1443 2240 tractatus
1464 2219 1596 2244 auctorem,
1613 2216 1653 2239 sed
1674 2217 1717 2238 hoc
1734 2216 1811 2245 magis

972 2272 1021 2289 esse
1037 2265 1173 2293 verisimile,
1191 2271 1262 2294 quam
1279 2264 1342 2293 quod
1360 2264 1387 2286 sit
1405 2265 1426 2285 S.
1444 2265 1557 2292 Thomae;
1575 2263 1638 2292 quod
1651 2262 1745 2292 quidem
1761 2268 1814 2285 con-

973 2313 1023 2335 cedi
1040 2315 1123 2340 potest.
1140 2313 1201 2334 Hanc
1214 2318 1283 2339 porro
1296 2311 1426 2339 opinionem
1442 2311 1527 2333 Gerson
1545 2316 1590 2332 non
1608 2313 1667 2332 tenet
1683 2310 1813 2332 testimonio

973 2359 1119 2386 traditionis,
1137 2359 1176 2381 sed
1199 2364 1244 2380 «ex
1260 2358 1310 2380 stilo
1328 2360 1350 2380 et
1367 2357 1460 2380 materia
1471 2366 1481 2377 n
1502 2358 1545 2380 hoc
1562 2357 1700 2384 suspicatur.
1722 2357 1812 2384 Reapse

973 2406 1063 2428 libellus
1080 2406 1107 2427 ad
1126 2408 1232 2427 neutrum
1250 2404 1358 2432 pertinet,
1376 2404 1417 2426 scd
1434 2406 1468 2426 est
1484 2403 1588 2431 magistri
1611 2403 1714 2425 Matthaei
1732 2409 1744 2424 0
1762 2402 1813 2425 Cra·

974 2453 1052 2480 covia,
1070 2454 1092 2473 111
1114 2454 1175 2473 recte
1192 2451 1258 2473 docet
1275 2451 1301 2473 cl.
1319 2451 1356 2472 Dr.
1376 2451 1445 2472 Finke
1467 2450 1489 2472 in
1510 2450 1617 2477 articula,
1637 2455 1707 2478 quem
1725 2449 1754 2472 de
1771 2449 1813 2471 isto

975 2500 1086 2521 lilatthaco
1098 2498 1189 2526 scripsit
1206 2498 1227 2519 in
1246 2503 1316 2525 opere
1331 2495 1533 2520 Ix'ircltenleoeikon
1546 2496 1654 2524 (Hei-der,
1666 2496 1702 2518 ed.
1715 2496 1745 2524 2.)
1758 2498 1814 2518 tom.

975 2546 1028 2567 Viii.
1041 2546 1083 2566 coi.
1097 2545 1155 2566 1029
1171 2550 1218 2572 seq.
1233 2544 1280 2571 (sed
1299 2543 1329 2565 ihi
1343 2544 1398 2565 salso
1410 2543 1548 2571 supponitur
1562 2543 1593 2565 De
1605 2542 1672 2566 Modo
1690 2541 1815 2572 confitendi

975 2595 997 2614 et
1014 2592 1046 2614 De
1063 2591 1168 2614 Puritate
1185 2590 1339 2614 conscientiae
1356 2596 1405 2612 esse
1422 2590 1526 2612 distincta
1550 2590 1673 2617 opuscula,
1696 2595 1748 2611 cum
1771 2589 1816 2611 5101

976 2644 1046 2660 1101101
1065 2640 1087 2659 01
1105 2637 1184 2664 idem).
1201 2637 1241 2658 iste
1259 2637 1393 2664 Matthaeus,
1411 2642 1451 2658 sua
1470 2638 1542 2657 aetate
1558 2634 1732 2662 celeberrimus,
1749 2637 1815 2656 natus

976 2685 1034 2707 circa
1047 2691 1083 2706 an.
1099 2684 1167 2711 1335,
1180 2685 1300 2711 promotus
1311 2683 1340 2705 ad
1354 2683 1511 2710 magisterium
1528 2682 1595 2709 1367,
1607 2683 1678 2703 sactus
1692 2682 1815 2709 episcopus

980 2730 1124 2753 Wormatiae
1146 2730 1215 2756 1405,
1234 2732 1337 2751 mortuus
1354 2732 1387 2751 cst
1404 2735 1440 2751 an.
1460 2729 1527 2750 1110.
1544 2740 1575 2744 ——
1597 2729 1644 2750 i-loc
1667 2728 1815 2750 confirmatur

977 2778 1105 2800 testimonio
1123 2777 1246 2799 multorum
1265 2776 1382 2803 codicum,
1399 2782 1500 2804 quorum
1518 2776 1540 2797 Ρ,
1558 2775 1641 2797 Fidelis
1657 2781 1668 2797 a
1683 2775 1757 2796 Fauna
1771 2775 1815 2796 109

979 2824 1099 2851 recensuit,
1112 2827 1131 2845 ct
1144 2823 1259 2851 antiquior
1276 2825 1309 2844 cst
1327 2829 1363 2845 an.
1378 2823 1435 2844 ¹3:³8
1448 2825 1560 2844 exaratus.
1575 2822 1654 2849 Magna
1668 2823 1749 2844 horum
1762 2828 1815 2849 pars

978 2878 1022 2893 non
1041 2870 1108 2892 habet
1125 2876 1209 2892 nomen
1227 2869 1339 2896 auctoris,
1364 2870 1399 2891 alii
1418 2869 1489 2891 dubie
1506 2870 1642 2898 loquuntur;
1661 2869 1728 2891 codd.
1746 2869 1770 2890 31
1793 2869 1815 2891 11-

977 2918 1062 2940 bellum
1088 2917 1191 2939 trIbuunt
1216 2916 1332 2939 Malthaeo
1358 2923 1372 2939 a
1399 2916 1524 2944 (ΙΙ-(1001110,
1543 2916 1582 2939 scd
1610 2917 1637 2938 38
1656 2916 1680 2939 S.
1700 2916 1816 2944 Tltomae,

977 2964 1123 2987 solummodo
1137 2964 1164 2986 10
1177 2966 1198 2985 01
1214 2963 1351 2986 recentiores
1363 2962 1388 2986 S.
1400 2963 1589 2990 Bonaventia-ae,
1610 2962 1742 2991 paucissimi
1761 2968 1815 2984 vero
