2133 3317
128 304 235 323 Distinefio.

140 1188 209 1206 Contra
221 1188 239 1206 2.

119 1211 160 1230 eius
184 1211 240 1230 ratio-

118 1240 162 1254 nem
178 1235 239 1258 argui-

119 1260 155 1277 tur.

251 221 309 249 ⁶254

253 306 326 327 casu
347 297 494 334 intelligat,
516 296 585 324 nihil
606 295 639 323 ad
661 294 832 331 propositum
859 301 942 322 suum
964 293 1044 322 valet.
1073 292 1099 321 Si

253 348 345 374 autem
367 343 539 380 simpliciter
560 341 709 378 intelligat,
731 341 803 369 sicut
824 340 961 374 insinuat,
976 348 1031 368 non
1045 347 1101 368 mo-

252 391 344 420 dicum
376 392 467 423 errat,
496 388 562 426 quia
586 388 758 425 quicumque
784 386 941 415 voluntarie
968 394 998 415 se
1019 385 1101 414 morti

253 439 420 474 exponeret,
446 443 509 464 cum
540 435 641 468 latere,
664 434 707 462 vel
728 433 825 470 fugere
846 436 953 470 posset,
975 435 1102 470 peccaret

252 482 415 515 mortaliter,
436 481 538 509 faciens
569 483 665 509 contra
695 480 804 508 Domini
832 480 991 508 iussionem.
1023 478 1102 515 Quod

253 531 275 559 si
297 537 395 558 verum
416 531 472 561 est,
500 527 651 556 beatissimi
680 528 814 564 Martyres
841 527 955 561 Petrus,
985 526 1101 560 Paulus,

252 576 388 609 Andreas,
407 574 588 608 Laurentius,
609 574 802 607 Sebastianus,
824 573 968 602 Tiburtius
990 576 1017 602 et
1038 581 1102 602 con-

253 622 371 655 similes,
393 621 440 658 qui
463 628 492 649 se
512 620 589 649 ultro
609 620 836 657 persecutoribus
863 620 1041 654 obtulerunt,
1063 619 1103 647 di—

252 668 298 706 gni
314 676 367 696 non
390 669 481 696 essent
498 667 585 704 gloria
600 667 768 703 Martyrum,
791 667 840 695 sed
861 667 1010 704 ignominia
1024 674 1103 704 prae-

252 714 447 743 varicatorum.
470 714 582 750 Magnae
603 713 688 750 igitur
709 713 762 742 fuit
782 713 935 742 dementiae
960 713 1103 742 universa-

252 761 316 790 liter
344 760 500 794 affirmare,
529 760 602 797 quod
631 760 717 789 sancti
739 760 873 796 Martyres
899 760 1055 797 fugiebant,
1077 762 1105 789 et

253 815 317 837 cum
338 807 566 841 inveniebantur,
586 807 720 843 martyrio
741 814 770 835 se
791 806 954 835 subdebant.
971 807 1037 835 Nam
1052 807 1105 835 hoc

253 861 386 891 expresse
416 853 530 890 derogat
552 853 711 890 perfectioni
744 856 903 882 sanctorum
935 853 1105 889 Martyrum,

253 900 319 938 quia
346 900 463 937 quilibet
491 902 750 937 quantumcumque
777 899 972 937 imperfectus,
994 899 1105 936 quando

253 955 307 976 non
332 950 422 984 potest
453 947 554 981 latere,
582 949 692 975 tenetur
721 954 749 975 se
771 946 861 983 ipsum
883 946 1018 983 martyrio
1040 946 1105 975 sub-

254 995 335 1029 dere;
358 1002 389 1023 ac
410 1002 460 1031 per
481 994 549 1028 hoc,
571 994 636 1022 dum
660 994 733 1022 actui
755 993 876 1030 fugiendi
898 993 994 1022 falsam
1017 1001 1105 1030 quan-

254 1041 317 1070 dam
339 1041 535 1078 perfectionem
550 1040 693 1075 attribuit,
709 1040 837 1077 perfectis
858 1040 959 1069 Christi
978 1040 1105 1077 Martyri-

254 1088 307 1117 bus
328 1096 422 1116 veram
444 1087 522 1116 tollit.

338 1135 363 1162 7.
379 1134 436 1162 Alia
450 1142 563 1171 quoque
578 1133 663 1168 ratio,
679 1142 735 1171 qua
750 1136 866 1162 conatur
880 1134 1016 1171 probare,
1032 1133 1106 1171 quod

257 1181 353 1218 fugere
374 1189 428 1209 non
450 1181 486 1209 sit
506 1180 715 1217 imperfectum,
738 1180 803 1217 quia
824 1180 876 1209 viri
898 1180 1012 1218 perfecti
1027 1181 1105 1218 fuge-

257 1230 338 1262 runt,
354 1227 501 1264 dupliciter
517 1227 609 1256 deficit
622 1238 627 1255 ε
643 1228 750 1264 primo,
766 1227 832 1264 quia
846 1236 900 1256 non
923 1235 1016 1262 omne,
1032 1227 1106 1264 quod

256 1275 308 1303 viri
331 1274 445 1311 perfecti
466 1274 587 1308 faciunt,
608 1277 649 1303 est
671 1274 723 1303 hoc
745 1274 804 1311 ipso
829 1274 992 1311 perfectum.
1021 1275 1105 1309 Nam,

256 1321 328 1350 sicut
349 1321 444 1355 Iacob,
465 1321 551 1350 David
564 1344 571 1356 ,
596 1321 675 1350 Urias
696 1323 723 1350 et
744 1321 909 1350 Mathathias
922 1322 931 1338 ¹
957 1321 1105 1358 fugerunt,

256 1376 327 1405 quos
348 1367 499 1396 introducit
520 1367 554 1396 ad
576 1368 658 1405 fugae
672 1368 955 1402 commendationem,
971 1368 1009 1396 ita
1023 1367 1106 1397 etiam

256 1416 417 1444 habuerunt
431 1422 537 1443 uxores
552 1417 579 1443 et
593 1415 779 1452 proprietates
797 1415 1019 1452 possessionum,
1035 1422 1107 1452 quae

256 1464 347 1491 tamen
369 1470 428 1491 sese
449 1470 513 1490 cun]
536 1462 693 1499 evangelica
721 1461 890 1498 perfectione
918 1469 973 1490 non
995 1469 1105 1498 compa-

256 1509 374 1538 tiuntur.
399 1526 433 1529 —
462 1508 583 1543 Dehinc,
613 1508 694 1545 quia,
722 1511 754 1537 ut
781 1508 889 1545 supra²
918 1510 1105 1537 monstratum

257 1558 313 1589 est,
335 1558 432 1590 actus,
454 1555 501 1592 qui
523 1555 557 1584 de
578 1563 629 1584 suo
650 1563 751 1592 genere
773 1558 814 1584 est
839 1555 1034 1592 imperfectus,
1057 1563 1106 1592 per

256 1603 377 1639 aliquam
400 1602 652 1637 circumstantiam,
675 1610 759 1640 quam
788 1602 911 1639 perfecta
939 1602 1040 1631 caritas
1068 1602 1106 1630 illi

256 1648 383 1683 adhibet,
406 1651 497 1685 potest
517 1656 577 1677 esse
598 1648 739 1685 perfectus
751 1659 758 1683 ;
780 1651 807 1677 et
828 1648 889 1677 ideo
916 1656 971 1676 non
1000 1648 1107 1676 ratione

256 1698 351 1730 actus,
373 1695 420 1724 sed
442 1695 667 1724 circumstantiae
682 1698 843 1724 sanctorum
857 1695 983 1724 virorum
999 1695 1027 1723 in
1043 1703 1107 1732 ope-

256 1742 335 1771 ribus
366 1742 525 1771 huiusmodi
557 1742 689 1779 perfectio
721 1741 940 1771 commendatur.
964 1758 999 1761 —
1028 1742 1107 1770 Prae-

256 1791 347 1823 terea,
370 1789 442 1818 sicut
462 1797 517 1817 non
539 1789 682 1826 sequitur,
711 1789 785 1826 quod
813 1788 939 1818 occidere
968 1789 1107 1817 hominem

257 1836 292 1864 sit
312 1836 416 1864 bonum
438 1838 522 1873 atque
542 1836 713 1873 perfectum,
735 1836 800 1873 quia
819 1836 934 1865 Phinees
955 1838 981 1865 et
1002 1836 1107 1864 Matha-

257 1883 329 1912 thias
340 1883 351 1899 ⁸
373 1891 409 1912 ex
430 1885 609 1920 peccatorum
631 1883 767 1912 occisione
785 1883 952 1918 laudantur3
968 1883 1007 1912 sic
1022 1886 1049 1913 et
1064 1891 1108 1912 ra-

256 1930 345 1959 tiones
365 1930 542 1965 huiusmodi,
564 1938 633 1967 quas
654 1930 835 1967 multiplicat,
850 1930 889 1959 nil
904 1933 979 1959 recte
997 1931 1108 1959 conclu-

257 1976 335 2005 dunt.
357 1977 428 2005 Bene
449 1980 540 2005 tamen
563 1980 653 2014 potest
673 1977 787 2011 inferri,
809 1977 883 2014 quod
905 1977 927 2006 si
949 1978 1035 2006 sancti
1056 1977 1108 2006 viri

257 2024 361 2061 aliquid
375 2024 550 2053 laudabiliter
564 2024 706 2058 fecerunt,
721 2024 789 2053 illud
804 2024 863 2053 fieri
879 2027 969 2061 potest
984 2033 1034 2061 pro
1049 2025 1108 2054 loco

258 2073 285 2099 et
300 2078 351 2107 pro
365 2073 489 2107 tempore
503 2070 609 2107 absque
623 2073 750 2107 peccato,
766 2071 837 2100 sicut
852 2079 929 2100 sacer
944 2071 1108 2101 Athanasius

258 2117 377 2154 probare
399 2117 516 2146 intendit
527 2118 547 2145 4.
569 2117 623 2146 Nec
644 2120 735 2146 tamen
750 2125 787 2146 ex
802 2118 854 2146 hoc
869 2118 1012 2154 sequitur,
1034 2118 1108 2155 quod

259 2164 294 2192 sit
314 2163 484 2200 perfectum,
513 2164 564 2192 nisi
587 2164 691 2201 pariter
713 2164 888 2199 includatur,
910 2164 984 2201 quod
1006 2164 1108 2201 imper-

258 2210 339 2238 fectio
360 2213 503 2246 peccatum
526 2210 663 2245 includat,
686 2210 757 2239 sicut
778 2210 824 2239 hic
844 2218 976 2247 perverse
996 2210 1107 2247 dogma-

259 2256 332 2284 tizat.
355 2256 433 2292 Quod
454 2256 519 2293 quia
534 2256 686 2293 superius5
708 2256 899 2293 multipliciter
920 2256 1106 2293 improbatum

260 2304 317 2337 est,
338 2302 384 2331 hic
405 2310 635 2331 commemorasse
657 2302 784 2332 sufficiat.

323 2574 331 2587 ²
349 2574 393 2598 Cfr.
405 2576 460 2597 Gen.
474 2576 510 2604 28,
523 2575 550 2604 5;
563 2576 578 2598 1.
589 2576 646 2604 Reg.
660 2576 697 2603 19,
710 2576 752 2604 ¹¹23
765 2577 806 2599 ler.
819 2576 855 2605 26,
868 2577 892 2598 21
904 2584 909 2605 ;
921 2577 936 2599 l.
949 2577 1022 2600 Maeli.
1034 2577 1056 2605 2,
1068 2577 1105 2599 28.

323 2613 332 2626 2
349 2613 403 2642 Cap.
423 2614 444 2636 1.
460 2620 483 2636 Π.
501 2614 523 2636 9.

322 2651 331 2665 ³
348 2652 409 2675 Vide
425 2653 492 2675 Num.
511 2653 553 2682 25,
569 2652 592 2675 ’7.
610 2659 675 2682 seqq.
694 2653 739 2682 (Ps.
757 2654 815 2681 1105,
833 2654 870 2676 30.
888 2654 946 2683 seq.)
965 2656 987 2676 et
1004 2655 1020 2677 l.
1033 2655 1106 2677 Mach.

260 2692 286 2719 2,
304 2691 381 2714 24-26.
397 2704 428 2708 —
445 2691 489 2714 Csr.
507 2698 578 2720 supra
596 2698 616 2715 c.
635 2693 656 2715 1.
673 2699 696 2715 Π.
716 2693 742 2721 9,
760 2692 800 2715 ubi
815 2693 913 2716 dicitur:
929 2693 1023 2717 Malum
1034 2693 1059 2716 in
1071 2699 1106 2723 ye-

259 2736 316 2754 nere
332 2733 407 2759 potest
423 2731 471 2754 fleri
489 2730 577 2754 bonum
595 2738 622 2754 ex
646 2732 831 2760 circumstantia,
857 2735 881 2755 ut
906 2732 1012 2755 occidere
1035 2733 1106 2755 horni-

260 2775 326 2798 nem,
344 2770 398 2798 quia
416 2770 534 2793 maleficus
551 2773 598 2799 est,
620 2773 643 2794 et
667 2771 721 2800 quia
746 2771 780 2794 lex
806 2771 870 2794 iubet
886 2774 930 2794 etc.
946 2784 977 2788 —
995 2772 1107 2800 Superius

260 2814 303 2836 pro
320 2808 447 2832 Praeterea
463 2809 481 2831 Α
498 2811 521 2831 et
537 2809 573 2832 ed.
593 2810 601 2832 1
623 2809 760 2839 Propterea.

323 2847 333 2859 ¹
349 2848 372 2870 ln
389 2848 501 2876 Apologia
526 2849 556 2871 de
573 2849 627 2877 suga
644 2855 693 2872 sua.
710 2862 741 2865 —
758 2849 815 2872 Edd.
837 2849 943 2879 probare
968 2849 1061 2874 videtur
1086 2851 1108 2873 et

261 2885 366 2909 intendit.

324 2924 334 2937 ⁵
350 2924 405 2953 Cap.
423 2926 445 2948 2.
462 2932 484 2948 n.
502 2926 523 2948 3.
541 2928 564 2949 et
580 2927 602 2949 6.
620 2933 684 2956 seqq.
702 2939 733 2944 —
750 2928 780 2950 Ex
798 2927 842 2950 ΑΒ
859 2928 1020 2956 supplevimus
1044 2927 1107 2951 mul-

262 2963 378 2994 tiplicz‘ter.

324 3001 335 3015 ‘³
351 3003 409 3026 Edd.
426 3009 549 3032 perperam
566 3004 658 3028 ratione
667 3013 676 3033 ;
694 3006 734 3028 csr.
751 3005 820 3033 paulo
838 3005 931 3028 inferius
947 3005 1015 3028 dicta.

727 216 926 246 OPUSCULUM
947 216 989 244 XI.
1011 215 1174 244 APOLOGIA
1195 215 1376 245 PAUPERUM.
1400 216 1467 244 CAP.
1491 216 1532 244 lV.

1236 294 1262 321 8.
1286 294 1355 322 Sane
1373 294 1528 329 distinctio,
1544 302 1627 331 quam
1643 293 1786 330 subiungit
1800 293 1834 322 de
1847 293 1942 322 modis
1956 292 2004 330 fu-
2017 300 2051 319 Sex
2061 303 2118 322 modi.

1156 339 1271 377 mendi,
1294 348 1364 377 quos
1385 340 1419 369 de
1447 348 1476 369 se
1504 340 1641 377 perfectos
1672 343 1788 369 conatur
1820 342 1946 368 astruere
1974 347 2004 368 ac

1157 386 1348 423 multipliciter
1369 394 1418 423 per
1440 387 1569 423 exempla
1587 387 1797 421 commendare,
1813 395 1867 415 non
1883 386 2006 415 veritatis

1158 433 1382 462 dilucidationem
1411 433 1511 462 tribuit
1530 434 1615 463 menti
1638 434 1803 471 legentium,
1826 434 1893 471 quin
1914 433 2006 470 potius

1159 479 1264 508 erroris
1285 479 1446 516 caliginem,
1468 480 1521 509 nisi
1548 480 1664 509 sollicita
1692 480 1939 517 circumspectione
1963 488 2007 509 ca-

1159 528 1266 555 veatur.
1289 526 1438 563 Distinguit
1456 534 1577 563 namque
1591 535 1641 555 sex
1658 527 1758 555 modos
1772 527 1869 563 fugae,
1885 534 2006 563 quorum

1165 584 1178 598 «
1189 572 1310 609 primus,
1326 575 1358 600 ut
1371 572 1450 607 dicit,
1466 575 1508 601 est
1522 580 1559 601 ex
1574 573 1675 601 mentis
1687 574 1893 610 perversitate,
1909 581 2007 602 secun-

1159 619 1212 648 dus
1226 627 1263 648 ex
1277 619 1381 647 mentis
1402 619 1525 656 ignavia
1540 622 1567 648 et
1581 619 1683 648 tintore
1694 620 1705 636 ⁶
1726 619 1841 654 servili,
1858 620 1958 648 tertius
1972 627 2007 648 ex

1159 665 1296 694 naturali
1311 665 1423 700 timore,
1439 669 1558 703 quartus
1573 673 1609 694 ex
1624 666 1727 694 mentis
1738 665 1912 700 humilitate,
1928 666 2008 703 quin-

1161 715 1207 741 tus
1228 721 1263 741 ex
1286 712 1500 749 circumspecta
1517 713 1696 749 prudentia,
1725 716 1823 741 sextus
1854 721 1891 741 ex
1916 712 2008 741 abim-

1161 759 1246 788 clcmtz'
1265 759 1509 787 misericordia».
1526 759 1553 787 ΙΠ
1576 767 1696 796 quorum
1720 759 1864 788 modorum
1887 759 2008 796 explica-

1161 807 1235 835 tione
1246 807 1334 835 multa
1345 806 1436 835 dicere
1451 806 1591 835 invenitur
1603 806 1732 835 absurda.
1745 823 1783 827 —
1794 807 1921 843 Loquens
1935 806 2007 835 enim

1161 852 1195 881 de
1206 852 1327 881 secundo
1343 852 1433 886 modo,
1449 852 1529 886 dicit,
1545 852 1620 889 quod
1639 863 1652 877 «
1664 851 1766 890 fugere
1781 861 1815 880 ex
1830 852 1954 889 iynavz'a
1967 854 2009 881 est

1162 907 1198 927 ex
1220 899 1322 927 timore
1342 899 1455 933 seruili,
1478 899 1550 928 sicut
1570 899 1704 936 fugerunt
1724 899 1773 927 filii
1796 899 1878 928 lsrael
1903 899 1930 927 in
1951 899 2008 928 die-

1162 945 1215 974 bus
1230 945 1343 974 Saulis»
1357 946 1377 980 ⁷,
1399 945 1561 982 subditque,
1577 945 1651 982 quod
1675 956 1687 971 «
1703 945 1830 974 Christus
1845 946 1897 974 hoc
1912 946 2010 975 timore

1162 995 1280 1021 mortem
1297 1001 1351 1021 non
1370 992 1478 1026 timuit,
1501 992 1547 1021 sed
1571 992 1661 1021 timeri
1684 992 1827 1029 prohibuit
1841 1003 1873 1026 »;
1889 995 1915 1021 et
1930 993 2011 1029 paulo

1162 1042 1243 1076 post:
1270 1040 1368 1068 «Haec
1389 1039 1454 1076 fuga
1475 1039 1644 1076 imperfectis
1664 1039 1837 1076 competit».

1242 1087 1267 1114 9.
1290 1086 1319 1114 Ιῖ]
1341 1086 1384 1115 his
1405 1089 1498 1115 autem
1519 1086 1612 1115 verbis
1633 1086 1752 1115 ostendit
1779 1094 1808 1115 se
1839 1094 1889 1123 per
1920 1086 2011 1115 omnia

1163 1133 1332 1170 theologicae
1353 1133 1477 1162 veritatis
1499 1133 1643 1170 ignarum:
1665 1133 1756 1170 primo
1771 1136 1907 1170 quantum
1922 1133 1957 1162 ad
1971 1133 2010 1162 si—

1161 1179 1376 1217 qnis‘iecttz'onem
1409 1179 1565 1208 verborum
1593 1180 1621 1208 in
1650 1180 1701 1208 hoc
1729 1180 1804 1217 quod
1832 1180 1912 1214 dicit,
1941 1179 2012 1209 filios

1163 1227 1245 1256 Israel
1260 1226 1363 1263 fugisse
1375 1227 1540 1255 philisthiim
1551 1234 1587 1255 ex
1600 1226 1701 1255 timore
1715 1226 1822 1255 servili.
1835 1226 1928 1255 Timor
1940 1226 2012 1255 enim

1163 1274 1287 1308 servilis,
1309 1281 1373 1302 cum
1395 1274 1430 1302 sit
1450 1273 1554 1302 donum
1575 1273 1694 1310 Spiritus
1710 1273 1835 1308 sanctiss,
1857 1282 1912 1302 non
1934 1273 2013 1302 docet

1163 1321 1259 1358 fugere
1291 1321 1446 1357 corporalia
1477 1320 1564 1355 bella,
1589 1320 1636 1349 sed
1658 1320 1813 1358 spiritualia
1833 1323 1953 1357 peccata.
1974 1337 2013 1341 -—

1163 1367 1289 1396 Secundo
1313 1367 1445 1401 ostendit,
1468 1375 1497 1396 se
1518 1367 1625 1396 nescire
1656 1367 1765 1404 pondus
1796 1367 2012 1402 sententiarum,

1163 1422 1227 1443 cum
1248 1414 1326 1448 dicit,
1350 1414 1426 1443 hunc
1446 1414 1575 1443 timorem
1597 1422 1657 1443 esse
1678 1414 1869 1451 prohibitum;
1898 1417 1925 1443 et
1952 1417 2013 1451 post

1164 1461 1323 1498 subiungit,
1345 1461 1419 1498 quod
1445 1463 1583 1498 competat
1603 1461 1780 1498 imperfectis.
1804 1461 1843 1489 Ex
1865 1461 1918 1490 hoc
1938 1461 2011 1489 enim

1164 1507 1306 1544 sequitur,
1335 1507 1409 1544 quod
1437 1507 1508 1536 idem
1537 1507 1572 1536 sit
1599 1507 1765 1544 generaliter
1786 1507 1959 1544 prohibitum
1987 1510 2014 1535 et

1164 1554 1304 1591 aliquibus
1326 1554 1451 1590 personis
1472 1554 1630 1588 indultum;
1646 1557 1673 1583 et
1687 1554 1806 1588 iterum,
1822 1554 1896 1591 quod
1910 1554 2013 1590 imper-

1164 1601 1243 1630 fectis
1265 1601 1371 1629 indulta
1386 1602 1420 1630 sit
1435 1601 1619 1639 transgressio
1633 1601 1843 1635 mandatorum3
1859 1601 1934 1638 quod
1948 1600 2012 1638 quia

1165 1649 1286 1678 continet
1307 1648 1552 1678 contradictionem
1580 1648 1756 1685 implicitam,
1778 1649 1813 1678 ab
1834 1648 1908 1677 omni
1934 1656 2014 1685 pror-

1165 1703 1213 1724 sus
1234 1695 1341 1724 ratione
1361 1695 1508 1724 discordat.

1246 1743 1289 1771 10.
1313 1743 1351 1771 De
1372 1742 1454 1771 tertio
1475 1750 1542 1771 vero
1564 1742 1680 1779 loquens
1693 1741 1815 1779 fugiendi
1831 1741 1911 1770 modo
1932 1741 2012 1776 dicit,

1165 1789 1239 1826 quod
1265 1801 1279 1814 «
1293 1792 1334 1818 est
1356 1797 1392 1818 ex
1414 1788 1533 1826 quodam
1554 1788 1675 1818 naturali
1696 1788 1809 1823 timore,
1831 1791 1858 1817 et
1880 1788 1955 1825 quod
1968 1788 2014 1817 hic

1164 1835 1285 1873 fugiendi
1308 1836 1407 1865 modus
1428 1835 1559 1873 competit
1580 1835 1647 1864 viris
1668 1835 1813 1872 perfectis,
1836 1835 1908 1864 sicut
1928 1835 2011 1872 Moysi

1165 1885 1192 1912 et
1213 1883 1300 1911 Eliseo
1321 1885 1348 1911 et
1370 1883 1442 1912 Eliae
1463 1885 1491 1912 et
1511 1882 1613 1911 Uriae⁹
1627 1894 1654 1910 ».
1672 1882 1703 1910 Et
1721 1893 1735 1907 «
1750 1882 1819 1911 haec
1833 1882 1913 1919 fuga,
1928 1885 1961 1911 ut
1974 1882 2012 1911 di-

1165 1930 1216 1964 cit,
1238 1930 1342 1958 nullam
1365 1933 1498 1966 operatur
1514 1929 1765 1966 imperfectionem,
1781 1932 1808 1958 et
1823 1929 1910 1963 hanc,
1925 1931 1957 1958 ut
1971 1936 2014 1958 as*

1165 1977 1247 2011 serit,
1269 1977 1396 2006 Christus
1417 1977 1589 2006 assumsit».
1613 1993 1648 1997 -
1671 1976 1699 2005 ln
1721 1976 1824 2013 quibus
1845 1976 1938 2005 verbis
1959 1976 2014 2005 duo

1165 2023 1302 2060 implicat,
1335 2030 1457 2060 quorum
1488 2030 1576 2051 unum
1605 2025 1647 2051 est
1667 2022 1783 2057 falsum,
1806 2023 1925 2052 alterum
1946 2030 2013 2051 vero

1164 2070 1366 2106 blasphemum.
1397 2070 1570 2106 Quamquam
1599 2069 1672 2098 enim
1701 2069 1801 2098 timere
1832 2072 1950 2098 mortem
1979 2069 2014 2098 sit

1164 2116 1306 2150 naturale,
1336 2119 1426 2145 tamen
1449 2114 1553 2153 fuyere
1574 2119 1615 2145 est
1636 2116 1842 2150 voluntarium,
1865 2119 1892 2145 et
1913 2124 2011 2153 quam-

1164 2163 1206 2191 vis
1227 2162 1348 2199 perfecta
1373 2163 1473 2191 caritas
1493 2171 1548 2191 non
1570 2162 1700 2192 excludat
1722 2163 1834 2192 omnino
1856 2163 2012 2192 naturalem

1164 2209 1307 2243 timorem,
1323 2209 1448 2238 excludit
1462 2212 1554 2238 tamen
1569 2210 1643 2238 illius
1658 2210 1766 2239 timoris
1780 2209 1942 2244 dominium,
1958 2218 2013 2247 quo

1164 2255 1265 2284 timens
1286 2255 1313 2284 in
1335 2256 1427 2293 fugam
1450 2256 1631 2285 convertitur.
1653 2256 1729 2285 Unde
1750 2256 1821 2285 Beda
1843 2264 1927 2294 super
1945 2256 2014 2285 illud

1165 2303 1247 2331 Marci
1260 2303 1301 2331 ¹⁰:
1325 2302 1433 2331 Relicta
1454 2303 1574 2332 sindone
1594 2302 1690 2341 fugit:
1710 2315 1724 2329 «
1739 2304 1809 2340 Quia
1830 2304 1893 2341 plus
1914 2303 2013 2333 ceteris

1227 2575 1236 2589 ⁷
1254 2576 1315 2599 Libr.
1332 2577 1348 2599 l.
1365 2577 1423 2604 Reg.
1441 2577 1482 2605 13,
1500 2576 1529 2598 6:
1548 2576 1615 2605 Quod
1631 2581 1685 2599 cum
1702 2576 1814 2599 vidissent
1831 2576 1874 2598 viri
1897 2576 1963 2598 lsrael
1987 2582 2011 2599 se

1163 2616 1187 2638 in
1204 2618 1267 2638 arcto
1285 2616 1386 2644 positos,
1404 2616 1501 2638 afflictus
1516 2615 1579 2638 enim
1596 2618 1644 2638 erat
1661 2616 1774 2644 populus,
1798 2614 1971 2638 absconderunt
1987 2621 2012 2638 se

1164 2655 1187 2677 in
1204 2655 1321 2683 speluncis
1338 2657 1381 2677 etc.
1399 2667 1429 2671 —
1446 2654 1542 2677 Inferius
1559 2660 1601 2683 pro
1619 2654 1662 2677 hoc
1679 2653 1764 2677 timore
1781 2654 1835 2677 edd.
1852 2653 1896 2678 hoc
1912 2653 1989 2677 modo.

1226 2692 1235 2705 Β
1252 2693 1297 2716 Csr.
1316 2694 1414 2721 Bonav.²
1432 2693 1464 2716 lll.
1483 2693 1543 2715 Sent.
1562 2693 1585 2715 d.
1602 2692 1641 2715 34.
1657 2699 1681 2721 p.
1699 2693 1721 2715 ll.
1739 2699 1760 2715 a.
1782 2693 1804 2715 1.
1827 2700 1850 2722 q.
1869 2693 1888 2715 1.
1910 2705 1941 2710 -
1957 2693 2011 2715 Infe-

1163 2733 1212 2756 rius
1228 2739 1271 2761 pro
1289 2732 1426 2762 corporalia
1444 2731 1504 2755 bella
1522 2732 1540 2754 G
1557 2731 1699 2762 temporalia
1716 2732 1791 2755 mala.

1226 2770 1237 2783 ⁹
1254 2771 1313 2794 Vide
1330 2772 1400 2794 Exod.
1418 2772 1445 2799 2,
1467 2772 1508 2798 ¹53
1526 2771 1563 2793 lV.
1580 2772 1638 2799 Reg.
1656 2771 1681 2798 6,
1701 2771 1737 2793 13.
1755 2777 1835 2800 seqq.;
1854 2771 1886 2793 lll.
1903 2771 1961 2799 Reg.
1975 2771 2010 2799 19,

1164 2810 1193 2838 3;
1210 2811 1252 2832 Ier.
1270 2811 1312 2837 26,
1329 2811 1367 2832 21.
1385 2810 1418 2832 De
1436 2811 1490 2838 fuga
1507 2809 1590 2833 Christi
1607 2811 1649 2832 cfr.
1666 2816 1737 2838 supra
1755 2816 1809 2838 pag.
1827 2810 1886 2837 238,
1903 2811 1956 2832 nota
1973 2810 1994 2832 6.

1227 2848 1247 2861 ¹⁰
1263 2848 1325 2871 Libr.
1343 2849 1379 2872 lV.
1396 2849 1421 2871 in
1437 2849 1506 2872 Marc.
1525 2849 1564 2877 «14,
1583 2849 1621 2872 51.
1638 2849 1675 2872 52.
1694 2848 1744 2878 (ubi
1761 2848 1872 2871 habetur:
1883 2849 1912 2871 At
1923 2848 1966 2876 ille,
1978 2854 2011 2871 re-

1163 2888 1214 2911 licta
1231 2888 1335 2916 sindone,
1353 2888 1430 2911 nudus
1455 2889 1557 2916 profugit
1573 2887 1604 2910 ab
1620 2888 1672 2917 eis).
1692 2888 1808 2910 Sententia
1825 2887 1901 2910 Bedae
1917 2886 2009 2910 exhibe-

1163 2930 1200 2950 tur
1216 2927 1295 2949 verbis
1312 2927 1405 2950 Glossae
1422 2926 1560 2950 ordinariae
1583 2927 1605 2949 in
1622 2928 1684 2950 hunc
1700 2928 1777 2950 locum
1795 2927 1858 2955 apud
1875 2928 2008 2955 Lyranum;

1163 2972 1206 2995 pro
1222 2966 1259 2989 vel
1276 2966 1374 2990 territus
1391 2966 1471 2989 Glossa
1488 2972 1542 2989 cum
1560 2966 1621 2989 Beda
1638 2966 1674 2989 vel
1691 2967 1768 2990 tentus
1787 2966 1819 2995 (v.
1832 2966 1856 2988 51
1871 2975 1876 2989 z
1889 2966 1919 2990 Et
1930 2967 2009 2989 tenue-

1162 3006 1221 3028 runt
1237 3006 1311 3033 eum).

2028 324 2088 351 giendi
2103 332 2119 345 t.

2029 350 2106 368 minanti]

2025 817 2052 835 De
2060 817 2077 836 2.
2086 823 2111 837 mo

2024 840 2081 859 verba
2096 846 2111 861 sc

2050 864 2111 887 pteris.

2025 1097 2113 1117 Refellunt

2030 1752 2058 1771 De
2066 1753 2083 1771 3.
2091 1758 2113 1772 m·

2044 1776 2113 1800 fugient
