2133 3317
149 1107 177 1126 De
189 1106 264 1126 licentia

176 1130 253 1157 etenda.

174 1156 263 1173 ΙΕῑΙΠΩῑΙΟ.

155 1236 261 1255 Subdistin-

149 1366 176 1384 De
190 1371 275 1384 commu·

178 1389 240 1408 nibus.

146 1838 174 1857 De
183 1838 269 1862 speciali-

140 1862 175 1880 bus
190 1862 215 1880 ad
227 1867 270 1885 pro-

139 1886 209 1904 ximum
227 1891 269 1909 spe-

141 1910 246 1928 ctantibus.

285 210 340 238 586

283 288 434 313 obedientiae
448 287 548 312 sanctae
569 286 715 316 auctoritas,
729 287 781 311 siue
791 294 840 317 qua
853 294 897 311 nec
909 287 964 318 ipsa
976 286 1050 311 etiam
1064 286 1129 312 bona

283 331 343 355 sunt
361 331 437 360 bona3
458 330 574 355 voluntas
594 329 713 360 siquidem
733 330 835 360 propria
853 329 911 355 boni
923 329 1043 354 virtutem
1062 329 1129 354 infir-

284 374 344 398 mat.
370 373 476 398 Sanctus
504 372 647 397 Beruardus
675 379 750 403 super
779 372 881 397 Cantica
902 371 909 384 ¹
930 372 979 396 ait:
1004 372 1129 397 «Grande

283 416 375 441 malum
405 416 506 447 propria
534 415 666 444 voluntas,
694 423 743 446 qua
770 415 814 445 fit,
839 415 934 446 inquit,
954 415 983 440 ut
1001 415 1066 440 bona
1085 415 1129 440 tua

282 459 347 484 bona
366 466 414 483 non
435 458 494 482 sint.
513 458 626 487 Etenim,
649 458 669 482 si
696 459 722 483 in
750 458 787 483 die
806 458 890 482 ieiunii
917 458 965 483 mei
986 458 1129 483 inveniatur

282 502 400 527 voluntas
420 509 486 531 mea,
506 508 555 526 uon
574 501 626 526 tale
644 501 762 526 ieiunium
781 500 856 532 elegit
874 501 1010 531 Dominus;
1029 508 1074 526 nec
1093 508 1130 525 sa-

283 544 321 575 pit
338 545 376 569 illi
394 545 512 569 ieiunium
532 552 626 574 meum,
647 544 711 575 quod
724 551 773 569 non
787 544 965 574 obedientiam,
986 544 1028 569 sed
1041 544 1130 569 vitium

284 587 424 612 voluntatis
443 587 558 618 propriae
579 586 680 618 sapit».
700 586 734 611 Et
752 586 847 611 subdit:
871 596 884 609 α
896 587 950 618 Ego
977 586 1061 612 autem
1080 594 1130 612 11011

284 630 364 655 solum
383 630 412 654 de
430 630 532 659 ieiunio,
552 630 594 654 sed
612 630 641 654 de
660 629 773 659 silentio,
787 629 816 655 de
835 630 942 661 vigiliis,
962 630 992 655 de
1010 630 1129 660 oratione,

282 673 312 697 de
330 672 449 702 lectione,
468 673 497 697 de
517 680 589 704 opere
617 680 750 703 manuum,
773 673 898 704 postremo
917 673 946 698 de
965 673 1032 698 omni
1050 673 1131 698 obser-

283 716 370 742 vantia
394 716 522 746 monachi,
550 716 592 741 ubi
621 716 748 741 invenitur
772 716 890 742 voluntas
913 724 958 741 sua
986 717 1012 742 in
1039 716 1085 742 e0²
1105 716 1130 741 et

282 767 332 785 non
360 759 499 785 obedientia
527 759 642 791 magistri
671 760 724 791 sui,
749 759 774 784 id
799 760 882 791 ipsum
911 760 1004 789 sentio,
1030 760 1130 785 minime

283 809 386 833 prorsus
409 801 582 827 observantias
600 802 672 831 illas,
691 801 739 826 etsi
757 801 835 826 bonas
857 802 883 827 in
902 809 941 831 50,
962 802 1045 826 tamen
1064 801 1131 827 inter

283 845 391 870 virtutes
419 846 556 870 censuerim
583 845 775 876 deputandas».
794 844 884 876 Itaque
906 845 964 870 novi
984 845 1078 869 Christi
1097 845 1129 869 (1.1-

283 888 386 920 scipuli,
406 888 553 919 semetipsos
578 888 678 919 penitus
706 887 873 919 abnegantes,
892 888 918 912 in
943 887 1046 919 agendis
1065 888 1129 917 suis,

282 931 307 956 id
326 931 365 955 est
389 932 415 956 in
443 931 642 962 operationibus,
669 930 835 956 locutionibus
862 930 887 955 et
910 931 936 955 in
961 938 1043 955 rerum
1073 937 1130 961 qua-

282 974 401 999 rumlibet
418 982 480 1004 usu,
500 982 549 999 non
577 975 705 1005 propriam
723 974 892 1003 voluntatem,
912 973 954 998 sed
975 974 1130 1005 superiorum

281 1019 307 1043 in
327 1018 440 1043 omnibus
459 1016 666 1049 dispositionem³
686 1017 831 1049 sequantur.

353 1062 378 1086 5.
397 1061 446 1086 Pro
465 1061 555 1092 quibus
574 1061 658 1085 tamen
677 1060 711 1085 sit
730 1060 844 1091 specialis
869 1067 953 1084 eorum
971 1059 1072 1084 licentia
1091 1059 1131 1084 vel

282 1112 400 1130 assensus
428 1104 569 1133 habendus,
598 1104 748 1129 considerari
775 1103 885 1134 oportet,
906 1103 931 1127 et
959 1103 1038 1134 primo
1067 1103 1133 1127 circa

282 1148 441 1179 operationes
464 1147 610 1176 videndum,
639 1146 703 1178 quod
731 1154 817 1171 earum
842 1146 963 1177 quaedam
987 1152 1131 1170 communes

283 1198 327 1216 seu
345 1191 535 1219 conventuales,
555 1189 676 1221 quaedam
701 1189 823 1220 speciales
849 1196 891 1213 seu
915 1188 1059 1219 personales
1078 1195 1131 1212 esse

285 1234 432 1260 noscuntur.
459 1233 618 1264 Specialiam
645 1233 719 1257 etiam
733 1232 742 1244 ⁴
771 1232 892 1264 quaedam
920 1231 955 1256 acl
968 1232 1131 1263 proximum,

286 1277 404 1309 quaedam
425 1276 460 1301 acl
473 1283 614 1308 personam
633 1275 760 1307 pertinent
779 1275 919 1306 operantis.

357 1320 405 1345 Pro
425 1319 648 1350 conventualibus,
668 1326 731 1350 quae
758 1325 886 1343 commuue
909 1318 983 1342 simul
1002 1317 1134 1349 attingunt

286 1364 432 1395 collegium,
449 1363 596 1394 exsequendi
607 1362 616 1374 ⁵
635 1370 685 1388 non
698 1362 737 1387 est
750 1362 849 1387 licentia
862 1361 1021 1393 requirenda,
1035 1368 1090 1385 cum
1103 1361 1134 1385 ad

285 1407 426 1432 huiusmodi
445 1407 479 1431 sit
497 1406 600 1431 eatenus
619 1406 774 1437 superiorum
794 1405 908 1434 licentia,
921 1405 996 1429 immo
1009 1403 1134 1435 impositio

285 1450 425 1482 generalis,
445 1450 474 1474 ut
502 1457 530 1474 ea
553 1457 616 1480 quae
644 1449 695 1474 sive
720 1449 745 1473 in
765 1448 853 1478 choro,
874 1448 925 1472 sive
945 1448 970 1472 in
990 1447 1133 1477 refectorio,

288 1495 339 1519 sive
358 1494 417 1519 alibi
436 1493 507 1518 modo
527 1492 653 1524 praedicto
672 1492 703 1517 ad
722 1492 788 1517 vitae
807 1491 979 1516 conventualis
1002 1490 1134 1516 consuetu-

286 1537 367 1561 dinem
387 1536 528 1568 pertinent,
548 1536 633 1560 nullus
658 1535 830 1560 conventualis
854 1535 956 1566 propria
983 1533 1133 1559 auctoritate

286 1580 385 1611 praeter
404 1580 541 1604 evidentem
570 1579 743 1604 necessitatem
768 1578 834 1603 licite
857 1577 1053 1609 praetermittat.
1072 1577 1133 1602 Inde

285 1623 338 1653 est,
358 1623 423 1654 qnod
441 1623 472 1647 ab
491 1622 569 1647 officio
589 1622 670 1651 chori,
690 1621 722 1646 ab
741 1621 826 1652 aliqua
845 1620 958 1645 videlicet
977 1620 1040 1645 hora
1058 1628 1134 1646 cano-

287 1667 349 1695 nica,
363 1666 402 1690 vel
415 1673 430 1690 a
443 1666 566 1690 communi
577 1664 586 1676 ‘³
600 1665 736 1690 conventus
750 1664 889 1693 refectione,
900 1664 945 1688 aut
957 1671 972 1688 a
985 1664 1134 1689 conventua-

285 1709 351 1733 libus
370 1709 425 1734 aliis
439 1715 586 1740 quemquam
600 1708 693 1739 absque
710 1707 812 1732 licentia
825 1714 951 1732 remanere
964 1707 1003 1732 vel
1016 1706 1133 1731 assisten-

286 1752 336 1777 tem
350 1752 460 1777 recedere
474 1751 513 1776 his
526 1751 628 1776 necdum
642 1752 668 1776 in
681 1751 783 1783 collegio
796 1750 974 1776 consummatis
987 1757 1036 1775 11011
1049 1749 1115 1774 licet.

357 1794 382 1818 6.
402 1794 450 1819 Pro
469 1793 620 1824 specialibus
639 1793 675 1818 ad
681 1793 813 1825 proximi,
826 1792 931 1817 alterius
944 1791 1058 1817 videlicet
1075 1792 1134 1817 Fra-

286 1837 347 1867 tris,
366 1837 539 1862 necessitatem
558 1836 742 1868 spectantibus,
756 1836 853 1860 nullum
867 1836 1003 1860 communis
1023 1842 1067 1860 seu
1080 1842 1134 1860 0011-

286 1881 410 1906 ventualis
429 1880 495 1905 vitae
514 1880 686 1906 consuetudini
704 1879 749 1904 aut
767 1879 917 1904 exsecutioni
936 1878 1077 1910 specialiter
1095 1879 1134 1903 111-

285 1924 427 1949 junctorum
454 1923 657 1955 impedimentum
685 1922 887 1954 praestantibus,
915 1929 1071 1953 nequaquam
1102 1921 1134 1946 ad

286 1968 440 1999 superiores,
460 1966 525 1992 sicut
544 1974 588 1991 nec
607 1974 652 1997 pro
671 1965 851 1995 communibus,
880 1972 924 1996 pro
951 1965 1053 1990 licentia
1071 1964 1134 1990 dixe-

286 2012 333 2036 rim
353 2010 542 2039 recurrendum,
557 2017 624 2039 cum,
638 2009 772 2034 secundum
792 2008 942 2040 Apostolum
952 2007 969 2038 ⁷,
989 2008 1055 2032 alter
1073 2007 1134 2033 alte-

285 2054 341 2079 rius
360 2061 439 2079 onera
453 2054 564 2084 portare
587 2052 612 2077 et
627 2060 675 2083 per
695 2053 829 2077 caritatem
847 2052 956 2082 spiritus
983 2051 1079 2076 servire
1096 2051 1133 2076 in-

286 2097 366 2121 vicem
384 2096 524 2121 debeamus.
545 2095 723 2120 Verumtamen
744 2094 866 2126 tempore,
881 2101 928 2125 quo
950 2093 1133 2122 conventualia,

290 2139 327 2164 vel
346 2139 409 2163 alias
427 2138 540 2163 iniuncta
558 2138 612 2163 fieri
631 2138 732 2167 debent,
752 2144 801 2162 non
815 2136 875 2162 sunt
888 2136 988 2167 praeter
1006 2136 1134 2161 licentiam

287 2181 404 2212 specialia
432 2188 475 2205 seu
502 2180 617 2212 gratuita
641 2179 782 2205 huiusmodi
810 2179 929 2204 facienda.
954 2178 1004 2204 Illa
1023 2185 1132 2209 quoque,

286 2232 348 2256 quae
368 2224 399 2248 ad
426 2224 571 2255 quotidiana
598 2224 765 2248 communium
789 2222 925 2248 officiorum
950 2222 1067 2253 obsequia
1094 2221 1133 2246 vel

286 2268 318 2292 ad
336 2267 441 2298 proximi
459 2266 631 2291 necessitatem
651 2273 701 2291 non
720 2265 848 2296 pertinent
870 2265 1037 2296 corporalem,
1060 2264 1133 2295 quale

286 2309 325 2334 est
344 2309 450 2334 scribere
479 2310 504 2333 in
532 2307 673 2340 (1110101110ὃ
699 2308 724 2333 et
746 2308 796 2332 alia
814 2307 968 2337 huiusmodi,
988 2307 1093 2331 maxime
1112 2307 1133 2331 si

713 208 909 237 OPUSCULUM
932 208 949 236 1.
971 207 1142 237 SPECULUM
1164 208 1372 237 DISClPLlNAE.
1395 209 1474 237 PARS
1497 209 1602 237 PRlMA.

1185 287 1370 318 occupationem
1390 287 1547 318 prolixiorem
1566 287 1699 318 inducunt,
1719 287 1815 319 agenda
1834 288 1894 313 sunt
1912 289 1941 314 de
1961 296 2030 321 supe-

1185 330 1278 355 riorum
1296 338 1409 355 assensn.

1257 372 1281 397 7.
1300 372 1349 397 Ρ1·0
1367 373 1520 403 specialibus
1549 373 1584 397 acl
1607 380 1747 403 personam
1766 373 1898 404 operantis
1917 375 2031 404 spectan-
2044 381 2131 409 iteum„

1186 415 1269 446 tibus,
1288 416 1340 440 sive
1353 415 1388 440 acl
1400 416 1486 441 carnis
1504 415 1729 446 mortificationem
1748 416 1905 447 pertineant,
1924 417 1953 441 ut
1973 418 2032 442 sunt
2044 410 2132 454 ffifflpffl

1185 458 1286 490 vigiliae
1310 459 1383 483 nimis
1410 459 1513 490 longae,
1542 459 1581 483 vel
1605 459 1772 484 abstinentiae
1798 459 1951 490 singulares,
1981 461 2031 486 sive
2045 452 2097 472 mm·

1185 501 1217 526 ad
1236 501 1383 526 exercitium
1410 502 1521 531 spectent
1548 502 1633 531 operis
1659 502 1792 526 manualis
1812 509 1855 532 per
1875 509 1899 527 se
1924 503 1963 527 vel
1988 510 2032 534 per

1186 544 1263 568 alium
1291 543 1409 572 faciendi,
1433 543 1533 567 licentia
1558 543 1706 574 quaeratur,
1735 545 1787 569 sine
1816 551 1865 575 qua
1893 544 2032 576 Religiosus

1187 594 1245 612 suas
1273 586 1463 618 singularitates
1491 586 1570 611 facere
1599 593 1649 611 non
1677 587 1762 616 debet,
1786 587 1901 619 «quippe
1926 588 1964 612 cui
1988 595 2033 613 1100
2112 562 2114 615 1

1187 638 1278 661 corpus
1306 638 1378 655 suum
1403 629 1493 654 habere
1521 629 1579 654 licet
1606 630 1631 654 in
1660 630 1761 661 propria
1790 629 1974 655 voiuntaw».
2000 631 2033 656 Et
2113 631 2114 634 ’

1191 683 1204 695 ‹<
1216 673 1281 704 quod
1300 674 1351 698 sine
1371 673 1532 704 permissione
1546 672 1627 703 patris
1641 672 1780 703 spiritualis
1802 672 1832 698 fit
1855 674 2033 704 praesumtioni

1187 715 1349 747 deputabitur
1368 715 1393 740 et
1411 723 1491 741 vanae
1509 715 1617 747 gloriae,
1637 723 1687 740 non
1711 716 1853 741 mercedi».
1872 716 1924 741 Nec
1950 717 2033 748 potest

1187 759 1234 784 sibi
1247 759 1345 790 operari
1358 766 1403 789 pro
1417 758 1502 787 volito,
1517 759 1568 783 sive
1581 758 1708 784 scribendo
1720 758 1749 788 ¹⁰,
1763 759 1815 784 sive
1827 759 1895 784 aliud
1914 759 2031 790 faciendo,

1187 803 1239 827 sive
1257 803 1283 827 in
1302 802 1376 827 rebus
1404 809 1448 827 suo
1475 802 1531 826 usui
1560 801 1702 833 deputatis,
1720 802 1750 826 ut
1769 802 1829 827 sunt
1847 803 1917 833 libri,
1937 803 2032 834 vestes,

1186 844 1245 870 lecti
1263 844 1288 869 et
1301 845 1351 869 alia.
1368 844 1517 874 huiusmodi,
1530 844 1625 875 aliquid
1637 844 1799 870 immutando.
1818 845 1958 876 Incongrue
1977 852 2034 876 quo-

1187 895 1233 918 que
1253 894 1297 918 pro
1316 894 1364 912 uno
1384 894 1423 912 res
1442 887 1557 918 pluribus
1585 887 1710 912 servitura
1729 887 1851 913 mutatur.
1872 888 1913 913 Fit
1931 896 1971 913 res
1989 888 2034 914 fre-

1187 930 1291 961 quenter
1310 938 1339 954 ex
1358 929 1496 955 mutatione
1515 929 1634 960 deterior,
1655 930 1681 955 et
1699 930 1764 961 quod
1783 930 1843 955 mihi
1861 931 1970 957 studiose
1982 939 2034 957 coa-

1188 973 1231 1004 pto
1250 973 1307 997 aliis
1326 972 1432 1003 disapto.
1454 972 1521 997 Haec
1540 972 1569 997 de
1596 973 1720 1004 operibus.
1749 973 1801 998 Nec
1826 974 1910 999 tamen
1928 982 2035 1006 negave-

1188 1017 1249 1045 rim,
1269 1016 1301 1040 ad
1320 1016 1422 1040 minima
1446 1023 1488 1040 seu
1515 1016 1588 1040 exilia
1616 1016 1736 1047 quaedam
1761 1016 1786 1041 et
1814 1017 1855 1041 vix
1874 1017 1978 1042 alicuius
1996 1025 2036 1042 re-

1189 1059 1301 1090 putanda
1329 1059 1461 1088 momenti,
1488 1059 1566 1084 solam
1594 1060 1705 1084 sufficere
1731 1060 1913 1085 conniventiam
1938 1061 2036 1092 praela-

1188 1102 1280 1127 torum.

1260 1144 1283 1170 8.
1304 1144 1374 1169 Circa
1394 1144 1546 1170 locationem
1564 1145 1610 1170 1100
1629 1145 1744 1175 teneant,
1758 1145 1787 1171 ut
1806 1153 1888 1171 coram
1901 1147 2035 1178 superiore,
2052 1151 2103 1179 eirca
2117 1158 2133 1173 11-

1188 1188 1293 1212 maxime
1312 1188 1338 1212 in
1351 1187 1480 1219 Capitulo,
1501 1188 1553 1212 sine
1572 1196 1676 1213 assensu
1695 1189 1747 1213 eius
1768 1189 1913 1220 praehabito
1932 1197 1981 1215 non
1999 1190 2036 1215 lo-
2071 1177 2115 1195 ”⁰¹¹⁰

1189 1230 1308 1261 quantur.
1327 1230 1398 1254 Alias
1417 1230 1445 1255 de
1464 1231 1610 1255 necessariis
1629 1231 1654 1256 et
1672 1231 1783 1257 honestis
1808 1232 1860 1257 loco
1879 1232 1904 1257 et
1926 1232 2036 1264 tempore

1190 1274 1279 1299 debitis
1302 1274 1384 1305 loqui,
1403 1274 1479 1305 prout
1506 1275 1541 1299 eis
1567 1274 1707 1300 ordinatum
1727 1275 1813 1305 fuerit,
1834 1275 1953 1307 poterunt
1971 1276 2036 1303 inter
2115 1296 2116 1303 .

1193 1316 1313 1342 Fratres.
1332 1317 1434 1342 Locutio
1453 1324 1511 1342 vero
1530 1324 1585 1342 cum
1604 1318 1746 1349 extraneis,
1766 1319 1818 1343 sive
1837 1319 1989 1349 saeculares,
2009 1319 2036 1345 li·
2057 1315 2132 1347 Quom-

1192 1360 1230 1386 cet
1248 1360 1381 1386 Fratribus
1400 1360 1576 1391 obsequentes,
1603 1361 1653 1385 sive
1672 1361 1790 1392 Religiosi
1813 1361 1917 1392 quilibet
1935 1361 2036 1392 fuerint,
2070 1349 2122 1367 “³⁰'‘

1191 1403 1324 1429 Fratribus
1343 1403 1444 1429 novitiis
1472 1403 1510 1428 est
1534 1404 1689 1435 probationis
1708 1404 1819 1435 tempore
1839 1404 1939 1435 penitus
1962 1405 2037 1431 inter-

1190 1446 1257 1471 dicta
1281 1447 1334 1471 siue
1361 1446 1451 1471 Fratre
1470 1446 1596 1477 professo,
1616 1446 1658 1477 qui
1677 1447 1759 1472 omnia
1774 1447 1899 1478 loquentis
1917 1447 1993 1472 verba
2011 1447 2037 1473 et

1190 1489 1364 1521 respondentis
1382 1489 1469 1515 audiat
1487 1489 1512 1514 et
1533 1490 1674 1521 intelligat;
1695 1489 1720 1515 et
1738 1490 1790 1515 sine
1813 1490 1914 1516 licentia
1936 1491 2037 1522 speciali

1190 1540 1235 1557 nec
1247 1532 1278 1557 ad
1292 1532 1390 1563 portam
1402 1531 1421 1544 ¹¹
1436 1539 1480 1557 1100
1492 1532 1524 1557 ad
1537 1532 1667 1558 extraneos
1684 1533 1746 1564 ipsis
1759 1533 1903 1564 indulgetur
1915 1540 2036 1559 accessus.

1190 1575 1307 1600 Pei-sonis
1326 1575 1409 1599 tamen
1428 1575 1579 1604 huiusmodi,
1600 1576 1621 1600 si
1640 1576 1805 1606 occurrerint,
1832 1576 1951 1607 poterunt
1968 1576 2036 1602 incli-

1190 1625 1250 1642 nare
1262 1616 1290 1646 ¹²,
1311 1618 1350 1642 vel
1370 1618 1390 1642 si
1409 1618 1489 1648 locus,
1509 1618 1554 1642 aut
1573 1618 1672 1649 tempus
1690 1619 1807 1650 loquendi
1824 1618 1912 1649 fuerit,
1939 1619 1963 1644 et
1987 1626 2037 1645 non

1190 1661 1319 1692 potuerint
1342 1660 1526 1692 subterfugere,
1546 1661 1609 1686 bono
1635 1662 1705 1687 modo
1725 1669 1765 1686 eos
1784 1662 1892 1687 breviter
1917 1662 2036 1688 salutare.

1190 1703 1215 1728 Si
1234 1703 1263 1727 de
1282 1703 1403 1734 loquendo
1422 1710 1504 1728 secum
1523 1704 1666 1735 requiratur
1679 1704 1711 1729 ab
1730 1705 1778 1734 015,
1798 1704 1946 1735 respondere
1959 1704 2037 1729 humi-

1190 1747 1248 1771 liter
1267 1746 1370 1776 debent,
1390 1754 1415 1771 se
1434 1747 1549 1778 loquendi
1571 1747 1616 1771 aut
1634 1747 1747 1772 morandi
1768 1747 1894 1772 licentiam
1918 1755 1968 1773 non
1992 1748 2037 1772 ha·
2116 1770 2117 1773 ,

1190 1790 1255 1815 bere.
1275 1789 1353 1814 Nulla
1373 1797 1477 1821 prorsus
1490 1790 1540 1814 alia
1558 1798 1641 1815 eorum
1660 1790 1765 1815 audiant
1778 1791 1853 1816 verba
1871 1798 1915 1816 nec
1934 1798 1989 1816 cum
2002 1792 2037 1816 eis
2116 1791 2117 1811 l

1190 1833 1349 1864 aliquatenus
1368 1833 1483 1863 sedeant,
1504 1833 1543 1857 vel
1561 1834 1667 1858 ulterius
1680 1833 1876 1863 commorentur-3
1897 1834 1939 1859 sed
1958 1835 1979 1859 si
2000 1834 2037 1860 lo-

1190 1876 1313 1901 cutionem
1331 1876 1466 1901 necessitas
1485 1876 1562 1908 exigit
1580 1877 1620 1901 vel
1638 1876 1768 1906 honestas,
1782 1877 1878 1907 dicant,
1893 1884 1918 1902 se
1936 1877 1968 1902 ad
1981 1884 2035 1909 eos,

1191 1919 1307 1949 obtenta,
1328 1920 1348 1944 si
1368 1919 1500 1950 poterunt,
1526 1919 1642 1949 licentia,
1668 1927 1825 1950 reversuros,
1850 1920 1954 1952 valeque
1972 1928 2037 1946 rece·
2116 1911 2117 1930 1

1190 1962 1269 1988 dendo
1288 1962 1371 1994 potius
1391 1962 1485 1988 faciant
1503 1970 1578 1994 quam
1597 1963 1723 1989 morando.
1737 1977 1772 1981 ——
1785 1963 1821 1988 De
1839 1963 1940 1989 licentia
1953 1963 2035 1990 tamen
2115 1937 2118 2019 Ι

1190 2005 1331 2030 huiusmodi
1350 2005 1462 2037 praelato
1485 2006 1523 2030 est
1536 2006 1634 2031 cautius
1646 2006 1836 2038 providendum,
1855 2005 1915 2031 ut¹⁵
1935 2006 1966 2032 ab
1982 2007 2036 2039 ipso

1191 2048 1291 2074 tantum
1317 2049 1357 2074 vel
1375 2048 1406 2074 ab
1426 2056 1510 2074 eorum
1529 2049 1628 2074 tantum
1650 2049 1815 2079 instructore,
1834 2050 1876 2081 qui
1895 2049 1933 2075 est
1951 2050 1986 2075 eis
2004 2050 2036 2076 ab
2115 2053 2116 2100 l

1190 2092 1245 2124 ipso
1263 2091 1400 2123 Religionis
1419 2092 1534 2123 ingressu
1553 2091 1694 2124 specialiter
1718 2092 1899 2124 assignandus,
1925 2100 2035 2125 semper,

1190 2142 1246 2160 cum
1271 2142 1389 2166 praeseus
1414 2136 1440 2160 in
1459 2135 1530 2161 domo
1554 2135 1641 2164 fuerit,
1661 2135 1815 2166 requiratur,
1841 2143 1871 2160 ne
1894 2143 1910 2160 a
1932 2136 2037 2162 diversis
2115 2160 2116 2169 ,

1190 2185 1240 2204 11011
1252 2177 1345 2210 absque
1358 2178 1507 2203 confusionis
1526 2178 1634 2209 periculo
1645 2179 1726 2203 minus
1738 2178 1838 2210 provide
1851 2179 1998 2205 concedatur
2007 2178 2036 2204 ¹³.
2115 2176 2116 2194 l

1261 2220 1285 2244 9.
1306 2220 1376 2245 Circa
1390 2221 1555 2252 receptionem
1568 2228 1667 2252 reram,
1684 2221 1890 2247 distributionem·
1902 2221 1927 2247 et
1945 2229 2034 2255 asma,
2063 2198 2133 2254 cunin!

1190 2264 1306 2295 quoniam
1325 2271 1339 2288 a
1359 2265 1513 2296 superiorum
1526 2263 1546 2276 ¹⁵
1565 2264 1714 2289 auctoritate
1733 2264 1886 2296 dependent,
1906 2265 1953 2290 duo
1966 2272 2035 2297 prae·
2051 2250 2127 2275 dupw'

1189 2307 1259 2338 cipue
1279 2307 1385 2331 subditis
1409 2307 1561 2332 attendenda
1585 2307 1715 2332 videntur:
1736 2308 1857 2338 primum,
1876 2308 1905 2332 ut
1929 2308 1971 2340 qui
1992 2308 2035 2333 dat
2115 2309 2116 2339 l

351 2442 359 2455 ¹
378 2443 452 2465 Serm.
468 2443 507 2464 71.
524 2449 546 2464 n.
567 2442 606 2469 14,
624 2442 663 2465 ubi
682 2445 758 2464 tamen
777 2442 797 2464 in
823 2445 883 2464 textu
905 2442 1009 2469 originali
1033 2441 1135 2463 secunda

289 2475 415 2502 propositio
434 2473 545 2503 (Etenim)
564 2474 652 2501 primae
670 2474 836 2501 praemittitur,
854 2473 958 2501 pluribus
970 2473 1065 2500 additis,
1079 2473 1135 2494 iuter

288 2512 348 2534 quae
366 2510 399 2527 cst
416 2506 526 2527 sententia
544 2505 612 2533 paulo
631 2505 724 2528 inferius
741 2506 837 2533 allegata
856 2504 916 2534 (Euo
928 2504 1025 2532 aulem).
1039 2505 1081 2526 Pro
1093 2503 1136 2527 ele-

289 2536 322 2566 gat
340 2537 358 2559 D
375 2536 500 2566 approbat.

351 2567 359 2580 ⁴²
379 2569 464 2590 'sextus
482 2568 599 2595 originalis
617 2567 642 2590 in
659 2574 694 2590 ea.

350 2599 360 2614 3
377 2599 451 2622 Codd.
469 2599 484 2621 C
495 2600 537 2621 DE
555 2598 759 2628 dispensationem.

352 2630 361 2642 '¹
380 2632 401 2653 ln
421 2630 489 2653 CDE
506 2631 571 2653 deest
587 2630 665 2653 eliam.

351 2661 360 2673 ⁵
378 2662 418 2684 Ed.
437 2663 450 2684 ⁴2
468 2661 639 2691 insequendis,
659 2662 694 2684 ed.
715 2662 722 2683 l
745 2668 798 2684 cum
816 2661 885 2685 CDE
902 2660 1058 2690 eoeseqitentis.

350 2692 359 2705 ὓ
377 2693 449 2715 Codd.
459 2693 475 2716 C
487 2694 503 2714 D
515 2694 530 2715 E
543 2696 564 2715 et
576 2693 629 2715 edd.
646 2694 650 2713 1
662 2711 668 2720 ,
682 2694 694 2714 2
706 2699 721 2715 α
732 2693 820 2722 lii-Ima.
833 2693 927 2715 lnserius
939 2699 981 2721 pro
994 2698 1137 2722 quemquam

289 2724 327 2753 (ita
346 2724 389 2746 DE
407 2728 429 2746 et
445 2725 482 2747 ed.
500 2725 522 2753 2)
540 2725 564 2746 in
581 2725 629 2747 aliis
646 2730 768 2754 quemque.

351 2754 359 2767 ⁷
377 2756 424 2777 Gal.
443 2756 469 2783 ὃ,
488 2757 508 2777 2.
522 2759 544 2778 et
555 2756 582 2783 5,
599 2756 633 2778 13.
645 2768 676 2772 —-
689 2755 801 2784 Superius
817 2762 859 2783 pro
876 2754 981 2778 videlicet
998 2754 1036 2783 (ita
1055 2756 1072 2777 A
1083 2755 1099 2777 B
1117 2757 1139 2776 et

292 2786 327 2808 ed.
342 2787 377 2814 2),
389 2787 452 2815 qnod
472 2787 521 2809 Yat.
538 2787 609 2810 01011.
626 2788 630 2809 l
648 2787 768 2814 omittunt,
786 2786 802 2809 C
813 2787 855 2808 DE
872 2786 965 2809 scilicet.
984 2786 1078 2809 Inferius
1095 2792 1138 2814 pro

291 2817 351 2840 alias
370 2818 476 2841 [minnela
494 2819 531 2847 (ila
551 2818 566 2841 C
578 2819 621 2840 DE
639 2821 661 2840 et
677 2818 730 2841 cdd.
750 2819 771 2845 l,
789 2819 811 2846 2)
831 2818 881 2840 Vat.
899 2817 948 2840 ulia¹
965 2817 1080 2840 inizfflclu.

354 2847 362 2859 ⁸
381 2850 414 2871 Du
433 2850 523 2877 (lange,
541 2850 684 2872 Glossarium
696 2852 751 2872 eto:
766 2848 902 2877 Quaternio,
917 2848 1059 2876 (maternus,
1076 2847 1139 2876 Quu-

292 2880 460 2907 tei-nuncians,
479 2882 569 2903 cli-artae
586 2881 687 2903 invicem
705 2884 851 2908 compactae,
864 2881 946 2902 nostris
961 2880 1040 2903 cahier
1054 2882 1096 2902 010.
1107 2892 1138 2896 -

293 2911 387 2933 Inferius
406 2915 455 2939 post
474 2911 610 2934 lwinsmodi
633 2912 681 2934 vat.
705 2916 727 2934 ot
748 2912 784 2934 ed.
812 2913 816 2933 l
842 2916 921 2934 contra
944 2911 1014 2934 CDE
1032 2914 1053 2933 et
1070 2911 1107 2933 etl.
1125 2912 1137 2933 2

292 2942 377 2975 aiddu-nl
396 2942 490 2965 similia.
512 2943 614 2965 Subinde
629 2950 670 2971 pro
693 2943 845 2973 superiorum
862 2943 878 2965 C
889 2943 933 2964 DE
950 2946 972 2965 et
989 2943 1025 2965 ed.
1044 2944 1056 2965 2
1074 2948 1139 2972 supc-

293 2978 374 2995 110115.

356 3003 365 3015 ⁴³
382 3004 506 3031 benedict,
524 3005 605 3032 nogul.
623 3012 641 3027 c,
660 3006 700 3027 23:
720 3005 811 3033 Quippe
834 3005 919 3033 quibus
942 3005 1078 3035 [monachis]
1097 3011 1138 3028 nec

2114 2399 2115 2410 l

1191 2447 1289 2469 corpora
1307 2447 1347 2463 sua
1365 2447 1406 2463 nec
1424 2441 1552 2463 voluntates
1569 2441 1621 2463 licet
1638 2440 1723 2463 nabere
1735 2441 1757 2463 in
1769 2441 1861 2469 propria
1880 2443 1991 2470 potestate
2003 2440 2038 2471 [in
2114 2432 2116 2469 ¹.

1192 2473 1233 2494 alia
1252 2473 1349 2495 lectione
1365 2472 1502 2501 voluntate}
1521 2472 1576 2495 ibid.
1594 2478 1613 2494 c.
1632 2472 1669 2494 49.
1686 2473 1814 2495 insinuatur
1831 2479 1880 2501 seq.
1897 2473 2016 2495 sententia.
2114 2481 2115 2510 l

1255 2503 1274 2516 ¹⁰
1294 2504 1342 2526 Vat.
1361 2508 1382 2526 et
1399 2504 1436 2526 ed.
1457 2505 1461 2525 1
1485 2510 1538 2526 cum
1556 2504 1669 2526 nonnullis
1691 2504 1759 2526 codd.
1781 2504 1829 2527 slve
1846 2509 1892 2533 pro
1909 2503 2039 2527 scribendo.
2114 2515 2115 2532 i

1193 2536 1288 2557 Interius
1306 2541 1348 2563 pro
1366 2534 1457 2564 aliquid
1474 2534 1621 2558 ntz'nzutando
1640 2535 1691 2556 Vat.
1708 2534 1777 2557 aliter
1795 2534 1956 2563 inzmztlanclo,
1979 2541 2038 2564 quae

1193 2567 1260 2589 etiam
1279 2567 1378 2589 subinde
1395 2573 1437 2594 pro
1455 2566 1546 2595 [lisapto
1565 2566 1602 2594 (ita
1621 2566 1637 2587 B
1655 2570 1676 2588 01
1689 2566 1725 2588 ed.
1738 2566 1761 2595 2)
1778 2566 1895 2589 substituit
1912 2565 2038 2596 discoapto.

1257 2597 1274 2610 1¹
1294 2599 1323 2620 lta
1341 2599 1358 2620 Α
1376 2601 1397 2620 et
1414 2598 1450 2620 ed.
1469 2599 1495 2626 2;
1515 2599 1563 2619 Vnt.
1581 2603 1633 2619 cum
1660 2597 1697 2619 ed.
1723 2598 1730 2619 ·1
1758 2597 1852 2625 audiat,
1871 2597 1921 2620 sine
1946 2597 2037 2621 licentia
2114 2597 2116 2612 1

1192 2629 1301 2659 speciali,
1319 2628 1369 2652 sine
1387 2635 1434 2659 qna
1450 2635 1492 2651 nec
1509 2628 1540 2651 ud
1553 2630 1658 2658 portam.
1671 2628 1744 2651 Codd.
1757 2630 1773 2651 Α
1784 2629 1800 2651 C
1811 2630 1828 2651 D
1838 2630 1853 2651 E
1865 2632 1887 2651 et
1904 2629 1940 2651 ed.
1959 2630 1972 2651 2
1985 2635 2038 2657 pro-
2113 2613 2115 2651 1

1194 2664 1323 2689 sequuntur
1340 2666 1382 2683 nec
1398 2660 1430 2683 ml
1447 2660 1509 2689 ipsos
1527 2661 1653 2683 extrancos
1671 2659 1703 2683 eis
1720 2659 1858 2690 indulgetur
1875 2665 1991 2683 accessus.
2114 2655 2115 2684 l

1257 2691 1276 2704 ¹²
1294 2692 1328 2714 Du
1342 2692 1426 2720 cange,
1440 2692 1580 2714 Glossarium
1593 2695 1647 2713 ele:
1661 2690 1790 2719 lncllnare,
1803 2691 1877 2720 capite
1889 2698 1928 2714 seu
1941 2697 2039 2719 corpore
2113 2687 2115 2720 1

1194 2723 1301 2746 inclinato
1319 2724 1424 2746 salutare.
1442 2735 1472 2739 —
1490 2723 1584 2745 lnt'erius
1596 2729 1638 2750 pro
1655 2722 1762 2745 salutare
1773 2723 1791 2744 A
1808 2728 1831 2745 et
1847 2723 1884 2745 cd.
1901 2724 1915 2745 ‘2
1927 2722 2037 2746 salutent.

1258 2753 1277 2766 ¹³
1295 2755 1353 2777 Edd.
1372 2755 1474 2782 (excepta
1492 2754 1528 2776 ed.
1550 2755 1572 2782 2>
1591 2753 1638 2782 vel,
1656 2760 1716 2783 quae
1738 2754 1805 2776 enam
1824 2757 1876 2776 ante
1896 2753 2038 2777 instructore
2113 2726 2115 2801 1

1195 2785 1303 2808 omittunt
1320 2787 1413 2809 tantum
1431 2789 1453 2807 et
1469 2786 1567 2808 vocibus
1578 2784 1666 2814 absque
1683 2785 1828 2814 confusionis
1840 2789 1919 2808 eontra
1935 2786 1954 2808 A
1971 2785 2038 2807 inter-

1195 2820 1272 2839 serunt
1292 2816 1407 2840 rllanclue.

1259 2848 1277 2860 ¹⁴
1295 2848 1351 2871 Coa.
1370 2849 1387 2870 D
1404 2849 1481 2871 addit:
1498 2848 1532 2870 Ad
1545 2851 1663 2870 extrancos
1680 2847 1804 2876 siquando
1817 2848 1956 2875 procedunt,
1970 2848 1990 2869 in
2003 2854 2039 2870 eo-

1196 2886 1247 2902 rum
1266 2880 1356 2906 verbis,
1375 2880 1397 2901 in
1415 2880 1504 2902 incessu
1522 2882 1545 2901 et
1562 2878 1639 2901 nabitu
1660 2879 1772 2901 modestia
1790 2880 1875 2906 fulgeat
1892 2879 2037 2907 disciplinae;

1197 2911 1297 2933 breviter
1314 2914 1335 2933 01
1352 2917 1425 2938 panca
1444 2912 1579 2939 loquantur,
1597 2913 1665 2937 caput
1688 2910 1795 2932 decenter
1818 2910 1933 2938 operiant,
1956 2916 2038 2932 manns

1195 2942 1350 2970 abscondant,
1369 2943 1470 2964 mulieris
1491 2942 1565 2964 onmis
1582 2942 1750 2970 quantumlibet
1774 2942 1918 2970 propinquae
1935 2942 2038 2963 osculum

1196 2977 1217 2996 et
1234 2974 1310 2996 nudae
1327 2980 1409 2995 manus
1426 2976 1556 2995 contactum
1569 2974 1660 3000 penitus
1678 2973 1757 2995 vitent.

1258 3004 1277 3017 ¹5
1295 3005 1367 3027 Codd.
1384 3004 1400 3027 C
1412 3005 1428 3027 D
1439 3006 1454 3027 E
1470 3004 1607 3034 superioris.
