<?xml version="1.0" encoding="UTF-8"?>
<!DOCTYPE html PUBLIC "-//W3C//DTD XHTML 1.0 Transitional//EN"
    "http://www.w3.org/TR/xhtml1/DTD/xhtml1-transitional.dtd">
<html xmlns="http://www.w3.org/1999/xhtml" xml:lang="en" lang="en">
 <head>
  <title>
</title>
<meta http-equiv="Content-Type" content="text/html;charset=utf-8" />
  <meta name='ocr-system' content='tesseract 3.04.00' />
  <meta name='ocr-capabilities' content='ocr_page ocr_carea ocr_par ocr_line ocrx_word'/>
</head>
<body>
  <div class='ocr_page' id='page_1' title='image "./doctorisseraphic08bona_0601.png"; bbox 0 0 2133 3317; ppageno 0'>
   <div class='ocr_carea' id='block_1_1' title="bbox 22 305 94 326">
    <p class='ocr_par' dir='ltr' id='par_1_1' title="bbox 22 305 94 326">
     <span class='ocr_line' id='line_1_1' title="bbox 22 305 94 326; baseline -0.028 -2"><span class='ocrx_word' id='word_1_1' title='bbox 22 305 94 326; x_wconf 64' lang='lat' dir='ltr'>mulus.</span> 
     </span>
    </p>
   </div>
   <div class='ocr_carea' id='block_1_2' title="bbox 17 540 94 561">
    <p class='ocr_par' dir='ltr' id='par_1_2' title="bbox 17 540 94 561">
     <span class='ocr_line' id='line_1_2' title="bbox 17 540 94 561; baseline -0.026 -1"><span class='ocrx_word' id='word_1_2' title='bbox 17 540 94 561; x_wconf 71' lang='lat' dir='ltr'>Tertius.</span> 
     </span>
    </p>
   </div>
   <div class='ocr_carea' id='block_1_3' title="bbox 0 23 22 1635">
    <p class='ocr_par' dir='ltr' id='par_1_3' title="bbox 0 23 22 1635">
     <span class='ocr_line' id='line_1_3' title="bbox 0 23 22 1635; baseline 0 0"><span class='ocrx_word' id='word_1_3' title='bbox 0 23 22 1635; x_wconf 95' lang='lat' dir='ltr'> </span> 
     </span>
    </p>
   </div>
   <div class='ocr_carea' id='block_1_4' title="bbox 0 1842 92 1887">
    <p class='ocr_par' dir='ltr' id='par_1_4' title="bbox 0 1842 92 1887">
     <span class='ocr_line' id='line_1_4' title="bbox 0 1842 92 1887; baseline -0.033 0"><span class='ocrx_word' id='word_1_4' title='bbox 0 1842 92 1887; x_wconf 57' lang='grc' dir='ltr'>1Ηὲξὲ</span> 
     </span>
    </p>
   </div>
   <div class='ocr_carea' id='block_1_5' title="bbox 16 1889 82 1932">
    <p class='ocr_par' dir='ltr' id='par_1_5' title="bbox 16 1889 82 1932">
     <span class='ocr_line' id='line_1_5' title="bbox 16 1889 82 1908; baseline -0.015 0"><span class='ocrx_word' id='word_1_5' title='bbox 16 1894 28 1908; x_wconf 86' lang='lat' dir='ltr'>n</span> <span class='ocrx_word' id='word_1_6' title='bbox 33 1889 82 1908; x_wconf 37' lang='lat' dir='ltr'>*rui-</span> 
     </span>
     <span class='ocr_line' id='line_1_6' title="bbox 39 1914 73 1932; baseline -0.029 0"><span class='ocrx_word' id='word_1_7' title='bbox 39 1914 73 1932; x_wconf 73' lang='lat' dir='ltr'>teu.</span> 
     </span>
    </p>
   </div>
   <div class='ocr_carea' id='block_1_6' title="bbox 9 2214 92 2235">
    <p class='ocr_par' dir='ltr' id='par_1_6' title="bbox 9 2214 92 2235">
     <span class='ocr_line' id='line_1_7' title="bbox 9 2214 92 2235; baseline 0 -1"><span class='ocrx_word' id='word_1_8' title='bbox 9 2214 92 2235; x_wconf 63' lang='lat' dir='ltr'>nouitio.</span> 
     </span>
    </p>
   </div>
   <div class='ocr_carea' id='block_1_7' title="bbox 523 217 1435 248">
    <p class='ocr_par' dir='ltr' id='par_1_7' title="bbox 523 217 1435 248">
     <span class='ocr_line' id='line_1_8' title="bbox 523 217 1435 248; baseline 0.001 -1"><span class='ocrx_word' id='word_1_9' title='bbox 523 217 719 247; x_wconf 87' lang='lat' dir='ltr'>OPUSCULUM</span> <span class='ocrx_word' id='word_1_10' title='bbox 740 217 805 245; x_wconf 82' lang='lat' dir='ltr'>XIX.</span> <span class='ocrx_word' id='word_1_11' title='bbox 829 217 1003 247; x_wconf 75' lang='lat' dir='ltr'>EPISTOLAE</span> <span class='ocrx_word' id='word_1_12' title='bbox 1025 218 1218 248; x_wconf 70' lang='lat' dir='ltr'>OFFICIALES.</span> <span class='ocrx_word' id='word_1_13' title='bbox 1241 220 1395 248; x_wconf 80' lang='lat' dir='ltr'>EPISTOLA</span> <span class='ocrx_word' id='word_1_14' title='bbox 1419 220 1435 248; x_wconf 85' lang='lat'>1.</span> 
     </span>
    </p>
   </div>
   <div class='ocr_carea' id='block_1_8' title="bbox 109 295 954 656">
    <p class='ocr_par' dir='ltr' id='par_1_8' title="bbox 109 295 954 656">
     <span class='ocr_line' id='line_1_9' title="bbox 111 295 953 331; baseline -0.004 -5"><span class='ocrx_word' id='word_1_15' title='bbox 111 299 305 327; x_wconf 78' lang='lat' dir='ltr'>contrectatur.</span> <span class='ocrx_word' id='word_1_16' title='bbox 327 312 365 316; x_wconf 84' lang='lat'><em>-</em></span> <span class='ocrx_word' id='word_1_17' title='bbox 386 295 516 324; x_wconf 81' lang='lat' dir='ltr'>Occurrit</span> <span class='ocrx_word' id='word_1_18' title='bbox 537 295 712 331; x_wconf 87' lang='lat' dir='ltr'>quorundam</span> <span class='ocrx_word' id='word_1_19' title='bbox 737 295 863 323; x_wconf 80' lang='lat' dir='ltr'>Fratrum</span> <span class='ocrx_word' id='word_1_20' title='bbox 885 295 953 323; x_wconf 92' lang='lat' dir='ltr'>otio-</span> 
     </span>
     <span class='ocr_line' id='line_1_10' title="bbox 109 341 952 379; baseline -0.004 -7"><span class='ocrx_word' id='word_1_21' title='bbox 109 344 189 377; x_wconf 83' lang='lat' dir='ltr'>sitaS,</span> <span class='ocrx_word' id='word_1_22' title='bbox 210 350 281 379; x_wconf 84' lang='lat' dir='ltr'>quae</span> <span class='ocrx_word' id='word_1_23' title='bbox 296 342 402 370; x_wconf 86' lang='lat' dir='ltr'>sentina</span> <span class='ocrx_word' id='word_1_24' title='bbox 416 344 457 370; x_wconf 90' lang='lat' dir='ltr'>est</span> <span class='ocrx_word' id='word_1_25' title='bbox 470 341 593 369; x_wconf 91' lang='lat' dir='ltr'>omnium</span> <span class='ocrx_word' id='word_1_26' title='bbox 609 341 755 374; x_wconf 88' lang='lat' dir='ltr'>vitiorum,</span> <span class='ocrx_word' id='word_1_27' title='bbox 771 349 826 378; x_wconf 90' lang='lat' dir='ltr'>qua</span> <span class='ocrx_word' id='word_1_28' title='bbox 841 341 952 377; x_wconf 84' lang='lat' dir='ltr'>plurimi</span> 
     </span>
     <span class='ocr_line' id='line_1_11' title="bbox 109 387 954 425; baseline -0.004 -7"><span class='ocrx_word' id='word_1_29' title='bbox 109 388 258 425; x_wconf 87' lang='lat' dir='ltr'>consopiti,</span> <span class='ocrx_word' id='word_1_30' title='bbox 279 391 488 416; x_wconf 89' lang='lat' dir='ltr'>monstruosum</span> <span class='ocrx_word' id='word_1_31' title='bbox 508 387 645 424; x_wconf 83' lang='lat' dir='ltr'>quendam</span> <span class='ocrx_word' id='word_1_32' title='bbox 668 390 770 416; x_wconf 89' lang='lat' dir='ltr'>statum</span> <span class='ocrx_word' id='word_1_33' title='bbox 792 388 863 416; x_wconf 88' lang='lat' dir='ltr'>inter</span> <span class='ocrx_word' id='word_1_34' title='bbox 889 395 954 416; x_wconf 89' lang='lat' dir='ltr'>con-</span> 
     </span>
     <span class='ocr_line' id='line_1_12' title="bbox 110 434 952 472; baseline -0.004 -7"><span class='ocrx_word' id='word_1_35' title='bbox 110 435 295 472; x_wconf 85' lang='lat' dir='ltr'>templativam</span> <span class='ocrx_word' id='word_1_36' title='bbox 317 438 344 463; x_wconf 92' lang='lat' dir='ltr'>et</span> <span class='ocrx_word' id='word_1_37' title='bbox 364 434 481 462; x_wconf 81' lang='lat' dir='ltr'>activam</span> <span class='ocrx_word' id='word_1_38' title='bbox 502 434 634 470; x_wconf 83' lang='lat' dir='ltr'>eligentes</span> <span class='ocrx_word' id='word_1_39' title='bbox 647 435 665 468; x_wconf 87' lang='lat'>¹,</span> <span class='ocrx_word' id='word_1_40' title='bbox 688 442 741 462; x_wconf 90' lang='lat' dir='ltr'>non</span> <span class='ocrx_word' id='word_1_41' title='bbox 764 437 818 462; x_wconf 87' lang='lat' dir='ltr'>tam</span> <span class='ocrx_word' id='word_1_42' title='bbox 834 434 952 462; x_wconf 89' lang='lat' dir='ltr'>carnali—</span> 
     </span>
     <span class='ocr_line' id='line_1_13' title="bbox 110 480 952 518; baseline -0.002 -8"><span class='ocrx_word' id='word_1_43' title='bbox 110 485 152 511; x_wconf 86' lang='lat' dir='ltr'>ter</span> <span class='ocrx_word' id='word_1_44' title='bbox 173 488 256 518; x_wconf 83' lang='lat' dir='ltr'>quam</span> <span class='ocrx_word' id='word_1_45' title='bbox 277 480 427 509; x_wconf 85' lang='lat' dir='ltr'>crudeliter</span> <span class='ocrx_word' id='word_1_46' title='bbox 448 480 609 517; x_wconf 88' lang='lat' dir='ltr'>sanguinem</span> <span class='ocrx_word' id='word_1_47' title='bbox 625 480 773 509; x_wconf 90' lang='lat' dir='ltr'>comedunt</span> <span class='ocrx_word' id='word_1_48' title='bbox 787 480 952 509; x_wconf 88' lang='lat' dir='ltr'>animarum.</span> 
     </span>
     <span class='ocr_line' id='line_1_14' title="bbox 111 527 954 564; baseline -0.001 -8"><span class='ocrx_word' id='word_1_49' title='bbox 111 545 147 550; x_wconf 95' lang='lat'>—</span> <span class='ocrx_word' id='word_1_50' title='bbox 169 527 298 556; x_wconf 85' lang='lat' dir='ltr'>Occurrit</span> <span class='ocrx_word' id='word_1_51' title='bbox 318 527 442 564; x_wconf 83' lang='lat' dir='ltr'>evagatio</span> <span class='ocrx_word' id='word_1_52' title='bbox 463 527 666 563; x_wconf 90' lang='lat' dir='ltr'>plurimorum,</span> <span class='ocrx_word' id='word_1_53' title='bbox 681 527 728 563; x_wconf 93' lang='lat' dir='ltr'>qui</span> <span class='ocrx_word' id='word_1_54' title='bbox 751 530 865 563; x_wconf 89' lang='lat' dir='ltr'>propter</span> <span class='ocrx_word' id='word_1_55' title='bbox 886 527 954 555; x_wconf 90' lang='lat' dir='ltr'>sola-</span> 
     </span>
     <span class='ocr_line' id='line_1_15' title="bbox 111 573 953 610; baseline -0.002 -6"><span class='ocrx_word' id='word_1_56' title='bbox 111 576 179 605; x_wconf 88' lang='lat' dir='ltr'>tium</span> <span class='ocrx_word' id='word_1_57' title='bbox 211 582 327 603; x_wconf 89' lang='lat' dir='ltr'>suorum</span> <span class='ocrx_word' id='word_1_58' title='bbox 359 581 524 610; x_wconf 89' lang='lat' dir='ltr'>corporum,</span> <span class='ocrx_word' id='word_1_59' title='bbox 557 573 697 610; x_wconf 84' lang='lat' dir='ltr'>gravando</span> <span class='ocrx_word' id='word_1_60' title='bbox 718 581 778 607; x_wconf 91' lang='lat' dir='ltr'>eos,</span> <span class='ocrx_word' id='word_1_61' title='bbox 801 581 850 610; x_wconf 89' lang='lat' dir='ltr'>per</span> <span class='ocrx_word' id='word_1_62' title='bbox 882 582 953 610; x_wconf 93' lang='lat' dir='ltr'>quos</span> 
     </span>
     <span class='ocr_line' id='line_1_16' title="bbox 111 619 952 656; baseline -0.004 -6"><span class='ocrx_word' id='word_1_63' title='bbox 111 624 270 654; x_wconf 87' lang='lat' dir='ltr'>transeunt,</span> <span class='ocrx_word' id='word_1_64' title='bbox 293 628 347 648; x_wconf 89' lang='lat' dir='ltr'>non</span> <span class='ocrx_word' id='word_1_65' title='bbox 368 619 496 656; x_wconf 85' lang='lat' dir='ltr'>exempla</span> <span class='ocrx_word' id='word_1_66' title='bbox 512 623 572 656; x_wconf 86' lang='lat' dir='ltr'>post</span> <span class='ocrx_word' id='word_1_67' title='bbox 587 627 615 648; x_wconf 90' lang='lat' dir='ltr'>se</span> <span class='ocrx_word' id='word_1_68' title='bbox 631 619 793 656; x_wconf 89' lang='lat' dir='ltr'>relinquunt</span> <span class='ocrx_word' id='word_1_69' title='bbox 810 619 889 653; x_wconf 86' lang='lat' dir='ltr'>vitae,</span> <span class='ocrx_word' id='word_1_70' title='bbox 905 619 952 648; x_wconf 89' lang='lat' dir='ltr'>sed</span> 
     </span>
    </p>
   </div>
   <div class='ocr_carea' id='block_1_9' title="bbox 88 665 953 703">
    <p class='ocr_par' dir='ltr' id='par_1_9' title="bbox 88 665 953 703">
     <span class='ocr_line' id='line_1_17' title="bbox 88 665 953 703; baseline -0.003 -6"><span class='ocrx_word' id='word_1_71' title='bbox 88 667 237 697; x_wconf 80' lang='lat' dir='ltr'>,scandala</span> <span class='ocrx_word' id='word_1_72' title='bbox 268 666 360 703; x_wconf 87' lang='lat' dir='ltr'>potius</span> <span class='ocrx_word' id='word_1_73' title='bbox 390 666 555 694; x_wconf 88' lang='lat' dir='ltr'>animarum.</span> <span class='ocrx_word' id='word_1_74' title='bbox 577 682 616 687; x_wconf 90' lang='lat'>—-</span> <span class='ocrx_word' id='word_1_75' title='bbox 643 665 773 694; x_wconf 86' lang='lat' dir='ltr'>Occurrit</span> <span class='ocrx_word' id='word_1_76' title='bbox 794 666 953 702; x_wconf 92' lang='lat' dir='ltr'>importuna</span> 
     </span>
    </p>
   </div>
   <div class='ocr_carea' id='block_1_10' title="bbox 110 712 953 793">
    <p class='ocr_par' dir='ltr' id='par_1_10' title="bbox 110 712 953 793">
     <span class='ocr_line' id='line_1_18' title="bbox 111 712 953 752; baseline -0.002 -9"><span class='ocrx_word' id='word_1_77' title='bbox 111 714 221 752; x_wconf 82' lang='lat' dir='ltr'>petitio,</span> <span class='ocrx_word' id='word_1_78' title='bbox 236 716 350 750; x_wconf 88' lang='lat' dir='ltr'>propter</span> <span class='ocrx_word' id='word_1_79' title='bbox 364 721 447 750; x_wconf 88' lang='lat' dir='ltr'>quam</span> <span class='ocrx_word' id='word_1_80' title='bbox 461 712 471 728; x_wconf 73' lang='lat'>²²</span> <span class='ocrx_word' id='word_1_81' title='bbox 492 720 587 741; x_wconf 89' lang='lat' dir='ltr'>omnes</span> <span class='ocrx_word' id='word_1_82' title='bbox 603 715 777 741; x_wconf 87' lang='lat' dir='ltr'>transeuntes</span> <span class='ocrx_word' id='word_1_83' title='bbox 792 720 841 749; x_wconf 87' lang='lat' dir='ltr'>per</span> <span class='ocrx_word' id='word_1_84' title='bbox 864 716 953 741; x_wconf 88' lang='lat' dir='ltr'>terras</span> 
     </span>
     <span class='ocr_line' id='line_1_19' title="bbox 110 759 952 793; baseline -0.004 -3"><span class='ocrx_word' id='word_1_85' title='bbox 110 761 177 790; x_wconf 86' lang='lat' dir='ltr'>adeo</span> <span class='ocrx_word' id='word_1_86' title='bbox 196 760 348 789; x_wconf 88' lang='lat' dir='ltr'>abhorrent</span> <span class='ocrx_word' id='word_1_87' title='bbox 369 760 496 788; x_wconf 81' lang='lat' dir='ltr'>Fratrum</span> <span class='ocrx_word' id='word_1_88' title='bbox 518 767 682 793; x_wconf 90' lang='lat' dir='ltr'>occursum,</span> <span class='ocrx_word' id='word_1_89' title='bbox 704 762 735 787; x_wconf 92' lang='lat' dir='ltr'>ut</span> <span class='ocrx_word' id='word_1_90' title='bbox 766 759 805 788; x_wconf 87' lang='lat' dir='ltr'>eis</span> <span class='ocrx_word' id='word_1_91' title='bbox 838 759 952 788; x_wconf 86' lang='lat' dir='ltr'>timeant</span> 
     </span>
    </p>
   </div>
   <div class='ocr_carea' id='block_1_11' title="bbox 89 805 950 845">
    <p class='ocr_par' dir='ltr' id='par_1_11' title="bbox 89 805 950 845">
     <span class='ocr_line' id='line_1_20' title="bbox 89 805 950 845; baseline -0.002 -9"><span class='ocrx_word' id='word_1_92' title='bbox 89 807 186 845; x_wconf 90' lang='lat' dir='ltr'>.quasi</span> <span class='ocrx_word' id='word_1_93' title='bbox 209 806 395 843; x_wconf 88' lang='lat' dir='ltr'>praedonibus</span> <span class='ocrx_word' id='word_1_94' title='bbox 416 806 536 834; x_wconf 90' lang='lat' dir='ltr'>obviare.</span> <span class='ocrx_word' id='word_1_95' title='bbox 560 822 598 826; x_wconf 79' lang='lat'>-</span> <span class='ocrx_word' id='word_1_96' title='bbox 618 805 747 834; x_wconf 83' lang='lat' dir='ltr'>Occurrit</span> <span class='ocrx_word' id='word_1_97' title='bbox 761 805 950 834; x_wconf 87' lang='lat' dir='ltr'>aedificiorum</span> 
     </span>
    </p>
   </div>
   <div class='ocr_carea' id='block_1_12' title="bbox 107 852 953 1076">
    <p class='ocr_par' dir='ltr' id='par_1_12' title="bbox 107 852 953 1076">
     <span class='ocr_line' id='line_1_21' title="bbox 109 852 953 889; baseline -0.002 -7"><span class='ocrx_word' id='word_1_98' title='bbox 109 853 278 883; x_wconf 82' lang='lat' dir='ltr'>constructio</span> <span class='ocrx_word' id='word_1_99' title='bbox 299 856 443 881; x_wconf 86' lang='lat' dir='ltr'>sumtuosa</span> <span class='ocrx_word' id='word_1_100' title='bbox 464 855 491 881; x_wconf 91' lang='lat' dir='ltr'>et</span> <span class='ocrx_word' id='word_1_101' title='bbox 522 852 647 886; x_wconf 87' lang='lat' dir='ltr'>curiosa,</span> <span class='ocrx_word' id='word_1_102' title='bbox 674 860 744 889; x_wconf 91' lang='lat' dir='ltr'>quae</span> <span class='ocrx_word' id='word_1_103' title='bbox 776 860 870 889; x_wconf 85' lang='lat' dir='ltr'>pacem</span> <span class='ocrx_word' id='word_1_104' title='bbox 892 853 953 881; x_wconf 88' lang='lat' dir='ltr'>Fra-</span> 
     </span>
     <span class='ocr_line' id='line_1_22' title="bbox 109 899 952 936; baseline -0.002 -7"><span class='ocrx_word' id='word_1_105' title='bbox 109 904 184 929; x_wconf 89' lang='lat' dir='ltr'>trum</span> <span class='ocrx_word' id='word_1_106' title='bbox 205 900 353 936; x_wconf 86' lang='lat' dir='ltr'>inquietat‚</span> <span class='ocrx_word' id='word_1_107' title='bbox 375 899 477 928; x_wconf 88' lang='lat' dir='ltr'>amicos</span> <span class='ocrx_word' id='word_1_108' title='bbox 498 903 595 936; x_wconf 86' lang='lat' dir='ltr'>gravat</span> <span class='ocrx_word' id='word_1_109' title='bbox 609 902 636 927; x_wconf 92' lang='lat' dir='ltr'>et</span> <span class='ocrx_word' id='word_1_110' title='bbox 652 899 795 927; x_wconf 89' lang='lat' dir='ltr'>hominum</span> <span class='ocrx_word' id='word_1_111' title='bbox 812 899 952 935; x_wconf 86' lang='lat' dir='ltr'>perversis</span> 
     </span>
     <span class='ocr_line' id='line_1_23' title="bbox 109 945 953 983; baseline -0.002 -7"><span class='ocrx_word' id='word_1_112' title='bbox 109 947 216 976; x_wconf 88' lang='lat' dir='ltr'>iudiciis</span> <span class='ocrx_word' id='word_1_113' title='bbox 238 946 427 983; x_wconf 90' lang='lat' dir='ltr'>multipliciter</span> <span class='ocrx_word' id='word_1_114' title='bbox 449 954 498 974; x_wconf 91' lang='lat' dir='ltr'>nos</span> <span class='ocrx_word' id='word_1_115' title='bbox 526 946 650 982; x_wconf 86' lang='lat' dir='ltr'>exponit.</span> <span class='ocrx_word' id='word_1_116' title='bbox 672 962 710 965; x_wconf 97' lang='lat'><strong>—</strong></span> <span class='ocrx_word' id='word_1_117' title='bbox 731 945 861 974; x_wconf 84' lang='lat' dir='ltr'>Occurrit</span> <span class='ocrx_word' id='word_1_118' title='bbox 882 946 953 974; x_wconf 92' lang='lat' dir='ltr'>mul—</span> 
     </span>
     <span class='ocr_line' id='line_1_24' title="bbox 107 992 952 1030; baseline -0.001 -8"><span class='ocrx_word' id='word_1_119' title='bbox 107 993 238 1030; x_wconf 88' lang='lat' dir='ltr'>tiplicatio</span> <span class='ocrx_word' id='word_1_120' title='bbox 260 992 493 1026; x_wconf 85' lang='lat' dir='ltr'>familiaritatum,</span> <span class='ocrx_word' id='word_1_121' title='bbox 515 1000 598 1029; x_wconf 88' lang='lat' dir='ltr'>quam</span> <span class='ocrx_word' id='word_1_122' title='bbox 622 993 723 1029; x_wconf 81' lang='lat' dir='ltr'>Regula</span> <span class='ocrx_word' id='word_1_123' title='bbox 744 996 839 1021; x_wconf 90' lang='lat' dir='ltr'>nostra</span> <span class='ocrx_word' id='word_1_124' title='bbox 860 993 952 1029; x_wconf 87' lang='lat' dir='ltr'>probi-</span> 
     </span>
     <span class='ocr_line' id='line_1_25' title="bbox 108 1039 951 1076; baseline -0.002 -7"><span class='ocrx_word' id='word_1_125' title='bbox 108 1041 169 1074; x_wconf 89' lang='lat' dir='ltr'>bet,</span> <span class='ocrx_word' id='word_1_126' title='bbox 191 1048 226 1068; x_wconf 88' lang='lat' dir='ltr'>ex</span> <span class='ocrx_word' id='word_1_127' title='bbox 248 1047 304 1076; x_wconf 90' lang='lat' dir='ltr'>qua</span> <span class='ocrx_word' id='word_1_128' title='bbox 335 1039 521 1076; x_wconf 84' lang='lat' dir='ltr'>suspiciones,</span> <span class='ocrx_word' id='word_1_129' title='bbox 543 1039 734 1068; x_wconf 83' lang='lat' dir='ltr'>infamationes</span> <span class='ocrx_word' id='word_1_130' title='bbox 765 1043 792 1068; x_wconf 93' lang='lat' dir='ltr'>et</span> <span class='ocrx_word' id='word_1_131' title='bbox 823 1039 951 1068; x_wconf 89' lang='lat' dir='ltr'>scandala</span> 
     </span>
    </p>
   </div>
   <div class='ocr_carea' id='block_1_13' title="bbox 87 1085 951 1124">
    <p class='ocr_par' dir='ltr' id='par_1_13' title="bbox 87 1085 951 1124">
     <span class='ocr_line' id='line_1_26' title="bbox 87 1085 951 1124; baseline -0.002 -8"><span class='ocrx_word' id='word_1_132' title='bbox 87 1087 229 1124; x_wconf 78' lang='lat' dir='ltr'>‚plurima</span> <span class='ocrx_word' id='word_1_133' title='bbox 249 1086 388 1115; x_wconf 91' lang='lat' dir='ltr'>oriuntur.</span> <span class='ocrx_word' id='word_1_134' title='bbox 411 1103 448 1105; x_wconf 97' lang='lat'><strong>—</strong></span> <span class='ocrx_word' id='word_1_135' title='bbox 469 1085 599 1114; x_wconf 89' lang='lat' dir='ltr'>Occurrit</span> <span class='ocrx_word' id='word_1_136' title='bbox 620 1085 775 1122; x_wconf 89' lang='lat' dir='ltr'>improvida</span> <span class='ocrx_word' id='word_1_137' title='bbox 795 1086 951 1115; x_wconf 82' lang='lat' dir='ltr'>commissio</span> 
     </span>
    </p>
   </div>
   <div class='ocr_carea' id='block_1_14' title="bbox 108 1132 951 1216">
    <p class='ocr_par' dir='ltr' id='par_1_14' title="bbox 108 1132 951 1216">
     <span class='ocr_line' id='line_1_27' title="bbox 108 1132 951 1169; baseline -0.001 -7"><span class='ocrx_word' id='word_1_138' title='bbox 108 1133 279 1167; x_wconf 89' lang='lat' dir='ltr'>officiorum,</span> <span class='ocrx_word' id='word_1_139' title='bbox 300 1140 356 1169; x_wconf 89' lang='lat' dir='ltr'>qua</span> <span class='ocrx_word' id='word_1_140' title='bbox 376 1132 518 1161; x_wconf 86' lang='lat' dir='ltr'>Fratribus</span> <span class='ocrx_word' id='word_1_141' title='bbox 533 1132 654 1161; x_wconf 88' lang='lat' dir='ltr'>nondum</span> <span class='ocrx_word' id='word_1_142' title='bbox 671 1140 872 1169; x_wconf 81' lang='lat' dir='ltr'>usquequaque</span> <span class='ocrx_word' id='word_1_143' title='bbox 888 1140 951 1169; x_wconf 88' lang='lat' dir='ltr'>pro-</span> 
     </span>
     <span class='ocr_line' id='line_1_28' title="bbox 109 1179 951 1216; baseline -0.002 -7"><span class='ocrx_word' id='word_1_144' title='bbox 109 1180 180 1209; x_wconf 85' lang='lat' dir='ltr'>batis</span> <span class='ocrx_word' id='word_1_145' title='bbox 200 1187 250 1209; x_wconf 89' lang='lat' dir='ltr'>nec</span> <span class='ocrx_word' id='word_1_146' title='bbox 271 1187 354 1208; x_wconf 89' lang='lat' dir='ltr'>carne</span> <span class='ocrx_word' id='word_1_147' title='bbox 375 1179 520 1208; x_wconf 88' lang='lat' dir='ltr'>maceratis</span> <span class='ocrx_word' id='word_1_148' title='bbox 542 1187 591 1208; x_wconf 86' lang='lat' dir='ltr'>nec</span> <span class='ocrx_word' id='word_1_149' title='bbox 622 1179 722 1216; x_wconf 89' lang='lat' dir='ltr'>spiritu</span> <span class='ocrx_word' id='word_1_150' title='bbox 744 1179 880 1208; x_wconf 85' lang='lat' dir='ltr'>roboratis</span> <span class='ocrx_word' id='word_1_151' title='bbox 901 1179 951 1207; x_wconf 90' lang='lat' dir='ltr'>im-</span> 
     </span>
    </p>
   </div>
   <div class='ocr_carea' id='block_1_15' title="bbox 86 1225 950 1264">
    <p class='ocr_par' dir='ltr' id='par_1_15' title="bbox 86 1225 950 1264">
     <span class='ocr_line' id='line_1_29' title="bbox 86 1225 950 1264; baseline -0.002 -8"><span class='ocrx_word' id='word_1_152' title='bbox 86 1230 251 1264; x_wconf 88' lang='lat' dir='ltr'>.ponuntur</span> <span class='ocrx_word' id='word_1_153' title='bbox 282 1226 372 1255; x_wconf 88' lang='lat' dir='ltr'>officia</span> <span class='ocrx_word' id='word_1_154' title='bbox 402 1227 451 1254; x_wconf 79' lang='lat' dir='ltr'>vix</span> <span class='ocrx_word' id='word_1_155' title='bbox 478 1226 620 1263; x_wconf 86' lang='lat' dir='ltr'>portanda.</span> <span class='ocrx_word' id='word_1_156' title='bbox 643 1243 681 1246; x_wconf 90' lang='lat'>—</span> <span class='ocrx_word' id='word_1_157' title='bbox 709 1225 838 1254; x_wconf 88' lang='lat' dir='ltr'>Occurrit</span> <span class='ocrx_word' id='word_1_158' title='bbox 869 1226 950 1255; x_wconf 88' lang='lat' dir='ltr'>etiam</span> 
     </span>
    </p>
   </div>
   <div class='ocr_carea' id='block_1_16' title="bbox 107 1273 952 1497">
    <p class='ocr_par' dir='ltr' id='par_1_16' title="bbox 107 1273 952 1497">
     <span class='ocr_line' id='line_1_30' title="bbox 108 1273 952 1311; baseline -0.002 -8"><span class='ocrx_word' id='word_1_159' title='bbox 108 1274 318 1311; x_wconf 89' lang='lat' dir='ltr'>sepulturarum</span> <span class='ocrx_word' id='word_1_160' title='bbox 339 1277 366 1302; x_wconf 91' lang='lat' dir='ltr'>et</span> <span class='ocrx_word' id='word_1_161' title='bbox 391 1276 618 1302; x_wconf 88' lang='lat' dir='ltr'>testamentorum</span> <span class='ocrx_word' id='word_1_162' title='bbox 647 1273 726 1301; x_wconf 90' lang='lat' dir='ltr'>avida</span> <span class='ocrx_word' id='word_1_163' title='bbox 753 1273 888 1310; x_wconf 82' lang='lat' dir='ltr'>quaedam</span> <span class='ocrx_word' id='word_1_164' title='bbox 910 1273 952 1301; x_wconf 92' lang='lat' dir='ltr'>in-</span> 
     </span>
     <span class='ocr_line' id='line_1_31' title="bbox 108 1320 951 1357; baseline -0.002 -7"><span class='ocrx_word' id='word_1_165' title='bbox 108 1321 198 1354; x_wconf 86' lang='lat' dir='ltr'>vasio,</span> <span class='ocrx_word' id='word_1_166' title='bbox 220 1328 274 1349; x_wconf 90' lang='lat' dir='ltr'>non</span> <span class='ocrx_word' id='word_1_167' title='bbox 296 1321 355 1349; x_wconf 88' lang='lat' dir='ltr'>sine</span> <span class='ocrx_word' id='word_1_168' title='bbox 375 1328 474 1357; x_wconf 85' lang='lat' dir='ltr'>magna</span> <span class='ocrx_word' id='word_1_169' title='bbox 495 1320 675 1349; x_wconf 77' lang='lat' dir='ltr'>turbatione⁸</span> <span class='ocrx_word' id='word_1_170' title='bbox 697 1320 762 1348; x_wconf 92' lang='lat' dir='ltr'>cleri</span> <span class='ocrx_word' id='word_1_171' title='bbox 784 1322 812 1348; x_wconf 89' lang='lat' dir='ltr'>et</span> <span class='ocrx_word' id='word_1_172' title='bbox 830 1320 951 1348; x_wconf 86' lang='lat' dir='ltr'>maxime</span> 
     </span>
     <span class='ocr_line' id='line_1_32' title="bbox 107 1365 951 1403; baseline -0.002 -7"><span class='ocrx_word' id='word_1_173' title='bbox 107 1366 280 1396; x_wconf 90' lang='lat' dir='ltr'>sacerdotum</span> <span class='ocrx_word' id='word_1_174' title='bbox 303 1366 513 1403; x_wconf 88' lang='lat' dir='ltr'>parochialium.</span> <span class='ocrx_word' id='word_1_175' title='bbox 533 1382 570 1386; x_wconf 98' lang='lat'><strong>—</strong></span> <span class='ocrx_word' id='word_1_176' title='bbox 591 1365 721 1394; x_wconf 85' lang='lat' dir='ltr'>Occurrit</span> <span class='ocrx_word' id='word_1_177' title='bbox 743 1366 858 1394; x_wconf 89' lang='lat' dir='ltr'>mutatio</span> <span class='ocrx_word' id='word_1_178' title='bbox 880 1366 951 1394; x_wconf 87' lang='lat' dir='ltr'>loco-</span> 
     </span>
     <span class='ocr_line' id='line_1_33' title="bbox 108 1413 950 1450; baseline -0.001 -8"><span class='ocrx_word' id='word_1_179' title='bbox 108 1422 171 1443; x_wconf 87' lang='lat' dir='ltr'>rum</span> <span class='ocrx_word' id='word_1_180' title='bbox 193 1413 325 1450; x_wconf 84' lang='lat' dir='ltr'>frequens</span> <span class='ocrx_word' id='word_1_181' title='bbox 346 1416 373 1442; x_wconf 90' lang='lat' dir='ltr'>et</span> <span class='ocrx_word' id='word_1_182' title='bbox 394 1416 538 1442; x_wconf 89' lang='lat' dir='ltr'>sumtuosa</span> <span class='ocrx_word' id='word_1_183' title='bbox 559 1420 623 1441; x_wconf 92' lang='lat' dir='ltr'>cum</span> <span class='ocrx_word' id='word_1_184' title='bbox 645 1413 762 1450; x_wconf 89' lang='lat' dir='ltr'>quadam</span> <span class='ocrx_word' id='word_1_185' title='bbox 779 1413 908 1441; x_wconf 89' lang='lat' dir='ltr'>violentia</span> <span class='ocrx_word' id='word_1_186' title='bbox 923 1416 950 1442; x_wconf 89' lang='lat' dir='ltr'>et</span> 
     </span>
     <span class='ocr_line' id='line_1_34' title="bbox 108 1460 950 1497; baseline -0.001 -8"><span class='ocrx_word' id='word_1_187' title='bbox 108 1460 316 1497; x_wconf 84' lang='lat' dir='ltr'>perturbatione</span> <span class='ocrx_word' id='word_1_188' title='bbox 338 1464 494 1494; x_wconf 87' lang='lat' dir='ltr'>terrarum,</span> <span class='ocrx_word' id='word_1_189' title='bbox 516 1468 579 1489; x_wconf 91' lang='lat' dir='ltr'>cum</span> <span class='ocrx_word' id='word_1_190' title='bbox 595 1463 659 1488; x_wconf 90' lang='lat' dir='ltr'>nota</span> <span class='ocrx_word' id='word_1_191' title='bbox 673 1460 880 1494; x_wconf 82' lang='lat' dir='ltr'>inconstantiae,</span> <span class='ocrx_word' id='word_1_192' title='bbox 896 1468 950 1488; x_wconf 90' lang='lat' dir='ltr'>non</span> 
     </span>
    </p>
   </div>
   <div class='ocr_carea' id='block_1_17' title="bbox 86 1506 950 1544">
    <p class='ocr_par' dir='ltr' id='par_1_17' title="bbox 86 1506 950 1544">
     <span class='ocr_line' id='line_1_35' title="bbox 86 1506 950 1544; baseline 0 -9"><span class='ocrx_word' id='word_1_193' title='bbox 86 1507 167 1536; x_wconf 91' lang='lat' dir='ltr'>.siue</span> <span class='ocrx_word' id='word_1_194' title='bbox 198 1507 366 1544; x_wconf 85' lang='lat' dir='ltr'>praeiudicio</span> <span class='ocrx_word' id='word_1_195' title='bbox 396 1507 576 1544; x_wconf 87' lang='lat' dir='ltr'>paupertatis.</span> <span class='ocrx_word' id='word_1_196' title='bbox 608 1524 646 1527; x_wconf 88' lang='lat'><em>-</em></span> <span class='ocrx_word' id='word_1_197' title='bbox 677 1506 806 1536; x_wconf 88' lang='lat' dir='ltr'>Occurrit</span> <span class='ocrx_word' id='word_1_198' title='bbox 841 1507 950 1535; x_wconf 88' lang='lat' dir='ltr'>taudem</span> 
     </span>
    </p>
   </div>
   <div class='ocr_carea' id='block_1_18' title="bbox 105 1553 953 2336">
    <p class='ocr_par' dir='ltr' id='par_1_18' title="bbox 105 1553 952 1770">
     <span class='ocr_line' id='line_1_36' title="bbox 107 1553 951 1590; baseline -0.001 -8"><span class='ocrx_word' id='word_1_199' title='bbox 107 1554 288 1583; x_wconf 88' lang='lat' dir='ltr'>sumtuositas</span> <span class='ocrx_word' id='word_1_200' title='bbox 318 1561 515 1590; x_wconf 89' lang='lat' dir='ltr'>expensarum.</span> <span class='ocrx_word' id='word_1_201' title='bbox 538 1554 604 1582; x_wconf 88' lang='lat' dir='ltr'>Nam</span> <span class='ocrx_word' id='word_1_202' title='bbox 635 1561 698 1582; x_wconf 88' lang='lat' dir='ltr'>cum</span> <span class='ocrx_word' id='word_1_203' title='bbox 730 1554 840 1582; x_wconf 86' lang='lat' dir='ltr'>Fratres</span> <span class='ocrx_word' id='word_1_204' title='bbox 864 1553 951 1582; x_wconf 88' lang='lat' dir='ltr'>nolint</span> 
     </span>
     <span class='ocr_line' id='line_1_37' title="bbox 106 1599 951 1638; baseline -0.001 -9"><span class='ocrx_word' id='word_1_205' title='bbox 106 1601 202 1638; x_wconf 87' lang='lat' dir='ltr'>paucis</span> <span class='ocrx_word' id='word_1_206' title='bbox 232 1608 291 1629; x_wconf 89' lang='lat' dir='ltr'>esse</span> <span class='ocrx_word' id='word_1_207' title='bbox 323 1601 459 1635; x_wconf 83' lang='lat' dir='ltr'>contenti,</span> <span class='ocrx_word' id='word_1_208' title='bbox 485 1603 512 1629; x_wconf 87' lang='lat' dir='ltr'>et</span> <span class='ocrx_word' id='word_1_209' title='bbox 543 1600 656 1629; x_wconf 74' lang='lat' dir='ltr'>caritas</span> <span class='ocrx_word' id='word_1_210' title='bbox 684 1599 833 1629; x_wconf 73' lang='lat' dir='ltr'>hominum</span> <span class='ocrx_word' id='word_1_211' title='bbox 863 1599 951 1637; x_wconf 81' lang='lat' dir='ltr'>refri-</span> 
     </span>
     <span class='ocr_line' id='line_1_38' title="bbox 105 1647 952 1685; baseline -0.001 -9"><span class='ocrx_word' id='word_1_212' title='bbox 105 1648 244 1685; x_wconf 73' lang='lat' dir='ltr'>9uerit⁴,</span> <span class='ocrx_word' id='word_1_213' title='bbox 273 1647 334 1676; x_wconf 85' lang='lat' dir='ltr'>facti</span> <span class='ocrx_word' id='word_1_214' title='bbox 367 1655 464 1676; x_wconf 91' lang='lat' dir='ltr'>sumus</span> <span class='ocrx_word' id='word_1_215' title='bbox 493 1647 623 1676; x_wconf 89' lang='lat' dir='ltr'>omnibus</span> <span class='ocrx_word' id='word_1_216' title='bbox 653 1647 778 1681; x_wconf 89' lang='lat' dir='ltr'>onerosi,</span> <span class='ocrx_word' id='word_1_217' title='bbox 810 1647 952 1683; x_wconf 82' lang='lat' dir='ltr'>magisque</span> 
     </span>
     <span class='ocr_line' id='line_1_39' title="bbox 106 1693 952 1731; baseline -0.001 -8"><span class='ocrx_word' id='word_1_218' title='bbox 106 1694 205 1723; x_wconf 88' lang='lat' dir='ltr'>fiemus</span> <span class='ocrx_word' id='word_1_219' title='bbox 227 1695 253 1722; x_wconf 91' lang='lat' dir='ltr'>in</span> <span class='ocrx_word' id='word_1_220' title='bbox 275 1697 434 1731; x_wconf 90' lang='lat' dir='ltr'>posterum,</span> <span class='ocrx_word' id='word_1_221' title='bbox 456 1694 506 1722; x_wconf 90' lang='lat' dir='ltr'>nisi</span> <span class='ocrx_word' id='word_1_222' title='bbox 534 1693 686 1722; x_wconf 90' lang='lat' dir='ltr'>remedium</span> <span class='ocrx_word' id='word_1_223' title='bbox 714 1694 840 1722; x_wconf 90' lang='lat' dir='ltr'>celeriter</span> <span class='ocrx_word' id='word_1_224' title='bbox 868 1701 952 1730; x_wconf 89' lang='lat' dir='ltr'>appo-</span> 
     </span>
     <span class='ocr_line' id='line_1_40' title="bbox 106 1744 198 1770; baseline -0.011 0"><span class='ocrx_word' id='word_1_225' title='bbox 106 1744 198 1770; x_wconf 86' lang='lat' dir='ltr'>natur.</span> 
     </span>
    </p>

    <p class='ocr_par' dir='ltr' id='par_1_19' title="bbox 107 1787 953 2336">
     <span class='ocr_line' id='line_1_41' title="bbox 186 1787 950 1824; baseline -0.001 -8"><span class='ocrx_word' id='word_1_226' title='bbox 186 1788 213 1817; x_wconf 83' lang='grc'>3,</span> <span class='ocrx_word' id='word_1_227' title='bbox 235 1788 309 1816; x_wconf 89' lang='lat' dir='ltr'>Licet</span> <span class='ocrx_word' id='word_1_228' title='bbox 329 1791 422 1816; x_wconf 90' lang='lat' dir='ltr'>autem</span> <span class='ocrx_word' id='word_1_229' title='bbox 452 1787 563 1824; x_wconf 86' lang='lat' dir='ltr'>plurimi</span> <span class='ocrx_word' id='word_1_230' title='bbox 596 1787 789 1824; x_wconf 78' lang='lat' dir='ltr'>reperiantur,</span> <span class='ocrx_word' id='word_1_231' title='bbox 821 1787 868 1824; x_wconf 91' lang='lat' dir='ltr'>qui</span> <span class='ocrx_word' id='word_1_232' title='bbox 897 1795 950 1815; x_wconf 89' lang='lat' dir='ltr'>non</span> 
     </span>
     <span class='ocr_line' id='line_1_42' title="bbox 109 1834 952 1872; baseline -0.002 -8"><span class='ocrx_word' id='word_1_233' title='bbox 109 1838 174 1864; x_wconf 92' lang='lat' dir='ltr'>sunt</span> <span class='ocrx_word' id='word_1_234' title='bbox 195 1835 346 1872; x_wconf 87' lang='lat' dir='ltr'>culpabiles</span> <span class='ocrx_word' id='word_1_235' title='bbox 360 1835 387 1863; x_wconf 95' lang='lat' dir='ltr'>in</span> <span class='ocrx_word' id='word_1_236' title='bbox 406 1834 499 1871; x_wconf 89' lang='lat' dir='ltr'>aliquo</span> <span class='ocrx_word' id='word_1_237' title='bbox 514 1834 718 1871; x_wconf 89' lang='lat' dir='ltr'>praedictorum</span> <span class='ocrx_word' id='word_1_238' title='bbox 730 1857 737 1868; x_wconf 89' lang='lat'>,</span> <span class='ocrx_word' id='word_1_239' title='bbox 753 1838 842 1863; x_wconf 87' lang='lat' dir='ltr'>tamen</span> <span class='ocrx_word' id='word_1_240' title='bbox 857 1841 952 1862; x_wconf 90' lang='lat' dir='ltr'>omnes</span> 
     </span>
     <span class='ocr_line' id='line_1_43' title="bbox 111 1880 951 1915; baseline -0.002 -4"><span class='ocrx_word' id='word_1_241' title='bbox 111 1882 225 1911; x_wconf 91' lang='lat' dir='ltr'>involvit</span> <span class='ocrx_word' id='word_1_242' title='bbox 246 1882 314 1910; x_wconf 90' lang='lat' dir='ltr'>haec</span> <span class='ocrx_word' id='word_1_243' title='bbox 334 1881 504 1915; x_wconf 86' lang='lat' dir='ltr'>maledictio,</span> <span class='ocrx_word' id='word_1_244' title='bbox 526 1881 578 1909; x_wconf 89' lang='lat' dir='ltr'>nisi</span> <span class='ocrx_word' id='word_1_245' title='bbox 606 1889 622 1909; x_wconf 84' lang='lat' dir='ltr'>a</span> <span class='ocrx_word' id='word_1_246' title='bbox 647 1889 701 1909; x_wconf 89' lang='lat' dir='ltr'>non</span> <span class='ocrx_word' id='word_1_247' title='bbox 723 1880 887 1909; x_wconf 87' lang='lat' dir='ltr'>facientibus</span> <span class='ocrx_word' id='word_1_248' title='bbox 908 1880 951 1909; x_wconf 90' lang='lat' dir='ltr'>his</span> 
     </span>
     <span class='ocr_line' id='line_1_44' title="bbox 109 1927 952 1966; baseline -0.002 -9"><span class='ocrx_word' id='word_1_249' title='bbox 109 1929 157 1966; x_wconf 91' lang='lat' dir='ltr'>qui</span> <span class='ocrx_word' id='word_1_250' title='bbox 178 1928 299 1962; x_wconf 88' lang='lat' dir='ltr'>faciunt,</span> <span class='ocrx_word' id='word_1_251' title='bbox 320 1928 479 1962; x_wconf 90' lang='lat' dir='ltr'>resistatur;</span> <span class='ocrx_word' id='word_1_252' title='bbox 502 1935 565 1956; x_wconf 89' lang='lat' dir='ltr'>cum</span> <span class='ocrx_word' id='word_1_253' title='bbox 588 1928 649 1956; x_wconf 90' lang='lat' dir='ltr'>luce</span> <span class='ocrx_word' id='word_1_254' title='bbox 670 1928 773 1956; x_wconf 88' lang='lat' dir='ltr'>clarius</span> <span class='ocrx_word' id='word_1_255' title='bbox 793 1927 885 1956; x_wconf 88' lang='lat' dir='ltr'>omnia</span> <span class='ocrx_word' id='word_1_256' title='bbox 906 1935 952 1956; x_wconf 91' lang='lat' dir='ltr'>su-</span> 
     </span>
     <span class='ocr_line' id='line_1_45' title="bbox 108 1973 951 2012; baseline -0.001 -9"><span class='ocrx_word' id='word_1_257' title='bbox 108 1974 232 2012; x_wconf 86' lang='lat' dir='ltr'>pradicta</span> <span class='ocrx_word' id='word_1_258' title='bbox 253 1975 280 2003; x_wconf 92' lang='lat' dir='ltr'>in</span> <span class='ocrx_word' id='word_1_259' title='bbox 302 1975 456 2003; x_wconf 80' lang='lat' dir='ltr'>maximum</span> <span class='ocrx_word' id='word_1_260' title='bbox 472 1977 500 2003; x_wconf 93' lang='lat' dir='ltr'>et</span> <span class='ocrx_word' id='word_1_261' title='bbox 514 1974 590 2003; x_wconf 90' lang='lat' dir='ltr'>nullo</span> <span class='ocrx_word' id='word_1_262' title='bbox 605 1974 685 2003; x_wconf 90' lang='lat' dir='ltr'>modo</span> <span class='ocrx_word' id='word_1_263' title='bbox 699 1973 929 2003; x_wconf 88' lang='lat' dir='ltr'>dissimulandum</span> <span class='ocrx_word' id='word_1_264' title='bbox 941 1974 951 1991; x_wconf 87' lang='lat'><strong>⁵</strong></span> 
     </span>
     <span class='ocr_line' id='line_1_46' title="bbox 110 2020 953 2059; baseline -0.001 -9"><span class='ocrx_word' id='word_1_265' title='bbox 110 2025 225 2059; x_wconf 88' lang='lat' dir='ltr'>vergant</span> <span class='ocrx_word' id='word_1_266' title='bbox 245 2021 332 2050; x_wconf 88' lang='lat' dir='ltr'>nostri</span> <span class='ocrx_word' id='word_1_267' title='bbox 354 2021 465 2050; x_wconf 90' lang='lat' dir='ltr'>Ordinis</span> <span class='ocrx_word' id='word_1_268' title='bbox 485 2021 701 2055; x_wconf 87' lang='lat' dir='ltr'>detrimentum,</span> <span class='ocrx_word' id='word_1_269' title='bbox 723 2021 786 2049; x_wconf 86' lang='lat' dir='ltr'>licet</span> <span class='ocrx_word' id='word_1_270' title='bbox 807 2020 905 2057; x_wconf 86' lang='lat' dir='ltr'>tepidis</span> <span class='ocrx_word' id='word_1_271' title='bbox 925 2024 953 2049; x_wconf 90' lang='lat' dir='ltr'>et</span> 
     </span>
     <span class='ocr_line' id='line_1_47' title="bbox 108 2067 952 2104; baseline -0.002 -7"><span class='ocrx_word' id='word_1_272' title='bbox 108 2068 243 2097; x_wconf 88' lang='lat' dir='ltr'>indevotis</span> <span class='ocrx_word' id='word_1_273' title='bbox 263 2071 290 2097; x_wconf 90' lang='lat' dir='ltr'>et</span> <span class='ocrx_word' id='word_1_274' title='bbox 309 2068 470 2097; x_wconf 78' lang='lat' dir='ltr'>secundum</span> <span class='ocrx_word' id='word_1_275' title='bbox 498 2076 616 2096; x_wconf 79' lang='lat' dir='ltr'>earnem</span> <span class='ocrx_word' id='word_1_276' title='bbox 645 2067 842 2104; x_wconf 74' lang='lat' dir='ltr'>sapientibus,</span> <span class='ocrx_word' id='word_1_277' title='bbox 863 2067 952 2096; x_wconf 91' lang='lat' dir='ltr'>consi-</span> 
     </span>
     <span class='ocr_line' id='line_1_48' title="bbox 108 2113 952 2151; baseline -0.002 -7"><span class='ocrx_word' id='word_1_278' title='bbox 108 2115 269 2144; x_wconf 88' lang='lat' dir='ltr'>derantibus</span> <span class='ocrx_word' id='word_1_279' title='bbox 290 2114 519 2143; x_wconf 87' lang='lat' dir='ltr'>consuetudinem</span> <span class='ocrx_word' id='word_1_280' title='bbox 539 2117 566 2143; x_wconf 90' lang='lat' dir='ltr'>et</span> <span class='ocrx_word' id='word_1_281' title='bbox 593 2114 776 2151; x_wconf 85' lang='lat' dir='ltr'>allegantibus</span> <span class='ocrx_word' id='word_1_282' title='bbox 797 2113 952 2142; x_wconf 87' lang='lat' dir='ltr'>multitudi-</span> 
     </span>
     <span class='ocr_line' id='line_1_49' title="bbox 108 2160 953 2199; baseline -0.004 -8"><span class='ocrx_word' id='word_1_283' title='bbox 108 2170 171 2191; x_wconf 90' lang='lat' dir='ltr'>nem</span> <span class='ocrx_word' id='word_1_284' title='bbox 192 2161 270 2199; x_wconf 89' lang='lat' dir='ltr'>quasi</span> <span class='ocrx_word' id='word_1_285' title='bbox 299 2161 387 2190; x_wconf 78' lang='lat' dir='ltr'>facilia</span> <span class='ocrx_word' id='word_1_286' title='bbox 414 2164 442 2190; x_wconf 89' lang='lat' dir='ltr'>et</span> <span class='ocrx_word' id='word_1_287' title='bbox 462 2161 633 2190; x_wconf 86' lang='lat' dir='ltr'>excusabilia</span> <span class='ocrx_word' id='word_1_288' title='bbox 654 2161 707 2189; x_wconf 73' lang='lat' dir='ltr'>ac¹³</span> <span class='ocrx_word' id='word_1_289' title='bbox 739 2160 953 2189; x_wconf 88' lang='lat' dir='ltr'>irremediabilia</span> 
     </span>
     <span class='ocr_line' id='line_1_50' title="bbox 107 2208 953 2246; baseline -0.002 -8"><span class='ocrx_word' id='word_1_290' title='bbox 107 2209 263 2238; x_wconf 87' lang='lat' dir='ltr'>videantur.</span> <span class='ocrx_word' id='word_1_291' title='bbox 277 2225 313 2230; x_wconf 91' lang='lat'>—-</span> <span class='ocrx_word' id='word_1_292' title='bbox 331 2209 474 2238; x_wconf 88' lang='lat' dir='ltr'>Excitetur</span> <span class='ocrx_word' id='word_1_293' title='bbox 488 2217 554 2246; x_wconf 88' lang='lat' dir='ltr'>ergo</span> <span class='ocrx_word' id='word_1_294' title='bbox 574 2209 665 2237; x_wconf 87' lang='lat' dir='ltr'>cordis</span> <span class='ocrx_word' id='word_1_295' title='bbox 686 2209 771 2237; x_wconf 88' lang='grc'>1105111</span> <span class='ocrx_word' id='word_1_296' title='bbox 793 2208 901 2237; x_wconf 85' lang='lat' dir='ltr'>devotio</span> <span class='ocrx_word' id='word_1_297' title='bbox 925 2211 953 2237; x_wconf 91' lang='lat' dir='ltr'>et</span> 
     </span>
     <span class='ocr_line' id='line_1_51' title="bbox 108 2255 952 2292; baseline -0.002 -8"><span class='ocrx_word' id='word_1_298' title='bbox 108 2255 201 2284; x_wconf 84' lang='lat' dir='ltr'>fervor</span> <span class='ocrx_word' id='word_1_299' title='bbox 221 2255 255 2284; x_wconf 87' lang='lat' dir='ltr'>ad</span> <span class='ocrx_word' id='word_1_300' title='bbox 277 2255 383 2289; x_wconf 88' lang='lat' dir='ltr'>zelum,</span> <span class='ocrx_word' id='word_1_301' title='bbox 403 2259 430 2284; x_wconf 90' lang='lat' dir='ltr'>et</span> <span class='ocrx_word' id='word_1_302' title='bbox 450 2255 544 2284; x_wconf 75' lang='lat' dir='ltr'>eiectis</span> <span class='ocrx_word' id='word_1_303' title='bbox 564 2255 793 2292; x_wconf 72' lang='lat' dir='ltr'>neyotiatoribus</span> <span class='ocrx_word' id='word_1_304' title='bbox 814 2255 848 2283; x_wconf 83' lang='lat' dir='ltr'>de</span> <span class='ocrx_word' id='word_1_305' title='bbox 868 2255 952 2283; x_wconf 79' lang='grc'>11101110</span> 
     </span>
     <span class='ocr_line' id='line_1_52' title="bbox 110 2301 953 2336; baseline -0.001 -6"><span class='ocrx_word' id='word_1_306' title='bbox 110 2302 214 2330; x_wconf 77' lang='lat' dir='ltr'>Patris</span> <span class='ocrx_word' id='word_1_307' title='bbox 236 2302 378 2336; x_wconf 75' lang='lat' dir='ltr'>caelestis,</span> <span class='ocrx_word' id='word_1_308' title='bbox 400 2302 509 2331; x_wconf 89' lang='lat' dir='ltr'>Fratres</span> <span class='ocrx_word' id='word_1_309' title='bbox 529 2309 625 2330; x_wconf 89' lang='lat' dir='ltr'>omnes</span> <span class='ocrx_word' id='word_1_310' title='bbox 652 2301 686 2330; x_wconf 89' lang='lat' dir='ltr'>ad</span> <span class='ocrx_word' id='word_1_311' title='bbox 706 2301 839 2330; x_wconf 90' lang='lat' dir='ltr'>orationis</span> <span class='ocrx_word' id='word_1_312' title='bbox 859 2304 886 2330; x_wconf 91' lang='lat' dir='ltr'>et</span> <span class='ocrx_word' id='word_1_313' title='bbox 906 2301 953 2330; x_wconf 90' lang='lat' dir='ltr'>de-</span> 
     </span>
    </p>
   </div>
   <div class='ocr_carea' id='block_1_19' title="bbox 980 298 983 2336">
    <p class='ocr_par' dir='ltr' id='par_1_20' title="bbox 980 298 983 2336">
     <span class='ocr_line' id='line_1_53' title="bbox 980 298 983 2336; baseline 0 0"><span class='ocrx_word' id='word_1_314' title='bbox 980 298 983 2336; x_wconf 95' lang='lat' dir='ltr'> </span> 
     </span>
    </p>
   </div>
   <div class='ocr_carea' id='block_1_20' title="bbox 1795 221 1851 250">
    <p class='ocr_par' dir='ltr' id='par_1_21' title="bbox 1795 221 1851 250">
     <span class='ocr_line' id='line_1_54' title="bbox 1795 221 1851 250; baseline 0.018 -1"><span class='ocrx_word' id='word_1_315' title='bbox 1795 221 1851 250; x_wconf 75' lang='lat'>469</span> 
     </span>
    </p>
   </div>
   <div class='ocr_carea' id='block_1_21' title="bbox 1007 296 1853 1780">
    <p class='ocr_par' dir='ltr' id='par_1_22' title="bbox 1009 296 1853 697">
     <span class='ocr_line' id='line_1_55' title="bbox 1010 296 1851 335; baseline 0.002 -11"><span class='ocrx_word' id='word_1_316' title='bbox 1010 296 1127 324; x_wconf 90' lang='lat' dir='ltr'>votionis</span> <span class='ocrx_word' id='word_1_317' title='bbox 1148 297 1271 325; x_wconf 91' lang='lat' dir='ltr'>studium</span> <span class='ocrx_word' id='word_1_318' title='bbox 1293 297 1456 332; x_wconf 88' lang='lat' dir='ltr'>accendatis,</span> <span class='ocrx_word' id='word_1_319' title='bbox 1479 297 1651 335; x_wconf 87' lang='lat' dir='ltr'>restringatis</span> <span class='ocrx_word' id='word_1_320' title='bbox 1666 298 1851 335; x_wconf 85' lang='lat' dir='ltr'>receptionem</span> 
     </span>
     <span class='ocr_line' id='line_1_56' title="bbox 1011 342 1852 381; baseline 0.004 -11"><span class='ocrx_word' id='word_1_321' title='bbox 1011 342 1211 376; x_wconf 87' lang='lat' dir='ltr'>multitudinis,</span> <span class='ocrx_word' id='word_1_322' title='bbox 1232 344 1297 380; x_wconf 87' lang='lat' dir='ltr'>quia</span> <span class='ocrx_word' id='word_1_323' title='bbox 1329 344 1416 372; x_wconf 86' lang='lat' dir='ltr'>modis</span> <span class='ocrx_word' id='word_1_324' title='bbox 1446 345 1576 373; x_wconf 86' lang='lat' dir='ltr'>omnibus</span> <span class='ocrx_word' id='word_1_325' title='bbox 1598 345 1671 378; x_wconf 89' lang='lat' dir='ltr'>volo,</span> <span class='ocrx_word' id='word_1_326' title='bbox 1693 344 1767 381; x_wconf 90' lang='lat' dir='ltr'>quod</span> <span class='ocrx_word' id='word_1_327' title='bbox 1789 352 1852 373; x_wconf 87' lang='lat' dir='ltr'>con—</span> 
     </span>
     <span class='ocr_line' id='line_1_57' title="bbox 1010 389 1853 428; baseline 0.004 -12"><span class='ocrx_word' id='word_1_328' title='bbox 1010 389 1116 417; x_wconf 89' lang='lat' dir='ltr'>stitutio</span> <span class='ocrx_word' id='word_1_329' title='bbox 1137 389 1170 417; x_wconf 90' lang='lat' dir='ltr'>de</span> <span class='ocrx_word' id='word_1_330' title='bbox 1192 390 1347 426; x_wconf 80' lang='lat' dir='ltr'>receptione</span> <span class='ocrx_word' id='word_1_331' title='bbox 1369 391 1463 420; x_wconf 82' lang='lat' dir='ltr'>stricte</span> <span class='ocrx_word' id='word_1_332' title='bbox 1484 394 1611 420; x_wconf 90' lang='lat' dir='ltr'>servetur</span> <span class='ocrx_word' id='word_1_333' title='bbox 1624 391 1644 419; x_wconf 85' lang='lat'>⁷.</span> <span class='ocrx_word' id='word_1_334' title='bbox 1660 391 1759 419; x_wconf 82' lang='lat' dir='ltr'>Pravas</span> <span class='ocrx_word' id='word_1_335' title='bbox 1774 399 1853 428; x_wconf 89' lang='lat' dir='ltr'>prae—</span> 
     </span>
     <span class='ocr_line' id='line_1_58' title="bbox 1009 434 1852 471; baseline 0.005 -9"><span class='ocrx_word' id='word_1_336' title='bbox 1009 434 1146 463; x_wconf 89' lang='lat' dir='ltr'>dictorum</span> <span class='ocrx_word' id='word_1_337' title='bbox 1169 435 1298 464; x_wconf 88' lang='lat' dir='ltr'>vitiorum</span> <span class='ocrx_word' id='word_1_338' title='bbox 1330 436 1542 466; x_wconf 88' lang='lat' dir='ltr'>consuetudines</span> <span class='ocrx_word' id='word_1_339' title='bbox 1573 437 1690 466; x_wconf 90' lang='lat' dir='ltr'>viriliter</span> <span class='ocrx_word' id='word_1_340' title='bbox 1711 437 1852 471; x_wconf 68' lang='grc'>1115010115,</span> 
     </span>
     <span class='ocr_line' id='line_1_59' title="bbox 1009 481 1852 521; baseline 0.005 -13"><span class='ocrx_word' id='word_1_341' title='bbox 1009 481 1090 517; x_wconf 85' lang='lat' dir='ltr'>quia,</span> <span class='ocrx_word' id='word_1_342' title='bbox 1113 481 1174 510; x_wconf 91' lang='lat' dir='ltr'>licet</span> <span class='ocrx_word' id='word_1_343' title='bbox 1196 482 1321 511; x_wconf 89' lang='lat' dir='ltr'>videatur</span> <span class='ocrx_word' id='word_1_344' title='bbox 1342 484 1484 512; x_wconf 86' lang='lat' dir='ltr'>Fratribus</span> <span class='ocrx_word' id='word_1_345' title='bbox 1505 492 1604 520; x_wconf 85' lang='lat' dir='ltr'>grave,</span> <span class='ocrx_word' id='word_1_346' title='bbox 1624 484 1742 521; x_wconf 90' lang='lat' dir='ltr'>requirit</span> <span class='ocrx_word' id='word_1_347' title='bbox 1761 487 1852 512; x_wconf 85' lang='lat' dir='ltr'>tamen</span> 
     </span>
     <span class='ocr_line' id='line_1_60' title="bbox 1010 527 1852 567; baseline 0.005 -12"><span class='ocrx_word' id='word_1_348' title='bbox 1010 527 1062 555; x_wconf 88' lang='lat' dir='ltr'>hoc</span> <span class='ocrx_word' id='word_1_349' title='bbox 1083 527 1213 563; x_wconf 88' lang='lat' dir='ltr'>perfectio</span> <span class='ocrx_word' id='word_1_350' title='bbox 1240 529 1416 565; x_wconf 88' lang='lat' dir='ltr'>professionis</span> <span class='ocrx_word' id='word_1_351' title='bbox 1444 534 1570 564; x_wconf 90' lang='lat' dir='ltr'>nostrae,</span> <span class='ocrx_word' id='word_1_352' title='bbox 1596 530 1714 567; x_wconf 89' lang='lat' dir='ltr'>requirit</span> <span class='ocrx_word' id='word_1_353' title='bbox 1736 531 1852 559; x_wconf 89' lang='lat' dir='ltr'>tribula-</span> 
     </span>
     <span class='ocr_line' id='line_1_61' title="bbox 1009 573 1853 612; baseline 0.006 -11"><span class='ocrx_word' id='word_1_354' title='bbox 1009 573 1090 601; x_wconf 87' lang='lat' dir='ltr'>tionis</span> <span class='ocrx_word' id='word_1_355' title='bbox 1111 574 1255 608; x_wconf 87' lang='lat' dir='ltr'>incursus,</span> <span class='ocrx_word' id='word_1_356' title='bbox 1277 576 1395 612; x_wconf 90' lang='lat' dir='ltr'>requirit</span> <span class='ocrx_word' id='word_1_357' title='bbox 1416 576 1551 609; x_wconf 90' lang='lat' dir='ltr'>mundus;</span> <span class='ocrx_word' id='word_1_358' title='bbox 1573 577 1672 605; x_wconf 85' lang='lat' dir='ltr'>clamat</span> <span class='ocrx_word' id='word_1_359' title='bbox 1694 577 1767 605; x_wconf 80' lang='lat' dir='ltr'>hoc⁸</span> <span class='ocrx_word' id='word_1_360' title='bbox 1790 577 1853 606; x_wconf 83' lang='lat' dir='ltr'>bea-</span> 
     </span>
     <span class='ocr_line' id='line_1_62' title="bbox 1010 621 1852 660; baseline 0.006 -13"><span class='ocrx_word' id='word_1_361' title='bbox 1010 623 1054 648; x_wconf 91' lang='lat' dir='ltr'>tus</span> <span class='ocrx_word' id='word_1_362' title='bbox 1075 621 1236 650; x_wconf 87' lang='lat' dir='ltr'>Franciscus</span> <span class='ocrx_word' id='word_1_363' title='bbox 1256 625 1283 650; x_wconf 91' lang='lat' dir='ltr'>et</span> <span class='ocrx_word' id='word_1_364' title='bbox 1303 623 1415 659; x_wconf 86' lang='lat' dir='ltr'>sanguis</span> <span class='ocrx_word' id='word_1_365' title='bbox 1436 623 1535 651; x_wconf 83' lang='lat' dir='ltr'>Christi</span> <span class='ocrx_word' id='word_1_366' title='bbox 1558 631 1689 660; x_wconf 87' lang='lat' dir='ltr'>aspersus</span> <span class='ocrx_word' id='word_1_367' title='bbox 1713 626 1740 652; x_wconf 90' lang='lat' dir='ltr'>et</span> <span class='ocrx_word' id='word_1_368' title='bbox 1762 624 1852 652; x_wconf 92' lang='lat' dir='ltr'>Domi-</span> 
     </span>
     <span class='ocr_line' id='line_1_63' title="bbox 1009 667 1260 697; baseline 0.008 -2"><span class='ocrx_word' id='word_1_369' title='bbox 1009 675 1062 696; x_wconf 90' lang='lat' dir='ltr'>nus</span> <span class='ocrx_word' id='word_1_370' title='bbox 1081 667 1115 696; x_wconf 88' lang='lat' dir='ltr'>de</span> <span class='ocrx_word' id='word_1_371' title='bbox 1135 668 1260 697; x_wconf 84' lang='lat' dir='ltr'>excelsis.</span> 
     </span>
    </p>

    <p class='ocr_par' dir='ltr' id='par_1_23' title="bbox 1007 714 1852 1491">
     <span class='ocr_line' id='line_1_64' title="bbox 1087 714 1852 754; baseline 0.005 -12"><span class='ocrx_word' id='word_1_372' title='bbox 1087 714 1114 742; x_wconf 78' lang='grc'>4.</span> <span class='ocrx_word' id='word_1_373' title='bbox 1136 714 1244 743; x_wconf 85' lang='grc'>0110505</span> <span class='ocrx_word' id='word_1_374' title='bbox 1264 715 1410 744; x_wconf 90' lang='lat' dir='ltr'>stimuletis</span> <span class='ocrx_word' id='word_1_375' title='bbox 1431 716 1463 744; x_wconf 87' lang='lat' dir='ltr'>ad</span> <span class='ocrx_word' id='word_1_376' title='bbox 1481 717 1617 750; x_wconf 84' lang='lat' dir='ltr'>laborem;</span> <span class='ocrx_word' id='word_1_377' title='bbox 1633 720 1762 754; x_wconf 87' lang='lat' dir='ltr'>vagantes</span> <span class='ocrx_word' id='word_1_378' title='bbox 1777 725 1852 746; x_wconf 89' lang='lat' dir='ltr'>com-</span> 
     </span>
     <span class='ocr_line' id='line_1_65' title="bbox 1009 762 1851 801; baseline 0.004 -11"><span class='ocrx_word' id='word_1_379' title='bbox 1009 762 1125 798; x_wconf 89' lang='lat' dir='ltr'>pescatis</span> <span class='ocrx_word' id='word_1_380' title='bbox 1146 762 1178 790; x_wconf 86' lang='lat' dir='ltr'>ad</span> <span class='ocrx_word' id='word_1_381' title='bbox 1201 762 1337 799; x_wconf 87' lang='lat' dir='ltr'>quietem;</span> <span class='ocrx_word' id='word_1_382' title='bbox 1360 763 1518 800; x_wconf 89' lang='lat' dir='ltr'>importune</span> <span class='ocrx_word' id='word_1_383' title='bbox 1534 764 1691 800; x_wconf 84' lang='lat' dir='ltr'>petentibus</span> <span class='ocrx_word' id='word_1_384' title='bbox 1706 764 1851 801; x_wconf 87' lang='lat' dir='ltr'>imponatis</span> 
     </span>
     <span class='ocr_line' id='line_1_66' title="bbox 1009 808 1851 847; baseline 0.005 -12"><span class='ocrx_word' id='word_1_385' title='bbox 1009 808 1164 842; x_wconf 86' lang='lat' dir='ltr'>silentium;</span> <span class='ocrx_word' id='word_1_386' title='bbox 1197 809 1315 838; x_wconf 88' lang='lat' dir='ltr'>intentos</span> <span class='ocrx_word' id='word_1_387' title='bbox 1346 810 1501 839; x_wconf 85' lang='lat' dir='ltr'>exaltandis</span> <span class='ocrx_word' id='word_1_388' title='bbox 1527 810 1655 839; x_wconf 87' lang='lat' dir='ltr'>domibus</span> <span class='ocrx_word' id='word_1_389' title='bbox 1686 810 1851 847; x_wconf 87' lang='lat' dir='ltr'>profundius</span> 
     </span>
     <span class='ocr_line' id='line_1_67' title="bbox 1008 853 1852 893; baseline 0.005 -12"><span class='ocrx_word' id='word_1_390' title='bbox 1008 853 1183 890; x_wconf 82' lang='lat' dir='ltr'>deprimatis3</span> <span class='ocrx_word' id='word_1_391' title='bbox 1206 855 1403 884; x_wconf 86' lang='lat' dir='ltr'>familiaritates</span> <span class='ocrx_word' id='word_1_392' title='bbox 1424 861 1588 893; x_wconf 89' lang='lat' dir='ltr'>quaerentes</span> <span class='ocrx_word' id='word_1_393' title='bbox 1602 857 1719 885; x_wconf 88' lang='lat' dir='ltr'>arceatis</span> <span class='ocrx_word' id='word_1_394' title='bbox 1739 856 1772 885; x_wconf 90' lang='lat' dir='ltr'>ad</span> <span class='ocrx_word' id='word_1_395' title='bbox 1788 857 1852 885; x_wconf 80' lang='lat' dir='ltr'>soli-</span> 
     </span>
     <span class='ocr_line' id='line_1_68' title="bbox 1009 900 1850 938; baseline 0.004 -10"><span class='ocrx_word' id='word_1_396' title='bbox 1009 900 1145 934; x_wconf 85' lang='lat' dir='ltr'>tudinem;</span> <span class='ocrx_word' id='word_1_397' title='bbox 1174 901 1263 930; x_wconf 88' lang='lat' dir='ltr'>officia</span> <span class='ocrx_word' id='word_1_398' title='bbox 1294 902 1504 938; x_wconf 88' lang='lat' dir='ltr'>praedicationis</span> <span class='ocrx_word' id='word_1_399' title='bbox 1528 908 1555 931; x_wconf 91' lang='lat' dir='ltr'>et</span> <span class='ocrx_word' id='word_1_400' title='bbox 1580 903 1756 931; x_wconf 85' lang='lat' dir='ltr'>confessionis</span> <span class='ocrx_word' id='word_1_401' title='bbox 1787 911 1850 932; x_wconf 91' lang='lat' dir='ltr'>cum</span> 
     </span>
     <span class='ocr_line' id='line_1_69' title="bbox 1008 947 1851 985; baseline 0.002 -10"><span class='ocrx_word' id='word_1_402' title='bbox 1008 947 1096 975; x_wconf 89' lang='lat' dir='ltr'>multo</span> <span class='ocrx_word' id='word_1_403' title='bbox 1127 948 1254 976; x_wconf 84' lang='lat' dir='ltr'>examine</span> <span class='ocrx_word' id='word_1_404' title='bbox 1286 948 1448 985; x_wconf 76' lang='lat' dir='ltr'>imponatis3</span> <span class='ocrx_word' id='word_1_405' title='bbox 1470 949 1693 978; x_wconf 87' lang='lat' dir='ltr'>constitutionem</span> <span class='ocrx_word' id='word_1_406' title='bbox 1724 949 1788 977; x_wconf 91' lang='lat' dir='ltr'>olim</span> <span class='ocrx_word' id='word_1_407' title='bbox 1811 949 1851 977; x_wconf 86' lang='lat' dir='ltr'>fa-</span> 
     </span>
     <span class='ocr_line' id='line_1_70' title="bbox 1008 994 1851 1032; baseline 0.004 -11"><span class='ocrx_word' id='word_1_408' title='bbox 1008 996 1079 1022; x_wconf 88' lang='lat' dir='ltr'>ctam</span> <span class='ocrx_word' id='word_1_409' title='bbox 1095 994 1128 1022; x_wconf 90' lang='lat' dir='ltr'>de</span> <span class='ocrx_word' id='word_1_410' title='bbox 1150 995 1319 1023; x_wconf 88' lang='lat' dir='ltr'>testamentis</span> <span class='ocrx_word' id='word_1_411' title='bbox 1333 998 1360 1023; x_wconf 90' lang='lat' dir='ltr'>et</span> <span class='ocrx_word' id='word_1_412' title='bbox 1373 995 1406 1024; x_wconf 89' lang='lat' dir='ltr'>de</span> <span class='ocrx_word' id='word_1_413' title='bbox 1422 1004 1492 1024; x_wconf 90' lang='lat' dir='ltr'>novo</span> <span class='ocrx_word' id='word_1_414' title='bbox 1507 995 1540 1024; x_wconf 89' lang='lat' dir='ltr'>de</span> <span class='ocrx_word' id='word_1_415' title='bbox 1554 996 1706 1032; x_wconf 87' lang='lat' dir='ltr'>sepulturis</span> <span class='ocrx_word' id='word_1_416' title='bbox 1717 995 1728 1012; x_wconf 69' lang='grc'>9</span> <span class='ocrx_word' id='word_1_417' title='bbox 1746 995 1851 1024; x_wconf 87' lang='lat' dir='ltr'>faciatis</span> 
     </span>
     <span class='ocr_line' id='line_1_71' title="bbox 1008 1040 1850 1075; baseline 0.002 -7"><span class='ocrx_word' id='word_1_418' title='bbox 1008 1040 1112 1069; x_wconf 88' lang='lat' dir='ltr'>arctius</span> <span class='ocrx_word' id='word_1_419' title='bbox 1132 1041 1289 1075; x_wconf 79' lang='lat' dir='ltr'>observari;</span> <span class='ocrx_word' id='word_1_420' title='bbox 1312 1042 1435 1070; x_wconf 89' lang='lat' dir='ltr'>locorum</span> <span class='ocrx_word' id='word_1_421' title='bbox 1458 1051 1523 1071; x_wconf 90' lang='lat' dir='ltr'>vero</span> <span class='ocrx_word' id='word_1_422' title='bbox 1554 1042 1733 1071; x_wconf 87' lang='lat' dir='ltr'>mutationem</span> <span class='ocrx_word' id='word_1_423' title='bbox 1762 1042 1850 1070; x_wconf 90' lang='lat' dir='ltr'>nulla-</span> 
     </span>
     <span class='ocr_line' id='line_1_72' title="bbox 1008 1088 1847 1126; baseline 0.002 -11"><span class='ocrx_word' id='word_1_424' title='bbox 1008 1090 1088 1116; x_wconf 89' lang='lat' dir='ltr'>tenus</span> <span class='ocrx_word' id='word_1_425' title='bbox 1109 1088 1263 1117; x_wconf 87' lang='lat' dir='ltr'>concedatis</span> <span class='ocrx_word' id='word_1_426' title='bbox 1284 1089 1364 1117; x_wconf 90' lang='lat' dir='ltr'>alicui</span> <span class='ocrx_word' id='word_1_427' title='bbox 1380 1092 1442 1118; x_wconf 89' lang='lat' dir='ltr'>ante</span> <span class='ocrx_word' id='word_1_428' title='bbox 1457 1089 1613 1126; x_wconf 90' lang='lat' dir='ltr'>Capitulum</span> <span class='ocrx_word' id='word_1_429' title='bbox 1629 1089 1764 1125; x_wconf 88' lang='lat' dir='ltr'>generale.</span> <span class='ocrx_word' id='word_1_430' title='bbox 1780 1089 1847 1117; x_wconf 90' lang='lat' dir='ltr'>Nam</span> 
     </span>
     <span class='ocr_line' id='line_1_73' title="bbox 1007 1133 1850 1172; baseline 0.001 -10"><span class='ocrx_word' id='word_1_431' title='bbox 1007 1133 1040 1162; x_wconf 92' lang='lat' dir='ltr'>de</span> <span class='ocrx_word' id='word_1_432' title='bbox 1074 1134 1187 1163; x_wconf 90' lang='lat' dir='ltr'>consilio</span> <span class='ocrx_word' id='word_1_433' title='bbox 1218 1135 1405 1164; x_wconf 89' lang='lat' dir='ltr'>Discretorum</span> <span class='ocrx_word' id='word_1_434' title='bbox 1437 1139 1551 1172; x_wconf 89' lang='lat' dir='ltr'>propter</span> <span class='ocrx_word' id='word_1_435' title='bbox 1582 1135 1708 1164; x_wconf 89' lang='lat' dir='ltr'>scandala</span> <span class='ocrx_word' id='word_1_436' title='bbox 1740 1135 1850 1164; x_wconf 87' lang='lat' dir='ltr'>vitanda</span> 
     </span>
     <span class='ocr_line' id='line_1_74' title="bbox 1007 1180 1849 1216; baseline 0.002 -8"><span class='ocrx_word' id='word_1_437' title='bbox 1007 1180 1087 1208; x_wconf 82' lang='lat' dir='ltr'>iuxta</span> <span class='ocrx_word' id='word_1_438' title='bbox 1118 1181 1336 1216; x_wconf 88' lang='lat' dir='ltr'>praedecessoris</span> <span class='ocrx_word' id='word_1_439' title='bbox 1367 1182 1419 1210; x_wconf 88' lang='lat' dir='ltr'>mei</span> <span class='ocrx_word' id='word_1_440' title='bbox 1453 1182 1611 1210; x_wconf 88' lang='lat' dir='ltr'>mandatum</span> <span class='ocrx_word' id='word_1_441' title='bbox 1643 1182 1694 1210; x_wconf 88' lang='lat' dir='ltr'>hoc</span> <span class='ocrx_word' id='word_1_442' title='bbox 1716 1182 1783 1210; x_wconf 86' lang='lat' dir='ltr'>mihi</span> <span class='ocrx_word' id='word_1_443' title='bbox 1806 1189 1849 1210; x_wconf 89' lang='lat' dir='ltr'>re-</span> 
     </span>
     <span class='ocr_line' id='line_1_75' title="bbox 1007 1227 1850 1264; baseline 0.001 -9"><span class='ocrx_word' id='word_1_444' title='bbox 1007 1235 1104 1261; x_wconf 90' lang='lat' dir='ltr'>servo,</span> <span class='ocrx_word' id='word_1_445' title='bbox 1125 1227 1248 1256; x_wconf 83' lang='lat' dir='ltr'>districte</span> <span class='ocrx_word' id='word_1_446' title='bbox 1270 1236 1319 1264; x_wconf 90' lang='lat' dir='ltr'>per</span> <span class='ocrx_word' id='word_1_447' title='bbox 1340 1228 1521 1257; x_wconf 87' lang='lat' dir='ltr'>obedientiam</span> <span class='ocrx_word' id='word_1_448' title='bbox 1544 1229 1678 1262; x_wconf 89' lang='lat' dir='ltr'>iubendo,</span> <span class='ocrx_word' id='word_1_449' title='bbox 1704 1232 1735 1257; x_wconf 90' lang='lat' dir='ltr'>ut</span> <span class='ocrx_word' id='word_1_450' title='bbox 1756 1229 1850 1257; x_wconf 92' lang='lat' dir='ltr'>nullus</span> 
     </span>
     <span class='ocr_line' id='line_1_76' title="bbox 1007 1273 1848 1311; baseline 0.001 -9"><span class='ocrx_word' id='word_1_451' title='bbox 1007 1273 1135 1310; x_wconf 87' lang='lat' dir='ltr'>deinceps</span> <span class='ocrx_word' id='word_1_452' title='bbox 1167 1274 1255 1303; x_wconf 92' lang='lat' dir='ltr'>locum</span> <span class='ocrx_word' id='word_1_453' title='bbox 1284 1278 1371 1303; x_wconf 88' lang='lat' dir='ltr'>mutet</span> <span class='ocrx_word' id='word_1_454' title='bbox 1399 1275 1457 1303; x_wconf 89' lang='lat' dir='ltr'>sine</span> <span class='ocrx_word' id='word_1_455' title='bbox 1480 1283 1540 1304; x_wconf 84' lang='lat' dir='ltr'>mea</span> <span class='ocrx_word' id='word_1_456' title='bbox 1565 1275 1673 1304; x_wconf 82' lang='lat' dir='ltr'>licentia</span> <span class='ocrx_word' id='word_1_457' title='bbox 1694 1275 1803 1311; x_wconf 87' lang='lat' dir='ltr'>speciali</span> <span class='ocrx_word' id='word_1_458' title='bbox 1817 1275 1848 1303; x_wconf 87' lang='lat'>¹⁰.</span> 
     </span>
     <span class='ocr_line' id='line_1_77' title="bbox 1008 1321 1849 1358; baseline 0.001 -9"><span class='ocrx_word' id='word_1_459' title='bbox 1008 1321 1119 1349; x_wconf 85' lang='lat' dir='ltr'>Discant</span> <span class='ocrx_word' id='word_1_460' title='bbox 1149 1322 1230 1349; x_wconf 88' lang='lat' dir='ltr'>etiam</span> <span class='ocrx_word' id='word_1_461' title='bbox 1259 1322 1368 1350; x_wconf 89' lang='lat' dir='ltr'>Fratres</span> <span class='ocrx_word' id='word_1_462' title='bbox 1399 1322 1511 1350; x_wconf 88' lang='lat' dir='ltr'>modicis</span> <span class='ocrx_word' id='word_1_463' title='bbox 1538 1330 1597 1350; x_wconf 90' lang='lat' dir='ltr'>esse</span> <span class='ocrx_word' id='word_1_464' title='bbox 1625 1322 1761 1355; x_wconf 87' lang='lat' dir='ltr'>contenti,</span> <span class='ocrx_word' id='word_1_465' title='bbox 1783 1322 1849 1358; x_wconf 88' lang='lat' dir='ltr'>quia</span> 
     </span>
     <span class='ocr_line' id='line_1_78' title="bbox 1007 1368 1848 1405; baseline 0.001 -9"><span class='ocrx_word' id='word_1_466' title='bbox 1007 1368 1185 1397; x_wconf 76' lang='lat' dir='ltr'>veliementer</span> <span class='ocrx_word' id='word_1_467' title='bbox 1206 1377 1222 1396; x_wconf 87' lang='lat' dir='ltr'>a</span> <span class='ocrx_word' id='word_1_468' title='bbox 1243 1369 1412 1405; x_wconf 84' lang='lat' dir='ltr'>sapientibus</span> <span class='ocrx_word' id='word_1_469' title='bbox 1443 1372 1469 1397; x_wconf 89' lang='lat' dir='ltr'>et</span> <span class='ocrx_word' id='word_1_470' title='bbox 1500 1369 1698 1398; x_wconf 87' lang='lat' dir='ltr'>rationabiliter</span> <span class='ocrx_word' id='word_1_471' title='bbox 1719 1368 1848 1397; x_wconf 83' lang='lat' dir='ltr'>formida-</span> 
     </span>
     <span class='ocr_line' id='line_1_79' title="bbox 1008 1416 1849 1452; baseline 0.001 -9"><span class='ocrx_word' id='word_1_472' title='bbox 1008 1419 1070 1449; x_wconf 89' lang='lat' dir='ltr'>tur,</span> <span class='ocrx_word' id='word_1_473' title='bbox 1092 1416 1165 1452; x_wconf 92' lang='lat' dir='ltr'>quod</span> <span class='ocrx_word' id='word_1_474' title='bbox 1187 1416 1337 1452; x_wconf 85' lang='lat' dir='ltr'>oportebit,</span> <span class='ocrx_word' id='word_1_475' title='bbox 1352 1423 1398 1444; x_wconf 88' lang='lat' dir='ltr'>eos</span> <span class='ocrx_word' id='word_1_476' title='bbox 1413 1416 1525 1445; x_wconf 91' lang='lat' dir='ltr'>modicis</span> <span class='ocrx_word' id='word_1_477' title='bbox 1546 1424 1605 1445; x_wconf 87' lang='lat' dir='ltr'>esse</span> <span class='ocrx_word' id='word_1_478' title='bbox 1627 1418 1781 1449; x_wconf 88' lang='lat' dir='ltr'>contentos,</span> <span class='ocrx_word' id='word_1_479' title='bbox 1803 1423 1849 1444; x_wconf 91' lang='lat' dir='ltr'>ve-</span> 
     </span>
     <span class='ocr_line' id='line_1_80' title="bbox 1008 1462 1174 1491; baseline 0.006 -1"><span class='ocrx_word' id='word_1_480' title='bbox 1008 1462 1057 1490; x_wconf 90' lang='lat' dir='ltr'>lint</span> <span class='ocrx_word' id='word_1_481' title='bbox 1079 1463 1174 1491; x_wconf 87' lang='lat' dir='ltr'>nolint.</span> 
     </span>
    </p>

    <p class='ocr_par' dir='ltr' id='par_1_24' title="bbox 1008 1509 1849 1780">
     <span class='ocr_line' id='line_1_81' title="bbox 1087 1509 1849 1546; baseline 0.001 -10"><span class='ocrx_word' id='word_1_482' title='bbox 1087 1509 1112 1536; x_wconf 79' lang='grc'>5.</span> <span class='ocrx_word' id='word_1_483' title='bbox 1135 1509 1160 1537; x_wconf 90' lang='lat' dir='ltr'>Si</span> <span class='ocrx_word' id='word_1_484' title='bbox 1183 1509 1268 1546; x_wconf 92' lang='lat' dir='ltr'>igitur</span> <span class='ocrx_word' id='word_1_485' title='bbox 1288 1509 1446 1538; x_wconf 87' lang='lat' dir='ltr'>obedientes</span> <span class='ocrx_word' id='word_1_486' title='bbox 1466 1509 1574 1538; x_wconf 84' lang='lat' dir='ltr'>fueritis</span> <span class='ocrx_word' id='word_1_487' title='bbox 1602 1509 1687 1538; x_wconf 91' lang='lat' dir='ltr'>verbo</span> <span class='ocrx_word' id='word_1_488' title='bbox 1715 1517 1764 1546; x_wconf 91' lang='lat' dir='ltr'>per</span> <span class='ocrx_word' id='word_1_489' title='bbox 1792 1509 1849 1545; x_wconf 92' lang='lat' dir='ltr'>epi-</span> 
     </span>
     <span class='ocr_line' id='line_1_82' title="bbox 1008 1555 1849 1592; baseline 0.001 -9"><span class='ocrx_word' id='word_1_490' title='bbox 1008 1555 1123 1589; x_wconf 90' lang='lat' dir='ltr'>stolam,</span> <span class='ocrx_word' id='word_1_491' title='bbox 1145 1559 1172 1584; x_wconf 83' lang='lat' dir='ltr'>et</span> <span class='ocrx_word' id='word_1_492' title='bbox 1193 1556 1245 1584; x_wconf 90' lang='lat' dir='ltr'>hoc</span> <span class='ocrx_word' id='word_1_493' title='bbox 1267 1564 1316 1592; x_wconf 88' lang='lat' dir='ltr'>per</span> <span class='ocrx_word' id='word_1_494' title='bbox 1334 1556 1494 1584; x_wconf 85' lang='lat' dir='ltr'>Visitatores</span> <span class='ocrx_word' id='word_1_495' title='bbox 1510 1556 1688 1590; x_wconf 80' lang='lat' dir='ltr'>intellexero,</span> <span class='ocrx_word' id='word_1_496' title='bbox 1703 1564 1773 1592; x_wconf 87' lang='lat' dir='ltr'>quos</span> <span class='ocrx_word' id='word_1_497' title='bbox 1788 1556 1849 1584; x_wconf 91' lang='lat' dir='ltr'>volo</span> 
     </span>
     <span class='ocr_line' id='line_1_83' title="bbox 1008 1602 1849 1639; baseline 0.001 -9"><span class='ocrx_word' id='word_1_498' title='bbox 1008 1610 1092 1638; x_wconf 91' lang='lat' dir='ltr'>super</span> <span class='ocrx_word' id='word_1_499' title='bbox 1114 1602 1259 1639; x_wconf 89' lang='lat' dir='ltr'>praedictis</span> <span class='ocrx_word' id='word_1_500' title='bbox 1280 1603 1449 1639; x_wconf 88' lang='lat' dir='ltr'>corrigendis</span> <span class='ocrx_word' id='word_1_501' title='bbox 1478 1605 1532 1631; x_wconf 86' lang='lat' dir='ltr'>tam</span> <span class='ocrx_word' id='word_1_502' title='bbox 1561 1603 1587 1631; x_wconf 87' lang='lat' dir='ltr'>iu</span> <span class='ocrx_word' id='word_1_503' title='bbox 1609 1602 1745 1639; x_wconf 87' lang='lat' dir='ltr'>capitibus</span> <span class='ocrx_word' id='word_1_504' title='bbox 1765 1610 1849 1639; x_wconf 91' lang='lat' dir='ltr'>quam</span> 
     </span>
     <span class='ocr_line' id='line_1_84' title="bbox 1008 1649 1848 1686; baseline 0.001 -9"><span class='ocrx_word' id='word_1_505' title='bbox 1008 1649 1035 1677; x_wconf 89' lang='lat' dir='ltr'>in</span> <span class='ocrx_word' id='word_1_506' title='bbox 1057 1649 1188 1678; x_wconf 74' lang='lat' dir='ltr'>membris</span> <span class='ocrx_word' id='word_1_507' title='bbox 1201 1649 1359 1686; x_wconf 87' lang='lat' dir='ltr'>diligentius</span> <span class='ocrx_word' id='word_1_508' title='bbox 1375 1650 1499 1686; x_wconf 88' lang='lat' dir='ltr'>vigilare,</span> <span class='ocrx_word' id='word_1_509' title='bbox 1515 1649 1617 1686; x_wconf 87' lang='lat' dir='ltr'>gratias</span> <span class='ocrx_word' id='word_1_510' title='bbox 1631 1657 1708 1686; x_wconf 85' lang='lat' dir='ltr'>agam</span> <span class='ocrx_word' id='word_1_511' title='bbox 1725 1649 1848 1678; x_wconf 89' lang='lat' dir='ltr'>omnium</span> 
     </span>
     <span class='ocr_line' id='line_1_85' title="bbox 1008 1695 1849 1733; baseline 0.002 -10"><span class='ocrx_word' id='word_1_512' title='bbox 1008 1695 1146 1724; x_wconf 89' lang='lat' dir='ltr'>Conditori</span> <span class='ocrx_word' id='word_1_513' title='bbox 1169 1699 1196 1724; x_wconf 89' lang='lat' dir='ltr'>et</span> <span class='ocrx_word' id='word_1_514' title='bbox 1221 1696 1306 1724; x_wconf 87' lang='lat' dir='ltr'>vobis.</span> <span class='ocrx_word' id='word_1_515' title='bbox 1339 1696 1440 1732; x_wconf 88' lang='lat' dir='ltr'>Quodsi</span> <span class='ocrx_word' id='word_1_516' title='bbox 1462 1696 1554 1730; x_wconf 85' lang='lat' dir='ltr'>aliter,</span> <span class='ocrx_word' id='word_1_517' title='bbox 1576 1696 1650 1733; x_wconf 90' lang='lat' dir='ltr'>quod</span> <span class='ocrx_word' id='word_1_518' title='bbox 1671 1696 1757 1730; x_wconf 88' lang='lat' dir='ltr'>absit,</span> <span class='ocrx_word' id='word_1_519' title='bbox 1779 1696 1849 1725; x_wconf 89' lang='lat' dir='ltr'>acci-</span> 
     </span>
     <span class='ocr_line' id='line_1_86' title="bbox 1008 1742 1849 1780; baseline 0.001 -10"><span class='ocrx_word' id='word_1_520' title='bbox 1008 1742 1097 1776; x_wconf 90' lang='lat' dir='ltr'>derit;</span> <span class='ocrx_word' id='word_1_521' title='bbox 1123 1742 1310 1771; x_wconf 84' lang='lat' dir='ltr'>indubitanter</span> <span class='ocrx_word' id='word_1_522' title='bbox 1332 1743 1438 1777; x_wconf 87' lang='lat' dir='ltr'>sciatis,</span> <span class='ocrx_word' id='word_1_523' title='bbox 1461 1743 1534 1780; x_wconf 86' lang='lat' dir='ltr'>quod</span> <span class='ocrx_word' id='word_1_524' title='bbox 1556 1743 1714 1772; x_wconf 87' lang='lat' dir='ltr'>nullatenus</span> <span class='ocrx_word' id='word_1_525' title='bbox 1729 1743 1849 1780; x_wconf 87' lang='lat' dir='ltr'>patietur</span> 
     </span>
    </p>
   </div>
   <div class='ocr_carea' id='block_1_22' title="bbox 1002 1789 1848 1826">
    <p class='ocr_par' dir='ltr' id='par_1_25' title="bbox 1002 1789 1848 1826">
     <span class='ocr_line' id='line_1_87' title="bbox 1002 1789 1848 1826; baseline 0.002 -10"><span class='ocrx_word' id='word_1_526' title='bbox 1002 1789 1174 1817; x_wconf 75' lang='lat' dir='ltr'>vconscientia</span> <span class='ocrx_word' id='word_1_527' title='bbox 1204 1797 1264 1817; x_wconf 83' lang='lat' dir='ltr'>mea</span> <span class='ocrx_word' id='word_1_528' title='bbox 1296 1789 1434 1825; x_wconf 87' lang='lat' dir='ltr'>praedicta</span> <span class='ocrx_word' id='word_1_529' title='bbox 1461 1789 1513 1818; x_wconf 92' lang='lat' dir='ltr'>sub</span> <span class='ocrx_word' id='word_1_530' title='bbox 1542 1789 1649 1818; x_wconf 86' lang='lat' dir='ltr'>silentio</span> <span class='ocrx_word' id='word_1_531' title='bbox 1671 1789 1848 1826; x_wconf 88' lang='lat' dir='ltr'>pertransire.</span> 
     </span>
    </p>
   </div>
   <div class='ocr_carea' id='block_1_23' title="bbox 1008 1835 1850 2338">
    <p class='ocr_par' dir='ltr' id='par_1_26' title="bbox 1008 1835 1850 2338">
     <span class='ocr_line' id='line_1_88' title="bbox 1009 1835 1850 1872; baseline 0.001 -9"><span class='ocrx_word' id='word_1_532' title='bbox 1009 1835 1081 1863; x_wconf 84' lang='lat' dir='ltr'>Licet</span> <span class='ocrx_word' id='word_1_533' title='bbox 1102 1835 1175 1863; x_wconf 89' lang='lat' dir='ltr'>enim</span> <span class='ocrx_word' id='word_1_534' title='bbox 1197 1843 1250 1863; x_wconf 89' lang='lat' dir='ltr'>non</span> <span class='ocrx_word' id='word_1_535' title='bbox 1273 1835 1307 1863; x_wconf 89' lang='lat' dir='ltr'>sit</span> <span class='ocrx_word' id='word_1_536' title='bbox 1328 1835 1380 1864; x_wconf 91' lang='lat' dir='ltr'>mei</span> <span class='ocrx_word' id='word_1_537' title='bbox 1402 1835 1533 1872; x_wconf 90' lang='lat' dir='ltr'>propositi</span> <span class='ocrx_word' id='word_1_538' title='bbox 1565 1835 1643 1864; x_wconf 92' lang='lat' dir='ltr'>novis</span> <span class='ocrx_word' id='word_1_539' title='bbox 1664 1844 1712 1864; x_wconf 88' lang='lat' dir='ltr'>vos</span> <span class='ocrx_word' id='word_1_540' title='bbox 1733 1835 1850 1864; x_wconf 90' lang='lat' dir='ltr'>vinculis</span> 
     </span>
     <span class='ocr_line' id='line_1_89' title="bbox 1008 1882 1849 1919; baseline 0.001 -9"><span class='ocrx_word' id='word_1_541' title='bbox 1008 1882 1152 1916; x_wconf 86' lang='lat' dir='ltr'>innodare,</span> <span class='ocrx_word' id='word_1_542' title='bbox 1167 1885 1275 1918; x_wconf 88' lang='lat' dir='ltr'>oportet</span> <span class='ocrx_word' id='word_1_543' title='bbox 1290 1890 1333 1910; x_wconf 90' lang='lat' dir='ltr'>me</span> <span class='ocrx_word' id='word_1_544' title='bbox 1355 1885 1459 1916; x_wconf 89' lang='lat' dir='ltr'>tamen,</span> <span class='ocrx_word' id='word_1_545' title='bbox 1474 1883 1640 1911; x_wconf 88' lang='lat' dir='ltr'>conscientia</span> <span class='ocrx_word' id='word_1_546' title='bbox 1654 1882 1849 1919; x_wconf 87' lang='lat' dir='ltr'>compellente,</span> 
     </span>
     <span class='ocr_line' id='line_1_90' title="bbox 1008 1928 1849 1965; baseline 0.001 -9"><span class='ocrx_word' id='word_1_547' title='bbox 1008 1928 1072 1956; x_wconf 88' lang='lat' dir='ltr'>totis</span> <span class='ocrx_word' id='word_1_548' title='bbox 1104 1928 1210 1957; x_wconf 90' lang='lat' dir='ltr'>viribus</span> <span class='ocrx_word' id='word_1_549' title='bbox 1231 1928 1422 1965; x_wconf 81' lang='lat' dir='ltr'>exstirpationi</span> <span class='ocrx_word' id='word_1_550' title='bbox 1455 1928 1596 1958; x_wconf 91' lang='lat' dir='ltr'>intendere</span> <span class='ocrx_word' id='word_1_551' title='bbox 1627 1929 1849 1965; x_wconf 89' lang='lat' dir='ltr'>praedictorum,</span> 
     </span>
     <span class='ocr_line' id='line_1_91' title="bbox 1008 1975 1849 2013; baseline 0.001 -10"><span class='ocrx_word' id='word_1_552' title='bbox 1008 1978 1162 2011; x_wconf 84' lang='lat' dir='ltr'>quatenus,</span> <span class='ocrx_word' id='word_1_553' title='bbox 1184 1975 1275 2003; x_wconf 86' lang='lat' dir='ltr'>vitatis</span> <span class='ocrx_word' id='word_1_554' title='bbox 1307 1975 1457 2009; x_wconf 85' lang='lat' dir='ltr'>scandalis,</span> <span class='ocrx_word' id='word_1_555' title='bbox 1486 1979 1517 2004; x_wconf 83' lang='lat' dir='ltr'>ut</span> <span class='ocrx_word' id='word_1_556' title='bbox 1545 1978 1689 2010; x_wconf 87' lang='lat' dir='ltr'>tenemur,</span> <span class='ocrx_word' id='word_1_557' title='bbox 1716 1976 1849 2013; x_wconf 85' lang='lat' dir='ltr'>Regulae,</span> 
     </span>
     <span class='ocr_line' id='line_1_92' title="bbox 1008 2021 1850 2058; baseline 0.001 -9"><span class='ocrx_word' id='word_1_558' title='bbox 1008 2030 1091 2058; x_wconf 86' lang='lat' dir='ltr'>quam</span> <span class='ocrx_word' id='word_1_559' title='bbox 1114 2022 1255 2055; x_wconf 84' lang='lat' dir='ltr'>vovimus,</span> <span class='ocrx_word' id='word_1_560' title='bbox 1277 2021 1335 2050; x_wconf 89' lang='lat' dir='ltr'>sine</span> <span class='ocrx_word' id='word_1_561' title='bbox 1356 2021 1436 2050; x_wconf 87' lang='lat' dir='ltr'>cuius</span> <span class='ocrx_word' id='word_1_562' title='bbox 1457 2021 1648 2050; x_wconf 86' lang='lat' dir='ltr'>observatione</span> <span class='ocrx_word' id='word_1_563' title='bbox 1670 2022 1768 2051; x_wconf 89' lang='lat' dir='ltr'>salvari</span> <span class='ocrx_word' id='word_1_564' title='bbox 1795 2030 1850 2051; x_wconf 89' lang='lat' dir='ltr'>non</span> 
     </span>
     <span class='ocr_line' id='line_1_93' title="bbox 1008 2068 1850 2105; baseline 0.001 -9"><span class='ocrx_word' id='word_1_565' title='bbox 1008 2076 1170 2105; x_wconf 89' lang='lat' dir='ltr'>possumus,</span> <span class='ocrx_word' id='word_1_566' title='bbox 1185 2071 1212 2096; x_wconf 91' lang='lat' dir='ltr'>et</span> <span class='ocrx_word' id='word_1_567' title='bbox 1227 2068 1370 2096; x_wconf 88' lang='lat' dir='ltr'>veritatem</span> <span class='ocrx_word' id='word_1_568' title='bbox 1392 2068 1586 2105; x_wconf 84' lang='lat' dir='ltr'>perspicaciter</span> <span class='ocrx_word' id='word_1_569' title='bbox 1601 2068 1743 2097; x_wconf 87' lang='lat' dir='ltr'>videamus</span> <span class='ocrx_word' id='word_1_570' title='bbox 1758 2072 1785 2098; x_wconf 92' lang='lat' dir='ltr'>et</span> <span class='ocrx_word' id='word_1_571' title='bbox 1799 2069 1850 2097; x_wconf 93' lang='lat' dir='ltr'>im—</span> 
     </span>
     <span class='ocr_line' id='line_1_94' title="bbox 1009 2114 1848 2152; baseline 0.001 -9"><span class='ocrx_word' id='word_1_572' title='bbox 1009 2115 1133 2151; x_wconf 86' lang='lat' dir='ltr'>pleamus</span> <span class='ocrx_word' id='word_1_573' title='bbox 1155 2114 1351 2151; x_wconf 86' lang='lat' dir='ltr'>professionem</span> <span class='ocrx_word' id='word_1_574' title='bbox 1372 2117 1399 2143; x_wconf 90' lang='lat' dir='ltr'>et</span> <span class='ocrx_word' id='word_1_575' title='bbox 1421 2114 1483 2143; x_wconf 89' lang='lat' dir='ltr'>totis</span> <span class='ocrx_word' id='word_1_576' title='bbox 1505 2115 1612 2143; x_wconf 88' lang='lat' dir='ltr'>viribus</span> <span class='ocrx_word' id='word_1_577' title='bbox 1633 2115 1780 2152; x_wconf 87' lang='lat' dir='ltr'>puritatem</span> <span class='ocrx_word' id='word_1_578' title='bbox 1800 2123 1848 2144; x_wconf 94' lang='lat' dir='ltr'>cu-</span> 
     </span>
     <span class='ocr_line' id='line_1_95' title="bbox 1009 2161 1850 2198; baseline 0.001 -9"><span class='ocrx_word' id='word_1_579' title='bbox 1009 2161 1175 2194; x_wconf 88' lang='lat' dir='ltr'>stodiamus,</span> <span class='ocrx_word' id='word_1_580' title='bbox 1197 2169 1268 2198; x_wconf 88' lang='lat' dir='ltr'>quae</span> <span class='ocrx_word' id='word_1_581' title='bbox 1296 2161 1475 2197; x_wconf 87' lang='lat' dir='ltr'>impugnatur</span> <span class='ocrx_word' id='word_1_582' title='bbox 1502 2161 1642 2190; x_wconf 86' lang='lat' dir='ltr'>evidenter</span> <span class='ocrx_word' id='word_1_583' title='bbox 1663 2169 1699 2190; x_wconf 82' lang='lat' dir='ltr'>ex</span> <span class='ocrx_word' id='word_1_584' title='bbox 1720 2162 1850 2191; x_wconf 88' lang='lat' dir='ltr'>omnibus</span> 
     </span>
     <span class='ocr_line' id='line_1_96' title="bbox 1009 2207 1850 2244; baseline 0.001 -9"><span class='ocrx_word' id='word_1_585' title='bbox 1009 2207 1182 2244; x_wconf 88' lang='lat' dir='ltr'>supradictis.</span> <span class='ocrx_word' id='word_1_586' title='bbox 1212 2208 1311 2235; x_wconf 91' lang='lat' dir='ltr'>Datum</span> <span class='ocrx_word' id='word_1_587' title='bbox 1340 2207 1459 2236; x_wconf 83' lang='lat' dir='ltr'>Parisius</span> <span class='ocrx_word' id='word_1_588' title='bbox 1486 2215 1557 2236; x_wconf 92' lang='lat' dir='ltr'>anno</span> <span class='ocrx_word' id='word_1_589' title='bbox 1588 2208 1695 2236; x_wconf 90' lang='lat' dir='ltr'>Domini</span> <span class='ocrx_word' id='word_1_590' title='bbox 1727 2209 1800 2237; x_wconf 71' lang='lat'><strong>1257</strong></span> <span class='ocrx_word' id='word_1_591' title='bbox 1822 2208 1850 2237; x_wconf 91' lang='lat' dir='ltr'>in</span> 
     </span>
     <span class='ocr_line' id='line_1_97' title="bbox 1009 2254 1849 2292; baseline 0.001 -10"><span class='ocrx_word' id='word_1_592' title='bbox 1009 2254 1078 2283; x_wconf 83' lang='lat' dir='ltr'>festo</span> <span class='ocrx_word' id='word_1_593' title='bbox 1098 2254 1204 2291; x_wconf 86' lang='lat' dir='ltr'>Georgii</span> <span class='ocrx_word' id='word_1_594' title='bbox 1227 2254 1354 2290; x_wconf 85' lang='lat' dir='ltr'>Martyris</span> <span class='ocrx_word' id='word_1_595' title='bbox 1367 2255 1397 2281; x_wconf 85' lang='lat'>¹¹.</span> <span class='ocrx_word' id='word_1_596' title='bbox 1420 2254 1492 2282; x_wconf 89' lang='lat' dir='ltr'>Hanc</span> <span class='ocrx_word' id='word_1_597' title='bbox 1513 2257 1605 2283; x_wconf 90' lang='lat' dir='ltr'>autem</span> <span class='ocrx_word' id='word_1_598' title='bbox 1621 2255 1739 2283; x_wconf 90' lang='lat' dir='ltr'>litteram</span> <span class='ocrx_word' id='word_1_599' title='bbox 1755 2255 1806 2292; x_wconf 88' lang='lat' dir='ltr'>legi</span> <span class='ocrx_word' id='word_1_600' title='bbox 1822 2255 1849 2283; x_wconf 89' lang='lat' dir='ltr'>in</span> 
     </span>
     <span class='ocr_line' id='line_1_98' title="bbox 1010 2300 1770 2338; baseline 0.001 -9"><span class='ocrx_word' id='word_1_601' title='bbox 1010 2301 1125 2338; x_wconf 84' lang='lat' dir='ltr'>singulis</span> <span class='ocrx_word' id='word_1_602' title='bbox 1145 2300 1330 2329; x_wconf 89' lang='lat' dir='ltr'>Conventibus</span> <span class='ocrx_word' id='word_1_603' title='bbox 1353 2303 1458 2329; x_wconf 87' lang='lat' dir='ltr'>vestrae</span> <span class='ocrx_word' id='word_1_604' title='bbox 1479 2301 1636 2330; x_wconf 85' lang='lat' dir='ltr'>Provinciae</span> <span class='ocrx_word' id='word_1_605' title='bbox 1657 2301 1770 2330; x_wconf 85' lang='lat' dir='ltr'>faciatis.</span> 
     </span>
    </p>
   </div>
   <div class='ocr_carea' id='block_1_24' title="bbox 728 2436 1241 2439">
    <p class='ocr_par' dir='ltr' id='par_1_27' title="bbox 728 2436 1241 2439">
     <span class='ocr_line' id='line_1_99' title="bbox 728 2436 1241 2439; baseline 0 0"><span class='ocrx_word' id='word_1_606' title='bbox 728 2436 1241 2439; x_wconf 95' lang='lat' dir='ltr'> </span> 
     </span>
    </p>
   </div>
   <div class='ocr_carea' id='block_1_25' title="bbox 107 2537 952 3029">
    <p class='ocr_par' dir='ltr' id='par_1_28' title="bbox 173 2537 496 2567">
     <span class='ocr_line' id='line_1_100' title="bbox 173 2537 496 2567; baseline 0 -7"><span class='ocrx_word' id='word_1_607' title='bbox 173 2538 179 2553; x_wconf 88' lang='lat'><em>¹</em></span> <span class='ocrx_word' id='word_1_608' title='bbox 199 2538 271 2561; x_wconf 86' lang='lat' dir='ltr'>Codd.</span> <span class='ocrx_word' id='word_1_609' title='bbox 289 2539 305 2560; x_wconf 84' lang='grc' dir='ltr'>Α</span> <span class='ocrx_word' id='word_1_610' title='bbox 318 2538 357 2560; x_wconf 85' lang='lat' dir='ltr'>BC</span> <span class='ocrx_word' id='word_1_611' title='bbox 375 2537 496 2567; x_wconf 62' lang='lat' dir='ltr'>erigentes.</span> 
     </span>
    </p>

    <p class='ocr_par' dir='ltr' id='par_1_29' title="bbox 172 2576 611 2606">
     <span class='ocr_line' id='line_1_101' title="bbox 172 2576 611 2606; baseline -0.002 -7"><span class='ocrx_word' id='word_1_612' title='bbox 172 2576 181 2589; x_wconf 77' lang='lat'><strong>²</strong></span> <span class='ocrx_word' id='word_1_613' title='bbox 198 2577 228 2599; x_wconf 83' lang='lat' dir='ltr'>lta</span> <span class='ocrx_word' id='word_1_614' title='bbox 246 2577 262 2599; x_wconf 76' lang='grc' dir='ltr'>Α</span> <span class='ocrx_word' id='word_1_615' title='bbox 274 2576 323 2604; x_wconf 82' lang='lat' dir='ltr'>BC,</span> <span class='ocrx_word' id='word_1_616' title='bbox 341 2577 363 2598; x_wconf 90' lang='lat' dir='ltr'>in</span> <span class='ocrx_word' id='word_1_617' title='bbox 381 2577 430 2598; x_wconf 86' lang='lat' dir='ltr'>aliis</span> <span class='ocrx_word' id='word_1_618' title='bbox 447 2579 469 2598; x_wconf 91' lang='lat' dir='ltr'>et</span> <span class='ocrx_word' id='word_1_619' title='bbox 485 2576 539 2598; x_wconf 87' lang='lat' dir='ltr'>edd.</span> <span class='ocrx_word' id='word_1_620' title='bbox 556 2582 611 2606; x_wconf 80' lang='lat' dir='ltr'>qua.</span> 
     </span>
    </p>

    <p class='ocr_par' dir='ltr' id='par_1_30' title="bbox 107 2614 951 2683">
     <span class='ocr_line' id='line_1_102' title="bbox 172 2614 951 2644; baseline 0 -7"><span class='ocrx_word' id='word_1_621' title='bbox 172 2614 181 2628; x_wconf 80' lang='lat'>⁸</span> <span class='ocrx_word' id='word_1_622' title='bbox 198 2615 271 2638; x_wconf 89' lang='lat' dir='ltr'>Codd.</span> <span class='ocrx_word' id='word_1_623' title='bbox 287 2614 357 2637; x_wconf 74' lang='lat' dir='ltr'>ABG</span> <span class='ocrx_word' id='word_1_624' title='bbox 372 2615 558 2644; x_wconf 75' lang='lat' dir='ltr'>perturbatione.</span> <span class='ocrx_word' id='word_1_625' title='bbox 577 2616 628 2637; x_wconf 77' lang='lat' dir='ltr'>Post</span> <span class='ocrx_word' id='word_1_626' title='bbox 647 2614 797 2638; x_wconf 76' lang='lat' dir='ltr'>sacerdotum</span> <span class='ocrx_word' id='word_1_627' title='bbox 820 2621 846 2637; x_wconf 79' lang='lat' dir='ltr'>ex</span> <span class='ocrx_word' id='word_1_628' title='bbox 867 2615 951 2637; x_wconf 80' lang='lat' dir='ltr'>Wadd.</span> 
     </span>
     <span class='ocr_line' id='line_1_103' title="bbox 107 2653 468 2683; baseline -0.003 -6"><span class='ocrx_word' id='word_1_629' title='bbox 107 2655 270 2683; x_wconf 84' lang='lat' dir='ltr'>supplevimus</span> <span class='ocrx_word' id='word_1_630' title='bbox 284 2653 468 2683; x_wconf 79' lang='lat' dir='ltr'>parochialium.</span> 
     </span>
    </p>

    <p class='ocr_par' dir='ltr' id='par_1_31' title="bbox 110 2693 952 2762">
     <span class='ocr_line' id='line_1_104' title="bbox 172 2693 952 2722; baseline 0 -7"><span class='ocrx_word' id='word_1_631' title='bbox 172 2693 181 2706; x_wconf 84' lang='lat'><strong>⁴</strong></span> <span class='ocrx_word' id='word_1_632' title='bbox 198 2694 327 2721; x_wconf 86' lang='lat' dir='ltr'>Respicitur</span> <span class='ocrx_word' id='word_1_633' title='bbox 344 2694 419 2716; x_wconf 82' lang='lat' dir='ltr'>Mattb.</span> <span class='ocrx_word' id='word_1_634' title='bbox 438 2693 475 2720; x_wconf 69' lang='lat'>24,</span> <span class='ocrx_word' id='word_1_635' title='bbox 497 2694 530 2715; x_wconf 78' lang='lat'>¹2.</span> <span class='ocrx_word' id='word_1_636' title='bbox 542 2705 572 2709; x_wconf 93' lang='lat'>—</span> <span class='ocrx_word' id='word_1_637' title='bbox 585 2694 640 2715; x_wconf 85' lang='lat' dir='ltr'>lnsra</span> <span class='ocrx_word' id='word_1_638' title='bbox 659 2699 700 2720; x_wconf 89' lang='lat' dir='ltr'>pro</span> <span class='ocrx_word' id='word_1_639' title='bbox 717 2693 840 2722; x_wconf 71' lang='lat' dir='ltr'>muqisque</span> <span class='ocrx_word' id='word_1_640' title='bbox 857 2694 873 2715; x_wconf 67' lang='lat' dir='ltr'>A</span> <span class='ocrx_word' id='word_1_641' title='bbox 884 2693 952 2715; x_wconf 72' lang='lat' dir='ltr'>BCE</span> 
     </span>
     <span class='ocr_line' id='line_1_105' title="bbox 110 2732 268 2762; baseline -0.006 -7"><span class='ocrx_word' id='word_1_642' title='bbox 110 2732 268 2762; x_wconf 66' lang='lat' dir='ltr'>mazimeque.</span> 
     </span>
    </p>

    <p class='ocr_par' dir='ltr' id='par_1_32' title="bbox 110 2770 952 2914">
     <span class='ocr_line' id='line_1_106' title="bbox 173 2770 952 2794; baseline -0.001 -1"><span class='ocrx_word' id='word_1_643' title='bbox 173 2770 182 2783; x_wconf 86' lang='lat'><strong>⁶</strong></span> <span class='ocrx_word' id='word_1_644' title='bbox 200 2771 275 2793; x_wconf 86' lang='lat' dir='ltr'>Verba</span> <span class='ocrx_word' id='word_1_645' title='bbox 293 2773 315 2794; x_wconf 78' lang='lat' dir='ltr'>et</span> <span class='ocrx_word' id='word_1_646' title='bbox 330 2770 397 2794; x_wconf 84' lang='lat' dir='ltr'>‘nullo</span> <span class='ocrx_word' id='word_1_647' title='bbox 415 2770 484 2793; x_wconf 82' lang='lat' dir='ltr'>modo</span> <span class='ocrx_word' id='word_1_648' title='bbox 501 2770 703 2793; x_wconf 75' lang='lat' dir='ltr'>dissimulandum</span> <span class='ocrx_word' id='word_1_649' title='bbox 715 2771 732 2792; x_wconf 79' lang='grc' dir='ltr'>Α</span> <span class='ocrx_word' id='word_1_650' title='bbox 743 2771 758 2792; x_wconf 91' lang='grc' dir='ltr'><strong>Β</strong></span> <span class='ocrx_word' id='word_1_651' title='bbox 768 2770 784 2792; x_wconf 94' lang='lat' dir='ltr'>C</span> <span class='ocrx_word' id='word_1_652' title='bbox 797 2771 833 2793; x_wconf 86' lang='lat' dir='ltr'>hic</span> <span class='ocrx_word' id='word_1_653' title='bbox 845 2771 952 2793; x_wconf 86' lang='lat' dir='ltr'>omittunt</span> 
     </span>
     <span class='ocr_line' id='line_1_107' title="bbox 110 2808 952 2839; baseline -0.001 -7"><span class='ocrx_word' id='word_1_654' title='bbox 110 2813 133 2832; x_wconf 86' lang='lat' dir='ltr'>et</span> <span class='ocrx_word' id='word_1_655' title='bbox 146 2811 200 2839; x_wconf 76' lang='lat' dir='ltr'>post</span> <span class='ocrx_word' id='word_1_656' title='bbox 217 2809 383 2832; x_wconf 75' lang='lat' dir='ltr'>detrimentum</span> <span class='ocrx_word' id='word_1_657' title='bbox 400 2810 432 2832; x_wconf 87' lang='lat' dir='ltr'>sic</span> <span class='ocrx_word' id='word_1_658' title='bbox 450 2810 593 2831; x_wconf 81' lang='lat' dir='ltr'>continuant:</span> <span class='ocrx_word' id='word_1_659' title='bbox 606 2808 667 2831; x_wconf 79' lang='lat' dir='ltr'>unde</span> <span class='ocrx_word' id='word_1_660' title='bbox 678 2808 744 2831; x_wconf 80' lang='lat' dir='ltr'>nullo</span> <span class='ocrx_word' id='word_1_661' title='bbox 762 2809 831 2831; x_wconf 79' lang='lat' dir='ltr'>modo</span> <span class='ocrx_word' id='word_1_662' title='bbox 845 2808 952 2832; x_wconf 69' lang='lat' dir='ltr'>dissimu-</span> 
     </span>
     <span class='ocr_line' id='line_1_108' title="bbox 112 2846 952 2876; baseline 0 -7"><span class='ocrx_word' id='word_1_663' title='bbox 112 2847 211 2870; x_wconf 82' lang='grc'>111111111111</span> <span class='ocrx_word' id='word_1_664' title='bbox 227 2849 271 2875; x_wconf 80' lang='lat' dir='ltr'>est,</span> <span class='ocrx_word' id='word_1_665' title='bbox 291 2847 349 2870; x_wconf 77' lang='lat' dir='ltr'>licet.</span> <span class='ocrx_word' id='word_1_666' title='bbox 365 2860 397 2864; x_wconf 90' lang='lat'>—</span> <span class='ocrx_word' id='word_1_667' title='bbox 413 2847 487 2869; x_wconf 84' lang='lat' dir='ltr'>Verba</span> <span class='ocrx_word' id='word_1_668' title='bbox 506 2846 636 2870; x_wconf 79' lang='lat' dir='ltr'>secuudum</span> <span class='ocrx_word' id='word_1_669' title='bbox 654 2853 749 2869; x_wconf 75' lang='lat' dir='ltr'>caruem</span> <span class='ocrx_word' id='word_1_670' title='bbox 762 2846 905 2876; x_wconf 76' lang='lat' dir='ltr'>sapientibus</span> <span class='ocrx_word' id='word_1_671' title='bbox 917 2853 952 2869; x_wconf 85' lang='lat' dir='ltr'>re-</span> 
     </span>
     <span class='ocr_line' id='line_1_109' title="bbox 111 2886 405 2914; baseline 0 -6"><span class='ocrx_word' id='word_1_672' title='bbox 111 2886 210 2914; x_wconf 86' lang='lat' dir='ltr'>spiciunt</span> <span class='ocrx_word' id='word_1_673' title='bbox 228 2888 242 2908; x_wconf 93' lang='lat' dir='ltr'>l.</span> <span class='ocrx_word' id='word_1_674' title='bbox 259 2886 311 2908; x_wconf 81' lang='lat' dir='ltr'>Cor.</span> <span class='ocrx_word' id='word_1_675' title='bbox 329 2887 350 2913; x_wconf 61' lang='grc'>11,</span> <span class='ocrx_word' id='word_1_676' title='bbox 368 2887 405 2908; x_wconf 73' lang='lat'>26.</span> 
     </span>
    </p>

    <p class='ocr_par' dir='ltr' id='par_1_33' title="bbox 109 2923 952 3029">
     <span class='ocr_line' id='line_1_110' title="bbox 174 2923 952 2953; baseline 0 -7"><span class='ocrx_word' id='word_1_677' title='bbox 174 2923 183 2936; x_wconf 80' lang='lat'>⁶</span> <span class='ocrx_word' id='word_1_678' title='bbox 201 2926 229 2946; x_wconf 82' lang='lat' dir='ltr'>lta</span> <span class='ocrx_word' id='word_1_679' title='bbox 247 2927 262 2946; x_wconf 77' lang='lat' dir='ltr'>A</span> <span class='ocrx_word' id='word_1_680' title='bbox 274 2924 316 2946; x_wconf 84' lang='lat' dir='ltr'>BC</span> <span class='ocrx_word' id='word_1_681' title='bbox 327 2925 350 2951; x_wconf 83' lang='lat' dir='ltr'>E,</span> <span class='ocrx_word' id='word_1_682' title='bbox 367 2924 421 2946; x_wconf 87' lang='lat' dir='ltr'>edd.</span> <span class='ocrx_word' id='word_1_683' title='bbox 437 2924 522 2953; x_wconf 78' lang='lat' dir='ltr'>etia71z,·</span> <span class='ocrx_word' id='word_1_684' title='bbox 540 2924 622 2947; x_wconf 85' lang='grc' dir='ltr'>1101111Ιο</span> <span class='ocrx_word' id='word_1_685' title='bbox 640 2927 691 2952; x_wconf 85' lang='lat' dir='ltr'>post</span> <span class='ocrx_word' id='word_1_686' title='bbox 708 2923 832 2947; x_wconf 69' lang='lat' dir='ltr'>videantur</span> <span class='ocrx_word' id='word_1_687' title='bbox 846 2924 863 2946; x_wconf 84' lang='grc'>1)</span> <span class='ocrx_word' id='word_1_688' title='bbox 874 2924 952 2946; x_wconf 87' lang='lat' dir='ltr'>adiun-</span> 
     </span>
     <span class='ocr_line' id='line_1_111' title="bbox 111 2962 952 2992; baseline 0.001 -8"><span class='ocrx_word' id='word_1_689' title='bbox 111 2963 145 2990; x_wconf 86' lang='lat' dir='ltr'>git</span> <span class='ocrx_word' id='word_1_690' title='bbox 161 2963 286 2986; x_wconf 75' lang='lat' dir='ltr'>consistere</span> <span class='ocrx_word' id='word_1_691' title='bbox 303 2966 324 2985; x_wconf 85' lang='lat' dir='ltr'>et</span> <span class='ocrx_word' id='word_1_692' title='bbox 341 2963 500 2991; x_wconf 85' lang='lat' dir='ltr'>prosequitur:</span> <span class='ocrx_word' id='word_1_693' title='bbox 519 2963 582 2991; x_wconf 73' lang='lat' dir='ltr'>Erqo</span> <span class='ocrx_word' id='word_1_694' title='bbox 599 2963 689 2992; x_wconf 77' lang='lat' dir='ltr'>ferveat</span> <span class='ocrx_word' id='word_1_695' title='bbox 705 2962 783 2985; x_wconf 76' lang='lat' dir='ltr'>cordis</span> <span class='ocrx_word' id='word_1_696' title='bbox 802 2962 872 2985; x_wconf 79' lang='lat' dir='ltr'>reslri</span> <span class='ocrx_word' id='word_1_697' title='bbox 888 2963 952 2985; x_wconf 67' lang='lat' dir='ltr'>«levo-</span> 
     </span>
     <span class='ocr_line' id='line_1_112' title="bbox 109 3001 540 3029; baseline 0.002 -6"><span class='ocrx_word' id='word_1_698' title='bbox 109 3001 151 3024; x_wconf 85' lang='lat' dir='ltr'>tio.</span> <span class='ocrx_word' id='word_1_699' title='bbox 169 3002 224 3024; x_wconf 80' lang='lat' dir='ltr'>infra</span> <span class='ocrx_word' id='word_1_700' title='bbox 242 3002 363 3029; x_wconf 66' lang='lat' dir='ltr'>respicitur</span> <span class='ocrx_word' id='word_1_701' title='bbox 381 3003 441 3024; x_wconf 85' lang='lat' dir='ltr'>loan.</span> <span class='ocrx_word' id='word_1_702' title='bbox 459 3003 484 3029; x_wconf 79' lang='lat'>2,</span> <span class='ocrx_word' id='word_1_703' title='bbox 506 3003 540 3024; x_wconf 84' lang='grc'>16.</span> 
     </span>
    </p>
   </div>
   <div class='ocr_carea' id='block_1_26' title="bbox 1008 2536 1850 3029">
    <p class='ocr_par' dir='ltr' id='par_1_34' title="bbox 1008 2536 1849 2643">
     <span class='ocr_line' id='line_1_113' title="bbox 1071 2536 1849 2565; baseline 0 -6"><span class='ocrx_word' id='word_1_704' title='bbox 1071 2536 1079 2549; x_wconf 88' lang='lat'>⁷</span> <span class='ocrx_word' id='word_1_705' title='bbox 1097 2537 1141 2559; x_wconf 73' lang='lat' dir='ltr'>Cir.</span> <span class='ocrx_word' id='word_1_706' title='bbox 1153 2543 1222 2565; x_wconf 83' lang='lat' dir='ltr'>supra</span> <span class='ocrx_word' id='word_1_707' title='bbox 1235 2537 1318 2564; x_wconf 85' lang='lat' dir='ltr'>Opusc.</span> <span class='ocrx_word' id='word_1_708' title='bbox 1332 2537 1408 2559; x_wconf 77' lang='lat' dir='ltr'>XVlll.</span> <span class='ocrx_word' id='word_1_709' title='bbox 1421 2536 1598 2559; x_wconf 79' lang='lat' dir='ltr'>Constitutioues</span> <span class='ocrx_word' id='word_1_710' title='bbox 1609 2537 1734 2564; x_wconf 69' lang='lat' dir='ltr'>generales,</span> <span class='ocrx_word' id='word_1_711' title='bbox 1748 2537 1820 2560; x_wconf 85' lang='lat' dir='ltr'>Rubr.</span> <span class='ocrx_word' id='word_1_712' title='bbox 1835 2538 1849 2559; x_wconf 89' lang='lat' dir='ltr'>l.</span> 
     </span>
     <span class='ocr_line' id='line_1_114' title="bbox 1008 2575 1849 2605; baseline 0 -7"><span class='ocrx_word' id='word_1_713' title='bbox 1008 2589 1039 2593; x_wconf 91' lang='grc'>-</span> <span class='ocrx_word' id='word_1_714' title='bbox 1056 2577 1128 2604; x_wconf 82' lang='lat' dir='ltr'>Supra</span> <span class='ocrx_word' id='word_1_715' title='bbox 1147 2582 1189 2604; x_wconf 89' lang='lat' dir='ltr'>pro</span> <span class='ocrx_word' id='word_1_716' title='bbox 1211 2575 1339 2598; x_wconf 75' lang='lat' dir='ltr'>devotionis</span> <span class='ocrx_word' id='word_1_717' title='bbox 1362 2575 1467 2598; x_wconf 75' lang='lat' dir='ltr'>studium</span> <span class='ocrx_word' id='word_1_718' title='bbox 1485 2576 1501 2597; x_wconf 82' lang='grc' dir='ltr'>Α</span> <span class='ocrx_word' id='word_1_719' title='bbox 1513 2575 1554 2598; x_wconf 85' lang='lat' dir='ltr'>BC</span> <span class='ocrx_word' id='word_1_720' title='bbox 1572 2575 1699 2598; x_wconf 62' lang='lat' dir='ltr'>devotionis</span> <span class='ocrx_word' id='word_1_721' title='bbox 1721 2575 1849 2605; x_wconf 66' lang='lat' dir='ltr'>spiritum,</span> 
     </span>
     <span class='ocr_line' id='line_1_115' title="bbox 1009 2613 1849 2643; baseline 0.001 -7"><span class='ocrx_word' id='word_1_722' title='bbox 1009 2615 1065 2637; x_wconf 83' lang='lat' dir='ltr'>infra</span> <span class='ocrx_word' id='word_1_723' title='bbox 1078 2618 1130 2636; x_wconf 84' lang='lat' dir='ltr'>ante</span> <span class='ocrx_word' id='word_1_724' title='bbox 1142 2613 1246 2637; x_wconf 77' lang='lat' dir='ltr'>resecetis</span> <span class='ocrx_word' id='word_1_725' title='bbox 1260 2614 1305 2636; x_wconf 84' lang='lat' dir='ltr'>fide</span> <span class='ocrx_word' id='word_1_726' title='bbox 1317 2615 1332 2636; x_wconf 90' lang='grc' dir='ltr'>Β</span> <span class='ocrx_word' id='word_1_727' title='bbox 1342 2614 1357 2636; x_wconf 84' lang='lat' dir='ltr'>F</span> <span class='ocrx_word' id='word_1_728' title='bbox 1369 2614 1530 2641; x_wconf 73' lang='lat' dir='ltr'>supplevimus</span> <span class='ocrx_word' id='word_1_729' title='bbox 1541 2613 1641 2637; x_wconf 74' lang='lat' dir='ltr'>viriliter</span> <span class='ocrx_word' id='word_1_730' title='bbox 1654 2615 1748 2641; x_wconf 84' lang='lat' dir='ltr'>(Wadd.</span> <span class='ocrx_word' id='word_1_731' title='bbox 1761 2615 1849 2643; x_wconf 70' lang='grc'>01111111).</span> 
     </span>
    </p>

    <p class='ocr_par' dir='ltr' id='par_1_35' title="bbox 1009 2651 1850 2720">
     <span class='ocr_line' id='line_1_116' title="bbox 1071 2651 1850 2681; baseline 0.001 -6"><span class='ocrx_word' id='word_1_732' title='bbox 1071 2651 1079 2664; x_wconf 76' lang='lat'>⁸</span> <span class='ocrx_word' id='word_1_733' title='bbox 1097 2653 1212 2675; x_wconf 90' lang='lat' dir='ltr'>Omittitur</span> <span class='ocrx_word' id='word_1_734' title='bbox 1229 2653 1272 2676; x_wconf 82' lang='lat' dir='ltr'>hoc</span> <span class='ocrx_word' id='word_1_735' title='bbox 1289 2652 1318 2675; x_wconf 88' lang='lat' dir='ltr'>ab</span> <span class='ocrx_word' id='word_1_736' title='bbox 1336 2654 1352 2675; x_wconf 77' lang='grc' dir='ltr'>Α</span> <span class='ocrx_word' id='word_1_737' title='bbox 1364 2652 1404 2675; x_wconf 84' lang='lat' dir='ltr'>BC</span> <span class='ocrx_word' id='word_1_738' title='bbox 1415 2654 1438 2679; x_wconf 84' lang='lat' dir='ltr'>E,</span> <span class='ocrx_word' id='word_1_739' title='bbox 1453 2653 1500 2681; x_wconf 87' lang='lat' dir='ltr'>qui,</span> <span class='ocrx_word' id='word_1_740' title='bbox 1512 2655 1606 2681; x_wconf 86' lang='lat' dir='ltr'>excepto</span> <span class='ocrx_word' id='word_1_741' title='bbox 1624 2654 1647 2680; x_wconf 84' lang='lat' dir='ltr'>E,</span> <span class='ocrx_word' id='word_1_742' title='bbox 1663 2653 1747 2675; x_wconf 83' lang='lat' dir='ltr'>deinde</span> <span class='ocrx_word' id='word_1_743' title='bbox 1765 2653 1850 2676; x_wconf 79' lang='lat' dir='ltr'>nabent</span> 
     </span>
     <span class='ocr_line' id='line_1_117' title="bbox 1009 2691 1375 2720; baseline -0.003 -6"><span class='ocrx_word' id='word_1_744' title='bbox 1009 2692 1032 2715; x_wconf 77' lang='lat' dir='ltr'>in</span> <span class='ocrx_word' id='word_1_745' title='bbox 1050 2692 1148 2715; x_wconf 63' lang='lat' dir='ltr'>escelsis</span> <span class='ocrx_word' id='word_1_746' title='bbox 1166 2698 1207 2720; x_wconf 88' lang='lat' dir='ltr'>pro</span> <span class='ocrx_word' id='word_1_747' title='bbox 1225 2691 1252 2714; x_wconf 81' lang='lat' dir='ltr'>de</span> <span class='ocrx_word' id='word_1_748' title='bbox 1269 2691 1375 2715; x_wconf 71' lang='lat' dir='ltr'>eoecelsts.</span> 
     </span>
    </p>

    <p class='ocr_par' dir='ltr' id='par_1_36' title="bbox 1071 2730 1794 2759">
     <span class='ocr_line' id='line_1_118' title="bbox 1071 2730 1794 2759; baseline 0.001 -6"><span class='ocrx_word' id='word_1_749' title='bbox 1071 2730 1080 2742; x_wconf 73' lang='lat'>‘⁸</span> <span class='ocrx_word' id='word_1_750' title='bbox 1097 2730 1141 2753; x_wconf 82' lang='lat' dir='ltr'>Csr.</span> <span class='ocrx_word' id='word_1_751' title='bbox 1159 2731 1302 2759; x_wconf 84' lang='lat' dir='ltr'>Opusculum</span> <span class='ocrx_word' id='word_1_752' title='bbox 1321 2731 1396 2753; x_wconf 77' lang='lat' dir='ltr'>XVlll.</span> <span class='ocrx_word' id='word_1_753' title='bbox 1415 2730 1593 2753; x_wconf 88' lang='lat' dir='ltr'>Constitutiones</span> <span class='ocrx_word' id='word_1_754' title='bbox 1610 2734 1665 2758; x_wconf 70' lang='lat' dir='ltr'>em,</span> <span class='ocrx_word' id='word_1_755' title='bbox 1683 2731 1755 2753; x_wconf 82' lang='lat' dir='ltr'>Rubr.</span> <span class='ocrx_word' id='word_1_756' title='bbox 1773 2732 1794 2754; x_wconf 86' lang='lat'>3.</span> 
     </span>
    </p>

    <p class='ocr_par' dir='ltr' id='par_1_37' title="bbox 1008 2769 1849 2914">
     <span class='ocr_line' id='line_1_119' title="bbox 1072 2769 1849 2799; baseline 0.001 -8"><span class='ocrx_word' id='word_1_757' title='bbox 1072 2769 1090 2781; x_wconf 83' lang='lat'>¹⁰</span> <span class='ocrx_word' id='word_1_758' title='bbox 1108 2771 1181 2797; x_wconf 83' lang='lat' dir='ltr'>Supra</span> <span class='ocrx_word' id='word_1_759' title='bbox 1195 2773 1247 2797; x_wconf 88' lang='lat' dir='ltr'>post</span> <span class='ocrx_word' id='word_1_760' title='bbox 1264 2769 1368 2791; x_wconf 72' lang='lat' dir='ltr'>laborem</span> <span class='ocrx_word' id='word_1_761' title='bbox 1386 2770 1403 2791; x_wconf 83' lang='grc' dir='ltr'>Α</span> <span class='ocrx_word' id='word_1_762' title='bbox 1414 2770 1430 2791; x_wconf 89' lang='grc' dir='ltr'>Β</span> <span class='ocrx_word' id='word_1_763' title='bbox 1440 2769 1455 2791; x_wconf 86' lang='lat' dir='ltr'>C</span> <span class='ocrx_word' id='word_1_764' title='bbox 1472 2770 1549 2791; x_wconf 86' lang='lat' dir='ltr'>omnia</span> <span class='ocrx_word' id='word_1_765' title='bbox 1567 2770 1674 2792; x_wconf 83' lang='lat' dir='ltr'>omittunt</span> <span class='ocrx_word' id='word_1_766' title='bbox 1687 2776 1759 2799; x_wconf 83' lang='lat' dir='ltr'>usque</span> <span class='ocrx_word' id='word_1_767' title='bbox 1771 2770 1800 2792; x_wconf 87' lang='lat' dir='ltr'>ad</span> <span class='ocrx_word' id='word_1_768' title='bbox 1814 2770 1849 2792; x_wconf 80' lang='lat' dir='ltr'>Di-</span> 
     </span>
     <span class='ocr_line' id='line_1_120' title="bbox 1008 2808 1849 2836; baseline 0 -6"><span class='ocrx_word' id='word_1_769' title='bbox 1008 2809 1088 2835; x_wconf 77' lang='lat' dir='ltr'>scunt,</span> <span class='ocrx_word' id='word_1_770' title='bbox 1106 2811 1127 2830; x_wconf 88' lang='lat' dir='ltr'>et</span> <span class='ocrx_word' id='word_1_771' title='bbox 1145 2808 1204 2830; x_wconf 76' lang='lat' dir='ltr'>unita</span> <span class='ocrx_word' id='word_1_772' title='bbox 1224 2809 1266 2830; x_wconf 79' lang='lat' dir='ltr'>bac</span> <span class='ocrx_word' id='word_1_773' title='bbox 1284 2808 1453 2835; x_wconf 86' lang='lat' dir='ltr'>propositione,</span> <span class='ocrx_word' id='word_1_774' title='bbox 1473 2808 1563 2829; x_wconf 84' lang='lat' dir='ltr'>omissis</span> <span class='ocrx_word' id='word_1_775' title='bbox 1580 2808 1742 2836; x_wconf 87' lang='lat' dir='ltr'>sequentibus,</span> <span class='ocrx_word' id='word_1_776' title='bbox 1759 2809 1849 2831; x_wconf 89' lang='lat' dir='ltr'>conclu-</span> 
     </span>
     <span class='ocr_line' id='line_1_121' title="bbox 1009 2845 1848 2875; baseline 0.001 -7"><span class='ocrx_word' id='word_1_777' title='bbox 1009 2847 1066 2868; x_wconf 85' lang='lat' dir='ltr'>dunt</span> <span class='ocrx_word' id='word_1_778' title='bbox 1085 2847 1170 2869; x_wconf 78' lang='lat' dir='ltr'>Datum</span> <span class='ocrx_word' id='word_1_779' title='bbox 1188 2846 1287 2869; x_wconf 77' lang='lat' dir='ltr'>Parisiis</span> <span class='ocrx_word' id='word_1_780' title='bbox 1304 2852 1368 2869; x_wconf 84' lang='grc'>1111110</span> <span class='ocrx_word' id='word_1_781' title='bbox 1386 2846 1481 2869; x_wconf 77' lang='lat' dir='ltr'>Domini</span> <span class='ocrx_word' id='word_1_782' title='bbox 1493 2845 1562 2870; x_wconf 67' lang='lat'><strong><em>1:277</em></strong></span> <span class='ocrx_word' id='word_1_783' title='bbox 1581 2847 1632 2875; x_wconf 83' lang='lat' dir='ltr'>(pro</span> <span class='ocrx_word' id='word_1_784' title='bbox 1654 2847 1729 2874; x_wconf 76' lang='lat'>1257).</span> <span class='ocrx_word' id='word_1_785' title='bbox 1746 2859 1776 2863; x_wconf 94' lang='lat'>—</span> <span class='ocrx_word' id='word_1_786' title='bbox 1793 2848 1848 2869; x_wconf 82' lang='lat' dir='ltr'>lut&#39;ra</span> 
     </span>
     <span class='ocr_line' id='line_1_122' title="bbox 1009 2885 1849 2914; baseline 0 -6"><span class='ocrx_word' id='word_1_787' title='bbox 1009 2889 1060 2914; x_wconf 84' lang='lat' dir='ltr'>post</span> <span class='ocrx_word' id='word_1_788' title='bbox 1073 2885 1219 2908; x_wconf 69' lang='lat' dir='ltr'>veliementer</span> <span class='ocrx_word' id='word_1_789' title='bbox 1232 2885 1277 2907; x_wconf 79' lang='lat' dir='ltr'>ude</span> <span class='ocrx_word' id='word_1_790' title='bbox 1289 2886 1306 2907; x_wconf 84' lang='grc' dir='ltr'>Α</span> <span class='ocrx_word' id='word_1_791' title='bbox 1316 2886 1352 2907; x_wconf 75' lang='lat' dir='ltr'>uc.</span> <span class='ocrx_word' id='word_1_792' title='bbox 1365 2888 1387 2907; x_wconf 86' lang='lat' dir='ltr'>et</span> <span class='ocrx_word' id='word_1_793' title='bbox 1399 2886 1434 2907; x_wconf 87' lang='lat' dir='ltr'>ed.</span> <span class='ocrx_word' id='word_1_794' title='bbox 1452 2887 1456 2906; x_wconf 98' lang='grc'>1</span> <span class='ocrx_word' id='word_1_795' title='bbox 1473 2885 1634 2908; x_wconf 82' lang='lat' dir='ltr'>substituimus</span> <span class='ocrx_word' id='word_1_796' title='bbox 1645 2892 1660 2908; x_wconf 84' lang='grc'>(1</span> <span class='ocrx_word' id='word_1_797' title='bbox 1672 2892 1714 2914; x_wconf 86' lang='lat' dir='ltr'>pro</span> <span class='ocrx_word' id='word_1_798' title='bbox 1726 2887 1808 2908; x_wconf 70' lang='grc'>1111050</span> <span class='ocrx_word' id='word_1_799' title='bbox 1820 2888 1849 2908; x_wconf 81' lang='lat' dir='ltr'>et.</span> 
     </span>
    </p>

    <p class='ocr_par' dir='ltr' id='par_1_38' title="bbox 1008 2923 1848 3029">
     <span class='ocr_line' id='line_1_123' title="bbox 1071 2923 1848 2953; baseline 0.003 -8"><span class='ocrx_word' id='word_1_800' title='bbox 1071 2923 1088 2936; x_wconf 83' lang='lat'>¹¹</span> <span class='ocrx_word' id='word_1_801' title='bbox 1108 2925 1167 2946; x_wconf 84' lang='lat' dir='ltr'>llaec</span> <span class='ocrx_word' id='word_1_802' title='bbox 1184 2924 1345 2952; x_wconf 83' lang='lat' dir='ltr'>supplevimus</span> <span class='ocrx_word' id='word_1_803' title='bbox 1362 2931 1388 2946; x_wconf 78' lang='lat' dir='ltr'>cx</span> <span class='ocrx_word' id='word_1_804' title='bbox 1404 2925 1419 2946; x_wconf 87' lang='lat' dir='ltr'>E</span> <span class='ocrx_word' id='word_1_805' title='bbox 1430 2927 1452 2946; x_wconf 89' lang='lat' dir='ltr'>et</span> <span class='ocrx_word' id='word_1_806' title='bbox 1464 2925 1482 2946; x_wconf 91' lang='lat' dir='ltr'>D</span> <span class='ocrx_word' id='word_1_807' title='bbox 1495 2925 1543 2953; x_wconf 92' lang='lat' dir='ltr'>(qui</span> <span class='ocrx_word' id='word_1_808' title='bbox 1556 2928 1630 2947; x_wconf 83' lang='lat' dir='ltr'>tamen</span> <span class='ocrx_word' id='word_1_809' title='bbox 1643 2924 1721 2947; x_wconf 80' lang='lat' dir='ltr'>scribit</span> <span class='ocrx_word' id='word_1_810' title='bbox 1734 2925 1793 2947; x_wconf 76' lang='lat'>4262</span> <span class='ocrx_word' id='word_1_811' title='bbox 1807 2931 1848 2952; x_wconf 88' lang='lat' dir='ltr'>pro</span> 
     </span>
     <span class='ocr_line' id='line_1_124' title="bbox 1013 2962 1848 2991; baseline 0 -7"><span class='ocrx_word' id='word_1_812' title='bbox 1013 2963 1087 2990; x_wconf 72' lang='lat'>1257),</span> <span class='ocrx_word' id='word_1_813' title='bbox 1105 2963 1119 2984; x_wconf 86' lang='lat' dir='ltr'>F</span> <span class='ocrx_word' id='word_1_814' title='bbox 1136 2966 1158 2985; x_wconf 83' lang='lat' dir='ltr'>et</span> <span class='ocrx_word' id='word_1_815' title='bbox 1175 2963 1227 2985; x_wconf 83' lang='lat' dir='ltr'>edd.</span> <span class='ocrx_word' id='word_1_816' title='bbox 1246 2966 1297 2991; x_wconf 87' lang='lat' dir='ltr'>post</span> <span class='ocrx_word' id='word_1_817' title='bbox 1315 2962 1422 2985; x_wconf 79' lang='lat' dir='ltr'>Purisius</span> <span class='ocrx_word' id='word_1_818' title='bbox 1434 2962 1518 2985; x_wconf 84' lang='lat' dir='ltr'>habent</span> <span class='ocrx_word' id='word_1_819' title='bbox 1534 2964 1574 2986; x_wconf 78' lang='lat' dir='ltr'>etc.</span> <span class='ocrx_word' id='word_1_820' title='bbox 1593 2964 1671 2986; x_wconf 84' lang='lat' dir='ltr'>Festus</span> <span class='ocrx_word' id='word_1_821' title='bbox 1683 2964 1732 2986; x_wconf 85' lang='lat' dir='ltr'>dies</span> <span class='ocrx_word' id='word_1_822' title='bbox 1744 2964 1766 2986; x_wconf 83' lang='lat' dir='ltr'>S.</span> <span class='ocrx_word' id='word_1_823' title='bbox 1778 2965 1848 2986; x_wconf 78' lang='lat' dir='ltr'>Geor-</span> 
     </span>
     <span class='ocr_line' id='line_1_125' title="bbox 1008 3001 1243 3029; baseline 0 -6"><span class='ocrx_word' id='word_1_824' title='bbox 1008 3002 1039 3029; x_wconf 81' lang='lat' dir='ltr'>gii</span> <span class='ocrx_word' id='word_1_825' title='bbox 1056 3005 1090 3024; x_wconf 86' lang='lat' dir='ltr'>est</span> <span class='ocrx_word' id='word_1_826' title='bbox 1107 3002 1136 3023; x_wconf 82' lang='lat'>23</span> <span class='ocrx_word' id='word_1_827' title='bbox 1153 3001 1243 3029; x_wconf 80' lang='lat' dir='ltr'>Aprilis.</span> 
     </span>
    </p>
   </div>
   <div class='ocr_carea' id='block_1_27' title="bbox 1868 722 1997 812">
    <p class='ocr_par' dir='ltr' id='par_1_39' title="bbox 1868 722 1997 812">
     <span class='ocr_line' id='line_1_126' title="bbox 1887 722 1997 742; baseline 0 -1"><span class='ocrx_word' id='word_1_828' title='bbox 1887 723 1956 742; x_wconf 84' lang='lat' dir='ltr'>Contra</span> <span class='ocrx_word' id='word_1_829' title='bbox 1968 722 1997 742; x_wconf 73' lang='lat' dir='ltr'>di-</span> 
     </span>
     <span class='ocr_line' id='line_1_127' title="bbox 1868 746 1996 765; baseline 0 0"><span class='ocrx_word' id='word_1_830' title='bbox 1868 748 1907 765; x_wconf 84' lang='lat' dir='ltr'>ctos</span> <span class='ocrx_word' id='word_1_831' title='bbox 1927 746 1996 765; x_wconf 72' lang='lat' dir='ltr'>abuma</span> 
     </span>
     <span class='ocr_line' id='line_1_128' title="bbox 1868 770 1997 812; baseline 0.008 -24"><span class='ocrx_word' id='word_1_832' title='bbox 1868 770 1950 812; x_wconf 41' lang='grc' dir='ltr'>ξιξ-,1101</span> <span class='ocrx_word' id='word_1_833' title='bbox 1958 774 1997 789; x_wconf 86' lang='lat' dir='ltr'>mo-</span> 
     </span>
    </p>
   </div>
   <div class='ocr_carea' id='block_1_28' title="bbox 1868 1095 1980 1115">
    <p class='ocr_par' dir='ltr' id='par_1_40' title="bbox 1868 1095 1980 1115">
     <span class='ocr_line' id='line_1_129' title="bbox 1868 1095 1980 1115; baseline 0 -1"><span class='ocrx_word' id='word_1_834' title='bbox 1868 1095 1980 1115; x_wconf 76' lang='lat' dir='ltr'>Notandum.</span> 
     </span>
    </p>
   </div>
   <div class='ocr_carea' id='block_1_29' title="bbox 1866 1515 1964 1534">
    <p class='ocr_par' dir='ltr' id='par_1_41' title="bbox 1866 1515 1964 1534">
     <span class='ocr_line' id='line_1_130' title="bbox 1866 1515 1964 1534; baseline -0.01 0"><span class='ocrx_word' id='word_1_835' title='bbox 1866 1515 1964 1534; x_wconf 79' lang='lat' dir='ltr'>Allocutio.</span> 
     </span>
    </p>
   </div>
  </div>
 </body>
</html>
