2133 3317
385 256 429 279 lUC

134 295 203 318 habet
220 295 335 318 defectum
353 294 406 318 ibid.
423 307 454 312 ·—
471 295 580 324 Equitans
597 295 648 322 plus
665 295 696 316 vi-

135 334 207 362 gilare
230 333 298 356 debet
320 335 449 362 extensive,
465 334 573 356 itinerans
595 334 647 361 plus
663 333 696 355 in-

134 373 221 395 tensive
239 372 293 395 ibid.
309 385 340 389 —
366 374 389 395 ln
412 372 566 395 itinerantium
590 373 695 395 solatium

133 412 245 434 Dominus
261 412 310 440 ipse
326 412 398 434 votuit
410 411 531 434 ambulans
544 412 639 439 fatigare
652 411 675 433 41
686 412 691 433 l

134 451 162 473 14
180 463 210 467 -
228 451 249 473 111
267 451 410 473 itineratione
423 451 508 472 malum
525 453 559 472 est
576 451 695 473 vitandum

134 493 156 512 et
174 489 261 512 bonum
279 489 405 512 tenendum
424 489 468 511 410
490 490 523 511 10.
540 496 591 518 sqq.

181 529 311 551 IUCUNDlTAS
327 540 357 545 —
369 528 493 556 spiritualis
504 528 608 551 animum
621 535 696 556 prom-

133 571 199 595 ptum
218 568 270 590 facit
286 567 315 590 ad
332 573 424 589 sursum
443 568 584 590 tendendum
602 568 615 589 6
634 568 647 589 9
666 581 694 583 -

132 606 255 635 spiritualis
272 606 343 628 oritur
360 612 386 628 ex
404 606 524 628 serenitate
541 606 594 629 ibid.
613 620 644 622 —
661 607 695 629 Ad

134 645 264 668 fruitionem
283 645 430 667 iucunditatis
447 646 548 668 internae
571 645 631 668 valet
655 652 696 668 vo-

132 684 229 706 luntaria
247 687 370 712 paupertas
387 685 431 706 300
453 685 487 707 18.
504 691 538 713 sq.
557 685 596 707 301
619 685 648 706 20
665 697 696 701 -

133 723 256 751 spiritualis
274 723 378 746 medetur
403 724 459 745 vitio
484 723 585 746 accidiae
604 724 648 746 197
666 724 695 745 66

133 774 164 779 -
180 762 288 784 convenit
304 761 435 790 virginibus
451 763 521 785 sacris
538 762 591 785 ibid.

182 802 233 823 lum
250 813 281 818 —
298 802 409 824 confitens
425 802 586 829 interpretatur
603 802 632 823 93
651 802 664 824 3

180 841 253 863 tunm
271 853 300 856 —-
317 846 397 862 omnes
415 841 475 868 Lege
492 840 628 863 tenebantur
651 840 696 862 265

134 879 163 901 30
180 891 211 895 -
228 879 365 901 ludaeorum
384 880 436 907 fuga
455 885 500 902 non
512 882 546 901 est
563 880 694 907 exemplum

132 918 278 946 perfectionis
295 918 340 940 255
361 918 386 940 13
399 931 430 934 —-
441 922 505 940 erant
517 918 568 940 duri
585 921 607 941 et
624 919 697 940 incre-

133 957 181 979 duli
203 957 244 979 114
262 957 276 979 7
292 969 324 973 -
341 960 404 979 erant
426 957 509 979 infirmi
528 960 603 979 mente
621 957 665 979 237
682 957 695 979 6

132 1008 164 1013 —
180 998 245 1018 erant
262 997 343 1018 fratres
360 995 442 1018 Christi
454 996 582 1018 secundum
601 1002 694 1018 carnem

133 1035 162 1057 80
180 1035 204 1057 31
226 1047 256 1051 —
274 1038 327 1057 sunt
343 1034 425 1057 Christi
443 1035 570 1057 adversarii
583 1035 626 1057 373
639 1041 651 1057 a
666 1048 694 1051 -

133 1077 186 1096 sunt
203 1074 304 1102 populus
320 1073 458 1102 reprobatus
474 1074 503 1096 79
521 1074 550 1096 30
568 1086 598 1090 -
616 1074 696 1096 adver-

133 1119 172 1135 sus
190 1114 263 1135 lesum
281 1113 367 1135 invidia
384 1113 494 1135 commoti
506 1116 571 1135 erant
582 1113 610 1135 77
625 1113 654 1135 24
666 1125 696 1130 —-

133 1164 163 1168 —
179 1151 295 1175 Christum
313 1152 443 1175 deriserunt
459 1152 488 1174 76
513 1153 542 1174 22
559 1164 590 1169 --
608 1152 696 1175 iniuriis

133 1190 223 1213 Christo
241 1191 306 1213 illatis
323 1191 398 1213 satiari
417 1197 463 1213 non
482 1193 605 1219 potuerunt
616 1191 645 1213 77
659 1192 696 1214 23.

134 1230 163 1252 80
181 1231 218 1253 31.
240 1230 281 1253 184
303 1231 308 1252 1
330 1242 360 1247 -
378 1231 562 1259 postulaverunt⁷
580 1230 695 1253 Christum

133 1269 236 1298 crucifigi
254 1270 284 1292 77
302 1270 340 1292 23.
360 1269 404 1291 257
428 1270 456 1291 18
475 1281 505 1286 -
523 1269 696 1298 blasphemave-

132 1311 185 1331 runt
201 1308 316 1331 Christum
334 1309 357 1331 in
374 1315 442 1331 cruce
459 1309 489 1331 79
507 1309 543 1331 29.
562 1310 606 1331 123
626 1310 653 1331 10
666 1322 697 1325 ——

133 1348 229 1370 Paulum
241 1348 371 1376 apostolum
384 1348 498 1376 perimere
514 1348 639 1376 cupiebant
652 1349 695 1370 366

133 1386 148 1409 b
165 1399 196 1404 —
212 1387 370 1410 conventicula
396 1388 494 1414 faciunt,
520 1388 614 1415 profana
636 1394 696 1410 com-

133 1426 218 1449 mercia
236 1426 352 1449 celebrant
368 1430 390 1449 et
415 1427 471 1449 ritus
489 1427 599 1454 perfidiae
620 1426 697 1450 obser-

133 1467 188 1487 vant
209 1465 250 1487 149
268 1466 281 1487 9
300 1477 329 1481 ·—
346 1465 488 1493 spirituales,
500 1466 540 1494 qui
552 1466 596 1488 sint
608 1466 653 1488 316
671 1467 695 1488 17

181 1505 243 1527 lunas
259 1516 290 1521 —
308 1505 405 1527 Domino
423 1505 526 1531 volente,
544 1504 650 1532 portabat
667 1505 697 1527 lo·

133 1543 197 1565 culos
226 1543 267 1565 145
293 1544 327 1565 lt.
351 1543 396 1566 284
422 1544 459 1566 35.
486 1544 530 1566 416
558 1544 585 1566 10
603 1543 696 1566 —Cur

133 1582 245 1605 Dominus
263 1583 341 1605 ludam
359 1583 491 1605 toleraverit
507 1583 537 1605 75
559 1583 592 1605 17.
612 1583 655 1605 144
674 1584 694 1605 9.

134 1621 179 1643 145
201 1622 234 1643 12.
251 1621 296 1643 348
315 1621 329 1643 1)
340 1635 371 1638 -—
383 1622 498 1645 Christum
515 1625 651 1650 persecutus
663 1624 697 1644 est

134 1659 178 1682 423
197 1661 226 1683 22
243 1674 274 1677 —
290 1667 333 1689 pro
351 1661 449 1689 pecunia
467 1661 590 1683 Dominum
603 1661 697 1684 tradidit

133 1699 179 1721 304
198 1700 218 1722 1.
236 1700 280 1722 412
300 1701 307 1721 1
329 1712 361 1717 -
378 1700 500 1723 Dominum
526 1701 600 1728 pretio
623 1706 696 1728 parvo

133 1738 285 1761 venumdedit
302 1739 347 1761 284
373 1739 401 1761 36
419 1751 450 1755 -
468 1739 515 1762 Non
533 1739 637 1767 penurIa,
654 1739 696 1762 sed

132 1777 234 1806 nequitia
252 1778 352 1805 cupidae
369 1778 452 1800 mentis
477 1784 545 1800 causa
570 1779 610 1801 fuit
628 1779 696 1801 huius

133 1816 256 1845 impietatis
281 1818 311 1840 75
330 1817 366 1839 17.
384 1818 430 1840 284
448 1818 477 1840 36
495 1831 525 1833 -
542 1824 584 1840 nec
602 1818 696 1840 familia-

132 1856 198 1878 ritate
214 1856 314 1878 convivii
331 1862 374 1879 nec
391 1857 517 1879 humilitate
531 1857 638 1886 obsequii
654 1863 696 1879 nec

134 1895 245 1917 suavitate
262 1895 369 1924 colloquii
390 1902 402 1918 a
428 1899 538 1924 concepta
561 1896 646 1919 malitia
664 1903 696 1918 re-

133 1934 211 1956 vocari
228 1934 303 1962 potuit
319 1935 349 1956 75
369 1935 396 1957 17
419 1947 450 1952 -
473 1935 525 1957 Eius
542 1935 648 1963 impietas
665 1935 697 1957 in-

133 1972 274 2001 explicabilis
290 1977 426 2002 exsuperata
444 1974 484 1996 fuit
495 1973 578 1997 Christi
590 1980 697 1997 mansue-

135 2012 214 2034 tudine
229 2011 284 2035 ibid.
297 2025 326 2029 —
343 2013 422 2035 osculo
434 2016 529 2041 accepto
541 2014 607 2041 pravi
619 2014 696 2036 cordis

134 2051 259 2079 pertinacia
277 2058 322 2074 non
337 2055 372 2074 est
384 2052 468 2074 mollita
486 2051 539 2075 ibid.
556 2064 587 2069 -—
603 2053 632 2075 ad
650 2056 696 2075 tam

134 2090 251 2118 singulare
268 2091 356 2113 facinus
376 2097 420 2113 non
446 2091 520 2118 potuit
545 2091 622 2113 subito
647 2098 698 2120 pro-

134 2134 202 2151 ruere
216 2129 257 2151 144
267 2129 280 2151 9
289 2142 320 2145 -
330 2136 375 2152 11011
387 2130 416 2152 ad
430 2131 514 2152 fontem
526 2130 698 2153 misericordiae

134 2168 214 2195 rediit,
228 2168 270 2190 sed
281 2168 413 2196 desperavit
424 2169 453 2191 76
466 2169 495 2191 20
508 2182 538 2185 —
551 2169 636 2192 loculos
648 2175 698 2197 por-

135 2209 185 2229 tans
201 2207 269 2235 periit
285 2207 314 2230 ad
337 2207 488 2230 deterrendos
505 2214 588 2230 avaros
605 2208 650 2230 284
668 2209 696 2230 36

183 2246 248 2268 lunzx
266 2259 294 2262 —
316 2246 350 2268 Ad
376 2247 452 2274 ipsum
474 2250 562 2274 spectat
586 2247 698 2270 correctio

134 2284 316 2314 delinquentium
334 2285 379 2307 359
397 2284 412 2307 b
429 2297 460 2302 —
477 2286 541 2314 Quae
557 2286 585 2308 ad
604 2287 647 2308 hoc
662 2292 698 2308 as-

136 2324 282 2352 sequendum
301 2325 375 2347 facere
392 2323 476 2346 debeat
492 2323 546 2347 ibid.

183 2597 257 2619 Laaon
275 2609 304 2612 -—
321 2597 397 2619 Gratia
415 2596 534 2619 laborandi
560 2597 615 2619 dicit
639 2597 700 2619 vires

136 2636 253 2664 corporis,
270 2635 374 2658 habitum
392 2636 447 2658 artis
463 2636 600 2664 acquisitum
618 2642 645 2658 ac
662 2637 701 2658 ha-

138 2674 247 2697 bilitatem
264 2678 336 2697 artem
354 2675 490 2704 acquirendi
508 2675 552 2697 419
571 2675 579 2696 1
601 2687 632 2692 -
644 2675 701 2697 Tres

137 2717 191 2736 sunt
199 2714 299 2737 rationes
308 2713 427 2737 laborandi
437 2713 490 2737 ibid.
499 2726 531 2730 —
539 2714 619 2736 Omnis
631 2715 701 2736 homo

137 2753 166 2775 ad
184 2753 286 2775 laborem
312 2753 427 2781 obligatur
452 2753 497 2775 420
515 2753 528 2775 4
551 2765 580 2769 -
606 2753 650 2781 Qui
672 2753 700 2775 ad

139 2792 223 2814 maiora
242 2792 288 2820 apti
307 2798 351 2815 non
363 2795 416 2815 sunt
427 2791 505 2814 labore
514 2798 626 2820 corporeo
638 2798 702 2814 exer-

137 2831 183 2852 ceri
196 2830 280 2853 debent
290 2830 346 2854 ibid.
356 2843 387 2847 —
396 2831 481 2859 quibus
492 2834 514 2854 et
526 2837 595 2859 quam
608 2830 639 2853 ob
651 2837 702 2853 cau-

138 2875 187 2891 sam
206 2870 360 2897 praecipiatur
378 2870 422 2892 320
444 2870 471 2892 12
496 2882 527 2887 —
552 2869 639 2892 Labore
657 2876 702 2892 ma·

139 2914 211 2930 nuum
224 2908 310 2930 victum
322 2915 434 2937 quaerere
451 2909 536 2932 licitum
549 2912 582 2931 est
596 2909 702 2937 perfectis

139 2947 185 2969 279
203 2947 231 2969 20
256 2959 287 2963 -
313 2947 418 2970 Fideliter
435 2950 457 2970 et
477 2948 562 2970 devote
584 2951 618 2970 est
642 2947 702 2970 labo·

139 2986 238 3008 randum
256 2986 300 3008 419
320 2987 339 3008 1.
358 2986 402 3008 444
419 2987 449 3009 26
468 2999 495 3003 —
514 2987 535 3009 in
553 2987 592 3009 Dei
605 2987 700 3014 gloriam

827 217 925 245 lNDEx
948 217 1194 246 ALPHABETICUS.

778 295 874 317 lunicnm
891 307 921 311 -
938 298 1025 317 rectum
1044 297 1077 318 est
1089 295 1225 318 beneficium
1245 302 1292 323 per-

730 333 803 355 tinens
820 334 850 356 ad
867 334 1061 362 complementum
1079 338 1173 356 naturae
1190 335 1203 356 6
1225 335 1246 356 ll
1263 347 1293 351 —

731 373 906 395 Praesumtuose
933 376 955 395 et
979 373 1078 401 maligne
1100 373 1185 395 iudicat
1201 374 1241 402 qui
1259 373 1294 395 di-

730 412 788 433 centi
805 418 887 434 verum
914 412 1022 440 impingit
1047 412 1193 434 mendacium
1216 413 1260 434 267
1279 414 1291 434 6

729 462 760 467 —
777 451 911 473 Cavendum
930 455 963 473 est
975 457 987 473 a
1000 451 1084 473 iudicio
1096 451 1235 474 definitionis
1248 451 1291 473 406
1308 479 1310 482 .

730 490 759 511 25
784 501 815 506 —-
839 490 978 517 suspicionis
1003 491 1040 512 vel
1066 490 1221 513 haesitationis
1247 485 1310 513 non'

730 532 804 556 potest
822 529 914 551 faciliter
931 529 997 551 vitari
1015 528 1067 552 ibid.
1088 542 1115 545 —
1134 530 1239 556 aliorum,
1251 536 1292 552 cur

729 567 758 589 sit
774 568 894 590 vitandum
915 567 959 590 487
982 569 999 590 l.
1011 574 1045 596 sq.
1060 581 1088 584 —
1100 569 1186 596 Regula
1205 568 1234 590 de
1246 575 1291 591 non

729 607 852 629 iudicando
870 607 925 629 alios
942 606 996 629 ibid.
1007 619 1038 623 —-
1050 608 1079 629 Se
1096 607 1171 635 ipsum
1191 607 1292 630 iudicare
1307 620 1309 630 l

730 646 790 673 licet,
805 652 850 668 non
868 646 964 668 alterum
990 646 1032 668 443
1051 647 1079 668 22
1097 658 1128 662 -—
1145 647 1174 669 Ex
1200 647 1292 669 iudicio-

729 691 781 707 rum
799 685 925 707 temeritate
937 685 1041 713 procedit
1053 685 1204 708 murmuratio
1221 685 1265 708 433
1278 687 1290 708 6

732 736 759 739 -
778 724 819 752 Qui
838 724 922 746 iudicat
940 725 1006 752 alios,
1025 725 1092 746 etiam
1104 724 1134 746 ab
1146 725 1194 747 aliis
1211 731 1292 747 severe

731 763 844 785 iudicatur
873 763 914 785 147
944 764 969 785 19
987 763 1133 785 —iustitiae
1157 767 1210 786 sunt
1233 765 1292 786 exhi-

730 801 805 824 benda
823 802 927 830 proximo
944 803 973 825 ad
996 802 1177 825 aedificationem
1200 803 1244 825 250
1263 804 1291 825 20

730 853 759 856 -
777 841 919 869 quadruplex
937 841 1064 863 timendum
1086 843 1111 863 12
1130 843 1142 863 2
1154 854 1185 858 -
1202 842 1292 869 Triplex

730 884 763 902 est
781 880 849 902 timor
866 880 998 902 divinorum
1016 880 1154 902 iudiciorum
1177 881 1218 903 129
1236 881 1249 902 5
1262 893 1292 897 -

730 919 825 946 Propter
846 919 928 941 iudicia
946 919 1035 941 latentia
1054 919 1182 941 timendum
1201 926 1242 947 per
1261 926 1293 942 re-

731 957 857 979 verentiam
877 958 904 979 =t6
926 958 952 979 10
968 970 1000 974 -
1017 958 1064 980 Non
1085 958 1148 980 timet
1168 958 1294 986 iudicium,

730 996 772 1018 nisi
791 997 830 1025 qui
850 997 985 1019 recordatur
1006 1000 1028 1019 et
1048 997 1162 1019 erubescit
1180 997 1291 1025 flagitium

734 1036 760 1057 12
778 1036 791 1057 2
803 1047 834 1052 —
846 1035 894 1057 Non
911 1035 1016 1063 deplorat
1027 1036 1152 1063 damnum,
1164 1036 1206 1058 nisi
1218 1036 1257 1065 qui
1271 1036 1293 1058 ti-

730 1077 777 1096 met
794 1075 899 1097 divinum
917 1075 1029 1097 iudicium
1048 1074 1102 1097 ibid.

777 1126 808 1130 —
824 1114 903 1136 ludicii
920 1113 997 1136 finalis
1014 1114 1139 1142 descriptio
1164 1115 1193 1136 53
1220 1114 1242 1136 5.
1264 1115 1292 1136 83

731 1152 759 1174 42
777 1165 808 1169 -
824 1153 950 1175 Austeritas
968 1154 1035 1175 huius
1061 1153 1139 1175 iudicii
1160 1157 1194 1175 est
1217 1154 1294 1175 formi-

730 1191 812 1214 dabilis
830 1189 858 1214 28
877 1193 890 1214 2
907 1205 938 1209 -
956 1193 977 1214 111
995 1192 1081 1215 iudicio
1104 1198 1193 1215 errores
1215 1199 1294 1220 pecca-

730 1232 786 1254 toris
804 1231 977 1254 manifestantur
995 1231 1023 1254 53
1041 1232 1054 1254 5
1072 1244 1102 1248 -
1120 1232 1181 1254 Deus
1198 1232 1220 1254 in
1238 1231 1294 1254 iudi-

730 1271 765 1293 cio
782 1271 887 1293 cordium
906 1271 1017 1293 iudicabit
1034 1272 1121 1293 occulta
1139 1275 1161 1293 et
1183 1271 1294 1293 illumina-

731 1309 763 1332 bit
780 1309 913 1332 abscondita
931 1311 960 1332 83
983 1310 1007 1332 41
1029 1323 1059 1327 -
1084 1311 1106 1332 111
1133 1311 1217 1333 iudicio
1243 1316 1294 1338 ape-

731 1349 818 1371 rientur
835 1348 886 1371 llbri
903 1349 1094 1371 conscientiarum
1113 1352 1135 1371 et
1152 1349 1209 1371 liber
1233 1350 1294 1371 vitae

731 1387 785 1410 ibid.
806 1400 834 1403 —
859 1388 880 1410 ln
906 1388 991 1410 iudicio
1013 1388 1081 1411 simul
1107 1392 1128 1410 et
1154 1389 1177 1410 in
1203 1389 1294 1411 instanti

730 1427 833 1449 omnium
852 1431 938 1449 secreta
965 1427 1073 1449 omnibus
1098 1430 1217 1455 patescent
1240 1427 1295 1449 ibid.

730 1478 761 1482 -
777 1466 862 1488 Omnes
880 1466 947 1488 simul
965 1466 1129 1489 iudicabuntur
1146 1465 1201 1489 ibid.
1212 1478 1243 1482 —
1254 1467 1295 1488 Du-

730 1505 780 1532 plex
797 1507 831 1527 est
847 1505 959 1528 sententia
977 1506 1006 1528 54
1028 1506 1042 1527 5
1066 1518 1097 1522 -
1122 1505 1199 1528 ludicii
1222 1506 1295 1528 finalis

730 1546 764 1566 est
781 1543 900 1566 ineffabilis
917 1545 1021 1573 aequitas
1038 1545 1067 1567 53
1080 1545 1101 1567 5.
1114 1545 1142 1566 83
1157 1544 1180 1566 41
1196 1556 1228 1561 -
1239 1545 1295 1566 Sen-

730 1583 799 1605 tentia
816 1587 849 1606 est
868 1583 1034 1606 indeclinabilis
1051 1584 1080 1606 83
1099 1583 1122 1605 41
1146 1597 1175 1599 -
1187 1584 1295 1612 Aequitas

729 1622 801 1644 divini
819 1622 897 1644 iudicii
915 1625 948 1645 est
966 1623 1051 1645 fructus
1074 1623 1130 1650 ligni
1152 1623 1212 1645 vitae
1234 1623 1263 1644 69
1282 1622 1294 1645 4

729 1673 760 1677 -
777 1661 845 1684 ludex
862 1664 896 1684 est
911 1661 1045 1689 infallibilis,
1058 1662 1196 1689 inflexibiliS,
1213 1661 1296 1689 insugi-

730 1699 782 1723 bilis
799 1701 812 1722 5
829 1700 843 1722 7
862 1712 893 1717 —
910 1701 971 1723 Deus
986 1703 1011 1723 ut
1021 1701 1091 1723 iudex
1108 1703 1142 1723 est
1153 1701 1295 1723 reverendus

730 1740 859 1762 reverentia
877 1740 975 1762 maxima
994 1740 1007 1761 9
1026 1740 1038 1761 6
1063 1752 1092 1755 —
1115 1740 1197 1762 iudicis
1214 1742 1295 1762 cuncta

731 1779 843 1801 cernentis
860 1779 988 1801 timendum
1007 1779 1035 1800 83
1054 1779 1078 1801 41
1100 1791 1131 1795 -
1142 1779 1256 1801 malorum
1269 1779 1295 1800 ti-

730 1818 842 1840 mendum
859 1817 887 1840 ib.
907 1818 935 1840 42
954 1830 983 1834 —-
997 1817 1139 1844 inevitabile,
1156 1818 1196 1840 sed
1208 1818 1293 1840 iustum

730 1857 858 1879 timendum
876 1863 889 1878 a
906 1857 1067 1884 peccatoribus
1085 1857 1097 1878 8
1116 1857 1129 1878 2
1148 1869 1177 1872 -
1190 1857 1221 1879 De
1234 1859 1294 1879 statu

731 1896 809 1918 iudicii
826 1896 899 1918 finalis
916 1896 1017 1924 cogitare
1034 1899 1068 1918 est
1079 1895 1224 1918 formidabile
1239 1895 1267 1917 53
1281 1895 1294 1917 5

730 1947 760 1951 -
777 1934 987 1962 circumspectione
1005 1935 1087 1957 iudicis
1103 1934 1193 1957 acuitur
1217 1934 1295 1957 stimu-

731 1974 765 1996 lus
782 1974 934 1996 conscientiae
952 1974 965 1997 5
982 1974 996 1996 7

778 2014 853 2035 tum-ra
865 2025 894 2028 —
907 2013 1010 2035 ieiunans
1021 2013 1107 2035 devicit
1118 2014 1196 2035 hostes
1207 2012 1251 2035 270
1267 2012 1294 2035 15

779 2053 845 2075 lucum
862 2064 892 2069 —
915 2052 1043 2075 Differentia
1066 2053 1124 2074 inter
1146 2052 1227 2080 iugum
1250 2052 1297 2075 dia-

732 2090 777 2113 boli
795 2094 817 2113 et
834 2091 915 2119 iugum
932 2091 1015 2114 Christi
1033 2092 1063 2114 95
1080 2092 1093 2113 3

778 2131 863 2153 lunam
881 2142 912 2147 —
929 2137 969 2158 per
986 2131 1008 2153 S.
1031 2130 1176 2153 Franciscum
1199 2137 1212 2152 a
1237 2130 1296 2158 peri-

731 2168 782 2190 culo
800 2170 878 2196 partus
895 2168 990 2190 liberata
1007 2168 1052 2190 558
1070 2169 1082 2190 3

779 2207 876 2230 luntatis
892 2219 922 2224 —
939 2207 993 2230 Eius
1010 2213 1075 2230 error
1093 2207 1138 2229 294
1155 2207 1184 2229 23
1202 2219 1233 2223 —-
1255 2206 1297 2229 illi-

731 2246 774 2268 cite
790 2245 851 2268 bona
869 2247 983 2269 Ecclesiae
999 2246 1123 2274 diripiebat
1140 2245 1194 2269 ibid.

778 2286 852 2308 luruon
874 2297 904 2302 —
921 2285 967 2308 Cur
992 2286 1094 2308 iuniores
1119 2285 1242 2314 aliquando
1267 2285 1297 2308 ad

731 2324 805 2346 officia
828 2324 1004 2351 praedicationis
1026 2327 1048 2347 et
1069 2324 1220 2347 confessionis
1246 2330 1298 2352 pro-

995 2457 1037 2503 L

734 2598 802 2626 dirigi
819 2597 888 2620 debet
906 2598 949 2620 419
971 2598 977 2619 1
999 2609 1029 2614 —-
1050 2597 1176 2625 corporalis
1200 2597 1298 2619 excludit

734 2637 805 2659 otium
822 2643 834 2658 a
852 2642 962 2665 corpore,
979 2636 1019 2659 sed
1037 2642 1082 2658 non
1095 2642 1106 2658 a
1119 2636 1189 2659 corde
1201 2635 1254 2659 ibid.
1266 2648 1298 2652 —

733 2675 860 2703 sapientiae
877 2675 956 2697 mehor
973 2678 1007 2697 est
1022 2681 1135 2703 corporeo
1151 2674 1230 2697 labore
1253 2674 1297 2697 420

735 2715 747 2736 3
766 2727 796 2730 -
813 2714 919 2737 Studium
938 2714 1063 2742 sapientiae
1080 2714 1211 2736 manualem
1237 2713 1298 2736 labo-

735 2759 783 2776 rem
801 2754 866 2781 plene
883 2756 1044 2781 recompensat
1060 2753 1105 2775 320
1124 2753 1152 2775 13
1163 2765 1194 2769 -
1206 2753 1298 2774 mecha-

735 2792 800 2815 nicus
816 2792 931 2819 condigne
948 2795 1010 2815 certo
1028 2791 1101 2820 pretio
1122 2794 1296 2819 compensatur,

735 2837 780 2853 non
797 2834 873 2854 autem
891 2831 1016 2859 spiritualis
1033 2831 1077 2853 420
1095 2831 1108 2852 2
1126 2842 1156 2847 -
1176 2830 1298 2858 stipendia-

735 2870 783 2892 rius
808 2870 951 2892 necessarius
983 2875 1033 2891 esse
1058 2872 1133 2897 potest
1158 2869 1298 2897 praedicanti

735 2908 764 2932 ib.
783 2909 795 2930 3
813 2921 844 2925 -
860 2908 917 2931 Cum
935 2911 1069 2937 paupertate
1086 2911 1108 2930 et
1128 2908 1234 2931 exercitio
1254 2911 1298 2930 stu-

735 2948 766 2970 dii
783 2948 906 2976 spiritualis
923 2947 994 2970 labori
1012 2953 1122 2970 manuum
1135 2947 1253 2970 intendere
1264 2949 1298 2969 est

735 2993 794 3015 opus
810 2987 1020 3015 supererogationis
1038 2986 1081 3009 327
1107 2986 1136 3008 32
1158 2998 1189 3003 -
1210 2986 1299 3015 Quibus

1833 221 1890 248 717

1587 257 1640 281 LAC

1328 299 1464 318 moveantur
1481 296 1527 318 360
1544 302 1568 322 a,
1586 296 1601 318 1)
1618 309 1648 313 -
1665 297 1789 325 aliquando
1815 297 1890 325 magis

1326 334 1439 356 discretus
1456 338 1490 357 est
1506 341 1576 363 quam
1594 335 1670 357 senior
1686 335 1717 358 ib.
1734 342 1746 357 a

1374 373 1502 396 lunisnicrio
1525 386 1555 390 —
1580 374 1716 396 universalis
1738 375 1813 402 Papae
1830 380 1890 397 com-

1327 412 1383 439 petit
1400 412 1444 434 392
1462 413 1475 434 2
1500 424 1531 429 --
1556 413 1662 435 Formula
1681 414 1773 441 petendi
1798 414 1889 436 iurisdi-

1327 451 1425 472 ctionem
1443 451 1487 472 385
1510 452 1534 472 l3

1374 490 1407 511 lus
1423 501 1454 505 —
1471 489 1575 512 Christus
1591 494 1626 512 est
1643 491 1698 512 iuris
1715 491 1834 518 naturalis,
1859 491 1891 513 ci-

1308 552 1309 555 *
1326 527 1388 554 vilis,
1405 529 1509 550 canonici
1527 535 1553 551 ac
1570 529 1641 551 divini
1668 530 1799 557 principalis
1823 530 1889 557 origo

1325 566 1371 588 314
1393 567 1413 588 11
1437 579 1465 582 ——
1483 567 1553 595 Rigor
1571 568 1626 590 iuris
1643 569 1746 596 positivi,
1765 568 1803 591 ubi
1821 574 1890 596 expe-

1326 605 1366 632 dit,
1383 606 1524 633 servandus,
1542 606 1580 628 ubi
1602 607 1698 629 salutem
1722 607 1832 635 impedit,
1857 613 1890 629 re-

1325 644 1449 667 mittendus
1466 649 1499 667 est
1517 646 1556 667 391
1579 646 1608 667 20
1625 657 1656 662 -—
1674 646 1704 668 De
1727 646 1775 668 iure
1797 652 1839 668 suo
1856 652 1890 668 ce-

1325 682 1379 705 dere
1396 683 1446 705 licet
1464 684 1509 706 279
1528 684 1556 706 20

1372 723 1463 744 lusrrrm
1480 735 1511 739 —
1528 726 1562 745 est
1579 723 1692 746 rectitudo
1709 724 1832 746 voluntatis
1844 724 1888 746 240

1325 761 1338 782 3
1356 773 1386 776 —
1408 765 1442 783 est
1467 761 1612 784 observantia
1637 763 1753 789 omnium,
1778 769 1838 791 quae
1855 769 1890 785 sa-

1326 800 1364 822 luti
1381 801 1417 822 vel
1435 801 1547 828 profectui
1573 801 1663 823 animae
1688 802 1815 824 necessaria
1838 804 1890 824 sunt

1330 838 1371 861 134
1389 839 1402 860 6
1420 851 1450 856 -
1467 843 1501 861 est
1518 841 1616 867 perfecta
1634 841 1671 862 vel
1688 841 1820 868 imperfecta
1844 841 1889 863 240

1326 877 1348 899 3.
1366 878 1410 899 295
1429 878 1441 900 4
1458 889 1489 894 -
1507 878 1548 900 Dei
1565 885 1656 901 summa
1679 882 1701 901 et
1726 880 1890 907 irreprehensi-

1326 915 1376 938 bilis
1394 917 1535 939 manifestata
1554 921 1587 940 est
1605 924 1645 945 per
1662 924 1755 940 crucem
1774 919 1802 941 13
1829 918 1841 940 4
1859 930 1889 935 -

1326 961 1417 977 summa
1429 957 1544 984 quaesivit
1552 956 1718 984 redemptionis
1728 958 1825 985 pretium
1836 956 1889 980 ibid.

1325 1005 1357 1010 —
1373 993 1476 1017 Christus
1488 996 1623 1017 monstravit
1634 996 1764 1023 exemplum
1777 998 1890 1024 perfectae

1327 1033 1424 1055 iustitiae
1441 1033 1470 1055 73
1488 1034 1501 1055 9
1519 1046 1549 1049 -—
1566 1034 1648 1056 Christi
1665 1035 1708 1057 alta
1720 1038 1741 1057 et
1753 1035 1890 1057 condescen-

1327 1071 1389 1099 siva,
1408 1078 1462 1094 vera
1480 1076 1502 1094 et
1518 1073 1556 1101 pia
1573 1074 1618 1095 239
1632 1074 1656 1095 11
1672 1086 1702 1089 ——
1714 1075 1829 1096 confertur
1841 1080 1890 1102 gra-

1327 1111 1356 1133 tia
1375 1110 1505 1139 baptismali
1523 1113 1535 1134 6
1556 1113 1583 1135 12
1596 1125 1625 1129 —-
1637 1113 1712 1135 Gratia
1724 1113 1890 1136 iustificationis

1327 1153 1358 1172 est
1379 1151 1550 1173 inaestimabilis
1568 1151 1592 1174 41
1614 1151 1638 1174 41
1660 1164 1691 1168 -
1712 1152 1773 1174 Deus
1797 1155 1890 1174 revocat

1327 1189 1356 1211 ad
1374 1189 1511 1213 beneficium
1529 1190 1694 1213 iustificationis
1706 1190 1734 1214 ib.
1747 1191 1784 1213 37.
1796 1198 1847 1220 sqq.
1859 1203 1890 1208 —-

1327 1229 1457 1257 Benignitas
1475 1230 1514 1252 Dei
1532 1230 1637 1252 iustificat
1653 1229 1682 1253 ib.
1701 1230 1725 1252 41
1742 1243 1772 1247 -
1789 1231 1830 1253 Per
1848 1237 1890 1259 pu-

1327 1268 1437 1290 nitionem
1454 1268 1536 1291 Christi
1553 1269 1703 1291 iustificamur
1720 1275 1731 1291 a
1749 1270 1817 1297 culpa
1838 1270 1862 1291 l3
1877 1270 1889 1292 4

1327 1319 1358 1323 -
1376 1307 1435 1330 Deus
1452 1308 1566 1336 quaedam
1579 1308 1669 1330 ordinat
1681 1314 1722 1336 per
1733 1308 1841 1331 iustitiam
1859 1309 1884 1331 71

1333 1347 1337 1367 1
1351 1358 1381 1362 -
1391 1346 1430 1368 Dei
1442 1349 1523 1368 cuncta
1537 1347 1658 1369 iudicantis
1668 1351 1690 1369 et
1699 1347 1845 1370 retribuentis
1856 1350 1890 1370 est

1328 1385 1471 1407 interminata
1485 1386 1525 1408 128
1539 1387 1552 1407 2
1562 1399 1590 1402 —
1600 1388 1699 1414 perfecta
1712 1390 1746 1409 est
1758 1387 1890 1409 fundamen-

1329 1427 1377 1446 tum
1394 1424 1505 1447 virtutum
1517 1425 1545 1447 73
1560 1426 1572 1446 9
1584 1437 1615 1441 -
1626 1431 1673 1447 11011
1690 1428 1733 1448 stat
1750 1432 1802 1447 cum
1821 1429 1890 1448 trans-

1328 1464 1447 1491 gressione
1459 1463 1531 1486 divini
1547 1464 1663 1492 praecepti
1681 1465 1721 1486 291
1747 1464 1772 1486 15
1789 1476 1820 1481 —
1838 1465 1890 1487 lusti

1329 1502 1465 1529 gradiuntur
1474 1509 1515 1530 per
1524 1502 1585 1525 viam
1596 1503 1667 1525 divini
1679 1503 1795 1531 praecepti
1805 1503 1849 1525 248
1863 1503 1889 1525 15

1327 1553 1359 1557 -
1374 1541 1425 1563 lusti
1442 1544 1495 1564 sunt
1511 1541 1622 1569 impolluti
1640 1542 1684 1564 262
1704 1543 1731 1564 17
1748 1554 1779 1559 -
1796 1543 1890 1570 Propter

1329 1580 1435 1602 iustitiam
1450 1581 1576 1603 necessaria
1595 1584 1628 1603 est
1644 1581 1770 1604 similitudo
1791 1581 1816 1603 l5
1834 1582 1846 1603 9
1859 1593 1890 1598 -

1328 1619 1377 1641 Non
1389 1625 1470 1641 omnes
1481 1620 1532 1642 iusti
1545 1622 1597 1642 sunt
1609 1620 1702 1648 perfecti
1714 1621 1759 1642 262
1773 1620 1800 1642 17
1810 1633 1840 1637 -
1852 1621 1892 1643 Ne·

1329 1664 1367 1680 mo
1379 1658 1412 1680 sic
1423 1658 1532 1681 iustitiam
1544 1662 1627 1687 servat,
1638 1663 1661 1681 ut
1671 1659 1724 1681 nihil
1735 1660 1836 1687 negligat
1847 1659 1890 1681 497

1328 1703 1340 1718 3
1360 1709 1390 1714 -
1408 1697 1505 1725 dignum
1523 1698 1575 1720 facit
1595 1698 1640 1720 vita
1664 1702 1755 1720 aeterna
1773 1699 1786 1720 6
1807 1699 1835 1721 12
1861 1711 1891 1715 -

1329 1736 1431 1758 Praemia
1444 1736 1508 1759 iustis
1519 1739 1598 1765 parata
1610 1737 1713 1766 quotidie
1725 1737 1891 1760 consideranda

1330 1775 1373 1797 497
1396 1781 1408 1797 3
1427 1788 1457 1791 -
1474 1776 1548 1798 Homo
1565 1782 1589 1798 se
1606 1782 1712 1799 exercere
1729 1776 1798 1799 debet
1813 1777 1844 1799 ad
1861 1777 1892 1799 iu-

1328 1814 1412 1836 stitiam
1424 1814 1545 1843 integram,
1557 1815 1697 1843 ordinatam,
1710 1817 1834 1843 perfectam
1849 1816 1892 1838 130

1328 1854 1341 1875 9
1359 1865 1390 1870 -
1406 1854 1505 1876 nutritur
1522 1860 1548 1876 ex
1565 1854 1653 1876 silentio
1670 1854 1714 1876 115
1728 1855 1735 1876 1
1751 1867 1782 1870 -
1795 1854 1893 1877 Iustitiae

1328 1893 1410 1915 zelator
1426 1893 1530 1922 quinque
1546 1899 1629 1916 cavere
1640 1893 1709 1916 debet
1722 1893 1766 1916 i35
1779 1895 1807 1915 12
1819 1906 1848 1909 -
1861 1894 1892 1916 lu·

1327 1933 1400 1954 stitiae
1417 1933 1478 1955 zelus
1494 1939 1541 1955 non
1553 1935 1627 1961 potest
1638 1933 1722 1962 aliquid
1736 1933 1844 1956 iniustum
1857 1940 1893 1956 su-

1328 1971 1412 1994 stinere
1430 1972 1474 1994 133
1492 1973 1501 1994 ‘t
1522 1984 1553 1988 —
1570 1972 1636 1995 Zelus
1652 1972 1749 1994 iustitiae
1767 1972 1892 1995 infunditur

1329 2017 1370 2039 per
1387 2011 1460 2033 Deum
1474 2010 1518 2033 147
1538 2012 1545 2033 1
1563 2023 1592 2026 -
1609 2011 1643 2033 Ad
1661 2012 1735 2033 zelum
1747 2011 1845 2034 iustitiae
1863 2011 1893 2033 in-

1329 2050 1431 2072 flammat
1448 2050 1530 2072 caritas
1546 2050 1587 2073 Dei
1606 2050 1649 2072 136
1671 2051 1676 2072 1
1702 2062 1733 2067 —-
1759 2050 1891 2073 Secundum

1328 2089 1403 2116 legem
1416 2089 1514 2112 iustitiae
1525 2089 1657 2117 obligamur
1668 2089 1748 2111 amicis
1760 2092 1782 2111 et
1795 2089 1892 2111 inimicis

1329 2128 1374 2150 246
1392 2128 1405 2150 6
1422 2141 1453 2144 -
1470 2129 1561 2151 Esuries
1572 2128 1670 2150 iustitiae
1681 2128 1784 2150 consistit
1798 2128 1892 2150 iniusta

1329 2170 1351 2189 et
1360 2167 1538 2189 condescensiva
1549 2167 1707 2195 proximorum
1719 2167 1893 2195 supportatione

1329 2205 1359 2228 ib.
1377 2206 1389 2228 8
1411 2219 1441 2222 ——
1458 2206 1549 2235 qualem
1567 2206 1738 2228 mendicitatem
1756 2206 1831 2234 pariat
1848 2206 1893 2228 325

1330 2245 1358 2268 27

1376 2286 1482 2307 iuvemus
1499 2297 1529 2301 —
1546 2284 1614 2307 facies
1631 2285 1722 2312 saepius
1735 2285 1845 2307 maiorem
1858 2290 1892 2307 ce-

1330 2325 1360 2346 lat
1376 2327 1473 2346 aetatem
1491 2324 1536 2346 360
1554 2330 1567 2346 3

1331 2599 1446 2624 competat
1462 2597 1492 2619 ab
1509 2596 1558 2619 aliis
1575 2597 1637 2624 pasci
1654 2597 1703 2619 sine
1715 2596 1793 2619 labore
1804 2598 1845 2619 321
1863 2598 1891 2619 16

1330 2647 1360 2652 ——
1379 2636 1431 2658 facit
1447 2635 1475 2658 ad
1494 2636 1666 2663 castigationem
1684 2636 1788 2664 corporis
1805 2637 1849 2659 250
1862 2637 1892 2658 20

1332 2686 1359 2690 -
1378 2675 1401 2696 111
1414 2674 1531 2697 laboribus
1542 2675 1649 2702 patientia
1662 2677 1695 2697 est
1707 2675 1833 2698 necessaria
1848 2676 1891 2698 138

1331 2713 1344 2735 2
1367 2725 1397 2729 -
1422 2714 1485 2741 Quae
1509 2713 1624 2736 difficilius
1647 2713 1793 2736 elaborantur
1817 2714 1893 2736 carius

1331 2752 1462 2774 venduntur
1483 2752 1525 2774 140
1543 2752 1571 2774 10
1589 2765 1619 2768 -
1637 2752 1707 2774 Terra
1731 2752 1824 2775 Laboris
1847 2753 1891 2775 538

1332 2790 1368 2813 13.
1386 2790 1431 2813 547
1448 2791 1461 2813 6

1377 2830 1422 2852 Lac
1438 2842 1469 2846 —
1485 2830 1576 2852 lntirmo
1593 2836 1653 2858 opus
1669 2833 1703 2852 est
1719 2831 1774 2853 lacte
1796 2831 1836 2853 182
1855 2831 1867 2853 4

1377 2869 1483 2891 Ltcnth
1495 2881 1526 2886 —
1538 2869 1670 2892 Perfectioni
1682 2869 1826 2897 invigilantes
1837 2876 1893 2898 quo-

1331 2907 1422 2930 tidianis
1439 2908 1546 2935 lacrymis
1562 2914 1586 2930 se
1603 2908 1729 2931 emundare
1745 2908 1831 2931 debent
1846 2908 1890 2931 518

1332 2947 1344 2967 8
1362 2958 1392 2963 -—
1410 2947 1529 2969 poenitens
1545 2953 1591 2969 non
1608 2947 1677 2970 debet
1694 2947 1778 2970 habere
1795 2948 1890 2970 modum

1331 2985 1352 3008 in
1370 2986 1477 3013 lacrymis
1494 2987 1537 3008 118
1557 2987 1569 3009 2
1588 2999 1617 3003 -
1639 2987 1801 3015 Lacrymarum
1819 2987 1892 3015 gratia
