2133 3317
799 219 1039 249 PROLEGOMENA
1061 220 1088 248 C.
1112 221 1129 248 Ι.

153 301 175 323 d.
185 300 266 323 Mirum
281 300 346 322 valde
358 302 404 326 est,
416 299 477 328 quod
491 299 558 327 pauci
568 299 694 321 admodum
707 298 798 321 codices
811 301 856 320 tam
870 304 933 325 prae·

91 348 145 371 clari
161 350 183 370 et
200 346 273 369 usitati
291 346 395 374 opusculi
412 345 435 368 in
453 345 594 367 bibliothecis
611 345 765 367 inveniuntur.
783 344 867 367 Bonelli
888 348 933 366 tan-

91 397 139 418 tum
157 394 216 417 duos
233 393 357 422 cognovit:
375 398 446 415 unum
473 392 575 414 Mantuae
600 392 623 413 in
649 391 785 414 bibliotheca
802 391 934 413 Conventus

92 441 233 467 Gratiarum,
251 441 302 462 Min.
321 439 375 463 Obs.
398 440 461 468 (vide
483 439 562 461 Prodr.
580 439 623 461 col.
646 438 697 461 430.
716 445 737 460 11.
755 439 814 466 22),
834 438 931 460 alterum

91 489 225 514 Ravennae,
243 488 264 509 in
290 486 426 509 bibliotheca
443 487 466 508 S.
483 485 617 514 Apollinaris
641 485 692 507 Min.
715 484 769 507 Obs.
795 484 865 511 (ibid.
889 484 933 506 col.

92 535 144 558 451.
161 541 182 557 n.
201 534 241 563 8.).
258 534 281 556 1).
298 533 380 556 Fidelis
396 539 408 555 a
426 533 501 555 Fauna
519 532 541 555 b.
559 538 590 554 m.
608 538 652 554 non
669 532 755 554 invenit
772 531 814 554 nisi
832 536 932 558 paucos,

91 582 130 611 qui
147 584 283 609 Sequuntur.

367 671 502 702 Elenchus
523 671 651 701 codicum.

129 768 146 791 1.
165 766 238 791 Codex
255 773 268 789 a
284 765 348 789 nobis
365 772 415 789 cum
432 765 500 789 textu
516 764 642 788 Vaticana
659 763 767 787 editionis
784 762 888 786 collatus.

157 863 174 883 l.
191 861 277 884 Unicus
289 861 353 887 0011,
371 866 441 888 quem
458 861 561 882 conferre
578 847 705 886 potuimus,
723 860 757 880 est
774 857 894 881 Monacliii
909 858 931 879 in

91 909 193 937 navaria,
211 907 346 930 bibliotheca
360 907 439 935 Regia,
451 907 536 929 scilicet
548 906 600 928 cod.
616 905 697 927 18933.
709 906 780 927 0111111.
793 905 814 926 111
832 904 854 927 4.
873 910 932 927 saec.

92 957 142 979 XV.
159 959 211 984 post
229 955 382 977 medietatem.
399 966 431 970 —
447 954 535 976 lnitium
553 952 658 981 opusculi
675 955 709 975 est
727 952 764 974 tol.
783 952 835 974 ⁴72.
853 957 871 973 r.
887 950 931 973 sub

91 1002 197 1025 rubrica:
225 1000 308 1031 Incipit
334 1001 449 1024 tractatus
473 999 551 1023 sancti
575 999 739 1022 Bonaventnre
763 997 790 1021 de
818 1003 862 1021 seae
886 996 931 1020 alis

91 1047 224 1078 Seraphim.
242 1048 364 1075 Prologus:
389 1047 424 1070 Da
450 1046 596 1070 occasionem
618 1044 725 1075 sapienti,
747 1046 768 1068 et
793 1044 894 1067 addetur
911 1043 933 1066 ei

90 1094 213 1125 sapientia.
231 1095 302 1117 Prov.
314 1093 338 1117 9.
352 1093 409 1117 Cum
428 1093 501 1123 iyitnr
519 1099 550 1116 eae
568 1092 612 1115 tevi
627 1098 680 1121 sepe
691 1091 812 1115 occasione
824 1094 868 1114 etc.
884 1091 930 1113 Fol.

92 1142 144 1165 474.
160 1148 180 1164 r.
197 1144 249 1170 post
266 1141 389 1169 prologum
406 1140 510 1169 sequitur
528 1139 616 1167 tabula,
634 1139 718 1162 deinde
734 1139 830 1161 iterum:
848 1138 931 1168 Incipit

90 1190 213 1213 tractatus.
232 1189 278 1212 Hec
295 1187 337 1211 tibi
353 1187 430 1211 scribo
448 1192 491 1210 etc.
509 1187 594 1209 Desinit
612 1187 649 1209 tol.
668 1187 720 1209 206.
738 1193 769 1208 r.:
788 1185 882 1209 tandem
899 1185 931 1208 ad

90 1235 182 1259 celestia
198 1234 292 1258 evolare
315 1234 395 1264 saciat.
418 1233 486 1262 Quocl
511 1233 578 1257 nobis
602 1235 710 1263 prestare
732 1232 841 1262 (Iiynetnr
864 1233 930 1256 lestis

89 1282 160 1306 Χίης.
176 1283 257 1305 Amen.
282 1280 387 1311 Emptz'cit
411 1282 528 1304 tractatus
552 1279 630 1304 sancti
652 1280 816 1303 Bonaventnre
836 1278 863 1302 de
887 1285 931 1302 sem

89 1328 139 1352 Alis
155 1327 290 1357 Seraphim.
301 1340 333 1344 —
344 1328 385 1350 Hic
401 1327 526 1355 praestavit
543 1332 672 1355 perpaucas
688 1326 796 1349 lectiones
808 1325 930 1348 variantes.

301 1420 330 1443 ΙΙ.
347 1419 437 1443 Codices
454 1427 467 1443 a
483 1419 548 1443 nobis
564 1427 607 1443 non
624 1419 712 1443 collati.

150 1517 171 1538 2.
189 1515 319 1542 lineatione,
337 1514 474 1537 bibliotheca
491 1514 607 1540 Civitatis,
619 1514 671 1536 cod.
683 1513 731 1536 sine
749 1519 858 1540 numero,
875 1513 929 1536 olim

89 1562 265 1586 Caelestinorum
283 1562 479 1584 Aveniouensium
496 1562 522 1583 A.
540 1561 577 1584 87.
595 1561 689 1584 miscell.
709 1561 730 1583 111
750 1562 771 1583 S.
788 1567 849 1583 saec.
871 1561 930 1583 XVl.

87 1623 118 1626 —
134 1610 180 1633 Fol.
199 1609 236 1632 40.
261 1616 297 1632 v.:
319 1608 402 1638 Incipit
425 1610 542 1632 tractatas
564 1607 641 1631 sancti
662 1608 826 1631 Bonacentnre
843 1607 870 1630 [Ie
886 1613 930 1631 sea·

88 1656 134 1680 alis
149 1655 285 1686 Seraphim.
303 1655 429 1685 I’rolopus.
447 1656 484 1678 Da>
501 1654 648 1678 occasionem
664 1653 766 1684 sapienti
780 1658 825 1677 etc.
841 1655 865 1677 ln
883 1654 929 1677 fine

89 1703 248 1732 subiungitur:
266 1702 371 1732 Explicit
384 1701 502 1732 prologus
519 1707 574 1724 cnm
597 1700 684 1724 tabula.
702 1701 786 1730 Incipit
803 1703 927 1725 tractatus.

86 1751 167 1774 Deficit
183 1757 234 1778 cap.
251 1750 274 1772 7.
291 1757 313 1772 11.
335 1750 370 1772 15.
387 1752 478 1771 nostrae
504 1748 609 1771 editionis
634 1747 723 1770 verbis:
747 1747 836 1776 Quibus
859 1748 930 1778 quasi

86 1796 161 1820 armis
178 1796 317 1826 defendatur
335 1797 356 1819 el
372 1795 464 1825 qnasi...
481 1795 560 1817 Cetera
577 1796 668 1817 suerunt
685 1795 772 1816 avulsa.

149 1844 170 1866 3.
188 1843 288 1870 Romae,
306 1842 443 1865 bibliotheca
461 1841 592 1869 Barim-ini,
610 1841 661 1864 cod.
678 1841 739 1863 XlX.
757 1841 794 1863 34.
813 1842 883 1864 chart.
905 1841 928 1863 in

87 1890 140 1913 folio
156 1896 216 1912 saec.
234 1890 294 1912 XVl.
312 1889 421 1912 exeuntis.
439 1901 470 1905 —
486 1889 526 1911 Hic
543 1887 634 1911 exhibet
651 1891 738 1910 tantum
751 1889 844 1910 schema
856 1887 928 1916 quod-

87 1937 140 1960 dam
158 1937 226 1959 huius
243 1936 355 1964 opusculi.
374 1935 464 1963 lncipit:
490 1935 600 1958 Prelatns
625 1935 669 1958 Xti
692 1934 752 1958 vices
777 1941 861 1964 yerens
883 1941 926 1958 sea:

86 1982 212 2007 vii-tutibus
229 1982 254 2006 in
271 1989 315 2006 sear
331 1982 377 2006 alis
394 1981 522 2012 Seraphim
539 1981 658 2011 expressis
673 1981 825 2011 potissimam
835 1981 927 2011 salyere

86 2030 148 2054 (lecet
161 2030 219 2060 [sic].
231 2030 270 2053 Eat
282 2029 397 2059 opusculo
408 2028 486 2052 sancti
497 2029 670 2052 Bonaventure.
681 2029 779 2051 Desinit:
792 2027 828 2051 Ad
844 2028 926 2058 implo-

87 2076 190 2100 randam
203 2076 290 2106 populi
305 2075 408 2099 salutem
424 2089 455 2091 —
471 2074 621 2099 subditorum
643 2075 810 2105 perfectionem
829 2088 857 2091 —
871 2081 926 2104 pro-

83 2124 165 2155 priam
181 2124 205 2147 in
223 2123 326 2153 rependo
344 2122 515 2146 discretionem.

150 2170 171 2193 t.
187 2170 271 2194 Sancti
286 2169 358 2193 Pauli
373 2170 395 2192 in
412 2169 539 2196 Gai-innita,
557 2169 694 2192 bibliotheca
715 2169 855 2196 monasterii,
875 2169 926 2192 cod.

87 2218 176 2245 Hospit.
193 2217 246 2240 254.
265 2218 336 2239 chart.
353 2217 375 2238 in
395 2216 416 2238 4.
432 2228 463 2232 —
480 2217 497 2239 A
514 2216 551 2238 sol.
573 2216 622 2239 135.
640 2216 799 2244 complectitur
810 2218 855 2239 1100
872 2222 927 2244 opu-

86 2265 174 2287 sculum
193 2264 331 2292 exscriptum
353 2269 380 2286 ex
405 2263 518 2291 impresso
543 2263 604 2286 edito
625 2263 712 2285 Romae
729 2263 792 2291 apud
809 2263 926 2291 Aloysium

88 2311 237 2338 Zannettum‚
254 2317 313 2333 anno
332 2310 400 2333 1591.

149 2357 170 2380 5.
188 2356 337 2387 Scaffliusae‚
355 2356 492 2379 bibliotheca
509 2355 623 2384 Civitatis,
641 2356 692 2379 cod.
711 2356 732 2378 5.
750 2356 848 2378 membr.
866 2356 886 2378 in
906 2357 927 2378 8.

87 2409 146 2426 saec.
163 2403 214 2426 XV.
231 2416 262 2420 —
279 2403 358 2431 incipit
375 2403 412 2425 sol.
431 2403 452 2425 3.
469 2409 489 2425 r.
506 2402 556 2425 sine
573 2402 649 2425 titulo:
668 2403 703 2426 Da
727 2402 873 2426 occasionem
890 2409 926 2426 sa-

85 2448 159 2479 pienti
174 2453 217 2472 010.
234 2450 332 2477 prologo
357 2449 449 2471 additur
475 2449 551 2472 tabula
569 2449 736 2477 capitulorum,
753 2449 806 2471 inde
822 2449 926 2478 sequitur

88 2499 207 2524 tractatus,
224 2497 263 2525 qui
281 2497 363 2519 desinit
381 2497 418 2519 rol.
437 2498 473 2519 21.
486 2503 503 2519 r.
517 2500 569 2525 post
586 2497 702 2519 medium:
715 2496 784 2524 Quod
794 2495 860 2519 nobis
877 2502 927 2525 pre-

87 2545 151 2567 stare
166 2543 277 2573 (liquetur
294 2545 358 2567 Iesus
375 2544 445 2567 Xtus.
469 2544 552 2567 Anien.
570 2544 610 2566 Hic
632 2544 703 2566 codex
721 2550 732 2566 a
752 2543 818 2566 nobis
833 2543 927 2572 requisi-

88 2592 124 2613 tus
140 2597 182 2618 pro
198 2591 317 2613 collatione
341 2591 445 2613 facienda
472 2597 517 2613 nou
544 2590 574 2613 ibi
605 2591 645 2613 suit
670 2591 790 2618 inventus,
814 2592 885 2618 furto,
904 2593 928 2613 ut

89 2638 170 2664 fertur,
187 2636 283 2659 ablatus.
309 2637 400 2660 Praeter
422 2639 465 2660 hoc
483 2638 622 2666 opusculum
639 2637 712 2660 codex
729 2637 829 2660 habebat
847 2637 927 2660 etiam:

88 2683 298 2707 Determinationes
311 2684 479 2714 quaestionum
491 2683 555 2707 circa
564 2684 679 2713 Reyiitam
691 2684 794 2706 Fratrum
807 2683 927 2711 Minorum,

87 2736 128 2753 nec
140 2736 185 2753 non
203 2730 376 2760 Gentitoqnz'um
388 2730 479 2754 domini
492 2731 657 2754 Bonaventnre
670 2730 765 2754 Ordinis
782 2730 911 2754 Minorttm.

149 2776 163 2805 S
179 2777 201 2799 9.
218 2776 352 2807 opuseulum
370 2776 407 2800 tx.
426 2776 524 2800 Officium
541 2777 567 2800 de
583 2776 687 2807 passione
703 2776 797 2800 Domini.

149 2830 170 2846 a.
187 2824 259 2846 Huius
285 2824 356 2846 Oilicii
383 2824 539 2846 invitatorium
562 2824 642 2852 incipit
667 2824 759 2847 verbis:
787 2833 798 2844 «
813 2824 927 2847 Christum

88 2874 180 2899 captum
193 2875 215 2894 et
227 2871 337 2899 derisum,
350 2872 488 2899 flagellatum
500 2874 522 2894 ct
534 2871 667 2894 crucifixum
680 2871 755 2894 venite
770 2872 894 2894 adoremus
907 2880 928 2894 ».

89 2916 218 2948 lnscribitui·
229 2917 297 2939 etiam
312 2917 418 2947 Officium
430 2917 457 2940 tte
470 2923 552 2945 civice,
565 2920 587 2940 et
597 2923 667 2945 saepe
679 2917 770 2940 Cursus
782 2916 809 2940 de
817 2917 929 2946 passione

89 2963 194 2992 Domini,
212 2964 315 2987 Oudinus
333 2964 469 2993 (Comment.
487 2968 538 2991 ctc..
556 2967 610 2987 tom.
629 2965 662 2987 111.
681 2965 723 2987 col.
742 2964 804 2993 408.)
822 2968 843 2987 ct
860 2965 929 2987 edito·

1780 220 1830 248 LXI

989 319 1026 335 res
1043 313 1123 336 Veneti
1142 314 1251 341 (Diali-iba
1269 315 1321 343 etc.)
1339 315 1444 342 spurium
1458 314 1511 336 illud
1529 320 1579 336 esse
1591 316 1695 340 censent,
1711 316 1772 335 certe
1785 319 1830 335 non

989 362 1082 387 propter
1100 360 1199 382 rationes
1216 367 1241 383 ex
1259 360 1385 383 defectibus
1402 361 1506 388 opusculi
1525 359 1643 387 desumtis,
1655 366 1708 382 cum
1726 360 1831 382 Oudinus

989 406 1136 433 confiteatur,
1154 407 1281 434 praefatum
1300 406 1405 429 Officium
1421 416 1431 427 11
1442 413 1467 429 cx
1486 407 1585 435 propriis
1602 413 1620 429 s.
1633 407 1763 434 Scripturae
1782 413 1830 429 vet·-

990 451 1025 473 bis
1041 458 1091 474 osse
1108 453 1263 480 compositum
1277 462 1297 475 1³.
1316 453 1372 475 llinc
1389 453 1409 475 ei
1428 454 1497 475 ctiam
1515 453 1671 475 confitendum
1689 456 1756 480 esset,
1774 453 1829 475 nihil

989 497 1104 520 abiectum
1123 505 1149 520 ac
1166 505 1263 521 censura
1281 499 1377 527 dignum
1397 500 1418 521 in
1435 506 1462 522 eo
1481 499 1583 521 inveniri.
1604 500 1625 521 Ρ.
1644 499 1727 521 Bonelli
1741 499 1829 527 (Pi-oar.

988 545 1032 566 col.
1044 544 1106 573 586.)
1120 551 1173 567 011111
1192 545 1299 567 Sbaralea
1318 546 1372 568 1111111
1390 552 1440 568 csse
1458 546 1585 574 genuinum
1602 546 1712 573 assirmat3
1726 551 1768 573 pro
1783 551 1830 574 quo

989 591 1078 619 insigne
1095 591 1169 613 afferri
1187 595 1261 619 potest
1279 593 1433 615 testImonium
1457 600 1483 615 ex
1501 592 1618 615 Chronicis
1640 593 1713 615 XXlV
1731 593 1830 615 Genera-

989 638 1043 659 lium
1063 638 1112 665 (cir.
1131 639 1237 661 Analecta
1255 639 1368 662 Francisc.
1386 642 1442 662 tom.
1460 640 1492 662 111.
1509 646 1563 667 pag.
1581 640 1644 668 331).
1662 639 1748 661 Dicitur
1769 639 1829 661 enim

988 683 1032 706 ibi:
1059 685 1123 707 «Hic
1146 686 1261 707 Generalis
1284 686 1461 714 (Bouaventura)
1487 686 1515 708 ad
1542 686 1671 708 instantiam
1697 685 1784 708 domini
1809 688 1830 708 et

989 731 1061 753 sancti
1078 731 1189 754 Ludovici
1198 749 1203 759 ‚
1221 732 1282 760 regis
1294 733 1402 754 Franciae
1414 732 1520 755 Officium
1533 732 1708 755 devotissimum
1721 732 1749 755 de
1761 738 1829 754 cruce

989 778 1119 806 composuit
1132 787 1152 800 n.
1171 779 1232 801 idem
1252 782 1346 801 testatur
1362 779 1470 808 antiquus
1487 779 1539 801 cod.
1554 779 1685 801 verisiensis
1696 785 1756 801 saec.
1769 779 1828 801 XlV.

989 825 1046 846 infra
1063 825 1107 847 sub
1124 831 1146 847 11.
1165 826 1201 847 27.
1220 826 1303 848 relatus
1321 825 1355 847 his
1374 825 1461 848 verbis:
1482 826 1584 854 «Incipit
1606 825 1711 848 Ollicium
1737 829 1830 848 sanctae

989 873 1063 895 crucis
1081 873 1220 900 completum
1239 880 1251 895 a
1270 875 1338 896 fratrc
1356 874 1514 896 Bonavcntura
1538 874 1565 896 ad
1584 880 1664 901 preces
1681 873 1768 895 domini
1786 873 1829 895 Lu-

988 919 1064 942 dovici
1076 928 1098 942 ».
1115 920 1195 942 Mirum
1214 926 1283 948 porro
1301 926 1351 943 esse
1369 927 1413 942 non
1432 923 1518 948 potest,
1535 921 1597 949 quod
1617 921 1674 942 intcr
1692 921 1720 942 38
1737 920 1830 943 codices

988 970 1075 989 tantum
1087 967 1190 996 quinque
1202 973 1287 989 nomen
1300 967 1399 989 auctoris
1411 967 1518 990 exhibent
1530 968 1620 996 (reliqui
1633 970 1685 990 sunt
1702 968 1829 996 anonymi),

988 1019 1040 1035 cum
1058 1016 1140 1041 agatur
1157 1013 1186 1035 de
1203 1013 1277 1035 libello
1294 1019 1394 1043 precum.
1418 1013 1439 1035 in
1452 1020 1518 1036 usum
1537 1013 1665 1036 devotionis
1682 1013 1830 1041 transcripto,

987 1060 1040 1089 quia
1053 1060 1171 1082 orantibus
1189 1066 1271 1087 parum
1290 1066 1358 1082 curae.
1375 1060 1403 1082 dc
1421 1060 1512 1082 nomine
1529 1061 1629 1082 auctoris
1646 1062 1699 1082 erat.
1713 1059 1830 1082 Accedunt

988 1109 1055 1128 testes
1078 1112 1119 1134 pro
1137 1107 1180 1128 hoc
1198 1107 1277 1129 0111010
1300 1107 1379 1128 Petrus
1401 1106 1535 1133 Perusinus,
1560 1106 1694 1128 Franciscus
1719 1106 1829 1132 Samson,

987 1153 1101 1175 Marianus
1117 1153 1260 1175 Florentinus
1277 1153 1339 1181 (vide
1357 1153 1521 1180 Prolegomena
1544 1153 1572 1175 ad
1591 1153 1618 1175 V.
1636 1155 1691 1174 tom.
1709 1158 1761 1180 pag.
1783 1152 1828 1174 LYl

987 1200 1044 1228 seq.)
1063 1200 1154 1228 aliique.
1171 1199 1226 1221 llinc
1249 1199 1303 1221 satis
1328 1202 1415 1221 certum
1442 1199 1545 1226 videtur¹
1571 1199 1625 1221 illud
1651 1205 1701 1221 csse
1726 1205 1784 1226 opus
1806 1200 1828 1221 S.

987 1247 1168 1268 Bonaventurae.

1050 1294 1072 1316 b.
1091 1294 1216 1316 Dolendum
1230 1297 1305 1316 tamen
1317 1297 1361 1321 est,
1374 1294 1436 1323 quod
1449 1294 1541 1316 codices
1552 1294 1610 1316 inter
1622 1300 1646 1315 se
1659 1293 1724 1315 valde
1742 1293 1829 1315 dissen-

988 1341 1055 1367 tiunt,
1074 1344 1184 1369 ponentes
1201 1341 1331 1363 differentes
1347 1341 1483 1369 antiphonas
1500 1344 1522 1363 et
1539 1341 1665 1367 01·atioues;
1688 1341 1749 1363 unde
1766 1344 1828 1363 certo

987 1387 1141 1410 determinare
1166 1393 1211 1409 non
1237 1387 1368 1415 potuimus,
1391 1393 1450 1416 quac
1468 1387 1534 1409 lectio
1557 1387 1623 1409 suerit
1641 1387 1764 1415 primitiva.
1781 1387 1828 1409 Hae

987 1434 1127 1457 differentiae
1144 1434 1266 1457 lectionum
1293 1434 1346 1456 inde
1371 1434 1479 1462 explicari
1497 1437 1603 1462 possunt,
1621 1434 1682 1462 qnod
1702 1434 1766 1456 multi
1783 1433 1827 1456 sibi

986 1481 1053 1503 licere
1079 1481 1209 1509 putaverint
1231 1481 1315 1503 librum
1341 1481 1470 1503 devotionis
1497 1487 1539 1508 pro
1562 1480 1627 1503 libitu
1650 1480 1827 1503 accommodare

986 1528 1081 1556 proprio
1098 1528 1184 1556 gustui.
1201 1529 1223 1550 ln
1241 1531 1300 1550 tcxtu
1317 1528 1466 1550 reformando
1484 1528 1554 1550 secuti
1573 1533 1654 1550 sumus
1666 1527 1768 1555 codices,
1786 1527 1827 1556 qui

986 1574 1115 1597 nobisvisi
1137 1577 1190 1597 sunt
1215 1575 1335 1601 meliores,
1354 1575 1451 1597 aliorum
1474 1574 1581 1597 lectiones
1604 1574 1696 1596 maioris
1719 1574 1829 1596 momenti

986 1621 1015 1644 ad
1033 1621 1118 1643 calcem
1137 1625 1254 1649 ponentes.

1260 1712 1397 1743 Elenchus
1418 1712 1547 1743 codicum.

1026 1807 1044 1830 1.
1063 1806 1152 1830 Codices
1169 1813 1182 1829 a
1200 1806 1263 1829 nobis
1280 1813 1330 1829 cum
1346 1806 1415 1830 textu
1430 1805 1556 1835 Vaticana>
1573 1805 1680 1829 editionis
1697 1805 1786 1829 conati.

1052 1894 1068 1915 l.
1085 1893 1207 1922 Aaqustae
1232 1892 1397 1920 Trevirorum,
1416 1892 1553 1915 bibliotheca
1571 1891 1683 1919 Civitatis,
1701 1892 1753 1915 cod.
1772 1892 1826 1915 (549.

984 1940 1048 1968 (olim
1069 1939 1121 1968 i4l)
1139 1941 1210 1962 chart.
1228 1939 1249 1962 in
1268 1939 1288 1961 4.
1306 1945 1365 1962 saec.
1384 1939 1433 1962 XV.
1451 1953 1481 1956 —
1498 1939 1578 1962 officio
1595 1939 1624 1962 de
1641 1939 1747 1962 Passione
1765 1945 1828 1967 prae-

984 1987 1080 2009 mittitur
1097 1988 1153 2009 haec
1169 1985 1274 2009 rubrica:
1293 1985 1410 2015 Incipiunt
1427 1985 1463 2009 hic
1480 1985 1529 2008 iam
1546 1985 1603 2009 tiore
1619 1985 1647 2009 de
1660 1986 1772 2015 passione
1784 1987 1829 2010 Do.

982 2033 1048 2057 mini.
1067 2034 1131 2061 lesu,
1149 2033 1191 2056 Dei
1214 2032 1322 2061 verbum,
1339 2032 1415 2056 David
1432 2032 1512 2056 inclita
1523 2032 1616 2062 proles,
1635 2032 1676 2062 qni
1694 2039 1781 2062 passus
1804 2040 1828 2057 es

980 2086 1026 2110 pro
1044 2079 1124 2108 nobis,
1141 2079 1253 2102 miserere
1276 2078 1350 2102 nobis.
1368 2078 1478 2107 Domine,
1506 2078 1568 2102 labia
1592 2085 1644 2102 mea
1669 2079 1761 2109 aperies
1785 2083 1829 2103 etc·

983 2128 1059 2150 thm
1076 2128 1172 2156 captam
1184 2127 1205 2149 et
1221 2125 1326 2149 derisum
1338 2128 1380 2148 etc.
1398 2126 1484 2148 Desinit
1500 2132 1542 2154 per
1557 2125 1641 2148 verba:
1659 2126 1828 2150 Benedicantus

984 2172 1092 2195 Domino.
1110 2173 1156 2195 Deo
1173 2171 1273 2201 ,111-111103.
1290 2184 1321 2189 -
1338 2173 1360 2194 111
1378 2175 1453 2194 nostra
1471 2172 1572 2195 editione
1589 2172 1692 2200 signatur
1709 2173 1781 2195 littera
1803 2172 1827 2196 C.

1046 2220 1066 2241 2.
1085 2218 1240 2247 Darmstadii,
1260 2218 1397 2242 bibliotheca
1417 2220 1519 2247 bacalis,
1536 2220 1588 2242 cod.
1605 2225 1628 2242 n.
1644 2220 1709 2242 1021.
1727 2220 1826 2242 membr.

984 2266 1005 2288 in
1024 2266 1045 2288 4.
1062 2272 1120 2288 saec.
1140 2266 1199 2288 XIV.
1217 2266 1324 2288 exeuntis.
1343 2278 1373 2281 —
1390 2265 1496 2288 Otlicium
1514 2266 1544 2288 de
1561 2266 1668 2289 Passione
1689 2267 1780 2289 Domini
1797 2267 1828 2289 in-

983 2312 1040 2340 cipit
1058 2315 1109 2340 post
1134 2312 1175 2334 alia
1198 2312 1308 2340 opuscula
1331 2312 1369 2334 sol.
1391 2312 1428 2334 99.
1446 2318 1469 2334 v.
1491 2318 1503 2334 a
1522 2311 1612 2334 verbis:
1628 2312 1739 2341 Domine,
1765 2312 1827 2335 labia

984 2364 1036 2381 mea
1053 2357 1144 2387 aperies
1160 2361 1204 2381 etc.
1222 2358 1306 2380 Desinit
1323 2358 1360 2380 sol.
1378 2358 1430 2380 106.
1447 2365 1486 2380 v.:
1504 2357 1529 2381 z'n
1546 2357 1640 2381 ardenti
1660 2358 1774 2382 desiderio
1792 2366 1828 2382 re-

986 2404 1066 2428 tinere.
1085 2405 1132 2433 Qni
1147 2405 1205 2428 vicis
1222 2408 1265 2428 etc.
1282 2405 1346 2433 Sign.
1364 2405 1388 2427 D.

1046 2453 1066 2474 3.
1085 2452 1232 2480 Florentiae,
1260 2451 1397 2474 bibliotheca
1422 2452 1556 2479 Nationalis,
1585 2459 1611 2475 ex
1630 2453 1699 2475 fundo
1726 2453 1829 2476 1311111011-

985 2498 1040 2520 netti
1057 2501 1126 2520 stanz.
1145 2499 1182 2520 21.
1201 2499 1224 2520 E.
1241 2498 1264 2520 B.
1283 2498 1321 2520 lX.
1338 2498 1389 2520 cod.
1407 2498 1458 2520 201.
1481 2497 1578 2521 membr.
1596 2499 1618 2521 in
1637 2500 1673 2521 12.
1695 2505 1756 2522 saec.
1773 2499 1825 2521 XV.

984 2544 1090 2567 ineuntis.
1107 2557 1135 2560 —
1153 2545 1199 2566 Fol.
1217 2545 1237 2566 2.
1256 2550 1286 2566 r.:
1305 2544 1389 2574 Incipit
1413 2544 1514 2574 officiam
1530 2545 1690 2569 sacratissime
1708 2546 1828 2575 passionis

986 2590 1081 2614 Domini
1096 2591 1172 2614 nostri
1189 2591 1241 2614 lesu
1258 2590 1351 2614 Clu-isti.
1370 2591 1406 2614 Act
1417 2592 1563 2615 Matutinum
1579 2599 1656 2616 vers:
1674 2593 1719 2616 I‘er
1730 2593 1827 2623 sianum

985 2637 1068 2661 Crucis
1085 2640 1127 2660 etc.
1145 2638 1202 2660 Finit
1220 2638 1257 2660 sol.
1281 2638 1317 2660 27.
1335 2645 1357 2660 v.
1375 2638 1465 2660 voi-bis:
1489 2638 1593 2668 Eirplicit
1619 2639 1719 2669 alliciunt
1744 2645 1828 2663 sacra-

985 2684 1073 2708 tissime
1094 2684 1211 2714 passionis
1237 2684 1332 2707 Domini
1356 2684 1432 2708 nostri
1459 2686 1512 2708 lesu
1534 2685 1629 2708 Christi.
1648 2686 1711 2714 Sign.
1729 2687 1755 2709 G.

1048 2732 1069 2754 4.
1088 2731 1194 2759 Giessae,
1213 2731 1349 2754 bibliotheca
1367 2732 1535 2759 universitatis,
1553 2733 1604 2755 cod.
1622 2732 1675 2755 877.
1693 2733 1787 2755 miscell.
1805 2733 1827 2755 in

986 2779 1007 2800 8.
1025 2784 1084 2800 saec.
1102 2778 1162 2800 XlV.
1179 2790 1210 2794 —
1226 2778 1306 2806 lncipit
1323 2779 1366 2800 hoc
1383 2778 1521 2806 opusculum
1539 2779 1576 2801 sol.
1595 2779 1630 2801 43.
1649 2785 1666 2801 r.
1679 2785 1731 2802 cum
1745 2779 1827 2802 titulo:

987 2824 1078 2847 Cursus
1089 2823 1117 2847 (lc
1125 2823 1236 2853 passione
1255 2823 1355 2847 Domini.
1368 2824 1477 2853 Domine,
1491 2824 1554 2848 tabia
1565 2832 1640 2849 mea...
1653 2826 1826 2849 Incitatorinnt.

986 2871 1059 2893 Xtum
1078 2872 1173 2899 captant
1190 2872 1211 2893 et
1228 2870 1328 2894 irrisum
1344 2873 1386 2893 etc.
1405 2871 1490 2894 Desinit
1507 2872 1544 2894 sol.
1561 2872 1598 2894 60.
1615 2879 1640 2894 r:
1663 2873 1690 2895 111
1711 2872 1826 2896 memoria

986 2918 1098 2945 relinere,
1116 2923 1159 2947 pei·
1176 2919 1197 2940 te
1214 2918 1266 2941 Iesu
1283 2918 1336 2946 Xte,
1355 2924 1400 2941 rea·
1417 2918 1504 2948 qlorie,
1520 2919 1562 2949 qni
1572 2925 1595 2942 es
1612 2919 1743 2943 benedictus
1755 2919 1778 2942 in
1795 2926 1828 2943 se-

987 2964 1040 2987 cnla
1057 2964 1199 2987 seculorum.
1216 2965 1298 2987 Amen.
1315 2965 1379 2993 Sign.
1396 2966 1422 2987 Α.
