2133 3317
176 489 248 509 Tertia.

168 1100 245 1123 Quarta.

264 219 320 247 370

264 297 301 325 ita
322 299 354 325 ut
374 296 395 325 si
418 296 487 324 nihil
508 295 636 329 afferret,
658 298 750 323 tamen
772 294 945 331 reciperetur
967 303 1018 331 pro
1040 294 1112 329 Deo;

263 346 291 373 61
311 343 437 372 similiter
458 343 510 371 hoc
532 350 635 379 purum
657 344 699 370 est
720 349 814 369 coram
829 341 900 375 Deo,
915 341 962 370 sed
978 344 1019 370 est
1033 345 1114 370 caute

264 389 400 426 agendum
433 396 527 417 coram
559 387 735 422 hominibus,
767 395 802 416 ne
832 387 915 416 detur
936 387 976 416 eis
1007 388 1114 417 occasio

265 435 401 469 scandali,
423 438 450 463 et
472 442 506 463 ne
528 434 563 463 sit
583 435 620 463 ibi
642 434 758 463 affectus
778 434 910 463 avaritiae
931 434 1049 464 insectus
1076 443 1113 464 ex

265 490 314 520 spe
335 482 415 511 lucri.
438 498 476 502 —-
498 482 605 516 Tertia,
628 481 739 518 quando
760 481 822 518 quis
837 481 972 518 recipitur
986 490 1045 510 11οη
1055 490 1113 519 pro

261 529 406 567 pecunia,
428 536 478 557 nec
500 532 591 557 tamen
623 528 796 565 reciperetur
817 528 879 557 sine
907 528 1052 565 pecunia,
1081 536 1113 557 eo

264 576 339 614 quod
360 584 414 604 non
436 576 539 604 habent
560 576 640 605 aliter
661 576 684 604 ei
707 575 754 612 qui
777 583 840 604 eum
864 575 1002 612 recipiunt
1023 575 1049 604 in
1066 583 1113 604 ne-

264 622 438 651 cessitatibus
460 622 586 658 corporis
607 621 770 658 providere,
792 629 854 650 cum
877 625 975 650 tenues
998 621 1113 650 faculta-

263 672 305 697 tes
325 668 425 697 domus
446 669 494 697 vix
517 668 657 697 sufficiant
678 668 731 697 iam
755 669 890 705 receptis,
911 676 962 697 nec
982 668 1015 697 ad
1044 669 1113 697 eos¹

262 715 382 745 audeant
402 716 498 752 plures
520 716 644 752 recipere
669 719 696 744 et
724 715 790 744 istos
818 715 876 744 suis
903 715 1113 744 necessitatibus

264 763 397 800 spoliare,
421 763 458 791 ita
479 762 552 800 quod
575 762 637 791 talis
658 770 792 799 persona,
815 770 887 799 quae
909 762 947 791 sic
969 762 1112 799 recipitur,

262 810 284 838 si
306 809 461 838 abundaret
483 810 575 843 locus,
598 809 656 838 sine
678 809 803 845 pecuniis
825 809 1007 846 reciperetur.
1033 809 1113 837 Simi-

262 857 326 885 liter
346 857 447 894 aliquis
468 856 551 885 duxit
571 864 691 885 uxorem
712 858 828 893 propter
848 855 958 884 divitias
982 856 1043 884 eius
1070 856 1114 884 vel

262 903 449 937 nobilitatem,
471 910 542 940 quae
564 903 646 931 habet
668 910 783 937 nasum;
807 911 856 931 nec
878 905 969 931 tamen
1000 905 1113 940 propter

263 951 316 979 hoc
337 950 419 979 duxit
441 958 517 985 eam,
540 950 606 987 quia
627 958 725 978 nasum
748 950 846 984 habet,
868 958 952 987 quam
968 952 1075 984 tamen,
1091 949 1113 978 si

261 1006 328 1026 naso
350 1001 473 1031 careret,
494 997 654 1025 nullatenus
675 996 817 1031 duxisset,
847 999 874 1025 et
903 997 956 1025 hoc
987 1005 1041 1025 non
1072 998 1114 1025 est

261 1045 422 1082 impurum,
445 1045 508 1073 licet
529 1053 583 1073 non
611 1047 742 1081 appareat
770 1044 884 1073 forsitan
913 1044 1052 1081 pulcrum.
1075 1060 1114 1064 -

264 1092 384 1129 Quarta,
407 1100 470 1120 cum
494 1092 595 1129 aliquis
616 1091 751 1128 recipitur
773 1100 874 1120 amore
891 1090 1051 1128 pecuniae,
1076 1090 1114 1119 ita

263 1139 353 1176 quod,
375 1138 397 1167 si
420 1142 532 1175 possent
552 1138 625 1166 illam
642 1138 788 1174 pecuniam
804 1138 907 1167 habere
922 1138 980 1167 sine
996 1145 1114 1174 persona

261 1187 329 1220 ista,
351 1194 405 1214 non
428 1185 584 1222 reciperent
605 1193 768 1222 personam,
790 1185 838 1213 sed
859 1187 891 1213 ut
919 1184 1039 1213 habeant
1066 1191 1114 1220 pe-

262 1233 388 1267 cuniam,
413 1240 557 1269 personam
582 1232 735 1269 recipiunt;
757 1235 784 1261 et
806 1232 858 1260 hoc
883 1232 994 1268 penitus
1022 1231 1113 1267 impu-

262 1288 325 1309 rum
348 1283 389 1309 est
411 1283 437 1309 et
458 1280 656 1313 simonIacum‚
679 1279 745 1316 quia
766 1279 802 1308 ibi
826 1279 943 1316 pecunia
965 1286 1048 1307 causa
1072 1280 1113 1306 est

261 1327 427 1364 receptionis
449 1335 583 1364 personae
605 1330 631 1355 et
652 1335 706 1355 non
729 1334 743 1355 e
765 1334 906 1355 converso.
923 1326 972 1354 Ubi
988 1333 1054 1362 ergo
1069 1333 1114 1354 re-

262 1375 364 1412 cipitur
386 1383 505 1411 persona
526 1377 640 1411 propter
662 1374 824 1410 pecuniam,
846 1373 962 1402 simonia
976 1376 1033 1406 est,
1048 1372 1114 1409 quia

261 1421 298 1450 ibi
321 1422 451 1450 venditur
473 1421 633 1458 spirituale,
655 1421 682 1449 id
710 1423 751 1449 est
782 1420 953 1449 consortium
982 1419 1113 1456 spiritua-

261 1469 295 1497 lis
316 1468 469 1502 societatis,
491 1476 542 1505 pro
565 1468 725 1504 temporali,
748 1467 852 1496 scilicet
873 1475 924 1504 pro
940 1467 1064 1503 pecunia.
1082 1466 1114 1494 Et

262 1516 314 1544 hoc
336 1515 462 1552 plerique
484 1515 604 1549 faciunt,
627 1514 708 1543 etiam
731 1523 766 1543 ex
790 1522 867 1543 mera
895 1514 987 1550 inopia
1014 1517 1111 1550 optan-

260 1566 317 1597 tes,
339 1563 460 1599 aliquem
483 1562 579 1591 venire
601 1570 664 1590 cum
688 1561 820 1599 pecunia,
842 1569 925 1598 quem
941 1561 1113 1597 reciperent,

260 1612 292 1638 ut
313 1617 410 1638 eorum
432 1609 524 1645 inopia
552 1612 742 1645 repararetur,
775 1609 817 1637 vel
849 1608 941 1637 debita
973 1610 1114 1636 contracta

262 1656 448 1689 solverentur,
471 1656 514 1684 vel
535 1655 607 1684 bona
628 1655 774 1692 concupita
795 1657 966 1689 emerentur,
983 1654 1025 1683 vel
1040 1654 1114 1682 aedi-

260 1703 323 1732 ficia
344 1705 591 1736 construerentur;
609 1702 788 1731 Ecclesiastici
807 1702 938 1738 vigesimo
960 1701 1077 1738 septimo
1089 1701 1112 1729 2:

260 1750 387 1787 Propter
409 1749 539 1786 inopiam
563 1749 648 1777 multi
668 1749 858 1787 deliquerunt.
882 1749 931 1777 Ubi
948 1756 1014 1777 vero
1029 1756 1113 1785 pecu-

260 1797 306 1826 nia
328 1797 462 1834 recipitur
485 1800 600 1834 proptcr
622 1804 784 1833 personam,
807 1804 890 1833 quam
912 1796 979 1824 alias
996 1796 1113 1824 libenter

260 1845 433 1881 reciperent,
456 1844 477 1873 si
501 1844 636 1873 haberent
657 1843 731 1872 unde
753 1851 812 1872 eam
829 1846 989 1880 pascerent3
1006 1851 1059 1871 non
1076 1843 1113 1871 vi-

260 1892 342 1920 detur
365 1899 424 1920 esse
446 1891 579 1925 simonia,
602 1890 751 1919 dummodo
772 1890 861 1919 forma
883 1898 947 1919 cum
962 1890 1113 1919 intentione

261 1938 417 1967 concordet.
440 1938 472 1966 Et
494 1938 546 1966 hoc
567 1938 647 1966 modo
676 1937 861 1971 sustinemus,
893 1937 968 1974 quod
999 1938 1113 1965 Sorores

260 1988 371 2014 sanctae
402 1985 498 2013 Clarae
530 1985 669 2022 recipiunt
693 1985 852 2021 pecuniam
874 1993 940 2013 oiim
961 1984 1111 2022 personis,

261 2032 283 2061 si
305 2032 415 2069 quando
430 2035 554 2068 oportet,
570 2040 615 2060 eas
631 2032 726 2068 plures
741 2040 873 2068 personas
888 2032 1012 2068 recipere
1027 2039 1111 2068 quam

261 2078 294 2107 de
315 2078 494 2107 facultatibus
516 2079 675 2107 monasterii
691 2086 814 2115 congrue
828 2079 937 2108 valeant
952 2079 1111 2108 sustentari.

576 2172 715 2208 QUAEsrm
737 2172 802 2200 xlx.

293 2265 353 2295 Ciir
376 2266 499 2294 Fratres
520 2264 703 2303 frequentius
721 2266 892 2303 praedicent
913 2265 944 2294 in
966 2265 1082 2303 oppidis

500 2321 590 2351 quam
613 2312 643 2341 in
665 2312 773 2341 abditis
795 2312 872 2341 locis.

340 2407 410 2436 Cum
432 2407 558 2435 doctrina
579 2407 676 2435 salutis
698 2410 752 2435 tam
782 2406 938 2435 necessaria
965 2406 1029 2435 est3
1059 2406 1112 2434 illis

262 2454 309 2490 qui
331 2454 359 2482 in
381 2461 449 2482 rure
470 2456 497 2482 et
518 2453 545 2481 in
568 2453 667 2482 abditis
689 2453 755 2482 locis
783 2453 924 2487 habitant,
957 2453 1028 2481 sicut
1060 2453 1112 2481 illis

262 2500 309 2538 qui
332 2503 478 2529 morantur
500 2500 527 2529 in
548 2500 628 2529 bonis
648 2500 771 2537 oppidis,
793 2503 820 2529 et
841 2500 879 2528 ita
899 2500 1043 2529 fructuosa
1070 2508 1112 2529 es-

262 2550 303 2576 set
324 2547 351 2576 in
373 2547 428 2582 eis,
450 2550 477 2576 et
500 2555 547 2576 vos
568 2547 721 2584 aequaliter
743 2547 831 2576 vocati
853 2550 880 2575 et
900 2547 975 2575 missi
998 2547 1058 2576 sitis
1078 2547 1111 2575 ad

262 2594 478 2624 aedificationem
501 2594 626 2623 omnium
656 2594 862 2627 indifferenter;
895 2593 1026 2622 videmini
1057 2602 1112 2622 non

627 217 825 246 OPUSCULUM
847 216 910 245 ΧΙΙΙ,
933 216 1242 246 DETERMINATIONES
1263 218 1506 254 QUAESTIONUM.
1528 218 1607 247 PARS
1629 218 1657 246 ΙΙ.

1171 295 1256 332 digyne
1277 296 1433 324 ambulare
1454 296 1479 324 in
1503 296 1548 324 tali
1570 296 1756 330 vocatione&
1778 296 1805 325 in
1834 305 1866 326 eo
1890 297 1963 334 quod
1991 298 2019 327 in

1170 342 1250 371 bonis
1271 343 1429 372 civitatibus
1443 346 1470 371 et
1484 343 1591 380 oppidis
1605 346 1632 372 et
1647 343 1719 371 villis
1736 343 1898 380 frequenter
1913 344 2019 380 praedi-

1171 389 1254 423 catis,
1276 389 1302 417 in
1325 389 1385 418 aliis
1406 392 1499 418 autem
1522 389 1588 418 locis
1610 397 1674 418 raro
1695 389 1738 418 vel
1761 397 1913 426 nunquam.
1939 390 2018 419 Vide-

1171 439 1218 464 tur
1240 436 1329 470 enim,
1351 436 1426 473 quod
1447 436 1507 465 sitis
1528 436 1555 464 in
1578 437 1629 465 hoc
1644 444 1827 472 personarum
1843 439 2018 473 acceptores,

1171 483 1246 519 quod
1267 490 1404 519 pauperes
1426 483 1602 511 contemnitis
1620 486 1647 512 et
1661 483 1808 511 ditioribus
1824 483 1987 519 praedicatis
1998 484 2018 512 ⁵.

1171 529 1220 558 Vel
1241 529 1307 566 quia
1327 529 1355 557 in
1377 529 1534 558 civitatibus
1557 529 1644 557 multa
1671 529 1779 558 habetis
1803 529 1875 557 bona
1902 529 2021 566 hospitia

1171 578 1198 604 et
1218 576 1288 604 bene
1310 575 1514 612 procuramini‚
1530 575 1604 612 quod
1619 584 1672 604 non
1695 575 1776 610 alibi,
1791 576 1834 604 vel
1853 576 1919 612 quia
1939 576 2021 613 plura

1170 622 1206 651 ibi
1229 622 1331 650 dantur
1353 629 1472 650 munera
1492 622 1570 650 vobis
1591 622 1618 650 in
1647 622 1756 658 speciali
1786 629 1835 650 seu
1864 622 2019 658 communi,

1170 669 1231 698 ideo
1252 669 1288 698 ibi
1311 669 1421 706 saepius
1442 669 1615 706 praedicatis.

1250 716 1417 753 Respondeo.
1446 716 1547 745 Messis
1571 716 1688 754 quidem
1718 716 1812 745 multa
1843 725 1940 745 eorum
1971 717 2019 754 qui

1170 763 1296 792 doctrina
1317 763 1472 800 indigerent
1493 763 1605 797 salutis,
1627 763 1674 791 sed
1689 763 1823 800 operarii
1833 763 1947 800 pauei⁶
1962 763 2020 792 ido-

1171 810 1213 839 nei
1236 813 1263 838 et
1283 810 1393 844 fideles3
1416 810 1477 838 ideo
1498 818 1552 838 non
1576 809 1730 838 sufficimus
1751 810 1893 844 omnibus,
1909 811 1957 847 qui
1978 810 2021 839 11]-

1170 857 1279 894 digent,
1302 860 1386 893 prout
1407 857 1541 885 vellemus
1562 856 1685 885 docendo
1706 856 1854 893 prodesse,
1877 865 1941 885 cum
1970 864 2020 886 nos

1170 903 1251 940 pauci
1272 904 1361 932 simus
1382 906 1511 940 respectu
1532 903 1653 931 illorum.
1676 903 1705 931 ln
1732 903 1799 932 locis
1830 903 1912 932 etiam
1940 903 2021 933 silve-

1171 950 1276 979 stribus
1297 951 1341 979 vel
1361 950 1493 984 desertis,
1516 951 1537 979 si
1560 950 1607 987 qui
1631 953 1696 979 sunt
1718 950 1889 985 habitantes,
1904 951 1942 979 ita
1956 953 2021 980 sunt

1170 997 1303 1034 dispersi,
1325 998 1399 1035 quod
1421 998 1470 1026 vix
1485 1000 1597 1034 possent
1612 997 1644 1025 ad
1661 997 1752 1025 locum
1769 1005 1925 1034 congruum
1941 1005 2021 1034 prae-

1170 1044 1297 1073 dicationi
1320 1044 1474 1073 convocari.
1497 1044 1549 1073 Sed
1570 1052 1620 1073 nec
1633 1044 1643 1061 ⁷
1665 1044 1698 1072 ad
1721 1044 1829 1081 singula
1850 1045 1909 1073 loca
1923 1052 2021 1073 eorum

1170 1099 1314 1128 possemus
1335 1092 1445 1126 venire,
1467 1095 1499 1120 ut
1519 1091 1559 1120 eis
1580 1091 1806 1128 praedicaremus
1825 1091 1934 1120 ibidem.
1950 1092 2021 1120 Raro

1170 1139 1253 1167 etiam
1275 1141 1373 1167 vacant
1394 1139 1428 1167 ab
1442 1138 1671 1175 occupationibus
1685 1138 1737 1167 nisi
1753 1139 1781 1167 in
1795 1138 1880 1173 festo,
1896 1141 1928 1167 ut
1942 1146 2022 1175 prae-

1170 1185 1298 1214 dicationi
1320 1185 1463 1214 intendere
1484 1186 1624 1220 valerent,
1646 1189 1673 1214 et
1696 1189 1810 1222 propter
1831 1185 1903 1214 diem
1932 1193 2021 1214 unum

1170 1232 1300 1261 festivum
1323 1241 1377 1261 non
1399 1240 1544 1269 possemus
1562 1236 1618 1261 tota
1633 1232 1805 1261 hebdomada
1819 1233 1845 1261 in
1863 1233 1927 1261 villa
1938 1232 1948 1249 ⁸
1964 1241 2022 1261 mo-

1171 1280 1237 1308 rari.
1259 1280 1316 1308 Non
1338 1279 1411 1308 enim
1434 1279 1636 1316 permittuntur
1668 1280 1778 1308 Fratres
1806 1280 1911 1308 tamdiu
1939 1283 2021 1309 extra

1170 1327 1285 1355 domum
1308 1334 1387 1355 suam
1410 1326 1530 1361 morari,
1552 1327 1626 1363 quod
1648 1327 1687 1355 sic
1711 1334 1807 1355 omnes
1828 1327 1907 1355 villas
1927 1326 2022 1364 singu-

1172 1374 1266 1402 lariter
1288 1373 1394 1410 possint
1415 1373 1542 1407 visitare,
1565 1381 1615 1402 nec
1637 1374 1773 1402 haberent
1794 1374 1819 1402 in
1842 1374 1972 1411 pluribus
1986 1374 2022 1402 10-

1172 1421 1226 1454 cis,
1248 1420 1323 1449 unde
1345 1423 1401 1449 toto
1423 1423 1535 1457 possent
1556 1424 1682 1457 tempore
1703 1428 1826 1458 congrue
1855 1420 2019 1455 sustentari;

1171 1471 1198 1497 et
1219 1468 1240 1496 si
1262 1468 1410 1505 aliquando
1431 1468 1502 1496 forte
1524 1476 1598 1497 unus
1620 1468 1714 1496 Frater
1730 1468 1811 1497 vellet
1826 1471 1853 1496 et
1868 1468 2021 1504 1103361611-

1171 1515 1304 1552 quamdiu
1326 1515 1381 1552 pati
1403 1515 1563 1551 penuriam,
1586 1515 1677 1544 socius
1691 1515 1752 1544 eius
1769 1515 1885 1543 forsitan
1900 1515 1952 1544 hoc
1967 1523 2022 1543 non

1171 1565 1279 1599 posset;
1301 1565 1328 1590 et
1349 1562 1371 1590 si
1393 1561 1477 1598 aliqui
1500 1561 1612 1590 aliunde
1633 1562 1735 1590 vellent
1756 1561 1790 1590 ad
1804 1561 2022 1598 praedicationes

1171 1612 1280 1637 nostras
1308 1608 1454 1643 accedere,
1483 1616 1538 1637 non
1570 1608 1728 1637 invenirent
1759 1608 1795 1637 ibi
1828 1608 1958 1637 victualia
1988 1608 2022 1637 ad

1171 1655 1330 1684 emendum.
1353 1655 1381 1684 In
1402 1655 1509 1692 oppidis
1530 1658 1623 1684 autem
1646 1663 1695 1684 seu
1714 1655 1801 1690 villis,
1817 1655 1864 1684 ubi
1879 1655 2022 1684 abundant

1171 1703 1316 1737 victualia,
1338 1703 1433 1740 plures
1455 1705 1571 1739 possunt
1592 1702 1733 1731 confluere
1754 1706 1781 1731 et
1799 1702 1899 1731 melius
1913 1705 2021 1732 susten—

1171 1750 1240 1784 tari,
1262 1753 1289 1778 et
1309 1750 1381 1778 inter
1404 1750 1500 1786 plures
1529 1749 1617 1778 maior
1645 1749 1755 1778 fructus
1787 1752 1935 1787 speratur;
1959 1753 1985 1778 et
2006 1758 2022 1778 a

1171 1797 1274 1834 quibus
1295 1797 1490 1826 ministrantur
1512 1797 1591 1825 nobis
1612 1797 1695 1833 plura
1716 1797 1877 1834 temporalia
1898 1797 1926 1825 in
1951 1797 2022 1826 elee-

1172 1844 1310 1881 mosynis,
1332 1844 1396 1881 plus
1417 1844 1499 1873 etiam
1522 1844 1687 1881 requirunt,
1710 1848 1740 1873 ut
1755 1844 1794 1873 eis
1808 1844 1963 1881 spiritualia
1978 1851 2021 1873 re-

1171 1891 1338 1928 pendamus;
1362 1899 1416 1920 non
1439 1891 1513 1928 quod
1534 1891 1646 1920 omnino
1667 1891 1818 1920 debeamus
1838 1891 1906 1920 alios
1933 1891 1960 1919 in
1982 1891 2021 1920 lo-

1171 1939 1210 1968 cis
1230 1939 1347 1967 desertis
1367 1939 1511 1973 deserere,
1531 1938 1577 1967 sed
1593 1942 1677 1975 prout
1692 1946 1720 1967 se
1734 1938 1926 1975 opportunitas
1940 1938 2021 1967 obtu-

1171 1985 1249 2019 lerit,
1270 1985 1405 2014 debemus
1426 1985 1507 2014 etiam
1523 1985 1562 2014 eis
1577 1985 1730 2014 doctrinam
1749 1985 1845 2014 salutis
1859 1985 1967 2014 offerre.
1983 2001 2022 2005 —

1170 2033 1232 2061 Illos
1253 2035 1344 2061 tamen
1366 2032 1571 2069 praedicatores
1592 2035 1619 2060 et
1638 2032 1808 2060 confessores
1824 2040 1878 2060 non
1892 2039 1997 2060 excuso
2009 2031 2020 2048 ⁹
2038 2039 2133 2066 Nonexg·

1169 2087 1185 2107 a
1206 2082 1318 2116 peccato
1338 2079 1536 2115 negligentiae,
1558 2078 1606 2115 qui
1628 2078 1716 2115 magis
1734 2086 1785 2115 pro
1800 2078 1944 2107 commodo
1958 2086 2019 2107 cor·
2031 2063 2133 2106 {guegn-

1170 2125 1245 2162 poris
1266 2125 1444 2161 frequentant
1466 2125 1524 2153 loca
1545 2124 1606 2158 illa,
1629 2125 1675 2153 ubi
1699 2128 1764 2153 sunt
1785 2124 1857 2153 bona
1884 2124 2019 2161 hospitia,

1169 2175 1196 2200 et
1217 2171 1315 2200 nolunt
1337 2179 1388 2208 pro
1410 2171 1498 2200 salute
1520 2171 1643 2200 fraterna
1657 2171 1795 2200 divertere
1810 2171 1843 2199 ad
1859 2171 1937 2200 villas
1951 2179 2020 2208 pau-

1168 2219 1297 2256 perculas
1318 2221 1345 2247 et
1367 2219 1403 2247 ibi
1427 2227 1477 2255 pro
1498 2218 1608 2247 Christo
1629 2222 1838 2255 paupertatem,
1868 2226 1951 2255 quam
1980 2218 2020 2247 illi

1168 2265 1296 2293 homines
1310 2265 1410 2293 ibidem
1427 2273 1537 2302 semper
1552 2265 1703 2299 sustinent,
1718 2265 1791 2302 apud
1814 2265 1875 2293 illos
1895 2264 2020 2302 aliquan-

1168 2312 1217 2341 diu
1238 2312 1372 2347 tolerare,
1395 2320 1458 2341 curn
1477 2312 1528 2349 ipsi
1544 2312 1660 2349 professi
1676 2312 1730 2341 sint
1745 2315 1901 2341 extremam
1916 2317 1943 2341 et
1957 2321 2020 2350 per-

1169 2361 1280 2395 petuam
1302 2359 1330 2387 111
1352 2360 1489 2396 Regula10
1510 2362 1712 2396 paupertatem.
1743 2360 1869 2396 lndignos
1889 2360 1963 2389 enim
1991 2368 2020 2389 se

1168 2405 1273 2434 faciunt
1294 2406 1396 2435 eisdem
1418 2406 1531 2441 officiis,
1553 2414 1624 2443 quae
1646 2415 1697 2443 pro
1718 2407 1907 2436 subveniendo
1931 2407 2019 2436 omni-

1168 2453 1222 2482 bus
1243 2457 1443 2490 susceperunt,
1465 2453 1487 2482 si
1509 2462 1560 2490 pro
1582 2454 1725 2482 commodo
1740 2454 1884 2491 temporali
1898 2455 1942 2483 vel
1957 2463 2019 2483 mu-

1168 2500 1284 2529 neribus
1305 2508 1336 2529 ea
1358 2500 1497 2535 vendunt;
1520 2501 1649 2529 Matthaei
1671 2500 1827 2530 decimo¹¹:
1853 2501 1956 2530 Gratis
1970 2509 2019 2530 ac-

1169 2547 1300 2585 cepistis,
1321 2548 1418 2585 yrcttis
1439 2548 1522 2581 date,
1545 2556 1600 2576 non
1632 2555 1682 2584 pro
1714 2555 1830 2577 munere
1861 2548 2017 2585 temporali.

1168 2593 1282 2623 Dicetur
1296 2594 1369 2623 enim
1386 2594 1488 2623 talibus
1503 2594 1529 2623 111
1545 2594 1608 2628 fine,
1624 2595 1750 2623 Matthaei
1767 2597 1847 2623 sexto
1860 2595 1883 2611 ¹2
1892 2606 1898 2623 :
1914 2596 2016 2629 Amen,

326 2747 334 2760 ¹
353 2747 518 2770 substituimus
535 2754 574 2771 eos
592 2755 634 2776 pro
651 2754 704 2777 cas,
722 2749 784 2777 quod
808 2752 897 2771 ceterae
919 2749 972 2771 edd.
996 2748 1110 2771 exhibent.

263 2786 357 2809 Inferius
375 2793 417 2815 pro
435 2786 504 2810 ditarit
521 2793 574 2810 eam
592 2788 631 2815 (ita
648 2788 686 2810 ed.
704 2788 727 2816 3)
747 2788 796 2810 Vat.
820 2794 873 2810 curn
896 2788 949 2810 edd.
977 2789 998 2816 l,
1016 2789 1029 2810 2
1047 2788 1111 2811 ducit

263 2831 322 2848 eam.

326 2863 335 2876 ‘-'
354 2864 420 2886 Vers.
440 2865 458 2886 l.
476 2864 520 2887 (111.
539 2871 608 2893 supra
627 2871 682 2894 pag.
698 2866 756 2893 329,
774 2868 826 2888 nota
844 2867 866 2888 9.

326 2902 335 2915 ²³
353 2904 393 2926 Ed.
412 2904 424 2926 3
442 2906 568 2932 praeferret
584 2905 622 2928 sit.
795 2904 805 2918 4
821 2905 952 2934 Respicitur
969 2907 1027 2934 Eph.
1044 2906 1070 2933 4,
1090 2907 1110 2928 1.

327 2942 336 2955 ⁵
353 2943 398 2966 Ct'r.
416 2944 457 2966 lac.
476 2945 502 2971 2,
521 2945 541 2966 l.
559 2950 625 2973 seqq.

327 2981 336 2994 ‘⁵
354 2983 430 3005 Matth.
448 2984 475 3009 9,
492 2983 529 3005 37.
547 2986 569 3005 et
586 2984 641 3006 Luc.
662 2984 701 3011 10,
719 2985 739 3006 2.

327 3020 336 3033 ⁷
354 3021 411 3044 Edd.
430 3022 454 3048 1,
473 3022 485 3043 2
503 3028 627 3050 perperam
644 3022 753 3045 omittunt
768 3029 818 3046 nec.

1231 2747 1240 2761 Β
1257 2749 1302 2772 Ct'r.
1319 2755 1389 2777 supra
1408 2755 1462 2777 pag.
1480 2748 1538 2776 364,
1557 2752 1607 2771 nota
1627 2749 1647 2770 5.
1665 2761 1695 2765 -
1713 2749 1808 2771 luserius
1828 2755 1870 2777 1110
1891 2748 1953 2772 uncle
1970 2750 2016 2772 toto

1167 2788 1221 2810 edd.
1240 2789 1264 2815 1,
1282 2789 1295 2810 2
1313 2788 1375 2811 uncle
1393 2790 1465 2811 tanto.

1230 2826 1240 2839 ⁹
1257 2828 1309 2850 Sola
1327 2828 1378 2850 Vat.
1396 2828 1502 2850 eoecusut.

1230 2866 1250 2879 ¹⁰
1267 2866 1323 2894 Cap.
1341 2867 1362 2889 6.

1231 2905 1249 2918 ¹¹
1269 2907 1334 2928 Vei-s.
1352 2906 1372 2928 8.
1390 2919 1420 2923 —
1438 2906 1550 2934 Superius
1567 2912 1609 2934 pro
1623 2907 1779 2935 susceperunt
1789 2905 1826 2928 ed.
1838 2906 1851 2928 3
1863 2905 2016 2935 susceperint.

1230 2944 1250 2957 ¹2
1267 2945 1333 2967 Vers.
1352 2946 1372 2967 2.
1390 2958 1421 2961 —
1438 2945 1547 2974 Sequitur
1565 2945 1651 2967 Thren.
1670 2945 1694 2972 t,
1711 2945 1747 2967 11.
1759 2958 1790 2960 —
1801 2945 1844 2967 Pro
1858 2944 1952 2967 Dicetur
1964 2945 2017 2967 Vat.

1167 2986 1189 3005 et
1206 2984 1242 3006 ed.
1260 2984 1273 3006 3
1292 2983 1391 3012 Dicitur,
1409 2990 1469 3013 quae
1486 2983 1585 3006 subinde
1602 2987 1654 3012 post
1672 2983 1764 3007 Dicitur
1780 2983 1851 3007 etiam
1874 2983 1962 3006 addunt
1983 2984 2017 3006 tct-

1168 3022 1237 3045 libus.

2036 724 2120 753 Rationes

2075 754 2118 769 nae.

2038 1898 2067 1917 No
2070 1898 2118 1917 tamir
