2133 3317
135 439 244 466 Mil-aculam

144 468 233 487 primum.

140 1379 254 1399 Secundum.

167 2275 258 2294 Tertium.

264 214 320 242 558

374 293 391 326 g
413 291 456 319 Vl.
482 290 521 318 De
542 288 673 318 liberatis
693 296 714 316 α
732 287 864 325 periculo
883 291 1002 324 partus.

351 386 372 413 l.
395 384 539 412 Comitissa
561 383 697 420 quaedam
721 382 749 410 in
771 381 927 415 Sclavonia,
950 380 1022 409 sicut
1042 380 1119 409 nobi—

266 433 341 461 litate
364 431 495 464 illustris,
516 431 555 459 sic
570 433 597 459 et
618 430 729 459 aemula
743 428 889 466 probitatis
910 436 975 465 erga
991 430 1117 456 sanctum

266 478 444 507 Franciscum
472 477 618 506 devotione
645 477 796 514 flagrabat,
818 483 885 513 erga
913 475 1023 503 Fratres
1052 482 1118 503 vero

267 525 363 554 sedula
383 525 493 561 pietate.
516 525 653 560 Tempore
674 527 772 560 partus
793 522 872 551 duris
897 529 1014 559 pervasa
1042 521 1118 550 dolo-

266 572 346 600 ribus
358 572 377 605 ¹,
400 574 476 599 tanta
496 571 550 599 fuit
571 571 715 599 molestata
742 569 886 607 angustia,
912 572 944 598 ut
964 568 1051 605 prolis
1075 568 1119 597 fu-

266 622 349 647 turus
370 621 450 646 ortus
471 625 603 654 praesens
625 617 768 646 videretur
789 616 887 645 matris
914 623 1038 645 occasus.
1060 616 1117 644 Non

266 665 413 694 videbatur
435 665 567 693 infantem
590 664 655 693 eniti
678 672 759 701 posse
774 663 808 692 ad
829 664 930 697 vitam,
952 663 1002 692 nisi
1026 663 1120 699 exspi-

267 715 343 741 raret
364 720 379 741 e
400 712 472 745 vita,
494 720 545 741 nec
566 711 613 740 tali
635 711 699 740 nisu
720 719 831 748 parere,
853 710 901 740 sed
923 711 1023 747 perire.
1049 710 1120 739 Sub-

266 759 341 789 venit
362 759 437 788 cordi
460 760 520 788 eius
541 759 627 788 sancti
649 758 785 788 Francisci
806 758 895 792 fama,
916 758 1007 786 virtus
1022 760 1049 786 et
1063 757 1121 795 glo-

267 807 321 841 ria,
343 807 484 835 excitatur
508 806 590 840 fides,
622 806 814 834 inflammatur
835 805 953 834 devotio.
980 804 1122 833 Convertit

268 862 298 883 se
319 854 353 883 ad
374 854 513 882 auxilium
530 853 644 888 efficax,
666 853 700 881 ad
721 853 809 882 fidum
824 852 961 887 amicum,
983 852 1016 881 ad
1038 852 1121 881 devo-

268 905 362 930 torum
378 902 521 935 solatium,
544 901 684 938 refugium
699 901 880 929 afflictorum:
901 912 914 925 «
926 901 1023 929 Sancte
1038 900 1121 928 Fran-

268 949 354 983 cisce,
388 949 493 986 inquit,
527 948 621 985 pietati
653 951 718 977 tuae
750 947 907 985 supplicant
938 947 1029 976 omnia
1060 955 1122 976 ossa

269 1004 343 1030 mea,
366 998 393 1024 et
415 998 506 1024 mente
528 1003 615 1024 voveo
636 995 710 1032 quod
726 995 868 1031 explicare
890 1002 944 1023 non
965 1002 1078 1031 possum
1093 1006 1120 1022 ».

268 1044 337 1072 Mira
364 1043 491 1072 celeritas
517 1042 643 1079 pietatis!
670 1042 743 1071 Finis
768 1041 875 1071 dicendi
903 1041 966 1070 finis
994 1041 1047 1070 fuit
1074 1041 1122 1070 do-

269 1090 355 1124 lendi,
377 1090 551 1126 parturiendi
574 1093 662 1123 meta,
685 1089 809 1126 pariendi
825 1089 1002 1126 principium.
1025 1089 1121 1117 Statim

269 1137 343 1166 enim
365 1137 439 1165 omni
469 1139 593 1166 cessante
622 1145 770 1173 pressura,
802 1139 914 1173 partum
942 1136 1027 1164 edidit
1058 1143 1123 1164 cum

270 1185 367 1213 salute.
390 1184 447 1212 Non
476 1184 529 1212 suit
556 1184 703 1213 immemor
724 1184 797 1217 voti,
829 1191 883 1212 non
915 1183 1050 1219 propositi
1079 1191 1123 1212 re-

269 1232 343 1269 fuga.
367 1231 515 1260 Ecclesiam
543 1231 682 1268 quandam
711 1231 837 1268 pulcram
859 1230 984 1259 construi
1006 1230 1069 1259 fecit
1097 1233 1124 1259 et

269 1281 456 1307 constructam
479 1278 513 1306 ad
535 1278 625 1306 Sancti
648 1278 782 1306 honorem
803 1277 947 1306 Fratribus
965 1277 1122 1314 assignavit.

350 1327 376 1354 2.
400 1326 427 1354 In
450 1325 576 1363 partibus
598 1325 727 1354 Romanis
753 1325 854 1354 mulier
876 1325 1029 1362 quaedam,
1059 1325 1125 1354 Bea-

272 1373 330 1402 trix
352 1373 476 1407 nomine,
509 1373 599 1401 vicina
620 1373 727 1409 partui,
755 1380 819 1401 cum
845 1380 895 1409 per
923 1372 981 1401 dies
1002 1375 1124 1409 quatuor

270 1420 357 1450 fetum
380 1421 407 1449 in
429 1422 526 1449 ventre
548 1422 672 1457 portaret
697 1419 881 1453 exstinctum,
905 1419 999 1448 multis
1027 1419 1124 1448 infelix

270 1467 428 1504 agitabatur
449 1467 585 1504 angustiis
607 1469 634 1495 et
655 1466 816 1495 exitialibus
836 1466 981 1494 doloribus
1005 1466 1124 1503 urgeba-

270 1517 326 1543 tur.
349 1514 475 1542 Mortuus
503 1514 576 1542 setus
598 1516 715 1542 matrem
738 1513 852 1550 cogebat
880 1513 914 1541 ad
936 1516 1072 1547 mortem,
1098 1516 1125 1541 et

270 1560 393 1590 nondum
429 1561 456 1589 in
490 1561 580 1589 lucem
613 1560 755 1597 proditum
786 1559 945 1588 abortivum
980 1560 1124 1596 publicum

271 1608 368 1637 matris
385 1608 541 1645 periculum
557 1608 691 1645 pariebat.
708 1608 842 1636 Tentabat
856 1607 1027 1636 medicorum
1043 1607 1125 1636 auxi-

271 1655 355 1690 lium,
387 1655 435 1684 sed
455 1663 537 1684 omne
563 1656 719 1684 humanum
746 1654 900 1684 remedium
927 1654 1070 1683 laborabat
1096 1655 1125 1683 in

271 1711 384 1732 vanum.
407 1703 450 1731 Sic
471 1702 504 1731 dc
526 1703 623 1739 primis
639 1702 901 1731 maledictionibus²
923 1702 1061 1739 copiosius
1076 1702 1125 1730 ali-

271 1749 339 1786 quid
359 1749 512 1778 declinarat
532 1749 560 1778 in
576 1749 720 1784 miseram,
736 1752 776 1784 ut,
792 1749 953 1786 sepulcrum
975 1749 1046 1777 facta
1064 1757 1126 1777 con-

272 1798 382 1833 cethS,
404 1796 565 1833 sepulcrum
588 1804 639 1833 pro
661 1799 737 1825 certo
758 1796 921 1833 proximum
940 1799 1124 1832 exspectaret.

272 1843 416 1872 Fratribus
439 1843 547 1872 tandem
570 1843 724 1872 Minoribus
746 1851 795 1880 per
816 1843 1004 1872 internuntios
1026 1846 1082 1872 tota
1097 1851 1126 1872 se

272 1890 418 1920 devotione
439 1891 632 1925 committens,
661 1891 824 1928 suppliciter
846 1891 951 1928 aliquid
979 1890 1012 1919 de
1038 1891 1126 1919 sancti

272 1938 408 1967 Francisci
433 1938 559 1975 reliquiis
574 1938 628 1967 fide
649 1938 730 1975 plena
744 1938 877 1975 poposcit.
900 1937 1032 1975 Contigit,
1054 1940 1126 1966 nutu

273 1985 366 2013 divino
387 1985 592 2022 aliquantulum
620 1985 739 2014 inveniri
760 1985 794 2014 de
815 1984 933 2018 chorda,
959 1992 1015 2021 qua
1036 1984 1128 2013 fuerat

274 2032 391 2061 Sanctus
411 2032 579 2069 quandoque
605 2032 790 2069 praecinctus.
813 2032 890 2066 Mox,
912 2035 944 2060 ut
972 2039 1057 2068 super
1079 2031 1128 2059 do-

274 2079 375 2108 lentem
404 2079 493 2116 posita
521 2079 626 2108 chorda
646 2079 715 2114 suit,
743 2079 833 2108 omnis
860 2079 990 2108 facillime
1019 2079 1128 2107 solutus

274 2128 315 2155 est
336 2126 427 2160 dolor,
448 2126 544 2155 mortis
564 2134 648 2155 causa
674 2129 803 2155 mortuus
824 2126 896 2155 fetus
918 2126 1048 2160 emissus,
1070 2126 1128 2162 pri-

275 2173 347 2202 stina
368 2173 471 2202 sanitas
492 2173 629 2202 restituta.

355 2220 380 2249 3.
403 2220 552 2249 Cuiusdam
574 2220 608 2249 de
629 2220 750 2249 Carvio⁸
771 2220 872 2249 nobilis
893 2220 945 2248 viri
974 2228 1062 2254 uxor,
1085 2220 1128 2248 Iu-

275 2268 348 2296 liana
369 2267 493 2301 nomine,
515 2275 566 2304 pro
588 2267 709 2295 filiorum
724 2269 814 2295 morte
835 2274 922 2295 annos
944 2266 1071 2295 trahebat
1086 2266 1130 2295 lu-

276 2315 380 2352 gubres
401 2317 427 2343 et
449 2314 579 2343 continue
600 2314 722 2343 infelices
743 2314 905 2351 deplorabat
927 2317 1055 2348 eventus,
1078 2322 1129 2351 pro

276 2370 308 2390 eo
329 2361 403 2398 quod
425 2369 521 2390 omnes
536 2369 606 2398 quos
621 2369 685 2390 cum
702 2369 835 2398 pressura
856 2363 1017 2397 portaverat
1041 2361 1128 2395 filios,

276 2408 384 2437 modico
405 2408 550 2437 interiecto
572 2411 709 2445 tempore,
732 2416 795 2437 cum
817 2408 1019 2437 vehementiori
1034 2408 1129 2437 dolore

276 2456 438 2492 sepulturae
460 2455 620 2484 tradiderat.
642 2456 711 2484 Cum
733 2455 819 2492 igitur
840 2459 962 2492 quatuor
991 2455 1128 2484 mensium

277 2505 441 2539 conceptum
464 2502 580 2531 haberet
594 2502 622 2531 in
644 2506 725 2531 utero
744 2502 888 2539 magisque
909 2505 1023 2539 propter
1048 2510 1131 2531 even-

276 2552 322 2578 tus
337 2549 501 2586 praeteritos
515 2549 549 2578 de
570 2552 717 2586 conceptae
733 2549 818 2586 prolis
840 2549 1037 2578 sollicitaretur
1052 2549 1130 2578 obitu

594 210 791 239 OPUSCULUM
813 209 901 237 XXIII.
923 208 1075 237 LEGENDA
1097 207 1212 237 SANCTI
1233 207 1409 236 FRANCISCI.
1430 206 1593 235 MIRACULA
1615 207 1632 242 ᾖ
1653 206 1695 234 VI.

1175 293 1259 323 quam
1280 286 1314 315 de
1335 289 1415 320 ortu,
1435 285 1548 314 beatum
1570 286 1678 314 Patrem
1700 285 1875 314 Franciscum
1898 294 1948 323 pro
1970 287 2024 315 vita

1175 332 1297 361 nondum
1319 333 1375 361 nati
1397 333 1470 362 fetus
1491 333 1610 361 fideliter
1631 332 1807 369 precabatur.
1829 333 1895 362 Ecce
1916 337 2023 371 autem,

1175 382 1255 408 nocte
1276 380 1395 416 quadam
1417 380 1564 408 dormienti
1587 380 1638 409 sibi
1661 380 1763 409 mulier
1785 381 1920 417 quaedam
1942 391 2024 420 appa-

1176 426 1255 454 rebat
1276 426 1303 454 in
1319 427 1435 461 somnis,
1457 426 1610 455 formosum
1627 428 1778 464 puerulum
1801 431 1911 465 gestans
1926 430 1954 458 in
1968 438 2025 459 ma-

1176 473 1271 507 nibus,
1287 473 1422 510 illumque
1438 473 1585 503 laetissime
1599 474 1733 503 offerebat
1753 475 1850 504 eidem.
1872 475 1941 504 Cum
1960 485 2026 507 vero

1176 520 1223 548 illa
1236 520 1361 557 recipere
1376 523 1533 555 recusaret,
1555 529 1638 558 quem
1654 522 1747 550 statim
1769 522 1935 552 formidabat
1949 525 2026 553 amit-

1177 569 1251 602 tere,
1273 567 1374 596 mulier
1396 568 1442 596 illa
1457 568 1619 603 subiunxit;
1647 579 1660 595 «
1675 569 1778 598 Secure
1793 570 1940 607 suscipias,
1962 572 2027 609 quia

1177 622 1273 651 quem,
1296 618 1345 643 tuo
1366 615 1486 644 moerori
1508 615 1693 652 compatiens,
1715 624 1792 645 sacer
1813 618 1898 646 mittit
1918 619 2027 648 Franci-

1177 669 1253 696 scus,
1276 662 1332 690 vita
1353 662 1427 691 vivet
1448 665 1474 691 et
1496 662 1626 699 sospitate
1654 663 1824 700 gaudebit».
1854 665 1951 694 Statim
1972 667 2027 696 evi-

1177 709 1266 746 gilans
1292 709 1408 743 mulier,
1431 709 1568 738 intellexit
1596 718 1646 747 per
1674 713 1812 740 ostensam
1840 712 1891 741 sibi
1913 713 2028 743 caelitus

1178 756 1327 791 visionem,
1349 756 1421 785 beati
1443 757 1579 785 Francisci
1602 757 1653 786 sibi
1675 758 1771 787 adesse
1799 759 1979 797 suffragium,
2001 764 2028 791 et

1178 811 1215 832 ex
1237 806 1303 832 tunc
1330 803 1525 832 abundantiori
1552 805 1688 841 completa
1716 805 1833 841 laetitia,
1863 815 1914 844 pro
1942 809 2029 837 susci-

1178 850 1278 887 pienda
1298 850 1376 887 prole
1408 850 1488 889 iuxta
1517 851 1685 887 promissum
1716 853 1912 890 multiplicavit
1933 863 2029 891 preces

1179 901 1206 927 et
1229 900 1291 927 vota
1310 897 1446 934 promisit.
1469 898 1623 935 Impletura
1645 903 1687 927 est
1707 899 1827 937 denique
1849 905 1961 939 tempus
1973 911 2029 940 pa-

1179 944 1293 978 riendi,
1315 947 1339 972 ec
1359 945 1493 982 peperit4
1513 945 1616 974 femina
1637 947 1809 982 masculum,
1831 948 1880 985 qui
1901 948 2029 979 iuvenilis

1180 991 1280 1020 robore
1301 991 1405 1020 florens
1426 992 1539 1027 aetatis,
1563 996 1692 1030 tanquam
1723 1002 1772 1031 per
1793 994 1865 1024 beati
1893 996 2029 1025 Francisci

1180 1039 1279 1067 merita
1299 1039 1453 1067 fomentum
1476 1040 1630 1077 susciperet
1651 1041 1736 1076 vitae,
1758 1042 1968 1072 incitamentum
1983 1052 2031 1081 pa-

1180 1086 1307 1114 rentibus
1328 1086 1457 1123 praebuit
1478 1086 1512 1115 ad
1533 1087 1674 1116 Christum
1696 1091 1723 1117 et
1745 1089 1874 1118 Sanctum
1904 1090 1964 1120 eius
1984 1091 2031 1120 de-

1180 1133 1295 1161 votioris
1315 1134 1438 1162 affectus.
1454 1151 1492 1154 -—
1507 1134 1600 1163 Simile
1614 1135 1745 1172 quiddam
1767 1137 1833 1166 huic
1848 1137 1874 1165 in
1897 1138 2009 1167 Tiburis
2020 1138 2030 1156 ⁵

1181 1180 1291 1209 civitate
1313 1180 1410 1209 beatus
1433 1181 1511 1210 Pater
1526 1182 1623 1210 effecit.
1646 1182 1714 1211 Cum
1736 1184 1808 1212 enim
1825 1184 1926 1213 mulier
1947 1193 2032 1222 quae-

1181 1227 1243 1255 dam
1266 1227 1336 1256 filias
1357 1228 1493 1264 plurimas
1514 1229 1683 1265 peperisset,
1705 1230 1841 1259 desiderio
1869 1232 1955 1268 prolis
1975 1232 2033 1261 fati-

1183 1277 1246 1311 gata
1267 1275 1369 1309 virilis,
1391 1275 1465 1312 apud
1486 1279 1612 1304 sanctum
1634 1277 1810 1306 Franciscum
1839 1286 1936 1315 preces
1957 1279 2032 1317 inge-

1182 1322 1297 1350 minavit
1325 1325 1352 1351 et
1376 1325 1448 1351 vota.
1464 1322 1594 1360 Concepit
1615 1323 1700 1360 igitur
1722 1325 1782 1353 eius
1803 1325 1910 1354 meritis
1932 1327 2032 1356 mulier

1182 1369 1241 1404 illa,
1263 1372 1290 1398 et
1311 1370 1435 1407 geminos
1456 1370 1479 1399 ei
1508 1378 1607 1407 parere
1628 1371 1703 1400 dedit
1724 1372 1771 1409 qui
1794 1380 1845 1409 pro
1866 1381 1922 1402 uno
1941 1373 2032 1403 fuerat

1182 1420 1324 1445 exoratus.

1260 1464 1286 1492 [ι.
1320 1465 1397 1501 Apud
1429 1465 1583 1494 Viterbium
1617 1466 1708 1503 partui
1741 1468 1899 1505 propinqua
1931 1469 2033 1498 mulier
2050 1467 2120 1492 Quintr-

1182 1512 1265 1540 morti
1293 1512 1477 1549 propinquior
1505 1513 1683 1548 censebatur,
1705 1514 1886 1544 visceralibus
1914 1519 2034 1545 tormen-

1183 1561 1239 1587 tata
1260 1559 1403 1587 doloribus
1424 1562 1451 1587 et
1473 1562 1530 1587 tota
1555 1560 1713 1589 calamitosa
1731 1561 1913 1591 infortuniis⁶
1934 1563 2034 1593 mulie-

1183 1614 1255 1634 rum.
1278 1606 1416 1643 Cumque,
1439 1609 1555 1636 naturae
1577 1608 1776 1638 succumbente
1796 1609 1917 1645 virtute,
1945 1611 2035 1640 omnis

1182 1653 1313 1682 deficeret
1334 1653 1401 1682 artis
1416 1653 1568 1688 industria,
1590 1655 1717 1684 invocato
1735 1656 1807 1685 beati
1829 1657 1965 1686 Francisci
1986 1666 2035 1686 no-

1183 1700 1269 1735 mine,
1292 1700 1409 1729 liberata
1437 1701 1579 1730 confestim
1601 1702 1715 1737 mulier,
1744 1706 1855 1740 partum
1885 1704 2035 1734 salubriter

1184 1747 1358 1782 terminavit;
1382 1748 1428 1776 sed
1450 1751 1576 1777 assecuta
1591 1749 1665 1785 quod
1679 1749 1767 1778 voluit
1785 1753 1812 1779 et
1833 1751 1918 1780 oblita
1931 1751 2036 1780 benefi-

1184 1795 1234 1829 cii,
1256 1794 1331 1831 quod
1359 1795 1480 1831 accepit,
1506 1795 1605 1824 honori
1627 1797 1718 1825 Sancti
1739 1805 1794 1826 non
1822 1797 1965 1833 deferens,
1991 1798 2035 1827 die

1184 1841 1282 1871 natalis
1304 1842 1391 1879 ipsius
1412 1842 1445 1871 ad
1467 1850 1552 1879 opera
1579 1843 1690 1872 servilia
1711 1852 1811 1873 manus
1839 1845 1972 1874 extendit.
2002 1846 2034 1875 Et

1184 1897 1262 1923 ecce,
1284 1889 1377 1918 subito
1398 1889 1532 1918 dextrum
1554 1890 1701 1920 brachium
1731 1891 1766 1920 ad
1786 1891 1910 1921 laborem
1937 1896 2036 1922 exten-

1184 1945 1247 1966 sum
1268 1937 1422 1965 inflexibile
1448 1937 1580 1966 remansit
1602 1941 1629 1967 et
1653 1938 1771 1967 aridum.
1794 1939 1873 1976 Quod
1895 1947 1959 1969 cum
1981 1943 2036 1969 stu-

1184 1984 1262 2013 deret
1283 1984 1316 2012 ad
1338 1992 1367 2013 se
1382 1992 1514 2013 revocare
1535 1992 1598 2014 cum
1620 1985 1720 2020 altero,
1736 1986 1841 2016 ultione
1860 1987 1995 2016 consimili
2010 1991 2036 2017 et

1184 2030 1253 2059 illud
1275 2031 1395 2060 exaruit.
1417 2031 1527 2060 Timore
1548 2032 1634 2069 igitur
1655 2032 1748 2062 divino
1769 2036 1898 2071 correpta
1920 2034 2036 2070 mulier,

1186 2078 1388 2115 reintegravit⁷
1420 2082 1515 2107 votum
1547 2087 1687 2117 usumque
1717 2080 1926 2116 membrorum,
1952 2089 2035 2119 quem

1186 2129 1300 2163 propter
1315 2125 1541 2162 ingratitudinem
1564 2127 1695 2155 amiserat
1719 2130 1747 2156 et
1761 2131 1964 2165 contemptum,
1987 2136 2037 2166 per

1185 2172 1373 2201 misericordis
1400 2175 1427 2201 et
1458 2173 1572 2202 humilis
1597 2174 1688 2202 Sancti
1720 2175 1834 2209 merita,
1863 2175 1908 2204 cui
1937 2183 1966 2204 se
1987 2175 2038 2205 ite-

1186 2222 1247 2247 rato
1267 2219 1392 2253 devovit,
1415 2227 1583 2256 recuperare
1604 2221 1769 2257 promeruit.

1267 2267 1291 2294 5
1314 2266 1412 2295 Mulier
1437 2267 1573 2303 quaedam
1601 2267 1635 2296 de
1656 2268 1784 2304 partibus
1811 2269 1945 2304 Aretinis,
1973 2277 2038 2299 cum

1186 2314 1236 2350 per
1258 2316 1362 2350 septem
1377 2313 1436 2342 dies
1457 2316 1554 2350 partus
1569 2314 1729 2343 discrimina
1750 2316 1916 2351 sustineret,
1938 2320 1965 2345 et
1983 2317 2037 2346 iam

1186 2361 1214 2389 in
1236 2361 1406 2398 nigredinem
1436 2369 1532 2396 versa,
1563 2361 1710 2399 desperata
1737 2366 1809 2392 esset
1836 2363 1871 2392 ab
1892 2364 2036 2399 omnibus;

1187 2410 1283 2436 votum
1311 2408 1375 2437 fecit
1395 2408 1476 2437 beato
1502 2409 1646 2438 Francisco
1667 2412 1694 2438 et
1722 2410 1782 2439 eius
1802 2411 1892 2448 coepit
1916 2411 2039 2441 moriens

1187 2455 1326 2483 auxilium
1349 2455 1485 2484 invocare.
1510 2455 1614 2484 Emisso
1635 2459 1727 2485 autem
1749 2459 1825 2491 voto,
1848 2458 1975 2487 celeriter
1990 2458 2038 2487 ob-

1188 2502 1319 2531 dormivit
1344 2502 1468 2539 viditque
1494 2503 1521 2531 in
1543 2503 1646 2532 somnis
1667 2503 1779 2532 beatum
1807 2504 1984 2534 Franciscum
2009 2512 2038 2534 se

1188 2549 1306 2578 dulciter
1327 2549 1513 2586 alloquentem
1538 2558 1569 2578 ac
1591 2550 1793 2587 requirentem,
1815 2553 1913 2580 utrum
1941 2551 2038 2581 faciem

342 2706 349 2719 ¹
370 2708 427 2730 Edd.
446 2708 560 2737 Tempore
577 2713 633 2731 vero
650 2709 736 2737 partus
754 2707 828 2731 duros
843 2714 959 2737 perpessa
978 2707 1080 2732 dolores.

342 2745 351 2758 ²
369 2747 425 2769 Gon.
444 2747 469 2774 3,
488 2748 528 2769 «162
540 2747 627 2769 Mulieri
645 2753 739 2776 quoque
752 2747 818 2770 dixit:
838 2746 992 2775 lllultiphcabo
1010 2753 1133 2770 aerumnas

280 2788 331 2808 tuas
348 2788 370 2808 et
387 2789 514 2814 conceptus
532 2789 595 2813 tuos,
612 2786 635 2808 in
647 2786 728 2809 dolore
745 2786 821 2814 paries
838 2786 904 2809 filios.
915 2799 946 2802 —
959 2787 1009 2809 Vat.
1027 2793 1081 2809 cum
1093 2787 1131 2810 ed.

285 2825 289 2846 l
304 2824 340 2847 hic
352 2825 417 2847 addit
430 2825 502 2848 Evae.
514 2826 626 2853 Superius
638 2832 681 2854 pro
690 2825 815 2855 proditum
828 2826 882 2848 edd.
890 2825 1046 2856 productum,
1058 2829 1080 2849 et
1089 2832 1132 2854 pro

281 2863 367 2886 mati-is
385 2864 437 2886 Vat.
455 2870 508 2886 cum
527 2864 563 2887 ed.
584 2865 592 2886 l
614 2864 696 2888 matri.

343 2902 352 2914 ³
369 2903 440 2925 Datur
457 2902 556 2926 Gai-vico
574 2903 648 2932 (quod
665 2904 760 2926 sortasse
776 2903 839 2926 idem
857 2903 900 2926 erit
920 2909 976 2926 cum
996 2903 1092 2933 Gai-vio)
1110 2904 1133 2926 in

281 2941 400 2969 provincia
418 2942 534 2969 Bergomi.
551 2941 608 2965 Cod.
621 2943 637 2964 B
650 2942 740 2966 Coi-vio.
760 2943 811 2965 Vat.
825 2945 847 2965 et
858 2942 913 2965 Acta
926 2942 965 2965 SS.
983 2941 1086 2966 Narnia.
1102 2954 1134 2959 —

282 2981 378 3003 Interius
398 2987 440 3008 pro
458 2982 596 3011 conceptum
613 2982 668 3005 Acta
686 2982 725 3004 SS.
742 2983 875 3011 conceptus.

344 3019 354 3031 ⁴
372 3020 435 3042 Sicut
451 3020 506 3042 Luc.
525 3020 545 3048 sl,
563 3020 600 3043 57.
618 3021 647 3044 de
664 3020 778 3044 Elisabeth
795 3021 887 3044 dicitur.
900 3034 928 3037 —
946 3021 970 3043 In
987 3021 1032 3044 fine
1049 3027 1135 3049 propo-

1158 2712 1164 3049 l

1189 2709 1277 2731 sitionis
1293 2709 1309 2731 L
1327 2709 1394 2736 legit:
1412 2709 1434 2731 et
1450 2708 1482 2731 ad
1498 2708 1615 2732 Sanctum
1632 2708 1682 2732 effus
1699 2708 1828 2732 devotionis
1844 2708 1931 2739 affecta
1953 2709 1984 2739 (B
1995 2710 2039 2733 DF

1190 2747 1318 2771 devotionis
1335 2747 1454 2777 affectus).

1254 2786 1263 2799 ⁵
1280 2787 1354 2810 italice
1381 2786 1463 2810 Tivoli.
1490 2786 1547 2810 Cod.
1575 2788 1591 2809 E
1616 2788 1660 2810 hoc
1685 2790 1707 2810 et
1731 2787 1873 2816 praecedens
1898 2788 2037 2810 miraculum

1190 2826 1282 2849 omittit.

1253 2864 1263 2878 ⁶
1280 2865 1333 2888 Vat.
1349 2871 1403 2888 cum
1420 2865 1458 2887 ed.
1476 2865 1484 2887 l
1506 2864 1532 2888 in
1548 2864 1694 2895 infortuniis.
1712 2865 1807 2888 Inferius
1823 2872 1865 2894 pro
1883 2865 1971 2889 honori
1980 2865 2039 2889 Scm-

1190 2903 1222 2927 cti
1237 2904 1292 2927 edd.
1309 2903 1424 2927 honorem
1441 2903 1537 2927 Sancto.

1254 2942 1263 2955 ⁷
1280 2943 1315 2966 Du
1332 2942 1423 2972 Gange,
1445 2943 1586 2966 Glossarium
1609 2946 1663 2966 etc.:
1681 2943 1846 2973 Reiuteqrare,
1867 2944 2038 2972 redintegrare,

1191 2981 1330 3010 instaurare,
1348 2982 1371 3004 in
1389 2982 1511 3010 pristinum
1529 2984 1614 3005 statum
1631 2982 1759 3005 restituere.
1775 2981 1831 3005 Cod.
1849 2982 1868 3004 G
1885 2984 1907 3005 et
1926 2982 1982 3005 Acta
2000 2982 2038 3004 SS.

1191 3019 1368 3051 redintegravit.

2047 1138 2108 1162 Quarti:
