2133 3317
261 233 298 262 86

390 311 496 339 Ouum
517 318 569 339 eno
590 317 753 338 ossrmunnis
774 317 878 337 SEPTEM
899 316 981 337 Dorus

559 357 682 385 Seunrus
707 364 814 384 SANCTI.

340 452 386 480 49.
409 451 529 480 Oramus
549 450 635 487 igitur
660 450 904 479 clementissimum
927 449 1034 478 Patrem
1061 457 1111 486 per

261 502 301 534 te,
316 498 493 536 Unigenitum
514 497 574 526 eius
589 505 640 534 pro
660 497 740 526 nobis
754 497 895 525 hominem
909 496 1030 531 facturn,
1046 504 1111 525 cru-

261 546 378 575 cifixum
399 547 427 574 et
454 544 653 581 glorificatum,
675 547 707 572 ut
727 543 761 572 (16
785 543 925 572 thesauris
952 543 1011 572 suis
1032 543 1111 572 emit-

261 593 323 621 tat¹
344 592 370 620 in
393 599 443 619 nos
464 590 598 627 Spiritum
619 590 724 627 gratiae
745 589 930 627 septiformis,
955 590 1003 627 qui
1025 597 1110 627 super

261 642 288 668 te
308 639 336 667 in
357 638 431 667 omni
453 637 625 675 plenitudine
646 637 800 676 requievit.-
823 636 966 674 spiritum,
981 636 1110 674 inquam,

260 684 436 722 sapientiae,
458 692 514 722 quo
534 684 659 712 fructum
682 683 756 721 liqui
776 684 867 718 vitae,
889 683 964 721 quod
991 691 1057 713 vere
1078 686 1110 712 tu

262 740 291 761 es
304 731 323 766 ²,
345 731 472 760 videlicet
504 738 617 768 sapores
637 730 761 759 vivificos
781 730 980 767 degustemus;
1006 730 1110 759 donum

261 779 343 808 etiam
372 778 541 812 intellectus,
564 786 620 815 quo
648 777 749 806 mentis
769 780 881 806 nostrae
909 777 1051 806 contuitus
1079 777 1111 806 il-

261 827 433 860 lustrentur;
455 825 558 854 donum
581 825 710 859 comitii,
732 833 788 862 quo
810 829 871 862 post
892 829 1007 854 tuorum
1028 825 1111 854 vesti-

261 873 304 910 gia
325 881 473 910 gressuum
492 875 632 901 rectarum
655 872 817 901 semitarum
834 872 981 901 itineribus
1002 872 1111 901 inceda-

260 927 342 954 1nus3
364 919 467 948 donum
497 918 697 956 fortitudinis,
726 927 782 956 quo
810 919 1032 956 impugnantium
1062 919 1111 947 ho-

730 230 926 260 OPUSCULUM
947 230 987 259 Ill.
1010 230 1133 259 LlGNUM
1155 229 1261 259 VITAE.
1283 229 1553 259 ADDITAMENTUM.

1170 307 1253 336 stium
1276 308 1419 337 violentias
1433 316 1567 337 enervare
1583 308 1733 345 possimus;
1748 308 1853 337 donum
1867 309 2022 345 scientiae,

1169 363 1225 392 quo
1247 363 1341 384 sacrae
1366 355 1507 384 doctrinae
1533 358 1597 384 tuae
1618 356 1779 393 repleamur
1799 355 1956 393 fulgoribus
1983 357 2019 386 ad

1168 402 1366 431 discretionem
1387 402 1451 431 boni
1477 406 1504 431 et
1536 402 1612 436 mali;
1635 402 1738 431 donum
1751 403 1887 440 pietatis,
1905 404 2018 441 11110111-

1168 448 1287 477 duamus
1299 449 1309 465 3
1325 449 1530 478 misericordiae
1546 449 1666 483 viscera;
1682 449 1785 478 donum
1803 449 1931 485 timoris,
1947 459 2022 488 quo,

1168 495 1329 524 recedentes
1349 496 1384 524 ab
1405 496 1479 525 omni
1507 497 1592 531 malo,
1620 499 1749 525 aeternae
1777 497 1925 526 Maiestatis
1953 500 2018 527 tuae

1168 542 1344 571 reverentiali
1359 542 1481 579 pondere
1496 543 1721 580 tranquillemur.
1738 559 1775 564 —-
1790 543 1859 572 Haec
1881 543 1954 573 enim
1969 552 2021 573 nos

1168 589 1196 617 in
1217 589 1264 617 illa
1285 596 1364 618 sacra
1389 592 1437 618 tua
1461 597 1544 626 quam
1566 597 1617 618 nos
1640 589 1757 619 docuisti
1780 590 1904 619 oratione
1925 593 2020 628 petere

1168 636 1296 670 voluisti;
1318 637 1386 665 haec
1401 639 1429 665 et
1449 644 1524 665 nunc
1538 645 1588 673 per
1610 644 1721 666 crucem
1737 640 1812 666 tuam
1835 637 1956 674 petimus
1973 638 2023 668 ob-

1169 683 1257 712 tinere
1277 683 1312 712 ad
1333 683 1442 712 laudem
1464 684 1627 712 sanctissimi
1660 684 1779 713 nominis
1804 685 1858 719 tui,
1881 685 1926 714 cui
1955 693 2019 714 cum

1168 731 1248 759 Patre
1269 734 1296 759 et
1318 731 1421 768 Spiritu
1450 733 1545 759 sancto
1565 731 1655 760 omnis
1686 731 1721 760 sit
1743 732 1832 760 honor
1861 734 1888 760 et
1915 732 2019 769 gloria,

1169 778 1322 815 gratiarum
1344 778 1427 812 actio,
1449 778 1534 807 decus
1555 781 1582 807 et
1596 778 1745 815 imperium
1768 786 1817 816 per
1839 778 1946 808 infinita
1961 787 2019 809 sae-

1169 825 1232 854 cula
1254 825 1439 854 saeculorum.
1463 826 1546 854 Amen
1559 826 1579 853 4.

1412 919 1540 948 Exemcir
1561 920 1671 948 Liuium
1692 927 1782 948 vrrAE.

959 1046 1290 1083 ADDITAMENTUM
1304 1041 1322 1082 ¹.

332 1170 400 1194 Haec
419 1169 458 1194 est
476 1169 604 1194 meditatio
624 1169 744 1201 quaedam
763 1168 902 1201 rhythmice
920 1168 987 1194 facta
1000 1176 1015 1194 a
1033 1168 1113 1194 fratre

261 1213 453 1243 Bonaventura,
472 1213 588 1238 Generali
605 1213 698 1239 ordinis
720 1212 828 1237 fratrum
850 1213 988 1243 Minorum,
1007 1212 1036 1238 de
1059 1220 1113 1244 ope-

261 1256 401 1281 rationibus
420 1256 450 1280 D.
470 1256 502 1280 N.
523 1256 581 1281 Iesu
599 1256 701 1286 Christi,
715 1257 741 1281 in
755 1263 804 1287 qua
817 1256 916 1287 quidem
928 1255 1017 1287 incipit
1029 1256 1113 1287 ipsum

261 1300 399 1325 describere
427 1300 561 1325 secundum
580 1299 766 1331 generationem
785 1299 913 1324 aeternam
933 1299 1056 1331 quantum
1081 1299 1113 1324 ad

262 1343 370 1375 quatuor
389 1342 541 1368 conditiones
559 1343 741 1372 nobilissimas,
756 1342 849 1367 scilicet
863 1342 999 1372 essentiae,
1013 1343 1113 1374 sapien-

262 1387 325 1417 tiae⁷
346 1386 472 1418 potentiae
486 1386 510 1411 et
523 1386 717 1411 benevolentiae.
730 1386 764 1410 Et
777 1386 837 1411 haec
849 1386 976 1411 habentur
990 1393 1034 1417 per
1047 1386 1113 1411 ordi-

261 1437 318 1455 nem
336 1430 362 1454 in
381 1430 436 1461 ipso
454 1437 529 1454 versu
539 1429 558 1454 ².
578 1429 671 1454 Deinde
690 1429 808 1454 describit
836 1437 892 1454 eum
914 1430 943 1454 ut
962 1430 1112 1461 promissum

261 1473 430 1503 Patriarchis⁷
445 1473 643 1505 praefiguratum
657 1480 672 1498 a
684 1473 831 1504 Prophetis,
844 1473 874 1497 ut
886 1472 1033 1504 conceptum
1046 1473 1071 1498 et
1084 1473 1113 1498 ut

261 1516 364 1545 natum,
384 1515 456 1540 etex
482 1515 528 1540 hoc
553 1523 597 1547 per
624 1516 735 1541 ordinem
764 1516 845 1541 totum
875 1523 1017 1547 processum
1045 1516 1112 1541 vitae

262 1558 384 1590 quantum
403 1558 435 1583 ad
453 1558 520 1583 facta
538 1558 660 1584 notabilia
678 1566 756 1590 usque
775 1558 806 1583 ad
825 1558 1026 1584 distributionem
1040 1559 1112 1584 dono-

261 1609 317 1626 rum
346 1602 454 1633 Spiritus
474 1602 497 1626 S.
516 1616 552 1619 -—
570 1601 716 1626 Praemittit
744 1601 827 1627 autem
855 1610 933 1627 unum
961 1602 1111 1627 versiculum

261 1644 409 1677 dignificans
420 1644 429 1657 ³
448 1652 545 1670 crucem
564 1652 592 1669 ex
612 1645 765 1676 irriqatione
777 1644 871 1677 fontis,
885 1645 1056 1670 adornatione
1069 1646 1112 1676 flo-

261 1688 313 1719 ris,
333 1687 513 1718 feezmdatione
524 1687 626 1718 fructus
640 1688 852 1713 excellentissimi.
867 1688 913 1718 Qui
926 1688 1025 1720 quidem
1037 1687 1111 1720 fons,

261 1732 309 1762 flos
328 1732 352 1756 et
370 1730 473 1761 fructzffi
492 1731 530 1756 est
548 1731 670 1756 Dominus
682 1731 754 1756 1esus
768 1731 898 1761 Christus,
912 1732 982 1756 cuius
994 1731 1112 1757 nobilita-

261 1775 299 1800 tes
318 1775 343 1799 in
364 1774 524 1806 sequentibus
543 1774 703 1799 declarantur
721 1774 746 1799 et
765 1774 825 1799 sunt
838 1775 864 1799 in
877 1775 994 1800 universo
1014 1774 1112 1806 septua-

260 1818 333 1849 ginta
351 1818 421 1842 duae.
441 1817 528 1843 Voluit
546 1817 644 1847 autem,
664 1817 729 1849 quod
747 1817 781 1842 ibi
800 1817 873 1842 fieret
891 1818 992 1849 quidam
1007 1818 1110 1849 cantus,

261 1868 308 1893 quo
328 1860 408 1892 possit
426 1860 523 1886 cantari
542 1861 573 1885 ad
592 1861 691 1886 modum
710 1860 842 1886 cantionis.
856 1861 926 1886 Unde
945 1869 989 1893 per
1003 1862 1111 1893 primum

260 1905 411 1930 versiculum
430 1912 515 1930 omnes
528 1904 664 1929 cantantur
677 1905 703 1929 111
715 1904 811 1930 duobus
824 1905 939 1930 cantibus
953 1904 1110 1935 alternatim,

260 1948 285 1973 et
304 1948 335 1972 ad
354 1947 490 1980 quemlibet
507 1948 673 1980 respondetur
692 1948 773 1973 altera
792 1948 912 1973 medietas
926 1948 1000 1979 primi
1012 1956 1109 1979 versus,

260 1991 395 2016 secundum
413 1991 479 2022 quod
497 1991 617 2016 consonat
636 1991 693 2016 finis
711 1991 809 2016 cantus.
821 2005 858 2009 —-
869 1991 902 2016 111
918 1990 1008 2016 ultimo
1026 1992 1111 2016 autem

260 2042 334 2060 versu
348 2042 374 2060 se
386 2034 511 2060 convertit
523 2035 554 2059 ad
568 2042 651 2059 vocem
671 2034 804 2065 orationis⁷
818 2034 847 2059 ut
866 2042 911 2066 per
930 2034 1059 2060 Christum
1073 2042 1111 2060 su-

261 2086 307 2110 pra
320 2079 472 2110 descriptum
492 2078 525 2103 sit
543 2079 599 2110 ipsa.
612 2086 671 2103 crux
684 2078 750 2103 veris
763 2078 908 2103 christianis
920 2078 1020 2103 initium
1033 2078 1108 2110 vitae,

261 2128 410 2153 progressus
432 2121 499 2146 vitae
528 2121 552 2146 et
581 2121 761 2146 consummatio
779 2121 882 2153 gloriae.
901 2136 936 2139 —
955 2121 1111 2146 Describitur

1171 1169 1254 1194 autem
1273 1169 1313 1194 hic
1331 1169 1403 1195 Iesus
1423 1169 1539 1195 Christus
1558 1170 1689 1195 crucifixus
1709 1171 1754 1196 sub
1767 1170 1828 1203 typo
1841 1171 1969 1196 cuiusdam
1982 1179 2020 1197 ar-

1169 1212 1250 1241 boris,
1271 1213 1351 1243 primo
1371 1213 1494 1244 quantum
1513 1213 1544 1237 ad
1562 1213 1674 1238 radicem
1703 1221 1746 1238 seu
1773 1214 1887 1244 initium,
1914 1214 2020 1240 secundo

1170 1255 1293 1287 quantum
1312 1256 1343 1280 ad
1361 1256 1474 1287 stipitem
1488 1263 1531 1281 seu
1544 1256 1696 1287 profectum⁷
1711 1256 1785 1282 tertio
1799 1257 1922 1289 quantum
1934 1258 1966 1283 ad
1979 1265 2021 1283 να-

1169 1298 1353 1329 mifiecitionem
1365 1307 1409 1324 seu
1421 1299 1667 1330 consummationem,
1680 1299 1728 1325 ibi:
1748 1300 1830 1332 Iesus,
1842 1299 1936 1330 futura
1946 1308 2021 1333 prae-

1169 1341 1270 1373 videns,
1286 1342 1404 1374 quartum
1422 1343 1544 1374 quantum
1564 1343 1595 1368 ad
1614 1343 1844 1374 fructificationem⁷
1864 1344 1911 1369 ibi:
1931 1344 2021 1377 Iesus,

1169 1385 1284 1416 captivos
1303 1392 1403 1411 eruens.

1347 1472 1367 1497 O
1386 1480 1454 1503 crux,
1473 1472 1556 1498 frutex
1576 1473 1716 1504 salvificus,

1382 1515 1445 1541 Vivo
1465 1515 1532 1541 fonte
1551 1517 1664 1548 rigatus,

1384 1559 1461 1589 Quem
1480 1559 1526 1585 flos
1545 1560 1649 1585 exornat
1668 1560 1793 1592 fulgidus,

1383 1602 1492 1627 Fructus
1511 1602 1628 1628 fecundat
1646 1604 1753 1635 gratius.

1347 1645 1433 1675 Iesus,
1455 1653 1483 1670 ex
1502 1646 1578 1671 Patre
1597 1647 1712 1678 genitus,

1382 1689 1468 1719 Iesus,
1487 1689 1550 1714 liber
1570 1690 1698 1721 signatus,

1382 1732 1468 1763 Iesus,
1488 1733 1634 1758 cunctorum
1653 1733 1781 1764 dominus,

1382 1775 1468 1806 Iesus,
1488 1776 1652 1802 desideratus.
1672 1778 1699 1811 131.
1719 1777 1739 1802 O
1758 1785 1817 1803 crux
1837 1777 1882 1803 etc.

1349 1819 1434 1849 Iesus⁷
1455 1820 1594 1850 promissus
1612 1820 1746 1851 Patribus,

1381 1862 1465 1892 Iesus,
1485 1862 1686 1894 praefiguratus,

1381 1905 1466 1935 Iesus,
1487 1906 1592 1931 emissus
1611 1906 1729 1936 caelitus,

1382 1948 1467 1979 Iesus⁷
1488 1949 1582 1974 Mariae
1600 1949 1684 1974 natus.
1704 1950 1730 1983 15).
1751 1949 1827 1980 Quem
1848 1949 1894 1975 etc.

1345 1991 1430 2022 Iesus,
1451 1992 1497 2017 sub
1516 1993 1581 2024 Lege
1600 1993 1710 2024 positus,

1380 2035 1465 2066 Iesus,
1485 2036 1567 2067 Magis
1586 2036 1756 2066 monstratus,

1381 2079 1467 2109 Iesus,
1487 2079 1631 2110 redemptus
1650 2080 1780 2111 parvulus,

1380 2122 1465 2152 165115,
1484 2121 1568 2147 infans
1587 2122 1698 2154 fugatus.
1718 2123 1744 2156 13¹.
1764 2122 1784 2148 O
1803 2130 1864 2148 crux
1882 2122 1929 2148 etc.

324 2306 331 2319 ¹
350 2307 401 2330 Yat.
419 2307 504 2331 millai.
521 2320 552 2324 —
570 2308 639 2330 Porro
656 2308 812 2336 respiciuntur
829 2308 878 2330 lsai.
896 2309 930 2335 ll,
948 2309 969 2330 Ξ.
987 2312 1009 2331 et
1026 2309 1047 2331 3.

324 2346 332 2359 ²
350 2347 393 2369 Pro
412 2346 472 2376 liqui
489 2347 559 2375 ritae,
578 2347 641 2377 qnod
664 2353 716 2370 rere
730 2349 756 2370 tu.
773 2354 810 2375 cs,
829 2347 933 2371 videlicet
949 2348 992 2370 AB
1003 2348 1110 2371 ENWZ

261 2384 354 2414 lifflzum.
373 2385 443 2413 silue,
461 2387 548 2415 septem
568 2385 677 2409 riclelicet.

324 2423 332 2436 ³
351 2425 401 2446 Vat.
419 2424 559 2447 induamur.
575 2438 606 2441 —
625 2425 656 2447 De
673 2426 776 2448 oratione
788 2425 904 2448 dominica
921 2426 976 2449 1-1116
994 2426 1070 2448 Matth.
1084 2426 1108 2455 6,

262 2463 283 2485 9.
301 2470 365 2492 seqq.
383 2467 405 2486 et
422 2465 476 2486 Luc.
499 2465 536 2492 li,
555 2465 574 2486 2.
593 2471 659 2493 561111.

322 2502 331 2515 ⁴
350 2504 371 2525 ln
390 2504 406 2525 B
424 2507 445 2526 et
462 2503 568 2532 pluribus
586 2504 634 2526 aliis
651 2504 719 2526 codd.
737 2504 805 2526 etiam
823 2510 869 2526 non
889 2504 1017 2532 specialiter
1034 2511 1046 2527 a
1072 2511 1110 2527 no-

261 2541 295 2564 bis
313 2542 399 2565 collatis
417 2543 454 2565 liic
471 2546 600 2572 sequuntur
617 2544 668 2565 illae
685 2543 745 2566 duae
767 2545 876 2572 strophae
901 2550 971 2572 supra
995 2551 1049 2572 pag.
1068 2544 1106 2566 69.

260 2587 281 2604 n.
300 2582 321 2603 6.
339 2582 441 2609 positae:
461 2582 500 2605 His
517 2588 561 2605 nos
578 2582 629 2605 ciba
644 2582 774 2612 fructibus,
789 2589 850 2612 quae
862 2583 930 2605 etiam
943 2584 966 2605 10
979 2584 1029 2606 cod.
1049 2583 1065 2606 C
1082 2584 1109 2606 si-

260 2621 307 2642 mul
326 2627 378 2643 cum
398 2622 440 2643 hac
457 2622 560 2644 oratione
578 2628 620 2650 pro
638 2622 770 2644 obtinendis
787 2625 875 2650 septem
889 2622 955 2645 donis
973 2622 1071 2650 Spiritus
1084 2622 1106 2645 S,

987 2688 1060 2711 Notae
1077 2688 1106 2711 ad

323 2753 330 2765 ¹
349 2754 468 2777 Genuinus
485 2756 607 2783 rhythmus
625 2757 647 2778 S.
665 2756 853 2784 Bonaventurae,
865 2756 905 2785 qui
922 2762 976 2779 cum
993 2756 1067 2784 prima
1086 2760 1108 2779 et

259 2784 352 2807 duabus
369 2786 454 2808 ultimis
471 2787 572 2815 strophis
591 2786 660 2809 habet
677 2788 706 2809 60
725 2788 863 2815 versiculos,
881 2794 893 2810 a
911 2787 1107 2816 subsequentibus

259 2816 392 2839 auctoribus
410 2818 564 2845 multipliciter
582 2822 683 2841 mutatus
700 2822 722 2840 et
738 2819 850 2841 adauctus
870 2822 911 2842 est.
932 2819 1045 2842 Plurimos
1056 2826 1108 2841 ver-

259 2848 343 2869 siculos
360 2848 450 2870 addidit
466 2849 501 2871 Fr.
519 2849 642 2872 Ubertinus
654 2856 666 2871 a
680 2850 753 2872 Casali
765 2850 814 2878 (cfr.
828 2851 956 2878 Prolegom.
973 2857 993 2873 c.
1007 2851 1020 2872 l.
1033 2850 1045 2879 ’3
1059 2851 1105 2878 3.);

259 2878 343 2900 Bonelli
360 2879 383 2901 in
401 2886 443 2902 suo
461 2880 627 2908 Supplemento
645 2882 677 2903 ill.
694 2882 746 2904 coll.
765 2882 896 2904 11159-1462
920 2885 1011 2910 praeter
1029 2882 1107 2910 genui-

259 2916 301 2932 nos
319 2910 445 2933 versiculos
462 2911 557 2939 praebet
575 2918 601 2934 ex
618 2913 721 2941 quodam
738 2913 819 2935 codice
845 2914 965 2936 Mantuano
988 2913 1044 2935 alios
1061 2914 1105 2941 ple-

259 2947 359 2970 rumque
376 2942 518 2971 differentes,
536 2943 576 2972 qui
594 2950 690 2966 numero
709 2948 761 2966 sunt
772 2944 810 2966 76.
823 2945 873 2972 lpse
890 2945 957 2967 etiam
976 2946 1018 2967 1105
1035 2945 1106 2966 Bona-

259 2976 370 2995 renturae
387 2973 480 3000 tribuit;
501 2974 541 2996 5611
562 2975 604 2997 hoc
631 2975 725 2997 minime
751 2978 785 2998 est
807 2976 944 3002 verisimile,
971 2976 1106 3003 praesertim

257 3010 311 3026 cum
329 3004 397 3026 etiam
416 3005 471 3027 aliae
488 3009 510 3027 et
527 3006 658 3028 disserentes
676 3006 744 3028 huius
758 3007 860 3034 rhythmi
873 3008 961 3029 formae
973 3007 995 3029 in
1008 3007 1106 3029 diversis

257 3035 378 3058 codicibus
395 3036 549 3059 inveniantur.
562 3038 696 3065 Exemplum
710 3038 752 3060 tale
764 3038 911 3066 publicamus
927 3038 947 3060 in
960 3039 1004 3061 hoc
1021 3038 1107 3061 addita-

1169 2312 1287 2337 ponuntur
1304 2309 1328 2331 in
1347 2309 1392 2331 [ine
1409 2309 1507 2337 prologi.
1525 2309 1569 2332 Csr.
1587 2315 1641 2337 pag.
1661 2309 1698 2331 69.
1723 2312 1775 2331 nota
1799 2309 1819 2331 7.
1846 2308 1903 2332 Cod.
1925 2309 1942 2331 L
1964 2311 2018 2337 post

1167 2350 1241 2371 Amen
1260 2349 1292 2371 sic
1310 2349 1365 2371 istos
1388 2349 1515 2371 versiculos
1538 2349 1673 2377 explicando
1691 2348 1794 2371 exhibet:
1821 2347 1901 2371 Petilio
1928 2349 2015 2378 septem

1167 2387 1294 2410 donorum.
1312 2388 1351 2410 His
1376 2394 1430 2416 nos,
1447 2394 1516 2416 crux,
1542 2387 1602 2411 dono
1619 2387 1748 2417 sapientiae
1771 2387 1821 2410 ciba
1852 2387 1965 2410 fructibus
1984 2399 2016 2404 —

1167 2426 1228 2450 dono
1246 2426 1377 2450 intellectus
1395 2427 1480 2449 illustra
1498 2427 1612 2455 cogitatus
1629 2439 1660 2443 —
1677 2426 1738 2449 11000
1761 2426 1854 2450 consilii
1874 2427 1942 2450 rectis
1969 2427 2016 2450 duc

1166 2466 1286 2489 itineribus
1302 2479 1334 2483 —
1351 2466 1412 2489 (leno
1434 2465 1582 2496 fortitudinis
1600 2466 1671 2488 hostis
1693 2467 1772 2494 frango
1793 2468 1889 2488 conatus
1905 2479 1936 2482 -—
1953 2465 2015 2490 dono

1165 2505 1276 2529 scientiae
1293 2506 1365 2528 sacris
1382 2506 1444 2533 reple
1463 2505 1593 2533 fulgoribus
1609 2517 1640 2521 —
1657 2504 1718 2528 dotto
1732 2504 1827 2534 pietatis
1842 2505 1904 2533 spira
1923 2505 1973 2533 pios
1986 2506 2020 2528 af-

1166 2546 1238 2567 fectus
1257 2545 1308 2573 (pro
1325 2544 1431 2575 afflatus)
1450 2557 1479 2561 —-
1497 2544 1557 2567 [leno
1576 2544 1668 2567 tunm-[s
1685 2544 1715 2566 sis
1738 2547 1759 2566 te
1782 2543 1897 2567 Christum
1916 2544 2016 2567 timenti-

1166 2583 1210 2606 bus
1229 2597 1258 2600 —
1276 2584 1412 2613 tranquillus
1430 2584 1490 2606 vitae
1507 2587 1587 2606 status.
1604 2584 1687 2605 Amen.

1124 2688 1313 2712 additamentum.

1165 2760 1243 2779 mento
1268 2760 1371 2779 sumtum
1396 2763 1423 2779 ex
1448 2757 1500 2779 cod.
1525 2756 1677 2779 bibliothecae
1698 2756 1864 2778 Laurentianae
1888 2756 2018 2779 Florentiae

1166 2788 1232 2816 (Plut.
1251 2788 1312 2810 XiX.
1331 2788 1382 2810 cod.
1405 2789 1438 2810 10.
1456 2789 1527 2810 chart.
1547 2789 1583 2810 tol.
1602 2788 1646 2810 ‘206
1664 2794 1682 2810 r.
1700 2788 1742 2810 col.
1764 2788 1790 2815 l.)
1817 2790 1838 2810 et
1864 2788 1935 2810 altero
1961 2788 2013 2811 cod.

1164 2819 1273 2841 Urbinate
1291 2826 1314 2841 n.
1336 2820 1384 2842 1-21.
1403 2820 1433 2842 Ex
1450 2819 1532 2842 eodem
1551 2820 1618 2842 etiam
1637 2822 1711 2847 patet,
1729 2820 1790 2841 hunc
1808 2820 1942 2846 rhythmum
1960 2819 2014 2841 ada-

1166 2854 1254 2878 ptatum
1273 2857 1323 2873 esse
1341 2851 1370 2873 ad
1388 2851 1539 2879 cantandum,
1557 2851 1586 2873 116
1603 2857 1650 2880 quo
1667 2851 1733 2879 plura
1750 2851 1804 2873 vide
1822 2851 1843 2872 in
1861 2850 1945 2873 nostris
1963 2851 2014 2873 Pro-

1166 2883 1292 2910 legomenis
1309 2883 1351 2904 loc.
1370 2883 1407 2904 cit.

1230 2914 1259 2935 Ex
1276 2914 1379 2942 quodam
1397 2914 1449 2936 cod.
1467 2913 1619 2936 bibliothecae
1636 2914 1714 2941 regiae
1731 2913 1843 2936 Monachii
1870 2913 1947 2941 (codd.
1964 2913 2012 2935 Lat.

1164 2951 1187 2966 n.
1206 2944 1274 2967 9084.
1292 2946 1330 2967 sol.
1348 2945 1386 2973 52)
1405 2945 1554 2973 adiungimus
1571 2945 1704 2972 speciminis
1720 2951 1789 2967 causa
1806 2944 1894 2972 primas
1906 2945 2017 2973 strophas

1165 2976 1277 3004 genumas
1294 2982 1347 2998 cum
1365 2976 1478 2999 brevibus
1495 2976 1685 3005 expositionibus.

1228 3006 1236 3019 ²
1253 3007 1339 3030 Auctor
1356 3014 1426 3030 voces
1445 3014 1527 3031 uersus
1544 3011 1566 3030 et
1583 3007 1712 3031 versiculos
1729 3007 1800 3030 sumit
1816 3013 1859 3035 pro
1875 3006 1981 3036 stropha.

1228 3038 1236 3050 ³
1255 3039 1285 3061 lta
1304 3042 1400 3067 uterque
1418 3039 1496 3062 codex.
