2133 3317
575 216 771 245 OPUSCULUM
791 217 833 245 xl.
855 217 1015 246 APOLOGIA
1036 218 1217 247 PAUPERUM.
1239 219 1306 247 CAP.
1330 219 1370 247 lv.

102 294 249 323 Dominum
260 293 402 327 amaverit,
414 293 543 322 indicavit
554 293 612 330 qui,
625 293 685 322 aliis
697 293 875 330 fugientibus,
891 294 944 322 Do—

102 341 207 370 minum
228 340 306 377 sequi
328 348 382 368 nou
404 339 515 374 omisit;
544 339 665 368 nondum
687 343 778 368 tamen
800 340 943 376 perfectio-

101 395 163 416 nem
185 386 282 415 habuit
302 386 350 423 qui
372 386 414 415 vel
435 386 551 415 territus
565 386 661 423 fugere
679 386 809 423 potuit».
833 387 860 414 111
882 386 944 423 qui-

101 433 153 462 bus
173 435 298 469 patenter
319 432 453 466 ostendit,
474 432 549 469 quod
569 432 634 469 fuga
661 440 698 461 ex
726 432 825 461 timore
846 432 944 461 mortis

101 487 155 508 non
175 481 229 507 stat
249 486 313 507 cum
333 478 500 515 perfectione
521 479 651 508 caritatis.

182 526 224 553 11.
246 525 300 553 Nec
319 524 409 553 obstat
431 525 548 553 verbum
562 525 672 554 Glossae
687 533 771 562 super
786 525 853 554 illud
869 525 944 553 loan-

0 578 90 624 3ng
103 572 185 601 nis1:
208 571 294 599 Atius
314 575 339 599 te
359 571 467 609 cinyet,
489 579 545 608 qua
565 571 682 606 dicitur,
696 571 770 608 quod
785 571 943 600 huiusmodi

102 618 215 647 affectus
235 617 303 646 adeo
324 618 459 646 naturalis
479 620 555 652 erat,
577 621 608 647 ut
628 626 679 647 nec
699 625 764 647 eum
795 618 874 646 Petro
902 625 944 647 se-

102 667 198 693 nectus
218 663 377 698 abstulerit,
399 672 463 693 cum
485 667 575 693 tamen
590 664 730 701 perfectus
744 668 831 699 esset,
846 673 898 701 pro
911 672 944 693 eo

102 710 175 748 quod
196 710 270 739 aliud
291 714 333 739 est
354 711 466 745 timere,
485 711 559 740 aliud
574 720 608 739 ex
623 711 725 740 timore
738 710 858 749 fuyere,
873 711 945 740 sicut

102 758 129 786 in
149 757 244 786 eadem
265 757 375 792 Glossa,
396 765 481 795 quam
502 757 560 795 ipse
581 758 772 787 fraudulenter
786 758 942 791 detruncat,

101 803 255 832 immediate
276 803 455 840 subiungitur
468 814 474 831 :
493 815 506 828 «ι
522 803 573 832 Sed
588 807 825 841 quantacumque,
843 804 893 837 ait,
909 803 944 832 sit

102 849 226 878 molestia
254 850 366 884 mortis,
396 850 487 879 vincat
513 858 574 879 eam
603 850 644 879 vis
671 851 815 885 amoris»;
837 853 944 879 constat

101 899 209 930 autem,
231 896 305 933 quod
325 896 427 925 amoris
448 896 474 925 vi
495 899 645 933 superante
674 897 818 931 timorem,
839 905 944 934 nequa-

101 950 183 980 quam
205 942 335 979 fugimus.
352 959 387 962 —
402 943 476 980 Fuga
497 943 581 979 igitur
602 951 638 972 ex
660 943 758 972 timore
779 944 876 972 mortis
897 952 943 973 ne-

101 997 239 1026 quaquam
261 992 334 1018 stare
354 992 444 1026 potest
465 998 527 1018 cum
548 990 714 1026 perfectione
735 991 846 1020 amoris.
868 991 943 1020 Unde

101 1035 270 1072 Augustinus
284 1035 311 1064 111
326 1036 451 1072 originali
467 1036 579 1064 homilia
593 1036 687 1065 eadem
701 1037 726 1064 2;
747 1048 760 1062 α
772 1038 854 1066 Α11101
865 1037 943 1066 Chri-

101 1082 134 1111 sti
156 1082 182 1110 in
204 1090 236 1110 eo
257 1082 303 1119 qui
327 1083 413 1119 pascit
433 1090 499 1111 oves
519 1083 595 1116 eius,
617 1083 643 1111 in
667 1086 720 1111 tam
747 1091 876 1120 magnum
897 1084 944 1112 de-

100 1128 146 1157 bet
177 1128 277 1157 Christi
310 1129 448 1166 talemque
479 1137 604 1158 crescere
635 1130 779 1164 ardorem,
801 1134 832 1159 ut
854 1128 944 1159 vincat

100 1175 181 1204 etiam
204 1176 301 1204 mortis
315 1176 470 1205 naturalem
486 1176 629 1211 timorem,
645 1185 701 1214 quo
716 1177 785 1206 mori
801 1178 944 1212 nolumus,

100 1222 181 1251 etiam
202 1222 312 1259 quando
333 1230 396 1251 cum
425 1223 534 1252 Christo
562 1224 655 1252 vivere
683 1224 811 1252 volumus
826 1236 852 1252 ».
875 1224 944 1253 Haec

100 1269 278 1306 Augustinus.
300 1269 341 1297 Ex
362 1269 465 1306 quibus
486 1269 677 1304 concluditur,
705 1270 778 1307 quod
800 1270 864 1307 suga
891 1271 944 1299 hu-

102 1314 218 1343 iusmodi
241 1317 314 1343 stare
335 1323 388 1344 non
411 1319 500 1352 potest
515 1324 578 1344 cum
594 1316 715 1352 perfecta
729 1317 857 1350 caritate,
873 1325 944 1354 quae

101 1361 175 1390 hunc
206 1362 362 1390 naturalem
393 1362 520 1391 timorem
551 1366 718 1399 exsuperat,
747 1371 780 1391 ne
802 1363 944 1392 timentem

101 1411 242 1437 convertat
262 1408 289 1436 in
311 1408 412 1445 fugam.

180 1455 224 1483 12.
247 1455 343 1483 Dicere
365 1455 465 1491 igitur,
487 1463 523 1484 ex
546 1455 597 1484 hoc
619 1455 717 1484 timore
738 1456 880 1485 Christum
901 1456 945 1485 fu—

68 1533 72 1537 ,
101 1501 184 1538 gisse,
206 1509 260 1529 non
282 1505 323 1530 est
343 1501 418 1530 aliud
439 1510 522 1539 quam
544 1502 634 1538 ipsum
651 1502 858 1539 blasphemare,
881 1511 944 1532 cum

67 1570 72 1576 .
102 1556 139 1577 ex
160 1548 212 1577 hoc
233 1551 383 1585 sequatur,
408 1548 482 1585 quod
500 1549 527 1577 in
549 1549 608 1585 ipso
630 1549 713 1577 fuerit
733 1557 811 1577 amor
832 1553 945 1578 natura-

102 1595 155 1623 lem
177 1595 303 1623 timorem
325 1603 379 1623 non
400 1603 551 1631 superans,
574 1595 621 1624 sed
641 1596 676 1624 ab
698 1596 756 1632 ipso
781 1599 944 1633 superatus,

101 1649 132 1670 ac
153 1649 202 1677 per
224 1641 275 1670 boc
297 1649 351 1670 non
372 1641 493 1678 perfecte
514 1642 670 1676 stabiliens,
699 1642 745 1671 sed
768 1643 897 1671 vacillans
918 1646 945 1671 et

100 1687 287 1724 imperfectus.
319 1688 448 1717 Advertat
480 1689 564 1725 igitur
595 1688 723 1726 quisquis
744 1689 811 1717 baec
833 1689 944 1726 legerit,

100 1733 174 1771 quod
202 1734 283 1771 fugae
310 1734 482 1771 provenienti
511 1743 547 1764 ex
576 1735 694 1763 naturali
724 1735 821 1764 timore
848 1735 945 1764 mortis

99 1780 296 1818 perfectionem
309 1781 476 1816 attribuere,
491 1782 631 1818 simulque
645 1789 782 1816 asserere,
799 1782 849 1810 hoc
864 1782 945 1810 modo

100 1827 247 1856 Dominum
275 1827 393 1865 fugisse,
422 1828 491 1856 nihil
518 1828 594 1857 aliud
619 1832 660 1857 est
687 1836 770 1865 quam
803 1828 945 1857 Christum

99 1873 198 1903 ducem
219 1874 274 1902 iam
294 1877 465 1911 prostratum
486 1875 521 1903 ab
542 1875 669 1904 hostibus
686 1875 778 1904 dicere
793 1878 820 1903 et
833 1875 945 1904 univer-

100 1928 162 1950 sum
193 1920 280 1957 ipsius
306 1921 463 1950 exercitum
493 1921 528 1950 ad
552 1921 645 1958 fugam
667 1929 826 1958 provocare.
848 1921 946 1950 Nullus

100 1967 173 1996 enim
194 1967 291 1996 mortis
312 1967 411 1996 timore
432 1967 459 1996 in
481 1967 572 2004 fugam
593 1968 781 2002 convertitur,
796 1967 848 1996 uisi
863 1968 945 1996 timor

100 2013 258 2042 huiusmodi
281 2014 308 2042 in
330 2021 362 2042 eo
382 2014 548 2043 dominetur.
572 2014 672 2050 Quodsi
693 2014 760 2048 hoc,
783 2018 814 2043 ut
834 2014 945 2048 asserit,

101 2060 253 2097 perfectum
276 2064 332 2095 est,
354 2064 381 2090 et
401 2069 497 2090 omnes
520 2061 571 2090 hoc
592 2061 692 2089 timore
714 2061 877 2090 naturaliter
898 2069 946 2090 ur-

101 2110 217 2144 gentur;
239 2108 277 2136 nil
297 2107 372 2136 aliud
390 2111 475 2137 restat
490 2108 641 2137 secundum
657 2108 727 2137 hanc
742 2108 884 2145 profanam
898 2108 946 2136 do-

164 2295 171 2308 ¹
190 2295 245 2324 Cap.
263 2296 301 2324 21,
322 2296 356 2318 18.
373 2296 463 2323 (110553,
480 2298 555 2318 sumta
573 2302 599 2319 ex
617 2297 726 2324 August.,
743 2296 765 2318 in
783 2297 843 2319 loun.
859 2297 946 2325 livang.

104 2338 130 2358 tr.
149 2335 200 2357 123.
218 2341 240 2357 n.
258 2335 284 2363 5,
303 2338 337 2357 est
353 2334 478 2358 ordinaria
496 2335 558 2363 apud
577 2336 708 2363 Lyranum:
734 2335 768 2357 Ad
794 2335 854 2357 illam
878 2336 946 2358 mole-

102 2374 169 2396 stiam
186 2373 264 2396 nolens
282 2372 380 2403 [Petrus]
398 2377 432 2396 est
449 2373 545 2401 ductus,
562 2374 641 2396 nolens
659 2374 687 2396 ad
705 2380 755 2396 eam
768 2374 843 2401 venit,
855 2374 896 2396 sed
908 2380 946 2396 vo·

103 2413 150 2436 lens
167 2419 218 2435 eam
237 2413 290 2435 vicit
308 2416 330 2435 et
346 2412 439 2441 reliquit
456 2413 561 2435 affectum
580 2413 727 2441 infirmitatis,
744 2419 791 2442 quo
812 2419 880 2435 nemo
897 2414 946 2435 vult

104 2452 174 2479 mori,
192 2452 232 2481 qui
249 2452 307 2475 adeo
319 2455 353 2474 est
364 2452 487 2479 naturalis,
500 2454 524 2474 ut
536 2458 590 2475 eum
602 2458 645 2475 nec
660 2455 767 2475 senectus
779 2452 898 2475 abstulerit
909 2453 946 2474 Pe·

103 2494 145 2514 tro.
163 2491 227 2514 Unde
245 2494 267 2513 et
284 2491 395 2514 Dominus
414 2491 497 2520 [Matth.
517 2491 558 2518 26,
577 2491 639 2520 39.]:
664 2492 779 2514 Transeat
795 2498 810 2514 (ι
827 2497 864 2514 me
881 2490 946 2514 cutim

103 2529 152 2553 iste.
169 2529 214 2552 Sed
232 2532 418 2559 quantacumque
435 2530 463 2552 sit
485 2530 588 2552 molestia
615 2530 706 2557 mortis,
733 2530 809 2552 vincat
836 2535 888 2552 eam
911 2530 947 2552 vis

103 2569 188 2591 amoris
206 2571 248 2591 etc.

166 2606 175 2620 Β
192 2608 222 2630 Ex
247 2614 292 2636 qua
317 2608 396 2630 Glossa
422 2610 554 2635 praenotata
580 2610 656 2630 sumta
683 2610 728 2634 est,
746 2608 830 2630 seilicet
847 2608 868 2630 111
887 2609 946 2630 ioan.

105 2646 192 2674 Evang.
210 2648 238 2668 tr.
256 2646 307 2668 123.
325 2652 347 2668 11.
367 2646 388 2668 5.
401 2646 486 2669 Textus
498 2646 616 2674 originalis
628 2646 710 2669 omittit
722 2645 810 2669 Christi
822 2645 946 2675 talemque.

103 2698 134 2701 —
152 2685 262 2713 Superius
279 2691 322 2713 pro
339 2691 490 2714 nequaquam
515 2686 580 2708 stare
605 2684 675 2707 BCD
700 2686 764 2708 stare
785 2690 841 2713 hon,
861 2687 883 2707 01
904 2691 946 2713 pro

103 2723 244 2753 perfectione
260 2723 351 2747 amoris
369 2724 408 2752 (ita
426 2723 533 2752 BCDG)
552 2724 605 2747 edd.
620 2723 761 2753 perfectione
779 2723 894 2747 caritatis.

167 2762 176 2775 ³
194 2763 323 2791 RespIcitur
340 2764 400 2785 10311.
420 2763 461 2791 10,
480 2763 516 2785 11.
534 2769 599 2792 seqq.

166 2801 175 2813 ⁴
194 2802 226 2824 De
243 2802 285 2824 hac
303 2803 356 2830 fuga
373 2802 441 2824 refert
458 2801 577 2828 Ambros„
603 2801 674 2829 Epist.
700 2801 737 2823 2¹.
763 2800 839 2824 Serm.
863 2802 947 2824 contra

105 2839 265 2868 Auxentium,
283 2847 305 2863 n.
324 2841 366 2863 131
386 2841 412 2863 Et
428 2840 535 2869 quamvis
553 2840 654 2870 [Petrus]
672 2842 732 2862 esset
743 2840 843 2868 cupidus
859 2840 947 2868 passio-

104 2879 154 2906 nis,
172 2882 247 2902 tamen
266 2879 458 2907 contemplatione
475 2879 554 2908 populi
572 2879 688 2907 precantis
704 2879 800 2901 inflexus
817 2881 865 2907 est;
882 2885 947 2907 roga-

105 2918 172 2941 batur
189 2919 264 2947 enim,
282 2921 306 2941 ut
322 2919 351 2941 ad
370 2918 535 2941 instituendum
552 2921 574 2941 et
591 2918 776 2941 confirmandum
794 2918 906 2946 populum
922 2924 946 2940 se

105 2960 240 2980 reservaret.
259 2957 318 2986 Quid
337 2957 427 2979 multa?
445 2957 514 2980 Nocte
531 2963 610 2980 muros
633 2957 713 2985 egredi
735 2957 811 2985 coepit
828 2959 849 2979 et
865 2956 947 2979 videns

105 2995 146 3018 sibi
166 2996 188 3018 in
206 2998 271 3024 porta
288 2996 403 3019 Christum
421 3001 542 3019 occurrere
559 2996 688 3025 urbemque
706 2996 807 3024 ingredi,
825 2996 870 3018 ait:
884 3004 895 3016 α
906 2996 948 3019 Do·

1785 221 1840 248 ⁶255

1000 295 1132 329 ctrinam,
1154 296 1205 325 nisi
1227 300 1258 325 ut
1279 304 1374 326 omnes
1388 296 1416 325 111
1430 296 1522 334 fugam
1538 300 1743 326 convertantur.
1763 297 1842 326 Nulla

1000 341 1084 377 igitur
1105 342 1158 370 erit
1179 342 1206 370 in
1227 342 1356 379 fugiendo
1376 343 1530 372 differentia
1551 343 1669 380 pastoris
1689 346 1716 372 et
1737 351 1842 373 merce-

999 387 1108 421 narii³,
1129 396 1192 416 cum
1215 391 1334 425 uterque
1348 389 1452 426 pariter
1469 390 1567 418 habeat
1587 390 1740 419 naturalem
1763 390 1843 418 timo-

1000 440 1059 461 rem
1081 434 1224 462 moriendi.

1081 479 1125 508 13.
1148 480 1185 508 De
1206 484 1307 517 quarto
1335 482 1415 510 modo
1436 482 1556 519 fugiendi
1578 483 1730 517 disserens,
1751 483 1841 517 addit,
1859 489 1887 531 ⁰1⁰
1896 489 1914 516 4.
1927 489 1982 531 uae-do

999 526 1074 562 quod
1100 538 1113 551 <t
1126 525 1229 563 supere
1242 535 1277 555 ex
1291 527 1453 557 ltmm‘tz'tate
1466 530 1585 564 mentis,
1600 538 1656 567 qua
1670 530 1752 559 homo
1766 530 1843 559 infir-
1881 517 1936 536 ”⁸¹⁰⁰
1950 518 1964 531 ¹'

1000 572 1122 601 mitatem
1145 573 1285 609 propriam
1307 575 1477 611 recognoscit
1502 579 1529 604 et
1552 576 1586 604 ad
1614 579 1731 605 mortem
1760 577 1842 606 susti-

999 618 1117 647 nendam
1145 618 1287 647 humiliter
1315 627 1343 648 se
1371 620 1562 657 imperfectum
1590 622 1692 657 credit,
1714 623 1843 659 competit

1000 664 1067 693 viris
1081 664 1209 701 perfectis
1220 676 1247 693 υ.
1263 666 1328 694 Nam
1353 677 1366 691 α
1378 667 1429 695 boc
1444 668 1537 702 modo,
1552 671 1583 697 ut
1597 669 1647 702 ait,
1662 669 1731 706 fugit
1746 669 1843 698 Petrus

999 719 1016 739 a
1036 711 1104 740 facie
1125 712 1277 746 Neronis4,
1299 715 1326 741 et
1351 713 1440 742 Iudaei
1469 715 1675 751 persecutiones
1702 716 1842 750 Antiochi,

999 760 1026 786 et
1040 758 1222 787 anachoretae
1237 759 1456 795 persecutionem
1472 760 1546 789 Decii
1567 764 1594 790 et
1615 762 1750 791 Valeriani
1766 774 1792 790 n.
1812 763 1843 791 Et

1000 807 1061 840 post
1082 804 1240 841 subiungit,
1262 805 1336 842 quod
1361 816 1374 830 «ι
1390 806 1460 834 hanc
1484 806 1577 843 fugam
1599 807 1692 836 docuit
1716 808 1842 837 Christus

999 853 1027 879 et
1047 851 1175 887 exemplo
1196 851 1386 886 confirmavit,
1407 855 1435 880 et
1455 852 1515 881 ideo
1536 857 1577 882 est
1598 854 1729 883 imitanda
1754 855 1844 891 perfe-

999 897 1050 926 ctis
1061 909 1088 924 n.
1101 913 1137 918 -—
1150 897 1219 926 Haec
1229 900 1322 926 autem
1336 898 1358 927 si
1370 899 1433 935 quis
1444 899 1588 936 diligenter
1602 900 1764 935 consideret,
1776 902 1843 930 scri-
1859 906 1971 931 Responsio-

999 943 1090 972 bentis
1110 944 1276 980 imperitiam
1297 945 1439 974 manifeste
1460 946 1619 982 perpendet.
1639 947 1705 975 Nam
1720 947 1841 983 primum
1855 953 1883 972 De
1896 954 1982 980 eyemplo

999 990 1159 1027 exemplum
1179 990 1213 1019 de
1235 991 1314 1019 Petro
1335 994 1376 1019 est
1396 991 1496 1020 falsum
1508 992 1528 1020 ⁵.
1551 992 1577 1020 Si
1597 993 1669 1021 enim
1695 993 1792 1022 Petrus
1813 1002 1842 1023 se
1884 982 1951 1000 ''mm''

1000 1037 1159 1073 reputabat,
1175 1040 1206 1065 ut
1220 1037 1300 1071 dicit,
1323 1038 1513 1075 imperfectum
1536 1039 1569 1067 ad
1590 1040 1768 1076 martyrium,
1784 1040 1844 1077 pari

1000 1083 1106 1112 ratione
1127 1087 1154 1112 et
1175 1083 1291 1120 quilibet
1312 1083 1494 1113 Christianus.
1517 1085 1542 1113 Si
1562 1085 1647 1122 igitur
1662 1094 1698 1114 ex
1714 1086 1765 1115 hac
1779 1094 1844 1115 con-

1000 1130 1164 1159 sideratione
1192 1130 1288 1167 fugere
1315 1131 1468 1167 perfectum
1501 1135 1557 1166 est,
1589 1132 1705 1169 quilibet
1732 1133 1845 1161 omnino

999 1176 1080 1205 debet
1101 1177 1212 1213 fugere,
1234 1177 1385 1214 nullusque
1416 1178 1449 1206 ad
1477 1179 1632 1215 passionem
1658 1182 1789 1216 tanquam
1811 1180 1845 1209 ad

1001 1231 1059 1252 rem
1081 1223 1208 1260 proprias
1228 1223 1302 1252 vires
1323 1224 1561 1253 transcendentem
1578 1225 1710 1262 aspirare.
1730 1226 1770 1254 Ex
1789 1234 1845 1263 quo

1000 1270 1082 1298 etiam
1097 1270 1164 1298 illud
1179 1270 1307 1304 infertur,
1322 1270 1396 1307 quod
1411 1275 1640 1307 praesumtuosus
1654 1272 1738 1301 fuerit
1752 1272 1844 1301 fervor

1001 1319 1159 1345 sanctorum
1180 1317 1349 1353 Martyrum,
1381 1317 1428 1354 qui
1457 1318 1540 1347 corde
1562 1318 1699 1355 intrepido
1726 1319 1759 1347 ad
1787 1322 1844 1347 tor-

1001 1365 1093 1391 menta
1121 1363 1290 1392 ferebantur.
1320 1380 1356 1384 —
1386 1364 1542 1393 Secundum
1564 1368 1656 1394 autem
1684 1366 1845 1402 exemplum
1861 1373 1989 1393 noseeundo.

1001 1412 1042 1438 est
1064 1409 1091 1437 in
1113 1417 1141 1438 se
1162 1410 1325 1446 ambiguum
1346 1414 1373 1439 et
1394 1411 1574 1447 impertinens
1601 1411 1634 1439 ad
1655 1412 1844 1448 propositum,

1001 1456 1067 1492 quia
1088 1464 1142 1484 non
1165 1459 1286 1490 constat,
1302 1456 1415 1485 ludaeos
1430 1457 1490 1485 illos
1504 1465 1541 1486 ex
1556 1458 1712 1487 humilitate
1727 1458 1844 1495 fugisse;

1001 1510 1051 1531 nec
1072 1502 1105 1530 ad
1127 1502 1301 1539 perfectionis
1332 1504 1492 1540 exemplum
1525 1504 1589 1541 fuga
1620 1512 1717 1533 eorum
1742 1506 1845 1534 assumi

1001 1552 1105 1586 potest,
1127 1549 1173 1586 qui
1196 1550 1329 1578 materiali
1352 1550 1441 1587 gladio
1462 1551 1603 1588 propriam
1625 1551 1776 1580 tuebantur
1803 1560 1846 1581 sa-

1002 1596 1087 1624 lutem
1108 1599 1135 1625 et
1155 1596 1344 1631 adversarios,
1376 1597 1486 1634 quando
1517 1597 1567 1626 sibi
1599 1597 1715 1627 facultas
1735 1598 1844 1633 aderat,

1000 1643 1241 1680 persequebantur
1261 1643 1295 1671 ad
1316 1646 1443 1672 mortem.

1082 1690 1125 1718 14.
1149 1690 1313 1727 Exemplum
1334 1698 1400 1719 vero
1416 1691 1528 1719 tertium
1544 1691 1578 1720 de
1592 1691 1781 1726 anachoretis,
1797 1692 1844 1720 ubi
1862 1700 1890 1719 oe
1903 1699 1966 1719 tertio.

1001 1737 1100 1773 allegat
1120 1737 1311 1765 auctoritatem
1333 1737 1489 1773 Hieronymi
1512 1746 1562 1774 pro
1577 1738 1641 1774 fuga
1657 1738 1747 1772 Pauli,
1762 1738 1845 1775 primi

1001 1783 1147 1817 eremitae,
1169 1791 1220 1811 suo
1241 1783 1381 1820 proposito
1406 1791 1460 1812 non
1488 1784 1633 1820 competit,
1658 1784 1725 1821 quin
1753 1784 1845 1821 potius

1001 1829 1174 1858 adversatur.
1197 1830 1262 1858 Nam
1286 1830 1386 1858 Paulus
1406 1833 1488 1864 tunc,
1510 1833 1542 1859 ut
1562 1831 1685 1859 ibidem⁶
1714 1831 1845 1867 Hierony-

1001 1884 1064 1904 mus
1085 1875 1165 1910 dicit,
1187 1875 1345 1904 adolescens
1373 1879 1432 1904 erat
1462 1876 1596 1905 delicatus
1623 1879 1650 1905 et
1670 1876 1762 1911 dives,
1790 1885 1845 1905 11011

1001 1922 1182 1956 anachoreta,
1198 1930 1252 1950 non
1274 1923 1441 1957 monachus,
1463 1923 1510 1951 sed
1526 1923 1617 1952 adhuc
1631 1923 1659 1952 in
1674 1924 1784 1952 saeculo
1799 1923 1845 1952 de-

1002 1976 1076 2005 gens
1100 1968 1138 1997 De
1159 1976 1215 2005 quo
1237 1968 1308 1997 idem
1330 1969 1511 2006 Hieronymus
1536 1969 1645 2004 subdit,
1670 1970 1744 2007 quod
1769 1981 1783 1995 ι(
1798 1978 1846 1999 110-

1003 2015 1157 2043 cessitatem
1188 2015 1216 2043 in
1247 2015 1418 2044 voluntatem
1448 2015 1584 2044 convertit
1603 2028 1630 2051 n,
1661 2016 1728 2045 dum
1756 2016 1845 2053 primo

1002 2061 1080 2098 quasi
1096 2061 1270 2097 compulsus,
1289 2064 1384 2098 postea
1398 2061 1572 2090 voluntarius
1586 2062 1687 2091 mansit
1700 2062 1728 2091 in
1743 2070 1844 2091 eremo.

1002 2108 1041 2136 De
1061 2108 1121 2136 aliis
1151 2116 1217 2137 vero
1245 2107 1422 2143 Christianis,
1451 2109 1499 2145 qui
1528 2109 1581 2137 iam
1610 2109 1723 2146 perfecti
1750 2113 1845 2143 erant,

1003 2297 1076 2323 mine,
1093 2303 1140 2325 quo
1157 2297 1223 2319 vadis
1234 2298 1260 2318 n?
1277 2296 1405 2324 Respondit
1421 2296 1537 2319 Christus:
1556 2305 1566 2318 «
1581 2297 1655 2320 Venio
1672 2297 1755 2320 iterum
1773 2298 1846 2320 cruci-

1003 2335 1042 2363 figi
1055 2344 1077 2358 n.
1094 2335 1200 2358 intellexit
1217 2336 1307 2363 Petrus,
1320 2335 1349 2358 ad
1360 2341 1432 2358 suam
1448 2341 1543 2358 crucem
1560 2335 1666 2358 divinum
1683 2335 1798 2363 pertinere
1813 2342 1846 2358 re-

1002 2380 1137 2402 sponsum...
1154 2375 1233 2403 ltaque
1249 2376 1332 2402 sponte
1354 2374 1489 2397 remeavit...
1514 2374 1638 2403 statimque
1655 2377 1787 2403 correptus,
1805 2381 1846 2403 per

1003 2419 1095 2436 crucem
1121 2419 1187 2436 suam
1213 2413 1373 2436 honorificavit
1394 2414 1518 2436 Dominum
1538 2414 1620 2437 lesum.
1638 2427 1669 2430 —
1686 2414 1718 2436 De
1737 2415 1790 2442 fuga
1808 2414 1846 2436 lu-

1003 2451 1117 2475 daeorum
1134 2453 1174 2475 cfr.
1191 2453 1207 2475 1.
1224 2453 1295 2475 Mach.
1314 2453 1335 2479 1,
1354 2452 1391 2475 40.
1408 2455 1430 2475 01
1447 2453 1473 2481 2,
1491 2453 1529 2475 27.
1546 2459 1610 2482 seq.;
1628 2453 1657 2476 de
1675 2454 1728 2481 fuga
1745 2452 1846 2476 anacho-

1002 2492 1112 2514 retarum
1129 2491 1182 2513 vide
1200 2491 1255 2513 infra
1273 2497 1296 2513 n.
1314 2490 1350 2513 14.

1064 2529 1074 2544 ⁵
1092 2529 1150 2552 Vide
1167 2532 1243 2552 notam
1261 2529 1446 2558 praecedentem.

1065 2566 1075 2580 ⁸
1093 2568 1143 2590 Vita
1161 2569 1183 2590 S.
1203 2569 1278 2596 Pauli,
1295 2575 1317 2591 n.
1335 2569 1391 2591 2-6:
1409 2568 1456 2591 Sub
1474 2568 1542 2591 Decio
1560 2571 1582 2591 et
1594 2568 1715 2591 Valeriano
1739 2575 1846 2596 persecu-

1003 2607 1114 2630 toribus...
1133 2608 1216 2630 multas
1233 2608 1296 2636 apud
1313 2608 1445 2636 Aegyptum
1462 2610 1484 2630 et
1500 2607 1643 2630 Thebaidem
1660 2608 1772 2630 Ecclesias
1789 2610 1844 2630 tem-

1003 2649 1080 2674 pestas
1096 2652 1165 2669 saeva
1183 2647 1292 2674 populata
1308 2649 1365 2669 est...
1383 2647 1424 2669 Per
1437 2646 1498 2669 idem
1510 2652 1566 2674 ergo
1579 2648 1696 2674 tempus...
1708 2652 1788 2669 sorore
1800 2646 1845 2669 iam

1003 2685 1053 2708 viro
1070 2685 1175 2708 tradita...
1194 2685 1276 2708 Paulus
1293 2685 1385 2708 relictus
1402 2688 1435 2708 est
1452 2691 1565 2708 annorum
1588 2685 1681 2708 circiter
1702 2684 1845 2708 seoedeoim...

1003 2723 1029 2745 Et
1045 2729 1098 2746 cum
1116 2723 1282 2751 persecutionis
1298 2724 1396 2751 procella
1415 2723 1541 2752 detonaret,
1558 2723 1581 2746 in
1602 2723 1680 2746 villam
1697 2723 1844 2746 remotiorem

1003 2764 1025 2784 et
1041 2762 1188 2785 secretiorem
1205 2761 1306 2784 secessit.
1326 2762 1414 2784 Verum
1431 2762 1488 2790 quid
1505 2764 1598 2790 pectora
1615 2762 1714 2784 bumana
1741 2768 1788 2784 non
1810 2768 1846 2785 co-

1003 2800 1054 2829 git?
1072 2801 1162 2823 Sororis
1179 2801 1274 2823 maritus
1286 2800 1363 2828 coepit
1375 2800 1497 2828 prodere...
1509 2800 1577 2829 Quod
1594 2800 1633 2823 ubi
1651 2800 1845 2829 prudentissimus

1003 2839 1138 2863 adolescens
1155 2840 1276 2868 intellexit,
1291 2840 1321 2862 ad
1338 2840 1451 2862 montium
1464 2840 1553 2862 deserta
1566 2840 1709 2869 confugiens,
1726 2840 1783 2863 dum
1795 2846 1845 2868 per-

1003 2879 1128 2901 secutionis
1144 2878 1214 2901 finem
1227 2879 1415 2907 praestolaretur,
1431 2878 1592 2902 necessitatem
1603 2878 1628 2902 in
1638 2878 1784 2902 voluntatem
1797 2885 1846 2902 ver-

1004 2917 1056 2941 tit...
1075 2917 1145 2946 igitur
1162 2917 1292 2940 adamato...
1310 2917 1439 2940 habitaculo
1456 2923 1549 2940 omnem
1567 2917 1653 2941 ibidem
1669 2918 1691 2940 in
1703 2917 1845 2941 orationibus

1003 2959 1025 2979 et
1041 2956 1164 2979 solitudine
1181 2956 1245 2979 duxit
1261 2958 1366 2979 aetatem.
