2133 3317
171 535 262 553 Tertium.

163 1666 260 1689 Quartum.

164 2562 259 2586 Quintum.

280 213 336 241 554

280 292 418 321 Sanctus?
437 292 496 328 Qua
510 291 555 319 via
575 290 725 319 discessit»
739 293 749 318 ?
764 290 822 318 Viri
837 293 930 319 autem
946 290 985 318 illi
1000 291 1129 319 tremesa-

280 339 331 373 cti,
354 339 432 375 proni
456 338 616 366 ceciderunt
630 338 657 365 in
674 340 791 371 terram,
806 337 932 366 sublimis
946 337 994 366 Dei
1010 337 1129 374 gloriosa

280 385 446 414 extollentes
466 384 602 421 magnalia
622 387 650 413 et
670 384 795 413 virtuosa
809 384 909 412 merita
923 384 1037 413 humilis
1055 384 1128 413 servi

279 433 347 461 eius.

359 479 384 508 3.
408 479 523 508 Iuvenes
544 478 656 515 quidam
678 478 711 506 de
732 478 824 515 Burgo
851 478 964 506 Celani1
995 486 1046 514 pro
1073 486 1128 507 me-

280 526 369 555 tendis
390 526 485 555 herbis
506 526 634 554 exierant
655 525 689 554 ad
721 525 887 562 campestria
917 525 1068 562 quaedam,
1100 525 1128 553 in

279 573 382 610 quibus
403 576 484 602 vetus
506 573 606 602 latebat
628 576 744 609 puteus,
768 572 862 601 herbis
887 572 914 600 in
943 580 1052 601 summo
1080 581 1128 602 ore

279 621 435 650 virentibus
456 620 656 654 obumbratus,
672 620 718 657 qui
735 620 813 656 quasi
830 627 878 656 per
894 627 992 656 passus
1007 623 1128 656 quatuor

279 676 416 705 aquarum
438 667 612 696 altitudinem
644 667 809 696 continebat.
842 667 1010 703 segregatim
1043 667 1128 703 igitur

279 724 329 752 per
350 723 478 752 campum
500 714 723 743 discurrentibus
745 714 856 751 pueris,
878 722 952 742 unus
973 722 1008 742 ex
1024 714 1128 750 impro-

279 764 338 792 viso
359 762 483 791 decurrit
505 762 531 790 in
554 765 678 798 puteum.
698 761 868 790 Absorhente
883 765 975 790 autem
991 761 1129 798 profunda

279 811 357 839 fovea
378 817 495 846 corpus,
518 809 633 846 spiritus
654 808 754 837 mentis
774 816 888 837 sursum
910 809 1074 837 recurrebat
1095 808 1129 837 ad

279 858 350 886 beati
367 856 501 885 Francisci
519 856 697 892 suffragium,
714 856 835 884 clamans
850 856 877 883 in
893 855 952 892 ipso
967 856 1047 892 lapsu
1062 855 1128 884 fide-

278 905 341 933 liter
363 908 389 933 et
410 904 542 932 fidenter:
570 915 582 928 «
598 904 695 931 Sancte
726 903 885 936 Fianciscc,
914 902 1015 931 adiuva
1042 911 1086 931 me
1101 915 1126 931 ».

279 952 368 981 Ceteri
392 952 446 980 huc
461 955 488 979 et
504 951 569 979 illuc
591 958 619 978 se
638 953 792 983 vertentes,
808 949 874 978 dum
887 958 965 986 puer
985 949 1128 978 aliusnon

280 1003 427 1036 comparet
438 999 459 1032 2,
475 999 611 1032 clamore,
627 997 747 1026 circuitu
762 1000 789 1026 et
804 997 933 1033 lacrymis
948 997 1129 1034 requirebant

279 1047 406 1076 eundem.
428 1046 575 1082 Comperto
598 1045 722 1078 tandein,
754 1044 829 1081 quod
858 1045 884 1073 in
914 1048 1029 1081 puteum
1058 1045 1127 1073 ceci-

279 1094 378 1127 disset,
400 1093 561 1122 festinanter
583 1100 645 1120 011111
669 1092 817 1128 gemitibus
839 1091 983 1120 redierunt
1003 1091 1035 1120 ad
1059 1092 1127 1120 Bur—

279 1149 358 1178 gum,
374 1140 526 1169 indicantes
540 1143 687 1173 eventum,
703 1142 885 1175 exposcentes
899 1139 1046 1167 auxilium.
1063 1139 1128 1168 Red-

282 1188 414 1216 euntibus
441 1190 533 1215 autem
563 1186 617 1215 illis
639 1194 701 1214 cum
733 1186 819 1214 multa
851 1186 996 1214 hominum
1027 1186 1126 1221 turba,

279 1235 417 1263 demissus
437 1242 511 1263 unus
532 1241 582 1270 per
604 1233 696 1261 funem
720 1233 747 1261 in
776 1235 907 1269 puteum,
937 1240 1057 1269 puerum
1085 1241 1128 1261 re—

279 1282 371 1319 spexit
392 1282 418 1309 in
441 1288 578 1318 aquarum
601 1280 747 1316 superficie
770 1280 950 1314 residentem,
972 1280 1041 1308 nihil
1068 1288 1127 1316 pas-

280 1337 342 1357 sum
364 1329 475 1365 penitus
498 1327 632 1356 laesionis.
656 1327 805 1355 Extractus
826 1335 892 1355 vero
911 1327 944 1355 de
959 1330 1043 1363 puteo
1058 1334 1129 1363 puer

278 1377 350 1405 dixit
371 1376 515 1408 omnibus,
539 1375 585 1412 qui
602 1374 743 1403 astabant:
765 1386 777 1399 α
793 1374 908 1410 Quando
923 1374 1014 1402 subito
1030 1374 1128 1408 cecidi,

280 1424 351 1453 beati
374 1423 508 1452 Francisci
532 1422 716 1459 patrocinium
739 1422 879 1455 invocavi,
909 1422 955 1458 qui
986 1421 1127 1450 corruenti

278 1471 346 1500 mihi
369 1471 459 1499 statim
484 1470 702 1507 praesentialiter
724 1469 818 1502 assuit,
840 1472 867 1497 et
896 1477 1009 1497 manum
1038 1468 1128 1505 porri-

279 1526 361 1556 gens,
384 1518 480 1546 leviter
502 1517 685 1554 apprehendit
707 1524 756 1545 nec
782 1524 906 1553 unquam
921 1516 1058 1550 deseruit,
1081 1516 1129 1544 do-

279 1574 329 1595 nec
350 1574 406 1594 una
428 1565 571 1593 vobiscum
593 1564 627 1592 de
648 1567 732 1600 puteo
754 1571 798 1592 me
819 1563 959 1592 eduxit».

357 1613 383 1640 [ι.
408 1612 435 1640 ln
457 1611 572 1640 ecclesia
603 1611 674 1639 beati
706 1610 842 1639 Francisci
874 1610 947 1647 apud
980 1610 1128 1642 Assisium,

278 1660 359 1693 dum,
382 1662 527 1696 praesente
549 1658 670 1686 Romana
691 1657 785 1691 curia,
807 1657 981 1694 praedicaret.
1001 1657 1129 1685 dominus

278 1708 424 1745 episcopus
446 1706 594 1739 Ostiensis,
616 1706 664 1742 qui
680 1708 706 1734 et
721 1705 897 1742 postmodum
914 1705 1046 1733 Summus
1061 1705 1129 1733 Pon—

278 1755 346 1784 tifex
368 1754 475 1783 exstitit
496 1753 650 1782 Alexander
663 1752 683 1785 ³,
712 1752 824 1789 quidam
856 1752 925 1788 lapis
958 1751 1129 1788 ponderosus

278 1806 304 1831 et
326 1810 443 1839 magnus
462 1802 574 1835 incaute
596 1808 680 1837 super
703 1800 842 1837 pulpitum
869 1800 1012 1828 excelsum
1042 1803 1069 1828 et
1091 1800 1128 1827 la-

277 1850 388 1887 pideum
409 1849 574 1882 derelictus,
596 1855 663 1884 prae
684 1847 826 1875 nimietate
854 1855 1003 1883 pressurae
1027 1846 1128 1883 impul-

277 1906 337 1931 sus,
361 1904 444 1933 super
459 1899 541 1932 caput
557 1895 701 1924 cuiusdam
716 1894 814 1923 cecidit
829 1894 962 1923 mulieris.
978 1894 1128 1923 Aestiman-

278 1948 319 1973 tes
334 1944 419 1981 igitur
435 1943 662 1976 circumstantes,
679 1942 799 1978 perfecte
814 1942 901 1978 ipsam
917 1941 970 1969 iam
988 1946 1127 1969 mortuam

277 1995 305 2020 et
326 1994 409 2028 caput
430 1991 490 2019 eius
512 1989 632 2018 totaliter
661 1991 892 2025 conquassatum,
922 1990 1128 2024 cooperuerunt

278 2046 338 2067 eam
360 2038 457 2075 pallio,
480 2045 536 2074 quo
557 2039 618 2065 erat
648 2036 763 2069 amicta,
795 2038 841 2070 ut,
875 2043 1002 2064 sermone
1034 2035 1127 2069 linito,

279 2086 446 2115 educeretur
468 2088 550 2113 extra
570 2084 713 2113 ecclesiam
737 2084 856 2120 lugubre
877 2083 970 2112 sunus.
987 2083 1047 2119 lpsa
1063 2091 1128 2111 vero

278 2141 307 2161 se
328 2133 408 2161 beato
430 2132 589 2165 FranciscO,
611 2135 675 2160 ante
697 2131 778 2159 cuius
799 2131 905 2159 iacebat
926 2130 1029 2164 altare,
1045 2130 1129 2158 fideli*

280 2183 319 2209 ter
341 2179 550 2208 commendavit.
575 2179 605 2206 Et
629 2186 708 2211 ecce,
729 2178 932 2214 praedicatione
954 2177 1046 2211 tinita,
1067 2185 1128 2205 mu-

277 2227 328 2256 lier
350 2235 442 2255 coram
464 2226 595 2254 omnibus
615 2225 683 2253 adeo
698 2225 823 2253 surrexit
838 2224 1000 2258 incolumis,
1021 2227 1052 2252 ut
1067 2224 1129 2252 nul-

277 2274 332 2302 lius
348 2274 374 2301 in
390 2281 422 2302 ea
437 2273 564 2302 laesionis
578 2272 724 2309 vestigium
740 2275 896 2308 appareret.
912 2271 963 2300 Sed
977 2274 1005 2300 et
1018 2272 1040 2307 4,
1055 2271 1129 2308 quod

277 2324 318 2349 est
340 2320 460 2357 amplius
489 2319 698 2353 admirandum,
725 2326 788 2347 cum
817 2326 866 2355 per
896 2318 976 2355 longa
1003 2321 1130 2354 tempora

277 2376 367 2405 usque
389 2367 422 2396 ad
444 2368 541 2395 horam
564 2367 638 2395 illam
659 2366 782 2394 dolorem
805 2366 902 2403 capitis
933 2366 1011 2402 quasi
1043 2365 1129 2393 conti-

276 2423 365 2444 nuum
388 2415 546 2449 habuisset,
568 2414 649 2451 plene
669 2413 721 2442 fuit
742 2421 779 2442 ex
801 2416 867 2441 tunc
882 2413 916 2441 ab
930 2413 1021 2441 omnis
1040 2412 1130 2441 morbi

277 2462 402 2491 molestia
423 2462 547 2495 liberata,
570 2461 642 2490 sicut
662 2461 721 2497 ipsa
744 2460 918 2497 postmodum
941 2460 1104 2489 testabatur.

357 2511 382 2537 ἰ).
405 2509 482 2546 Apud
504 2509 652 2537 Cornetum
668 2508 688 2545 ⁵,
711 2516 774 2537 cum
800 2508 827 2536 in
854 2508 913 2536 loco
940 2508 1067 2535 Fratrum
1096 2506 1130 2535 ad

278 2557 413 2586 fusionem
437 2564 586 2594 campanae
608 2556 658 2584 viri
682 2555 795 2592 quidam
811 2554 1004 2583 convenissent.
1025 2553 1128 2588 devoti,

606 211 807 240 OPUSCULUM
828 211 917 240 xxltt.
940 211 1091 241 LEGENDA
1112 212 1227 241 SANCTI
1247 213 1422 243 FRANCISCI.
1446 214 1609 243 MIRACULA
1632 216 1649 250 g
1671 216 1710 243 111.

1186 291 1324 327 puerulus
1343 292 1455 329 quidam
1485 293 1625 328 octennis,
1654 294 1881 323 Bartholomaeus
1909 295 2033 330 nomine,

1187 338 1318 367 exenium
1340 339 1478 376 quoddam
1501 340 1644 369 Fratribus
1666 349 1716 377 pro
1731 341 1921 370 laborantibus
1936 350 2033 379 appor-

1188 385 1263 413 tavit.
1286 386 1318 414 Et
1348 394 1426 421 ecce,
1456 387 1548 415 subito
1576 391 1676 416 ventus
1705 388 1869 422 vehemens,
1902 396 2034 418 concussa

1186 432 1284 467 domo,
1305 433 1406 462 ostium
1428 437 1524 470 portae
1538 443 1622 471 grave
1637 435 1749 472 quidem
1764 439 1791 464 et
1805 444 1936 472 magnum
1951 444 2034 473 super

1187 479 1278 516 ipsum
1301 481 1450 517 puerulum
1467 481 1504 509 ita
1518 482 1608 510 valido
1623 483 1739 519 proiecit
1753 482 1892 519 impulsu,
1907 486 1939 511 ut
1953 491 2035 520 quem

1186 529 1243 555 tam
1264 527 1361 564 ingens
1382 528 1490 564 pondus
1511 532 1688 565 oppresserat
1710 530 1781 558 letali
1804 529 1965 558 crederetur
1981 530 2035 558 col-

1187 573 1283 603 lisione
1304 578 1460 611 quassatus.
1483 575 1526 603 Sic
1540 575 1612 603 enim
1628 576 1748 604 totaliter
1764 576 1869 605 iacebat
1883 577 2036 606 tumulatus

1187 621 1240 649 sub
1255 621 1390 658 pondere,
1406 626 1438 650 ut
1453 622 1521 650 nihil
1537 622 1663 650 exterius
1678 626 1832 659 appareret.
1848 624 2035 653 Accurrerunt

1186 676 1297 702 omnes,
1318 669 1365 705 qui
1387 669 1517 703 aderant,
1538 669 1610 697 beati
1631 669 1767 698 Francisci
1788 670 1939 699 virtuosam
1968 670 2036 699 dex—

1187 717 1273 743 teram
1306 715 1473 744 invocantes.
1506 716 1557 744 Sed
1588 719 1615 744 et
1636 720 1714 752 pater
1742 716 1842 753 ipsius,
1871 717 1934 753 qui,
1965 717 2035 754 rige-

1187 762 1328 791 scentibus
1348 763 1497 796 memhris,
1519 770 1548 792 se
1570 771 1683 792 movere
1704 772 1758 792 non
1780 767 1888 800 poterat
1908 772 1975 801 prae
1989 764 2035 793 do-

1187 809 1261 843 lore,
1284 810 1355 838 votIs
1376 812 1403 838 et
1425 818 1491 838 voce
1512 813 1606 838 sancto
1628 811 1772 839 Francisco
1793 811 1880 839 tilium
1895 811 2034 841 offerebat.

1188 857 1318 885 Levatum
1341 859 1382 885 est
1402 856 1522 893 denique
1542 857 1683 886 funestum
1706 858 1814 894 pondus
1834 858 1953 895 desuper
1972 867 2036 895 pue-

1187 911 1264 937 rum,
1286 906 1313 932 et
1334 911 1406 938 ecce,
1428 912 1511 940 quem
1532 904 1682 933 credebant
1702 908 1860 939 mortuum,
1876 906 1953 942 quasi
1976 913 2036 935 sus-

1187 950 1287 979 citatus
1308 959 1322 978 a
1345 959 1465 985 sommo,
1488 951 1576 980 laetus
1591 952 1734 989 apparuit,
1750 952 1854 980 nullam
1871 953 1898 980 in
1914 960 1943 981 se
1957 961 2037 989 pror—

1187 1005 1235 1026 sus
1256 997 1415 1034 praeferens
1437 998 1593 1027 laesionem.
1622 999 1709 1036 Igitur
1735 1006 1797 1027 cum
1827 999 2036 1036 quatuordecim

1186 1048 1259 1073 esset
1281 1053 1435 1079 annorum,
1457 1045 1547 1074 factus
1568 1049 1609 1074 est
1631 1046 1725 1075 Frater
1751 1046 1854 1080 Minor,
1879 1047 1922 1075 vir
1943 1049 2037 1083 postea

1187 1091 1326 1120 litteratus
1347 1095 1374 1120 et
1395 1092 1517 1121 famosus
1538 1093 1565 1121 in
1587 1093 1690 1122 Ordine
1711 1093 1892 1130 praedicator.

1267 1140 1292 1167 6.
1322 1140 1450 1168 Homines
1474 1140 1508 1169 de
1539 1140 1652 1169 Lentino
1684 1141 1801 1178 lapidem
1834 1141 2032 1179 praegrandem
2049 1133 2120 1166 senum*

1186 1186 1365 1215 absciderunt
1386 1186 1419 1215 de
1440 1190 1548 1221 monte,
1571 1187 1618 1224 qui
1641 1188 1870 1225 superponendus
1885 1188 1896 1205 ὃ
1917 1191 1978 1217 erat
1997 1188 2036 1217 al-

1188 1233 1239 1261 tari
1262 1233 1405 1262 cuiusdam
1428 1234 1558 1263 ecclesiae
1579 1234 1650 1263 beati
1674 1235 1809 1263 Francisci
1832 1235 1885 1264 iarn
1907 1235 2036 1272 proximo

1187 1281 1396 1309 consecrandae.
1419 1281 1488 1309 Cum
1510 1284 1602 1310 autem
1624 1281 1681 1310 fere
1703 1282 1885 1319 quadraginta
1912 1282 2037 1311 homines

1187 1328 1304 1364 lapidem
1327 1328 1403 1356 illum
1420 1336 1610 1365 superponere
1625 1329 1753 1357 vehiculo
1771 1329 1942 1363 niterentur,
1957 1337 2036 1366 repe-

1186 1375 1244 1404 titis
1265 1375 1375 1412 saepius
1389 1375 1512 1409 viribus,
1535 1384 1620 1412 super
1635 1376 1772 1412 quendam
1789 1376 1928 1404 hominem
1945 1376 2013 1413 lapis
2025 1376 2035 1393 ⁷

1187 1422 1284 1450 cecidit
1305 1425 1332 1450 et
1354 1422 1381 1450 in
1400 1422 1512 1450 niodum
1528 1422 1648 1459 sepulcri
1664 1422 1779 1451 obtexit.
1796 1422 1847 1451 Sed
1862 1430 1925 1451 cum
1945 1425 2036 1452 mente

1187 1469 1306 1503 confusi,
1329 1469 1396 1506 quid
1418 1469 1551 1503 facerent,
1567 1470 1743 1506 ignorarent,
1766 1470 1854 1498 maior
1870 1478 1934 1506 pars
1948 1470 2036 1499 homi-

1188 1524 1255 1544 num
1277 1516 1422 1553 desperata
1443 1517 1576 1545 discessit.
1602 1517 1685 1545 Porro
1707 1517 1759 1545 viri
1781 1517 1891 1551 decem,
1917 1517 1963 1554 qui
1994 1525 2036 1546 re-

1187 1566 1361 1597 manserant,
1385 1564 1496 1600 lugubri
1518 1572 1585 1592 voce
1613 1568 1740 1592 sanctum
1769 1565 1927 1593 invocantes
1954 1565 2036 1593 Fran—

1187 1611 1307 1644 ciscum,
1329 1619 1363 1639 ne
1385 1611 1413 1639 in
1435 1619 1485 1639 suo
1507 1611 1620 1639 servitio
1642 1611 1680 1639 sic
1702 1611 1841 1640 horrende
1855 1612 1926 1640 mori
1949 1612 2036 1640 homi-

1186 1665 1249 1686 nem
1266 1660 1425 1694 pateretur,
1441 1661 1566 1686 resumto
1581 1658 1691 1686 tandem
1707 1658 1799 1692 corde,
1814 1662 1891 1687 tanta
1908 1658 2037 1688 facilitate

1187 1704 1304 1741 lapidem
1328 1708 1509 1739 amoverunt,
1539 1708 1571 1733 ut
1596 1705 1691 1734 nullus
1718 1705 1874 1740 dubitaret,
1902 1706 2035 1735 virtutem

1186 1751 1298 1780 atl'uisse
1312 1751 1458 1780 Francisci.
1474 1751 1604 1780 Surrexit
1620 1752 1701 1780 homo
1716 1752 1862 1781 Incolumis
1873 1752 1884 1769 ⁸
1906 1752 1932 1781 in
1948 1753 2036 1781 onini-

1186 1798 1240 1827 bus
1255 1798 1405 1832 membris,
1421 1799 1535 1835 insuper
1551 1802 1578 1828 et
1593 1799 1684 1827 lumen
1701 1799 1877 1836 recuperavit
1893 1799 2036 1836 limpidum

1186 1846 1349 1880 oculorum,
1372 1846 1446 1883 qnod
1468 1846 1547 1882 prius
1569 1845 1706 1874 habuerat
1726 1846 1920 1881 obscuratum,
1941 1849 1973 1875 ut
1998 1846 2036 1875 sic

1185 1893 1315 1922 omnibus
1336 1893 1452 1922 daretur
1474 1893 1604 1930 intelligi,
1626 1901 1710 1929 quam
1732 1893 1760 1921 in
1782 1893 1867 1922 rebus
1885 1893 2036 1930 desperatis

1186 1940 1258 1969 beati
1281 1940 1416 1969 Francisci
1439 1940 1538 1969 merita
1558 1940 1664 1969 validae
1685 1940 1739 1969 sint
1760 1940 1881 1969 virtutis.

1265 1989 1291 2015 7.
1313 1987 1405 2016 Simile
1436 1987 1565 2024 quiddam
1583 1987 1593 2004 ⁰
1613 1987 1712 2015 accidit
1732 1987 1805 2024 apud
1836 1990 1962 2016 sanctum
1990 1988 2036 2016 Se-
2051 1993 2129 2018 Semir-

1187 2034 1314 2063 verinum
1332 2034 1358 2062 in
1375 2034 1498 2063 Marchia
1515 2034 1548 2062 de
1563 2034 1680 2062 Ancona.
1696 2034 1768 2062 Dum
1784 2034 1857 2062 enim
1873 2034 1941 2071 lapis
1957 2042 2036 2071 prae—

1185 2081 1310 2119 grandis,
1332 2081 1366 2110 de
1394 2081 1627 2118 Constantinopoli
1650 2084 1813 2117 apportatus
1833 2081 1867 2109 ad
1896 2081 2035 2110 basilicam

1186 2129 1256 2157 beati
1273 2129 1407 2157 Francisci
1429 2129 1581 2157 multorum
1604 2128 1711 2157 viribus
1736 2128 1911 2163 traheretur,
1940 2128 2036 2165 rapido
2118 2132 2120 2153 1

1187 2176 1265 2212 lapsu
1280 2179 1321 2204 est
1337 2183 1421 2212 super
1436 2175 1573 2212 quendam
1590 2175 1760 2204 trahentium
1779 2175 1934 2204 devolutus.
1954 2176 2036 2204 Cum-

1186 2230 1241 2259 que
1262 2223 1308 2251 ille
1328 2231 1382 2251 non
1405 2222 1494 2250 solum
1516 2222 1679 2251 crederetur
1700 2222 1863 2256 defunctus,
1886 2222 1933 2251 sed
1952 2223 2033 2251 etiam

1186 2270 1306 2298 totaliter
1328 2269 1530 2303 comminutus,
1552 2269 1696 2298 assistente
1718 2269 1769 2297 sibi
1791 2269 1871 2297 beato
1892 2269 2035 2298 Francisco

1187 2320 1214 2345 et
1234 2316 1351 2353 lapidem
1374 2316 1548 2349 sublevante,
1571 2316 1677 2353 absque
1698 2316 1773 2344 omni
1802 2316 1922 2345 laesione
1950 2324 2034 2345 sanus

1187 2367 1213 2393 et
1234 2364 1396 2397 incolumis,
1419 2363 1516 2400 lapidis
1537 2363 1659 2400 proiecto
1680 2363 1817 2400 pondere,
1839 2363 1983 2399 prosilivit.

1265 2412 1291 2439 8.
1315 2410 1553 2444 Bartl'iolomaeus,
1585 2410 1730 2438 Caietanus
1745 2410 1768 2426 ¹⁰
1799 2409 1881 2443 civis,
1905 2418 1969 2438 curn
1999 2410 2032 2439 ad

1187 2458 1419 2487 constructionem
1436 2457 1579 2486 cuiusdam
1595 2457 1725 2486 ecclesiae
1740 2457 1810 2485 beati
1826 2457 1845 2485 F
1847 2457 1963 2486 rancisci
1977 2465 2032 2486 non

1186 2505 1324 2534 modicum
1347 2505 1509 2539 desudaret,
1533 2507 1631 2533 ruente
1654 2504 1731 2533 trabe
1753 2504 1871 2541 quadam
1887 2504 2033 2533 infirmiter

1187 2552 1275 2590 posita
1303 2553 1419 2589 eiusque
1444 2552 1618 2588 opprimente
1650 2551 1798 2585 cervicem,
1830 2551 1882 2579 fuit
1913 2551 2033 2588 graviter

2049 2416 2112 2435 Octavu

735 2714 748 2722 ,-

343 2714 349 2726 ¹
368 2715 412 2736 Cir.
430 2721 499 2742 supra
518 2720 571 2742 pag.
590 2714 646 2742 536,
665 2716 716 2736 nola
740 2721 756 2735 1,
774 2726 804 2730 -
822 2713 873 2735 Vat.
891 2719 944 2735 cum
962 2713 999 2735 ed.
1017 2714 1038 2740 l,
1051 2713 1125 2740 posito

278 2754 383 2782 Iturius,
402 2754 501 2776 subinde
514 2753 631 2776 substituit
647 2753 746 2776 esriel-nt.

341 2792 349 2805 ²
367 2794 423 2815 Gen.
443 2793 485 2821 37,
504 2793 540 2815 30.
554 2805 584 2809 ——
596 2793 653 2815 Ecld.
671 2793 826 2821 compareret.
846 2792 941 2814 inferius
958 2798 1001 2819 pro
1015 2791 1126 2821 festinan-

278 2833 313 2854 ter
331 2832 381 2854 x'at.
400 2838 453 2854 cuin
471 2832 508 2854 cd.
529 2832 536 2853 Ἰ1
558 2831 703 2861 festinantes.

341 2870 349 2882 ³
367 2871 455 2893 Scilicet
482 2874 590 2899 quartus,
616 2876 652 2892 an.
682 2869 741 2892 i‘254

278 2913 348 2932 1111115,

341 2948 350 2960 4
368 2948 424 2971 Cod.
441 2949 458 2970 B
475 2949 557 2971 omittit
574 2950 602 2971 et.
621 2949 715 2971 {userius
732 2955 774 2976 pro
792 2948 869 2971 omnis
886 2948 941 2970 Acta
959 2948 997 2970 SS.
1016 2947 1089 2971 omni.

342 2987 351 2999 ⁵
368 2988 474 3010 Analecta
491 2988 654 3016 Franciscana,
671 2991 727 3010 toni.
745 2989 778 3010 111.
794 2993 850 3015 pag.
867 2988 924 3014 201,
947 2987 1068 3009 nominant
1091 2993 1126 3009 ca-

279 3029 350 3049 strum
369 3026 459 3048 Corneti
478 3026 628 3048 Viterblensis
645 3027 765 3049 dioecesis.
787 3039 819 3042 —
842 3026 936 3048 lnt'erius
953 3032 996 3054 pro
1013 3025 1125 3049 esconium

772 2870 882 2892 Sununus
911 2869 1013 2892 Pontifex
1043 2868 1125 2891 consti-

1183 2711 1288 2739 (inunus>
1306 2711 1359 2733 edd.
1378 2710 1459 2733 eadem
1477 2710 1570 2732 notione
1586 2708 1696 2736 oeeninm,
1714 2714 1775 2737 quae
1792 2708 1860 2730 etiam
1873 2707 1972 2731 subinde
1984 2714 2033 2736 per-

1182 2756 1263 2778 peram
1282 2750 1389 2772 omittunt
1403 2755 1457 2778 pro.
2116 2763 2118 2775 ,

1246 2788 1256 2801 ὅ
1273 2789 1325 2811 Vat.
1345 2795 1399 2811 cum
1417 2788 1454 2810 ed.
1473 2788 1480 2810 Ἰ1
1503 2786 1680 2817 supponendus,
1698 2787 1792 2809 Inferius
1804 2786 1903 2809 vocibus
1915 2785 1963 2809 iam
1977 2791 2032 2815 pro-

1183 2828 1250 2851 :rimo
1268 2828 1332 2850 Gilu
1351 2828 1490 2850 interserunt
1506 2826 1542 2854 2‘71,
1561 2826 1615 2849 edd.
1632 2827 1709 2853 legunt
1728 2829 1817 2848 tantum
1836 2825 1858 2848 in
1874 2825 1998 2855 prooeimo.

1246 2867 1255 2880 ⁷
1273 2867 1330 2890 Edd.
1348 2866 1408 2896 lapis
1426 2866 1473 2889 ille.

1246 2905 1255 2919 Β
1273 2906 1330 2929 Cod.
1339 2907 1357 2928 A
1367 2906 1432 2928 addit
1443 2906 1471 2927 et.
1484 2905 1580 2927 Inferius
1589 2905 1641 2927 Vat.
1656 2907 1677 2926 et
1689 2904 1725 2927 ed.
1740 2905 1744 2925 1
1759 2903 1945 2933 omittuutprius
1958 2906 1979 2925 et
1990 2902 2030 2926 sic.

1247 2944 1256 2957 ⁹
1276 2946 1324 2968 Yat.
1344 2944 1469 2975 quoddam.

1246 2984 1266 2997 ¹⁰
1283 2985 1329 3008 Cl'r.
1346 2991 1415 3013 supra
1433 2990 1487 3012 pag.
1504 2983 1562 3011 540,
1580 2986 1632 3006 nota
1651 2983 1676 3010 4,
1694 2982 1734 3005 ubi
1751 2981 1808 3005 urbs
1824 2982 1893 3004 Gaeta
1919 2981 2029 3008 occurrit3

1182 3025 1220 3047 hic
1236 3024 1295 3047 sicut
1313 3024 1343 3046 ibi
1361 3024 1438 3051 plures
1455 3022 1524 3045 codd.
1542 3022 1679 3046 Gaietanus.
