2133 3317
330 228 526 258 OPUSCULUM
546 229 612 257 XVI.
635 229 807 258 EXPOSITIO
829 230 931 259 SUPER
953 231 1106 260 REGULAM
1127 232 1280 262 FRATRUM
1301 233 1462 263 MlNORUM.
1485 234 1552 263 CAP.
1576 235 1616 264 Vl.

103 314 175 332 suum
194 306 372 337 spiritualem?
390 306 424 331 Et
441 307 463 331 si
481 307 536 337 quis
549 313 632 331 eorum
651 307 677 331 in
696 306 868 332 infirmitatem
887 309 945 333 ceci-

103 349 180 378 derit,
205 349 248 373 alii
274 349 377 374 Fratres
401 349 492 374 debent
513 349 535 374 ei
559 350 664 379 servire,
693 350 757 375 sicut
782 351 875 375 vellent
899 351 946 376 sibi

103 399 198 417 servm.

427 464 610 494 EXPOSlTlO.

182 540 205 567 1.
228 539 351 567 Fratres
375 538 450 567 nibil
476 538 533 567 sibi
560 540 759 577 appropi-ient.
788 541 834 569 llic
863 541 944 570 tertio

101 584 225 615 excludit
246 585 358 614 tertium
380 585 553 622 periculum,
575 586 650 622 quod
670 586 775 615 scilicet
788 587 821 615 de
836 595 944 624 appro-

97 631 208 670 priatis
235 631 438 660 communibus
459 632 583 661 noscitur
605 632 801 669 processisse¹.
824 634 856 662 Et
876 634 944 663 haec

13 684 84 706 nivino-
101 686 165 716 pars
187 679 269 707 habet
290 682 420 715 quatuor.
436 679 526 707 Primo
541 678 650 707 inhibet
663 680 943 717 appropriationem.

100 725 225 754 Secundo
245 725 367 762 imponit
394 725 651 759 mendicationem‚
673 725 727 753 ibi:
750 726 862 754 Vadam
887 734 944 763 pro

100 772 285 809 eleemosyna.
307 772 399 800 Tertio
420 772 525 800 excitat
546 771 587 800 act
605 772 794 809 paupertatis
822 772 943 801 inviola-

100 819 182 848 bilem
203 827 349 853 amorem,
371 819 427 848 ibi:
449 819 528 848 Haec
549 823 590 848 est
604 819 653 848 illa
670 819 816 848 celsitudo.
839 820 944 856 Quarto

1 875 10 904 J
99 865 243 903 informat
265 867 387 894 Fratres
408 866 448 895 ad
469 870 604 894 mutuam
624 866 864 901 consolationem,
886 867 942 895 ibi:

100 913 134 941 Et
154 912 329 950 ubicumque
349 917 425 941 sunt.

176 960 246 988 Dicit
267 968 333 996 ergo
348 968 398 997 pro
414 960 521 996 primo:
541 961 664 988 Fratres
678 959 752 988 nillil
764 960 822 989 sibi
835 969 944 998 appro-

0 1013 82 1116 ζωῆ-
94 1007 201 1045 prient.
224 1007 294 1043 Quia
315 1007 423 1043 supra²
445 1007 565 1035 inhibuit
586 1007 773 1043 receptionem
794 1007 942 1043 pecuniae;

15 1041 82 1080 '23⁰'
98 1061 132 1083 ne
153 1053 296 1087 credatur,
318 1053 392 1090 quod
413 1053 466 1082 alia
487 1053 567 1082 liceat
587 1053 747 1087 admittere,
770 1057 865 1091 utpote
893 1054 943 1082 im-

98 1100 223 1134 mobilia,
245 1100 366 1137 generali
388 1108 515 1129 sermone
542 1100 667 1129 excludit
695 1100 802 1134 omnia,
830 1100 941 1129 dicens:

98 1146 180 1176 Niltil
192 1146 249 1175 sibi
263 1147 470 1183 approprient,
490 1147 603 1184 supple:
626 1155 676 1176 nec
696 1147 866 1184 proprietate
880 1156 943 1184 per-

97 1194 183 1223 sonali
205 1201 255 1222 nec
276 1194 398 1231 generali
419 1194 506 1230 ipsius
527 1194 749 1228 communitatis,
778 1194 849 1223 sicut
876 1194 943 1223 dicit

98 1241 169 1278 Papa
179 1241 190 1257 ⁵
213 1241 342 1278 Regulam
364 1240 537 1269 declarando.
552 1241 627 1270 Unde
642 1241 735 1269 addit:
752 1240 809 1269 Nec
823 1241 943 1270 domum

97 1296 148 1316 nec
162 1287 256 1316 locam
270 1296 321 1315 nec
335 1287 467 1325 aliquam
482 1296 551 1316 rem.
568 1288 621 1316 Hoc
636 1288 747 1325 quidem
766 1291 855 1322 recte,
867 1288 941 1325 quia,

97 1342 160 1363 cum
175 1334 247 1363 dicat
261 1334 362 1363 Seneca
373 1334 400 1362 4:
420 1345 433 1359 «κ
445 1334 592 1363 Tutissime
603 1334 753 1368 viveretur,
769 1335 790 1363 si
806 1335 874 1364 haec
887 1335 943 1363 duo

1 1385 3 1402 i
97 1381 181 1410 verba
202 1381 365 1410 tollerentur
385 1389 482 1409 meum
503 1385 530 1410 et
549 1385 633 1410 tuum
648 1391 678 1415 »ς
701 1382 813 1418 planum
829 1384 883 1415 est,
900 1381 942 1410 liis

98 1428 269 1465 temporibus
296 1435 436 1456 summum
465 1427 555 1456 facere
581 1428 607 1456 in
637 1428 756 1456 Ecclesia
788 1428 941 1456 tumultum

96 1477 231 1503 nostrum
252 1477 278 1503 et
298 1478 436 1502 vestrum.
456 1490 494 1495 -
516 1474 572 1502 Et⁵
588 1478 730 1512 tanquam
742 1475 895 1512 perecrini
917 1477 942 1503 et

0 1522 2 1557 i
96 1521 224 1550 advenae
239 1521 270 1549 in
284 1520 337 1549 lioc
350 1521 483 1555 saeculo,
498 1521 529 1549 in
542 1525 716 1558 paupertate
736 1524 762 1550 et
779 1520 942 1550 humilitate

0 1569 1 1592 l
100 1568 221 1596 Domino
242 1567 431 1605 famulantes.
455 1568 570 1597 Intentio
592 1569 672 1605 plane
692 1571 734 1597 est
754 1569 839 1597 sancti
862 1569 942 1597 Fran-

0 1610 1 1616 ’
96 1614 176 1649 cisci,
200 1618 229 1643 ut
250 1615 359 1643 Fratres
380 1614 452 1644 sicut
472 1615 545 1644 servi
568 1618 683 1644 utantur
698 1615 783 1644 rebus
804 1615 831 1644 in
853 1616 941 1644 aliena

97 1661 192 1698 positis
213 1664 356 1698 potestate.

174 1709 200 1736 2.
217 1707 267 1736 Sed
282 1707 394 1744 quidam
409 1707 560 1736 adversarii
575 1708 699 1737 veritatis
717 1708 865 1745 aliquando
879 1716 941 1737 con-

0 1757 83 1808 ggopri-
96 1757 139 1783 tra
152 1754 204 1783 hoc
219 1754 389 1788 obiecerunt,
404 1754 470 1791 quia
484 1754 572 1783 Causa
596 1754 765 1787 duodecima,
780 1755 941 1791 quaestione

31 1795 37 1801 '
95 1801 185 1838 prima
209 1800 275 1829 dicit
299 1801 424 1829 canon⁶:
455 1801 612 1838 «Expedit,
637 1801 781 1830 facultates
806 1801 940 1830 Ecclesiae

93 1847 227 1885 possideri
240 1851 267 1877 et
278 1848 404 1885 proprias
416 1847 591 1884 perfectionis
605 1856 698 1877 amore
712 1848 850 1877 contemni
866 1860 892 1876 ».
908 1849 940 1877 Et

94 1897 295 1932 consequenter
320 1894 414 1923 eodem
436 1895 569 1931 capitulo,
591 1903 695 1932 ponens
723 1895 884 1932 exemplum
906 1895 939 1924 de

94 1945 188 1970 sancto
202 1941 327 1975 Paulino,
349 1941 413 1978 qui,
435 1941 563 1970 omnibus
584 1942 642 1970 suis
656 1942 776 1978 propriis
790 1942 938 1976 distractis,

94 1987 182 2017 factus
196 1991 238 2017 est
252 1990 345 2025 postea
360 1988 495 2017 Ecclesiae
515 1988 676 2025 episcopus,
695 1988 776 2017 cuius
795 1988 939 2017 facultates

0 2043 48 2058 mus
58 2039 77 2058 Ξ-
94 2035 251 2064 fidelissime
264 2035 441 2072 dispensavit,
456 2035 564 2064 subdit:
584 2047 598 2060 «
608 2036 669 2072 Quo
682 2035 754 2064 facto
768 2036 834 2064 satis
848 2038 938 2064 osten-

96 2081 185 2116 ditur,
214 2085 241 2110 et
268 2081 381 2118 propria
401 2081 502 2111 debere
523 2085 636 2119 propter
658 2082 853 2119 perfectionem
874 2090 938 2111 con-

97 2128 196 2163 temni,
218 2131 245 2157 et
266 2132 356 2157 tamen
378 2129 436 2158 sine
458 2129 655 2165 impedimento
670 2129 845 2165 perfectionis
858 2137 938 2166 posse

96 2175 228 2204 Ecclesiae
255 2176 415 2209 facultates
437 2183 508 2212 quae
530 2179 594 2204 sunt
615 2176 737 2212 profecto
762 2183 936 2209 communes,

95 2221 227 2258 possideri
243 2233 269 2250 ».
292 2222 361 2250 Haec
384 2222 507 2258 Prosper.
525 2221 595 2258 Ergo
610 2230 705 2250 carere
720 2221 799 2250 bonis
814 2229 937 2250 commu-

94 2268 176 2298 nibus
196 2268 381 2305 appropriatis
402 2268 470 2297 nibil
491 2268 566 2297 addit
587 2269 755 2305 perfectioni.

1790 237 1843 266 421

1082 309 1108 338 3.
1130 310 1211 344 Item,
1234 310 1343 339 videtur
1364 311 1416 340 ista
1436 311 1524 340 forma
1545 313 1653 342 vivendi
1674 313 1773 342 falsum
1796 314 1846 342 im-
1864 322 1958 341 secunda.

1003 363 1105 391 ponere
1127 356 1261 385 Ecclesiae
1282 357 1339 386 Dei.
1361 358 1457 387 Clerici
1479 362 1506 387 et
1522 359 1663 396 Religiosi,
1678 360 1725 397 qui
1741 360 1843 389 habent

1002 401 1073 430 bona
1094 403 1286 437 ecclesiarum,
1302 412 1355 432 non
1371 408 1436 433 sunt
1456 405 1557 434 domini
1573 414 1686 441 eorum,
1701 407 1748 435 sed
1763 415 1845 436 usum

1003 450 1110 476 tantum
1140 449 1250 483 habent,
1275 450 1341 487 quia
1367 451 1432 480 dicit
1460 452 1506 480 lex
1533 453 1560 480 ff.
1588 453 1622 481 de
1650 454 1751 482 Rerum
1778 454 1846 483 divi-

1002 494 1077 523 sione
1089 494 1116 528 ⁷,
1132 495 1205 531 quod
1224 507 1237 520 «
1252 504 1323 533 quae
1337 497 1420 526 divini
1437 502 1501 527 sunt
1516 498 1585 527 iuris
1599 499 1627 528 in
1645 500 1749 529 nullius
1768 500 1846 529 bonis

1002 544 1109 569 suntn:
1130 550 1197 579 ergo
1212 542 1304 571 clerici
1319 552 1373 572 non
1393 544 1495 573 habent
1508 545 1676 580 dominium,
1698 546 1745 575 sed
1763 555 1844 576 usum

1002 590 1118 616 tantum.

1080 635 1106 663 li.
1130 635 1211 670 item,
1234 644 1293 671 res,
1315 637 1418 673 quibus
1439 641 1558 667 utuntur
1579 639 1703 674 Fratres,
1718 644 1767 669 aut
1781 643 1846 669 sunt
1863 648 1932 667 Tema.

1001 681 1130 710 alicuius
1150 681 1269 716 domini,
1290 686 1339 712 aut
1359 692 1425 712 non.
1455 684 1479 712 Si
1506 685 1633 720 nullius,
1655 686 1845 715 conceduntur

1000 729 1184 765 occupanti³;
1207 729 1228 758 si
1250 734 1320 758 sunt
1341 730 1367 758 in
1390 730 1468 760 bonis
1496 731 1641 766 alienius,
1670 736 1765 770 utpote
1793 734 1845 762 Cu-

1002 774 1058 803 riae
1081 775 1232 810 Romanae,
1254 776 1365 805 videtur
1386 785 1468 814 ergo,
1490 779 1563 815 quod
1578 779 1702 813 Fratres,
1718 780 1764 816 qui
1780 788 1845 808 con-

1002 823 1130 850 temnunt
1151 825 1265 859 propter
1286 824 1449 852 servandam
1471 832 1550 853 suam
1571 826 1781 862 perfectionem,
1803 829 1843 855 at-

1002 868 1148 897 tribuendo
1163 869 1209 897 illa
1224 870 1373 903 Ecclesiae,
1393 871 1538 907 imponunt
1553 871 1577 900 ei
1593 872 1844 908 imperfectionem3

1000 914 1075 951 quod
1096 915 1171 944 nefas
1192 919 1234 944 est
1255 916 1364 951 dicere,
1386 925 1449 946 cum
1465 917 1524 954 ipsa
1540 918 1658 947 Ecclesia
1673 919 1721 947 toti
1736 919 1795 948 orbi
1811 919 1844 948 sil

1000 961 1088 997 posita
1110 961 1137 990 in
1159 963 1302 999 speculum
1324 967 1352 992 et
1372 965 1550 1001 exemplum,
1579 968 1611 993 ut
1638 969 1713 1002 patet
1740 966 1844 995 decima

1000 1016 1072 1036 nona
1092 1008 1275 1043 distinctione,
1297 1010 1422 1039 canone⁹
1445 1011 1608 1039 Enimvero.

1080 1055 1105 1082 5.
1129 1055 1209 1089 item,
1231 1063 1291 1089 res,
1314 1056 1416 1092 quibus
1437 1060 1556 1086 utuntur
1577 1058 1702 1092 Fratres,
1717 1061 1765 1087 aut
1780 1062 1844 1087 sunt
1861 1067 1937 1090 Quarta.

996 1100 1155 1137 propriae,
1176 1104 1225 1129 aut
1245 1110 1419 1131 communes.
1449 1103 1475 1131 Si
1501 1104 1662 1140 propriae,
1683 1105 1844 1134 damnabili-

1000 1150 1042 1176 ter
1065 1148 1221 1182 habentur;
1243 1149 1265 1177 si
1287 1152 1352 1177 sunt
1373 1158 1552 1185 commimes,
1573 1159 1639 1188 ergo
1660 1151 1711 1188 ipsi
1733 1155 1797 1180 sunt
1812 1152 1844 1181 de

999 1202 1117 1222 numero
1132 1194 1260 1229 illorum,
1274 1195 1308 1224 de
1322 1195 1425 1232 quibus
1438 1196 1540 1225 dicitur
1555 1198 1670 1226 Actuum
1686 1202 1786 1235 quarto
1799 1198 1821 1215 ¹⁰
1834 1209 1840 1226 :

1000 1241 1096 1269 Erant
1116 1241 1174 1269 illis
1195 1241 1295 1270 omnia
1316 1243 1492 1271 communia.

1079 1288 1104 1315 6.
1128 1288 1210 1322 ltem,
1239 1288 1348 1317 Fratres
1374 1292 1493 1318 utuntur
1523 1290 1622 1325 rebus,
1650 1300 1721 1328 quae
1747 1299 1935 1323 censu-Quinta-

999 1337 1115 1362 muntur
1136 1334 1196 1371 ipso
1217 1343 1287 1369 usu;
1310 1335 1336 1363 in
1359 1336 1460 1365 talibus
1481 1340 1574 1366 autem
1596 1338 1630 1366 ab
1652 1347 1709 1366 usu
1724 1347 1778 1367 non
1792 1339 1844 1368 dif-

998 1380 1052 1409 fert
1073 1381 1253 1415 dominium
1274 1382 1427 1411 dominium
1448 1387 1541 1412 autem
1556 1388 1597 1413 est
1611 1386 1799 1422 appropriatio
1815 1386 1842 1415 in

998 1435 1108 1456 summo
1121 1429 1143 1445 ¹¹
1157 1439 1163 1456 :
1184 1436 1250 1465 ergo
1272 1429 1335 1457 talia
1353 1429 1403 1458 sibi
1419 1430 1607 1467 appropriant,
1622 1434 1654 1459 ut
1668 1431 1743 1460 cibos
1757 1434 1784 1460 et
1798 1440 1844 1461 ve·

998 1476 1053 1503 stes
1073 1477 1100 1503 et
1122 1475 1289 1504 huiusmodi.

1076 1523 1102 1549 7.
1118 1521 1155 1549 Ad
1171 1522 1292 1558 primum
1307 1522 1470 1557 dicendum,
1485 1524 1559 1560 quod
1574 1524 1645 1553 sicut
1659 1525 1842 1555 communitas
1872 1533 1928 1561 sopp.
1940 1534 1965 1553 aa

997 1575 1093 1596 rerum
1115 1568 1193 1605 prius
1214 1569 1339 1598 instituta
1360 1572 1402 1598 est
1418 1570 1445 1598 in
1460 1570 1582 1599 caritatis
1603 1570 1787 1606 incentivum,
1804 1572 1842 1601 sic
1874 1562 1961 1580 prunum.

997 1615 1118 1643 carentia
1138 1615 1227 1644 omnis
1249 1616 1318 1645 iuris
1339 1617 1444 1653 proprii
1466 1618 1509 1646 vel
1528 1618 1682 1647 communis
1709 1619 1842 1655 Apostolis

997 1661 1124 1698 imposita
1145 1661 1204 1690 istis
1225 1662 1381 1692 novissimis
1402 1664 1574 1700 temporibus
1594 1668 1724 1694 renovata
1746 1669 1787 1694 est
1808 1666 1841 1695 ad

996 1708 1139 1736 avaritiam
1155 1709 1373 1745 exstirpandam,
1384 1717 1455 1746 quae
1470 1710 1651 1746 perniciosius
1663 1711 1743 1741 bodie
1756 1712 1841 1749 serpit

997 1754 1024 1782 in
1046 1754 1125 1783 bonis
1145 1755 1295 1789 Ecclesiae,
1317 1764 1438 1792 quorum
1461 1756 1566 1786 abusus
1586 1760 1627 1786 est
1648 1758 1839 1795 sacrilegium,

996 1810 1080 1838 quam
1094 1802 1122 1830 in
1137 1802 1197 1830 aliis
1210 1802 1442 1840 quibuscumque.
1458 1803 1525 1832 Cum
1541 1812 1607 1841 ergo
1621 1805 1695 1839 dicit,
1710 1805 1776 1842 quia
1790 1814 1839 1834 ex-

993 1848 1083 1885 pedit,
1098 1847 1254 1886 facultates
1270 1849 1412 1878 Ecclesiae
1422 1850 1585 1887 possideri;
1599 1851 1696 1886 fateor,
1711 1852 1840 1889 inquam,

996 1895 1124 1932 expedit,
1150 1896 1216 1932 quia
1245 1895 1346 1924 dicitur
1378 1896 1556 1926 Ecclesiastici
1586 1898 1725 1935 trigesimo
1757 1899 1840 1936 septi-

997 1950 1042 1970 mo
1054 1942 1076 1958 ¹2
1090 1952 1096 1969 ι
1119 1941 1183 1970 Non
1201 1942 1300 1970 omnia
1319 1942 1453 1971 omnibus
1466 1943 1636 1980 expediunt,
1651 1948 1676 1973 et
1689 1953 1747 1973 non
1761 1945 1842 1974 omni

995 1988 1113 2017 animae
1134 1997 1216 2017 omne
1235 1997 1327 2026 penus
1345 1989 1446 2026 placet.
1469 1990 1544 2020 Unde
1565 1994 1592 2020 et
1612 1992 1757 2028 Apostolus
1776 1992 1839 2021 talia

994 2035 1045 2064 sibi
1058 2035 1170 2064 minime
1180 2035 1312 2072 expedire
1327 2036 1392 2065 dicit
1406 2036 1510 2073 primae
1525 2037 1559 2065 ad
1574 2037 1729 2067 Corinthios
1744 2042 1838 2067 sexto:

997 2082 1103 2110 Omnia
1124 2081 1198 2110 milti
1218 2082 1318 2117 licent,
1339 2083 1390 2111 sed
1409 2092 1468 2112 non
1489 2084 1589 2113 omnia
1606 2085 1769 2122 expediunt.
1785 2085 1839 2114 Cu-

995 2128 1038 2157 ius
1059 2136 1170 2157 causam
1191 2128 1265 2157 addit
1286 2124 1397 2158 dicens:
1420 2130 1476 2159 Sed
1496 2139 1547 2168 eqo
1567 2130 1621 2159 snb
1635 2131 1747 2160 nullius
1761 2132 1840 2160 redi-

992 2184 1052 2213 gar
1070 2179 1225 2213 potestate,
1247 2175 1345 2205 iudicis
1363 2177 1481 2211 scilicet,
1498 2178 1646 2214 repetendo
1660 2178 1763 2216 aliquid
1780 2182 1839 2207 tan-

995 2230 1077 2259 quam
1100 2231 1204 2250 meum.
1233 2222 1351 2260 Expedit
1372 2231 1438 2260 ergo
1462 2224 1567 2261 absque
1591 2225 1675 2253 dubio
1691 2225 1713 2242 ¹³
1736 2225 1839 2254 babere

993 2269 1150 2298 communia
1178 2278 1229 2306 pro
1257 2271 1455 2300 sustentatione
1484 2271 1675 2301 ministrorum
1703 2275 1730 2301 et
1756 2273 1837 2301 etiam

157 2436 164 2448 ¹
183 2436 227 2458 Cfr.
245 2442 315 2464 supra
333 2443 352 2458 c.
371 2436 391 2458 4.
409 2442 432 2458 n.
453 2437 470 2458 1.
487 2449 518 2452 —
535 2436 578 2458 Pro
601 2436 765 2459 communibus
788 2437 827 2464 (ita
845 2437 882 2459 ed.
903 2438 936 2466 l),

93 2475 157 2503 quod
175 2475 242 2497 etiam
261 2480 329 2502 supra
348 2481 367 2496 c.
386 2474 407 2497 4.
425 2481 446 2496 n.
466 2475 486 2496 l.
498 2477 520 2497 et
533 2475 588 2497 infra
601 2481 624 2497 n.
636 2476 657 2497 2.
670 2475 803 2503 exhibetur,
823 2477 871 2498 vat.
881 2481 937 2505 pro·

91 2512 161 2543 priis,
173 2519 232 2542 quae
244 2514 313 2536 etiam
326 2513 421 2536 inferius
433 2519 475 2541 pro
492 2512 650 2536 inviolabilem
663 2514 701 2541 (ita
714 2515 732 2536 G
750 2517 772 2536 et
789 2514 825 2537 ed.
847 2515 866 2542 l)
884 2514 937 2537 sub-

94 2553 165 2575 stituit
182 2552 334 2575 immobilem.
393 2552 402 2565 ²
419 2552 474 2581 Cap.
493 2553 513 2575 lt.
531 2566 562 2570 —
579 2554 622 2575 Pro
639 2559 715 2582 snpra
732 2553 783 2576 Vat.
802 2553 936 2577 Fratribus.

156 2590 165 2604 ⁸
182 2592 278 2619 Gregor.
296 2592 340 2618 lX;
357 2593 398 2614 cfr.
415 2598 485 2620 supra
503 2599 524 2614 c.
545 2593 561 2614 l.
580 2599 601 2614 n.
618 2592 640 2614 7.
659 2593 681 2614 in
699 2593 750 2615 fine.

155 2629 165 2642 ⁴
182 2630 243 2653 Libr.
261 2631 290 2653 de
308 2630 409 2653 Moribus
421 2631 460 2656 (de
472 2631 523 2653 Vita
540 2635 562 2654 et
579 2631 704 2660 moribus),
717 2632 756 2660 qui
769 2638 890 2659 perperam
903 2634 936 2654 at-

94 2668 202 2692 tribuitur
214 2670 314 2692 Senecae
326 2670 372 2696 (ed.
385 2676 423 2698 op.
435 2670 535 2692 Senecae
543 2687 548 2697 ,
561 2670 659 2693 Basileae
670 2670 738 2697 1529,
747 2676 802 2698 pag.
811 2670 919 2699 687-689)
929 2678 935 2692 ι

95 2708 264 2737 Quietissimam
277 2709 347 2731 vitam
359 2711 454 2737 agerent
466 2709 570 2731 homines
582 2709 602 2731 in
616 2709 694 2737 terris,
706 2709 724 2731 si
738 2710 793 2732 llaec
805 2709 852 2731 duo
864 2709 935 2731 verba

94 2753 108 2770 a
123 2750 204 2770 natura
221 2748 325 2770 omnium
343 2754 421 2771 rerum
439 2749 549 2775 tollerent,
567 2754 646 2771 meum
663 2751 685 2770 et
702 2749 779 2771 tuum.

156 2785 165 2798 ⁶
183 2787 212 2809 lta
230 2788 248 2809 Α
266 2793 318 2809 cum
337 2790 397 2809 textu
415 2787 535 2815 originali;
552 2787 608 2809 alias
624 2786 677 2810 Sed.

156 2824 165 2837 ⁶
182 2825 238 2848 Can.
259 2826 297 2852 13,
315 2828 405 2848 sumtus
422 2832 448 2848 ex
465 2825 570 2853 Prosperi
588 2826 638 2848 sive
659 2825 737 2853 potius
753 2832 780 2847 ex
797 2826 874 2848 lulian.
896 2826 936 2848 Ρο-

94 2864 172 2892 merii,
192 2864 215 2886 ll.
237 2864 266 2887 de
290 2865 339 2886 Vita
363 2864 554 2892 contemplativa,
571 2870 590 2887 c.
609 2865 631 2886 9.
657 2864 702 2886 Cfr.
719 2870 788 2892 supra
806 2871 861 2892 pag.
878 2865 935 2892 322,

95 2905 145 2925 nola
163 2903 185 2925 8.
202 2903 298 2925 lnferius
309 2903 361 2925 voci
373 2902 490 2926 Ecclesiae
507 2904 524 2925 Λ
534 2904 550 2925 Β
560 2903 578 2925 D
588 2904 606 2925 G
623 2906 646 2925 et
661 2903 698 2925 ed.
711 2903 719 2925 l
736 2903 866 2930 praefigunt
878 2904 936 2926 Are-

95 2940 189 2964 latensis
207 2941 303 2970 (Arlcs),
320 2948 373 2964 cum
391 2944 466 2964 tamen
483 2948 563 2964 revera
581 2942 648 2964 suerit
663 2941 787 2969 episcopus
803 2941 908 2964 Nolanus.

157 2980 165 2993 ⁷
182 2980 242 3003 Libr.
261 2982 275 3003 l.
294 2981 378 3008 Digest.
396 2982 428 3003 tit.
446 2981 467 3003 8.
485 2981 527 3008 leg.
540 2981 642 3004 Summa
653 2986 736 3003 rernm
748 2980 854 3003 divisio...
867 2981 935 3009 Quod

993 2439 1027 2460 lex
1044 2439 1071 2460 In
1089 2439 1181 2461 tantam
1200 2438 1240 2466 (6.)
1266 2441 1288 2460 et
1305 2439 1328 2460 ll.
1347 2439 1416 2461 instit.
1433 2439 1465 2461 tit.
1486 2440 1505 2461 l.
1523 2439 1572 2461 Vat.
1600 2445 1722 2467 perperam
1749 2439 1776 2462 de
1800 2440 1838 2463 Re-

993 2483 1049 2499 rum
1066 2476 1177 2499 dominio.

1055 2514 1064 2528 ⁸
1082 2516 1111 2537 lta
1130 2516 1199 2538 ΑΒΕ
1217 2519 1238 2538 et
1255 2516 1290 2538 ed.
1311 2517 1335 2544 sl,
1353 2517 1370 2538 G
1388 2516 1548 2539 concedantur
1565 2517 1702 2546 occupanti,
1722 2518 1772 2539 vat.
1783 2524 1836 2540 cum

994 2555 1011 2577 D
1028 2561 1103 2584 quare
1119 2556 1175 2578 tunc
1192 2556 1308 2584 occupant
1324 2554 1370 2584 ipsi
1386 2555 1463 2584 mayis·
1480 2561 1553 2584 quam
1569 2555 1632 2578 alii?

1055 2593 1064 2606 Β
1081 2593 1136 2616 Can.
1154 2593 1181 2616 4:
1199 2594 1335 2621 Enimvero,
1352 2594 1407 2622 quia
1426 2594 1448 2616 in
1465 2595 1584 2622 speculum
1601 2598 1623 2616 et
1639 2595 1770 2623 exemplum
1787 2602 1836 2618 san-

992 2636 1026 2655 cta
1045 2634 1148 2655 Romana
1166 2633 1287 2655 Ecclesia...
1305 2633 1421 2660 proposita
1439 2635 1484 2660 cst,
1502 2632 1531 2655 ab
1547 2633 1656 2655 omnibus
1667 2634 1781 2662 quidquid
1794 2638 1836 2657 sta-

993 2672 1049 2698 tuit,
1064 2671 1179 2700 quidquid
1197 2671 1287 2694 ordinat
1304 2674 1416 2699 perpetuo
1429 2674 1451 2693 et
1463 2671 1649 2700 irrefragabiliter
1661 2672 1835 2696 observandum

992 2713 1032 2733 est.
1050 2723 1080 2726 —
1097 2710 1209 2738 Superius
1227 2711 1273 2732 fere
1290 2716 1371 2732 omnes
1389 2710 1456 2732 codd.
1474 2713 1496 2732 et
1512 2711 1550 2733 ed.
1569 2711 1573 2733 l
1590 2711 1698 2734 omittunt
1710 2711 1802 2735 videtur
1813 2715 1836 2735 et

993 2749 1046 2779 qui,
1066 2755 1092 2771 ac
1110 2755 1152 2777 pro
1169 2748 1211 2772 illa
1229 2750 1275 2771 AG
1291 2752 1314 2771 et
1330 2749 1368 2771 ed.
1386 2750 1393 2770 l
1415 2748 1558 2772 substituunt
1573 2749 1616 2772 illi.

1055 2787 1075 2800 ¹⁰
1092 2788 1157 2809 Vers.
1176 2788 1212 2809 32.

1055 2825 1073 2838 ¹¹
1091 2826 1148 2854 Quia
1159 2832 1199 2854 per
1208 2826 1336 2848 dominium
1347 2826 1444 2849 liabetur
1456 2827 1523 2854 plena
1536 2827 1557 2849 in
1568 2833 1617 2849 rem
1634 2831 1747 2856 potestas;
1759 2829 1834 2856 ipsum

992 2865 1053 2888 enim
1071 2868 1104 2887 est
1121 2865 1157 2887 ius
1173 2865 1223 2887 sive
1240 2865 1340 2893 legitima
1358 2866 1452 2888 facultas
1469 2866 1498 2888 de
1509 2872 1533 2888 re
1546 2867 1658 2894 corporali
1676 2868 1777 2895 perfecte
1789 2868 1835 2890 dis-

992 2904 1091 2931 ponendi
1109 2906 1148 2926 aut
1165 2904 1310 2931 vindicandi,
1327 2904 1369 2926 nisi
1387 2904 1420 2926 lex
1439 2905 1474 2927 vel
1492 2905 1615 2927 conventio
1631 2904 1735 2928 obsistat.

1054 2941 1073 2954 ¹²
1091 2942 1157 2964 Vers.
1174 2942 1211 2969 31,
1229 2945 1281 2970 post
1297 2948 1367 2971 quem
1386 2944 1400 2965 l.
1417 2942 1468 2966 Cor.
1486 2944 1512 2970 6,
1534 2944 1567 2965 12.

1054 2980 1073 2993 ¹³
1090 2980 1164 3003 Codd.
1181 2980 1223 3003 BC
1239 2981 1328 3004 addunt
1342 2980 1457 3010 praelatis
1475 2981 1599 3005 Ecclesiae.
1617 2982 1710 3006 inferius
1731 2990 1773 3011 pro
1790 2983 1833 3006 im-

990 3019 1115 3049 plicatione
1133 3019 1172 3048 (ita
1189 3020 1226 3043 ed.
1245 3021 1266 3048 l)
1286 3021 1336 3043 Vnt.
1353 3019 1556 3050 multiplicatione.
