<?xml version="1.0" encoding="UTF-8"?>
<!DOCTYPE html PUBLIC "-//W3C//DTD XHTML 1.0 Transitional//EN"
    "http://www.w3.org/TR/xhtml1/DTD/xhtml1-transitional.dtd">
<html xmlns="http://www.w3.org/1999/xhtml" xml:lang="en" lang="en">
 <head>
  <title>
</title>
<meta http-equiv="Content-Type" content="text/html;charset=utf-8" />
  <meta name='ocr-system' content='tesseract 3.04.00' />
  <meta name='ocr-capabilities' content='ocr_page ocr_carea ocr_par ocr_line ocrx_word'/>
</head>
<body>
  <div class='ocr_page' id='page_1' title='image "./doctorisseraphic08bona_0802.png"; bbox 0 0 2133 3317; ppageno 0'>
   <div class='ocr_carea' id='block_1_1' title="bbox 103 310 231 353">
    <p class='ocr_par' dir='ltr' id='par_1_1' title="bbox 103 310 231 353">
     <span class='ocr_line' id='line_1_1' title="bbox 108 310 231 329; baseline -0.008 0"><span class='ocrx_word' id='word_1_1' title='bbox 108 311 138 329; x_wconf 84' lang='lat' dir='ltr'>Ad</span> <span class='ocrx_word' id='word_1_2' title='bbox 151 310 231 329; x_wconf 78' lang='lat' dir='ltr'>amicum</span> 
     </span>
     <span class='ocr_line' id='line_1_2' title="bbox 103 334 230 353; baseline 0 -1"><span class='ocrx_word' id='word_1_3' title='bbox 103 335 126 353; x_wconf 85' lang='lat' dir='ltr'>de</span> <span class='ocrx_word' id='word_1_4' title='bbox 143 334 178 352; x_wconf 84' lang='lat' dir='ltr'>hac</span> <span class='ocrx_word' id='word_1_5' title='bbox 189 338 230 352; x_wconf 75' lang='lat' dir='ltr'>are.</span> 
     </span>
    </p>
   </div>
   <div class='ocr_carea' id='block_1_2' title="bbox 110 566 232 632">
    <p class='ocr_par' dir='ltr' id='par_1_2' title="bbox 110 566 232 632">
     <span class='ocr_line' id='line_1_3' title="bbox 110 566 232 586; baseline -0.016 0"><span class='ocrx_word' id='word_1_6' title='bbox 110 568 179 586; x_wconf 80' lang='lat' dir='ltr'>Cantus</span> <span class='ocrx_word' id='word_1_7' title='bbox 192 566 232 585; x_wconf 81' lang='lat' dir='ltr'>avis</span> 
     </span>
     <span class='ocr_line' id='line_1_4' title="bbox 113 590 229 609; baseline -0.009 0"><span class='ocrx_word' id='word_1_8' title='bbox 113 591 138 609; x_wconf 79' lang='lat' dir='ltr'>ad</span> <span class='ocrx_word' id='word_1_9' title='bbox 154 590 229 608; x_wconf 82' lang='lat' dir='ltr'>matuti-</span> 
     </span>
     <span class='ocr_line' id='line_1_5' title="bbox 144 619 196 632; baseline -0.019 0"><span class='ocrx_word' id='word_1_10' title='bbox 144 619 196 632; x_wconf 84' lang='lat' dir='ltr'>num.</span> 
     </span>
    </p>
   </div>
   <div class='ocr_carea' id='block_1_3' title="bbox 101 695 230 737">
    <p class='ocr_par' dir='ltr' id='par_1_3' title="bbox 101 695 230 737">
     <span class='ocr_line' id='line_1_6' title="bbox 101 695 230 718; baseline 0 -5"><span class='ocrx_word' id='word_1_11' title='bbox 101 695 132 714; x_wconf 83' lang='lat' dir='ltr'>Ad</span> <span class='ocrx_word' id='word_1_12' title='bbox 145 695 230 718; x_wconf 81' lang='lat' dir='ltr'>primam.</span> 
     </span>
     <span class='ocr_line' id='line_1_7' title="bbox 134 719 207 737; baseline -0.014 0"><span class='ocrx_word' id='word_1_13' title='bbox 134 719 207 737; x_wconf 80' lang='lat' dir='ltr'>horam.</span> 
     </span>
    </p>
   </div>
   <div class='ocr_carea' id='block_1_4' title="bbox 142 827 231 846">
    <p class='ocr_par' dir='ltr' id='par_1_4' title="bbox 142 827 231 846">
     <span class='ocr_line' id='line_1_8' title="bbox 142 827 231 846; baseline 0 0"><span class='ocrx_word' id='word_1_14' title='bbox 142 827 231 846; x_wconf 79' lang='lat' dir='ltr'>Tertiam.</span> 
     </span>
    </p>
   </div>
   <div class='ocr_carea' id='block_1_5' title="bbox 148 1000 230 1018">
    <p class='ocr_par' dir='ltr' id='par_1_5' title="bbox 148 1000 230 1018">
     <span class='ocr_line' id='line_1_9' title="bbox 148 1000 230 1018; baseline -0.012 0"><span class='ocrx_word' id='word_1_15' title='bbox 148 1000 230 1018; x_wconf 76' lang='lat' dir='ltr'>sextam.</span> 
     </span>
    </p>
   </div>
   <div class='ocr_carea' id='block_1_6' title="bbox 151 1257 230 1276">
    <p class='ocr_par' dir='ltr' id='par_1_6' title="bbox 151 1257 230 1276">
     <span class='ocr_line' id='line_1_10' title="bbox 151 1257 230 1276; baseline 0 -1"><span class='ocrx_word' id='word_1_16' title='bbox 151 1257 230 1276; x_wconf 81' lang='lat' dir='ltr'>Nonam.</span> 
     </span>
    </p>
   </div>
   <div class='ocr_carea' id='block_1_7' title="bbox 112 1339 231 1405">
    <p class='ocr_par' dir='ltr' id='par_1_7' title="bbox 112 1339 231 1405">
     <span class='ocr_line' id='line_1_11' title="bbox 117 1339 224 1364; baseline -0.009 -5"><span class='ocrx_word' id='word_1_17' title='bbox 117 1339 224 1364; x_wconf 79' lang='lat' dir='ltr'>Applicatio</span> 
     </span>
     <span class='ocr_line' id='line_1_12' title="bbox 112 1364 231 1405; baseline 0 0"><span class='ocrx_word' id='word_1_18' title='bbox 112 1364 231 1405; x_wconf 54' lang='lat' dir='ltr'>¹¹⁰‘312ffy&#39;</span> 
     </span>
    </p>
   </div>
   <div class='ocr_carea' id='block_1_8' title="bbox 100 1862 235 1928">
    <p class='ocr_par' dir='ltr' id='par_1_8' title="bbox 100 1862 235 1928">
     <span class='ocr_line' id='line_1_13' title="bbox 117 1862 235 1881; baseline -0.008 0"><span class='ocrx_word' id='word_1_19' title='bbox 117 1862 235 1881; x_wconf 70' lang='lat' dir='ltr'>Generaliter</span> 
     </span>
     <span class='ocr_line' id='line_1_14' title="bbox 101 1886 235 1909; baseline 0 -5"><span class='ocrx_word' id='word_1_20' title='bbox 101 1886 163 1909; x_wconf 76' lang='lat' dir='ltr'>quoad</span> <span class='ocrx_word' id='word_1_21' title='bbox 173 1886 235 1909; x_wconf 76' lang='lat' dir='ltr'>singu-</span> 
     </span>
     <span class='ocr_line' id='line_1_15' title="bbox 100 1909 206 1928; baseline 0.009 -1"><span class='ocrx_word' id='word_1_22' title='bbox 100 1910 127 1927; x_wconf 76' lang='lat' dir='ltr'>las</span> <span class='ocrx_word' id='word_1_23' title='bbox 141 1909 206 1928; x_wconf 76' lang='lat' dir='ltr'>floras.</span> 
     </span>
    </p>
   </div>
   <div class='ocr_carea' id='block_1_9' title="bbox 250 225 306 253">
    <p class='ocr_par' dir='ltr' id='par_1_9' title="bbox 250 225 306 253">
     <span class='ocr_line' id='line_1_16' title="bbox 250 225 306 253; baseline 0 0"><span class='ocrx_word' id='word_1_24' title='bbox 250 225 306 253; x_wconf 88' lang='grc'>670</span> 
     </span>
    </p>
   </div>
   <div class='ocr_carea' id='block_1_10' title="bbox 266 300 1044 2190">
    <p class='ocr_par' dir='ltr' id='par_1_10' title="bbox 285 300 878 335">
     <span class='ocr_line' id='line_1_17' title="bbox 285 300 878 335; baseline -0.003 -7"><span class='ocrx_word' id='word_1_25' title='bbox 285 303 309 328; x_wconf 85' lang='grc'>5.</span> <span class='ocrx_word' id='word_1_26' title='bbox 329 303 428 335; x_wconf 77' lang='lat' dir='ltr'>Igitur,</span> <span class='ocrx_word' id='word_1_27' title='bbox 447 302 587 330; x_wconf 72' lang='lat' dir='ltr'>carissime,</span> <span class='ocrx_word' id='word_1_28' title='bbox 607 301 666 326; x_wconf 87' lang='lat' dir='ltr'>audi</span> <span class='ocrx_word' id='word_1_29' title='bbox 683 308 750 326; x_wconf 89' lang='lat' dir='ltr'>nunc</span> <span class='ocrx_word' id='word_1_30' title='bbox 769 300 878 330; x_wconf 84' lang='lat' dir='ltr'>attente,</span> 
     </span>
    </p>

    <p class='ocr_par' dir='ltr' id='par_1_11' title="bbox 354 343 994 461">
     <span class='ocr_line' id='line_1_18' title="bbox 354 343 994 371; baseline -0.005 0"><span class='ocrx_word' id='word_1_31' title='bbox 354 347 421 371; x_wconf 85' lang='lat' dir='ltr'>Nam</span> <span class='ocrx_word' id='word_1_32' title='bbox 441 346 461 370; x_wconf 89' lang='lat' dir='ltr'>si</span> <span class='ocrx_word' id='word_1_33' title='bbox 480 345 569 370; x_wconf 77' lang='lat' dir='ltr'>cantus</span> <span class='ocrx_word' id='word_1_34' title='bbox 588 344 697 369; x_wconf 88' lang='lat' dir='ltr'>volucris</span> <span class='ocrx_word' id='word_1_35' title='bbox 715 344 790 368; x_wconf 86' lang='lat' dir='ltr'>huius</span> <span class='ocrx_word' id='word_1_36' title='bbox 810 351 893 368; x_wconf 83' lang='lat' dir='ltr'>serves</span> <span class='ocrx_word' id='word_1_37' title='bbox 912 343 994 369; x_wconf 87' lang='lat' dir='ltr'>mente</span> 
     </span>
     <span class='ocr_line' id='line_1_19' title="bbox 354 386 886 418; baseline -0.006 -4"><span class='ocrx_word' id='word_1_38' title='bbox 354 389 388 414; x_wconf 88' lang='lat' dir='ltr'>Et</span> <span class='ocrx_word' id='word_1_39' title='bbox 407 388 506 413; x_wconf 85' lang='lat' dir='ltr'>secutus</span> <span class='ocrx_word' id='word_1_40' title='bbox 525 387 616 417; x_wconf 86' lang='lat' dir='ltr'>fueris,</span> <span class='ocrx_word' id='word_1_41' title='bbox 636 387 731 418; x_wconf 85' lang='lat' dir='ltr'>Spiritu</span> <span class='ocrx_word' id='word_1_42' title='bbox 743 386 750 399; x_wconf 88' lang='lat'>¹</span> <span class='ocrx_word' id='word_1_43' title='bbox 771 387 886 416; x_wconf 88' lang='lat' dir='ltr'>docente,</span> 
     </span>
     <span class='ocr_line' id='line_1_20' title="bbox 355 429 901 461; baseline -0.004 -5"><span class='ocrx_word' id='word_1_44' title='bbox 355 432 387 456; x_wconf 90' lang='lat' dir='ltr'>Te</span> <span class='ocrx_word' id='word_1_45' title='bbox 406 431 538 456; x_wconf 84' lang='lat' dir='ltr'>caelestem</span> <span class='ocrx_word' id='word_1_46' title='bbox 557 431 678 455; x_wconf 86' lang='lat' dir='ltr'>musicum</span> <span class='ocrx_word' id='word_1_47' title='bbox 698 429 771 454; x_wconf 85' lang='lat' dir='ltr'>faciet</span> <span class='ocrx_word' id='word_1_48' title='bbox 791 430 901 461; x_wconf 89' lang='lat' dir='ltr'>repente.</span> 
     </span>
    </p>

    <p class='ocr_par' dir='ltr' id='par_1_12' title="bbox 284 472 982 634">
     <span class='ocr_line' id='line_1_21' title="bbox 284 472 964 504; baseline -0.004 -5"><span class='ocrx_word' id='word_1_49' title='bbox 284 474 309 499; x_wconf 90' lang='lat'>6.</span> <span class='ocrx_word' id='word_1_50' title='bbox 330 474 366 499; x_wconf 90' lang='lat' dir='ltr'>De</span> <span class='ocrx_word' id='word_1_51' title='bbox 384 474 431 498; x_wconf 88' lang='lat' dir='ltr'>hac</span> <span class='ocrx_word' id='word_1_52' title='bbox 450 481 495 498; x_wconf 85' lang='lat' dir='ltr'>ave</span> <span class='ocrx_word' id='word_1_53' title='bbox 514 473 622 504; x_wconf 83' lang='lat' dir='ltr'>legitur,</span> <span class='ocrx_word' id='word_1_54' title='bbox 642 472 707 504; x_wconf 88' lang='lat' dir='ltr'>quod</span> <span class='ocrx_word' id='word_1_55' title='bbox 726 480 781 497; x_wconf 87' lang='lat' dir='ltr'>cum</span> <span class='ocrx_word' id='word_1_56' title='bbox 801 472 964 503; x_wconf 87' lang='lat' dir='ltr'>deprehendit</span> 
     </span>
     <span class='ocr_line' id='line_1_22' title="bbox 353 514 977 547; baseline -0.002 -6"><span class='ocrx_word' id='word_1_57' title='bbox 353 517 459 542; x_wconf 83' lang='lat' dir='ltr'>Mortem</span> <span class='ocrx_word' id='word_1_58' title='bbox 480 516 527 541; x_wconf 87' lang='lat' dir='ltr'>sibi</span> <span class='ocrx_word' id='word_1_59' title='bbox 546 516 683 547; x_wconf 80' lang='lat' dir='ltr'>proximam</span> <span class='ocrx_word' id='word_1_60' title='bbox 694 514 712 545; x_wconf 79' lang='lat'>²,</span> <span class='ocrx_word' id='word_1_61' title='bbox 732 515 845 540; x_wconf 81' lang='lat' dir='ltr'>arborem</span> <span class='ocrx_word' id='word_1_62' title='bbox 865 515 977 540; x_wconf 84' lang='lat' dir='ltr'>ascendit</span> 
     </span>
     <span class='ocr_line' id='line_1_23' title="bbox 355 558 982 591; baseline -0.003 -7"><span class='ocrx_word' id='word_1_63' title='bbox 355 560 503 591; x_wconf 88' lang='lat' dir='ltr'>Summoque</span> <span class='ocrx_word' id='word_1_64' title='bbox 522 559 630 583; x_wconf 84' lang='lat' dir='ltr'>diluculo</span> <span class='ocrx_word' id='word_1_65' title='bbox 651 565 751 583; x_wconf 85' lang='lat' dir='ltr'>sursum</span> <span class='ocrx_word' id='word_1_66' title='bbox 770 558 881 583; x_wconf 86' lang='lat' dir='ltr'>rostrum</span> <span class='ocrx_word' id='word_1_67' title='bbox 901 558 982 582; x_wconf 90' lang='lat' dir='ltr'>tendit</span> 
     </span>
     <span class='ocr_line' id='line_1_24' title="bbox 355 601 943 634; baseline -0.003 -7"><span class='ocrx_word' id='word_1_68' title='bbox 355 603 516 634; x_wconf 87' lang='lat' dir='ltr'>Diversisque</span> <span class='ocrx_word' id='word_1_69' title='bbox 535 601 650 627; x_wconf 86' lang='lat' dir='ltr'>cantibus</span> <span class='ocrx_word' id='word_1_70' title='bbox 670 601 750 626; x_wconf 86' lang='lat' dir='ltr'>totam</span> <span class='ocrx_word' id='word_1_71' title='bbox 769 609 794 626; x_wconf 84' lang='lat' dir='ltr'>se</span> <span class='ocrx_word' id='word_1_72' title='bbox 813 601 943 632; x_wconf 83' lang='lat' dir='ltr'>impendit.</span> 
     </span>
    </p>

    <p class='ocr_par' dir='ltr' id='par_1_13' title="bbox 286 643 920 676">
     <span class='ocr_line' id='line_1_25' title="bbox 286 643 920 676; baseline -0.003 -6"><span class='ocrx_word' id='word_1_73' title='bbox 286 645 308 670; x_wconf 88' lang='lat'>7.</span> <span class='ocrx_word' id='word_1_74' title='bbox 330 645 467 670; x_wconf 85' lang='lat' dir='ltr'>Cantilenis</span> <span class='ocrx_word' id='word_1_75' title='bbox 486 645 600 669; x_wconf 82' lang='lat' dir='ltr'>dulcibus</span> <span class='ocrx_word' id='word_1_76' title='bbox 619 643 769 676; x_wconf 75' lang='lat' dir='ltr'>praevenit³</span> <span class='ocrx_word' id='word_1_77' title='bbox 789 651 920 673; x_wconf 87' lang='lat' dir='ltr'>auroram,</span> 
     </span>
    </p>

    <p class='ocr_par' dir='ltr' id='par_1_14' title="bbox 354 687 984 804">
     <span class='ocr_line' id='line_1_26' title="bbox 355 687 984 718; baseline -0.002 -5"><span class='ocrx_word' id='word_1_78' title='bbox 355 689 402 713; x_wconf 89' lang='lat' dir='ltr'>Sed</span> <span class='ocrx_word' id='word_1_79' title='bbox 420 696 475 713; x_wconf 86' lang='grc'><strong>011111</strong></span> <span class='ocrx_word' id='word_1_80' title='bbox 495 688 547 713; x_wconf 86' lang='lat' dir='ltr'>dies</span> <span class='ocrx_word' id='word_1_81' title='bbox 566 688 656 712; x_wconf 90' lang='lat' dir='ltr'>rutilat</span> <span class='ocrx_word' id='word_1_82' title='bbox 675 688 740 712; x_wconf 86' lang='lat' dir='ltr'>circa</span> <span class='ocrx_word' id='word_1_83' title='bbox 759 688 865 718; x_wconf 82' lang='lat' dir='ltr'>primam</span> <span class='ocrx_word' id='word_1_84' title='bbox 884 687 984 717; x_wconf 88' lang='lat' dir='ltr'>horam,</span> 
     </span>
     <span class='ocr_line' id='line_1_27' title="bbox 354 730 916 762; baseline -0.002 -7"><span class='ocrx_word' id='word_1_85' title='bbox 354 731 445 756; x_wconf 85' lang='lat' dir='ltr'>Elevat</span> <span class='ocrx_word' id='word_1_86' title='bbox 463 731 621 762; x_wconf 85' lang='lat' dir='ltr'>praedulcius</span> <span class='ocrx_word' id='word_1_87' title='bbox 640 737 723 755; x_wconf 88' lang='lat' dir='ltr'>vocem</span> <span class='ocrx_word' id='word_1_88' title='bbox 741 730 767 755; x_wconf 91' lang='lat' dir='ltr'>in</span> <span class='ocrx_word' id='word_1_89' title='bbox 786 737 916 759; x_wconf 87' lang='lat' dir='ltr'>canoram,</span> 
     </span>
     <span class='ocr_line' id='line_1_28' title="bbox 355 774 979 804; baseline -0.003 -5"><span class='ocrx_word' id='word_1_90' title='bbox 355 775 387 799; x_wconf 91' lang='lat' dir='ltr'>In</span> <span class='ocrx_word' id='word_1_91' title='bbox 406 774 529 799; x_wconf 86' lang='lat' dir='ltr'>cantando</span> <span class='ocrx_word' id='word_1_92' title='bbox 549 774 661 799; x_wconf 89' lang='lat' dir='ltr'>nesciens</span> <span class='ocrx_word' id='word_1_93' title='bbox 681 781 786 804; x_wconf 83' lang='lat' dir='ltr'>pausam</span> <span class='ocrx_word' id='word_1_94' title='bbox 806 774 857 798; x_wconf 84' lang='lat' dir='ltr'>sive</span> <span class='ocrx_word' id='word_1_95' title='bbox 876 780 979 798; x_wconf 89' lang='lat' dir='ltr'>moram.</span> 
     </span>
    </p>

    <p class='ocr_par' dir='ltr' id='par_1_15' title="bbox 286 816 970 978">
     <span class='ocr_line' id='line_1_29' title="bbox 286 816 919 848; baseline -0.002 -6"><span class='ocrx_word' id='word_1_96' title='bbox 286 817 309 842; x_wconf 81' lang='lat'>8.</span> <span class='ocrx_word' id='word_1_97' title='bbox 330 817 400 843; x_wconf 85' lang='lat' dir='ltr'>Circa</span> <span class='ocrx_word' id='word_1_98' title='bbox 419 825 477 842; x_wconf 87' lang='lat' dir='ltr'>vero</span> <span class='ocrx_word' id='word_1_99' title='bbox 497 818 598 841; x_wconf 88' lang='lat' dir='ltr'>tertiam</span> <span class='ocrx_word' id='word_1_100' title='bbox 616 817 689 848; x_wconf 84' lang='lat' dir='ltr'>quasi</span> <span class='ocrx_word' id='word_1_101' title='bbox 709 817 808 841; x_wconf 85' lang='lat' dir='ltr'>modum</span> <span class='ocrx_word' id='word_1_102' title='bbox 827 816 919 845; x_wconf 85' lang='lat' dir='ltr'>nescit,</span> 
     </span>
     <span class='ocr_line' id='line_1_30' title="bbox 356 858 955 891; baseline -0.003 -6"><span class='ocrx_word' id='word_1_103' title='bbox 356 861 419 890; x_wconf 81' lang='lat' dir='ltr'>Quia</span> <span class='ocrx_word' id='word_1_104' title='bbox 437 868 534 891; x_wconf 80' lang='lat' dir='ltr'>semper</span> <span class='ocrx_word' id='word_1_105' title='bbox 552 860 671 891; x_wconf 85' lang='lat' dir='ltr'>gaudium</span> <span class='ocrx_word' id='word_1_106' title='bbox 690 860 770 885; x_wconf 90' lang='lat' dir='ltr'>cordis</span> <span class='ocrx_word' id='word_1_107' title='bbox 789 858 830 884; x_wconf 81' lang='lat' dir='ltr'>ei¹¹</span> <span class='ocrx_word' id='word_1_108' title='bbox 850 859 955 889; x_wconf 78' lang='lat' dir='ltr'>crescit3</span> 
     </span>
     <span class='ocr_line' id='line_1_31' title="bbox 354 902 964 935; baseline -0.003 -7"><span class='ocrx_word' id='word_1_109' title='bbox 354 904 416 928; x_wconf 88' lang='lat' dir='ltr'>Fere</span> <span class='ocrx_word' id='word_1_110' title='bbox 435 903 526 935; x_wconf 84' lang='lat' dir='ltr'>guttur</span> <span class='ocrx_word' id='word_1_111' title='bbox 545 903 686 934; x_wconf 84' lang='lat' dir='ltr'>rumpitur,</span> <span class='ocrx_word' id='word_1_112' title='bbox 707 903 742 927; x_wconf 86' lang='lat' dir='ltr'>sic</span> <span class='ocrx_word' id='word_1_113' title='bbox 760 910 807 927; x_wconf 82' lang='lat' dir='ltr'>vox</span> <span class='ocrx_word' id='word_1_114' title='bbox 825 902 964 931; x_wconf 83' lang='lat' dir='ltr'>invalescit,</span> 
     </span>
     <span class='ocr_line' id='line_1_32' title="bbox 354 945 970 978; baseline -0.005 -6"><span class='ocrx_word' id='word_1_115' title='bbox 354 947 388 972; x_wconf 86' lang='lat' dir='ltr'>Et</span> <span class='ocrx_word' id='word_1_116' title='bbox 408 954 455 978; x_wconf 89' lang='lat' dir='ltr'>quo</span> <span class='ocrx_word' id='word_1_117' title='bbox 474 946 562 972; x_wconf 90' lang='lat' dir='ltr'>cantat</span> <span class='ocrx_word' id='word_1_118' title='bbox 581 946 703 977; x_wconf 77' lang='lat' dir='ltr'>ampliUS,</span> <span class='ocrx_word' id='word_1_119' title='bbox 724 946 804 977; x_wconf 87' lang='lat' dir='ltr'>magis</span> <span class='ocrx_word' id='word_1_120' title='bbox 827 945 970 970; x_wconf 76' lang='lat' dir='ltr'>inardescit.</span> 
     </span>
    </p>

    <p class='ocr_par' dir='ltr' id='par_1_16' title="bbox 285 989 911 1018">
     <span class='ocr_line' id='line_1_33' title="bbox 285 989 911 1018; baseline -0.003 -3"><span class='ocrx_word' id='word_1_121' title='bbox 285 990 308 1015; x_wconf 88' lang='lat'>9.</span> <span class='ocrx_word' id='word_1_122' title='bbox 329 989 381 1014; x_wconf 81' lang='lat' dir='ltr'>Et⁵</span> <span class='ocrx_word' id='word_1_123' title='bbox 403 997 457 1015; x_wconf 90' lang='lat' dir='ltr'>cum</span> <span class='ocrx_word' id='word_1_124' title='bbox 477 990 503 1014; x_wconf 93' lang='lat' dir='ltr'>in</span> <span class='ocrx_word' id='word_1_125' title='bbox 522 989 623 1014; x_wconf 87' lang='lat' dir='ltr'>meridie</span> <span class='ocrx_word' id='word_1_126' title='bbox 643 989 680 1014; x_wconf 87' lang='lat' dir='ltr'>sol</span> <span class='ocrx_word' id='word_1_127' title='bbox 699 989 737 1014; x_wconf 89' lang='lat' dir='ltr'>est</span> <span class='ocrx_word' id='word_1_128' title='bbox 756 989 781 1013; x_wconf 92' lang='lat' dir='ltr'>in</span> <span class='ocrx_word' id='word_1_129' title='bbox 800 989 911 1018; x_wconf 84' lang='lat' dir='ltr'>fervore,</span> 
     </span>
    </p>

    <p class='ocr_par' dir='ltr' id='par_1_17' title="bbox 355 1032 1005 1151">
     <span class='ocr_line' id='line_1_34' title="bbox 355 1032 912 1064; baseline -0.004 -6"><span class='ocrx_word' id='word_1_130' title='bbox 355 1033 424 1058; x_wconf 87' lang='lat' dir='ltr'>Tunc</span> <span class='ocrx_word' id='word_1_131' title='bbox 443 1033 564 1064; x_wconf 89' lang='lat' dir='ltr'>dirumpit</span> <span class='ocrx_word' id='word_1_132' title='bbox 583 1033 678 1057; x_wconf 83' lang='lat' dir='ltr'>viscera</span> <span class='ocrx_word' id='word_1_133' title='bbox 696 1032 772 1057; x_wconf 83' lang='lat' dir='ltr'>nimio</span> <span class='ocrx_word' id='word_1_134' title='bbox 792 1032 912 1061; x_wconf 74' lang='lat' dir='ltr'>clamore3</span> 
     </span>
     <span class='ocr_line' id='line_1_35' title="bbox 358 1075 854 1108; baseline -0.004 -7"><span class='ocrx_word' id='word_1_135' title='bbox 358 1075 418 1108; x_wconf 81' lang='lat' dir='ltr'>Oci,</span> <span class='ocrx_word' id='word_1_136' title='bbox 438 1077 477 1101; x_wconf 77' lang='lat' dir='ltr'>oei</span> <span class='ocrx_word' id='word_1_137' title='bbox 496 1076 629 1101; x_wconf 86' lang='lat' dir='ltr'>clamitans</span> <span class='ocrx_word' id='word_1_138' title='bbox 647 1076 692 1100; x_wconf 90' lang='lat' dir='ltr'>illo</span> <span class='ocrx_word' id='word_1_139' title='bbox 710 1082 754 1100; x_wconf 87' lang='lat' dir='ltr'>suo</span> <span class='ocrx_word' id='word_1_140' title='bbox 773 1082 854 1104; x_wconf 90' lang='lat' dir='ltr'>more,</span> 
     </span>
     <span class='ocr_line' id='line_1_36' title="bbox 355 1117 1005 1151; baseline -0.005 -7"><span class='ocrx_word' id='word_1_141' title='bbox 355 1119 406 1149; x_wconf 85' lang='lat' dir='ltr'>Sic,</span> <span class='ocrx_word' id='word_1_142' title='bbox 428 1119 493 1151; x_wconf 89' lang='lat' dir='ltr'>quod</span> <span class='ocrx_word' id='word_1_143' title='bbox 512 1119 603 1143; x_wconf 89' lang='lat' dir='ltr'>sensim</span> <span class='ocrx_word' id='word_1_144' title='bbox 622 1118 706 1143; x_wconf 89' lang='lat' dir='ltr'>deficit</span> <span class='ocrx_word' id='word_1_145' title='bbox 724 1118 814 1143; x_wconf 82' lang='lat' dir='ltr'>cantus</span> <span class='ocrx_word' id='word_1_146' title='bbox 833 1125 893 1149; x_wconf 85' lang='lat' dir='ltr'>prae</span> <span class='ocrx_word' id='word_1_147' title='bbox 912 1117 1005 1142; x_wconf 84' lang='lat' dir='ltr'>labore.</span> 
     </span>
    </p>

    <p class='ocr_par' dir='ltr' id='par_1_18' title="bbox 327 1160 936 1194">
     <span class='ocr_line' id='line_1_37' title="bbox 327 1160 936 1194; baseline -0.003 -7"><span class='ocrx_word' id='word_1_148' title='bbox 327 1162 366 1187; x_wconf 88' lang='lat' dir='ltr'>Sic</span> <span class='ocrx_word' id='word_1_149' title='bbox 385 1162 512 1194; x_wconf 86' lang='lat' dir='ltr'>quassatis</span> <span class='ocrx_word' id='word_1_150' title='bbox 530 1162 632 1193; x_wconf 80' lang='lat' dir='ltr'>organis</span> <span class='ocrx_word' id='word_1_151' title='bbox 643 1160 653 1173; x_wconf 68' lang='lat'><strong>⁶</strong></span> <span class='ocrx_word' id='word_1_152' title='bbox 671 1161 746 1186; x_wconf 86' lang='lat' dir='ltr'>huius</span> <span class='ocrx_word' id='word_1_153' title='bbox 766 1161 936 1192; x_wconf 76' lang='lat' dir='ltr'>philomenae,</span> 
     </span>
    </p>

    <p class='ocr_par' dir='ltr' id='par_1_19' title="bbox 354 1204 1005 1323">
     <span class='ocr_line' id='line_1_38' title="bbox 354 1204 1005 1236; baseline -0.005 -6"><span class='ocrx_word' id='word_1_154' title='bbox 354 1205 445 1230; x_wconf 85' lang='lat' dir='ltr'>Rostro</span> <span class='ocrx_word' id='word_1_155' title='bbox 465 1205 565 1230; x_wconf 87' lang='lat' dir='ltr'>tantum</span> <span class='ocrx_word' id='word_1_156' title='bbox 585 1204 714 1236; x_wconf 77' lang='lat' dir='ltr'>palpitans</span> <span class='ocrx_word' id='word_1_157' title='bbox 734 1204 764 1228; x_wconf 87' lang='lat' dir='ltr'>fit</span> <span class='ocrx_word' id='word_1_158' title='bbox 782 1204 916 1235; x_wconf 79' lang='lat' dir='ltr'>exsanguis</span> <span class='ocrx_word' id='word_1_159' title='bbox 936 1211 1005 1234; x_wconf 89' lang='lat' dir='ltr'>pene.</span> 
     </span>
     <span class='ocr_line' id='line_1_39' title="bbox 355 1248 979 1278; baseline -0.005 -4"><span class='ocrx_word' id='word_1_160' title='bbox 355 1249 401 1274; x_wconf 86' lang='lat' dir='ltr'>Sed</span> <span class='ocrx_word' id='word_1_161' title='bbox 420 1249 451 1274; x_wconf 90' lang='lat' dir='ltr'>ad</span> <span class='ocrx_word' id='word_1_162' title='bbox 470 1256 560 1274; x_wconf 91' lang='lat' dir='ltr'>nonam</span> <span class='ocrx_word' id='word_1_163' title='bbox 580 1249 682 1273; x_wconf 83' lang='lat' dir='ltr'>veniens</span> <span class='ocrx_word' id='word_1_164' title='bbox 700 1248 806 1273; x_wconf 86' lang='grc'><strong>1110111111·</strong></span> <span class='ocrx_word' id='word_1_165' title='bbox 825 1249 873 1272; x_wconf 91' lang='lat' dir='ltr'>iam</span> <span class='ocrx_word' id='word_1_166' title='bbox 894 1248 979 1278; x_wconf 83' lang='lat' dir='ltr'>plene,</span> 
     </span>
     <span class='ocr_line' id='line_1_40' title="bbox 356 1291 947 1323; baseline -0.003 -6"><span class='ocrx_word' id='word_1_167' title='bbox 356 1292 417 1317; x_wconf 87' lang='lat' dir='ltr'>Cum</span> <span class='ocrx_word' id='word_1_168' title='bbox 436 1292 514 1317; x_wconf 88' lang='lat' dir='ltr'>totius</span> <span class='ocrx_word' id='word_1_169' title='bbox 534 1292 645 1323; x_wconf 87' lang='lat' dir='ltr'>corporis</span> <span class='ocrx_word' id='word_1_170' title='bbox 664 1291 843 1322; x_wconf 89' lang='lat' dir='ltr'>dirumpuntur</span> <span class='ocrx_word' id='word_1_171' title='bbox 863 1297 947 1315; x_wconf 88' lang='lat' dir='ltr'>venae.</span> 
     </span>
    </p>

    <p class='ocr_par' dir='ltr' id='par_1_20' title="bbox 267 1334 840 1367">
     <span class='ocr_line' id='line_1_41' title="bbox 267 1334 840 1367; baseline -0.002 -7"><span class='ocrx_word' id='word_1_172' title='bbox 267 1335 309 1361; x_wconf 90' lang='lat'>11.</span> <span class='ocrx_word' id='word_1_173' title='bbox 328 1336 405 1367; x_wconf 83' lang='lat' dir='ltr'>Ecce,</span> <span class='ocrx_word' id='word_1_174' title='bbox 425 1336 598 1364; x_wconf 82' lang='lat' dir='ltr'>dilectissime,</span> <span class='ocrx_word' id='word_1_175' title='bbox 618 1334 728 1359; x_wconf 86' lang='lat' dir='ltr'>breviter</span> <span class='ocrx_word' id='word_1_176' title='bbox 747 1334 840 1359; x_wconf 85' lang='lat' dir='ltr'>audisti</span> 
     </span>
    </p>

    <p class='ocr_par' dir='ltr' id='par_1_21' title="bbox 353 1377 984 1497">
     <span class='ocr_line' id='line_1_42' title="bbox 354 1377 984 1408; baseline -0.003 -5"><span class='ocrx_word' id='word_1_177' title='bbox 354 1379 460 1404; x_wconf 85' lang='lat' dir='ltr'>Factum</span> <span class='ocrx_word' id='word_1_178' title='bbox 472 1378 480 1391; x_wconf 88' lang='lat'>⁷</span> <span class='ocrx_word' id='word_1_179' title='bbox 499 1378 574 1403; x_wconf 88' lang='lat' dir='ltr'>huius</span> <span class='ocrx_word' id='word_1_180' title='bbox 593 1378 714 1408; x_wconf 76' lang='lat' dir='ltr'>volucris3</span> <span class='ocrx_word' id='word_1_181' title='bbox 734 1378 776 1402; x_wconf 88' lang='lat' dir='ltr'>sed</span> <span class='ocrx_word' id='word_1_182' title='bbox 796 1378 817 1402; x_wconf 94' lang='lat' dir='ltr'>si</span> <span class='ocrx_word' id='word_1_183' title='bbox 836 1377 984 1407; x_wconf 78' lang='lat' dir='ltr'>meministi,</span> 
     </span>
     <span class='ocr_line' id='line_1_43' title="bbox 355 1421 939 1453; baseline -0.003 -6"><span class='ocrx_word' id='word_1_184' title='bbox 355 1422 468 1447; x_wconf 83' lang='lat' dir='ltr'>Diximus</span> <span class='ocrx_word' id='word_1_185' title='bbox 487 1423 536 1447; x_wconf 87' lang='lat' dir='ltr'>iam</span> <span class='ocrx_word' id='word_1_186' title='bbox 558 1422 690 1453; x_wconf 82' lang='lat' dir='ltr'>primitus,</span> <span class='ocrx_word' id='word_1_187' title='bbox 710 1422 768 1453; x_wconf 87' lang='lat' dir='ltr'>quia</span> <span class='ocrx_word' id='word_1_188' title='bbox 788 1421 877 1446; x_wconf 85' lang='lat' dir='ltr'>cantus</span> <span class='ocrx_word' id='word_1_189' title='bbox 896 1421 939 1445; x_wconf 89' lang='lat' dir='ltr'>isti</span> 
     </span>
     <span class='ocr_line' id='line_1_44' title="bbox 353 1464 898 1497; baseline -0.004 -7"><span class='ocrx_word' id='word_1_190' title='bbox 353 1465 458 1497; x_wconf 85' lang='lat' dir='ltr'>Mystice</span> <span class='ocrx_word' id='word_1_191' title='bbox 478 1465 629 1490; x_wconf 84' lang='lat' dir='ltr'>conveniunt</span> <span class='ocrx_word' id='word_1_192' title='bbox 648 1465 697 1496; x_wconf 79' lang='lat' dir='ltr'>legi</span> <span class='ocrx_word' id='word_1_193' title='bbox 715 1465 775 1490; x_wconf 87' lang='lat' dir='ltr'>Iesu</span> <span class='ocrx_word' id='word_1_194' title='bbox 796 1464 898 1489; x_wconf 81' lang='lat' dir='ltr'>Christi.</span> 
     </span>
    </p>

    <p class='ocr_par' dir='ltr' id='par_1_22' title="bbox 266 1507 1044 1663">
     <span class='ocr_line' id='line_1_45' title="bbox 266 1507 916 1540; baseline -0.005 -6"><span class='ocrx_word' id='word_1_195' title='bbox 266 1509 307 1535; x_wconf 85' lang='lat'>12.</span> <span class='ocrx_word' id='word_1_196' title='bbox 327 1509 430 1538; x_wconf 83' lang='lat' dir='ltr'>Restat,</span> <span class='ocrx_word' id='word_1_197' title='bbox 451 1509 480 1533; x_wconf 90' lang='lat' dir='ltr'>ut</span> <span class='ocrx_word' id='word_1_198' title='bbox 499 1509 627 1540; x_wconf 76' lang='lat' dir='ltr'>intelligas</span> <span class='ocrx_word' id='word_1_199' title='bbox 638 1507 655 1538; x_wconf 70' lang='lat'>⁵³,</span> <span class='ocrx_word' id='word_1_200' title='bbox 676 1515 729 1533; x_wconf 88' lang='lat' dir='ltr'>esse</span> <span class='ocrx_word' id='word_1_201' title='bbox 748 1508 916 1539; x_wconf 84' lang='lat' dir='ltr'>philomenam</span> 
     </span>
     <span class='ocr_line' id='line_1_46' title="bbox 354 1551 908 1582; baseline -0.005 -5"><span class='ocrx_word' id='word_1_202' title='bbox 354 1552 471 1577; x_wconf 86' lang='lat' dir='ltr'>Animam</span> <span class='ocrx_word' id='word_1_203' title='bbox 490 1552 628 1577; x_wconf 84' lang='lat' dir='ltr'>virtutibus</span> <span class='ocrx_word' id='word_1_204' title='bbox 648 1552 673 1576; x_wconf 90' lang='lat' dir='ltr'>et</span> <span class='ocrx_word' id='word_1_205' title='bbox 691 1558 774 1576; x_wconf 89' lang='lat' dir='ltr'>amore</span> <span class='ocrx_word' id='word_1_206' title='bbox 794 1551 908 1582; x_wconf 80' lang='lat' dir='ltr'>plenam,</span> 
     </span>
     <span class='ocr_line' id='line_1_47' title="bbox 353 1593 1044 1626; baseline -0.004 -6"><span class='ocrx_word' id='word_1_207' title='bbox 353 1596 433 1625; x_wconf 77' lang='lat' dir='ltr'>Quae,</span> <span class='ocrx_word' id='word_1_208' title='bbox 455 1596 513 1620; x_wconf 88' lang='lat' dir='ltr'>dum</span> <span class='ocrx_word' id='word_1_209' title='bbox 532 1595 615 1619; x_wconf 91' lang='lat' dir='ltr'>mente</span> <span class='ocrx_word' id='word_1_210' title='bbox 634 1594 755 1626; x_wconf 78' lang='lat' dir='ltr'>peragrat</span> <span class='ocrx_word' id='word_1_211' title='bbox 774 1593 882 1625; x_wconf 81' lang='lat' dir='ltr'>patriam</span> <span class='ocrx_word' id='word_1_212' title='bbox 902 1600 1044 1623; x_wconf 79' lang='lat' dir='ltr'>amoenam,</span> 
     </span>
     <span class='ocr_line' id='line_1_48' title="bbox 353 1637 862 1663; baseline -0.004 0"><span class='ocrx_word' id='word_1_213' title='bbox 353 1639 420 1663; x_wconf 84' lang='lat' dir='ltr'>Satis</span> <span class='ocrx_word' id='word_1_214' title='bbox 439 1638 602 1663; x_wconf 83' lang='lat' dir='ltr'>favorabilem</span> <span class='ocrx_word' id='word_1_215' title='bbox 622 1637 685 1662; x_wconf 78' lang='lat' dir='ltr'>texit</span> <span class='ocrx_word' id='word_1_216' title='bbox 703 1637 862 1662; x_wconf 86' lang='lat' dir='ltr'>cantilenam.</span> 
     </span>
    </p>

    <p class='ocr_par' dir='ltr' id='par_1_23' title="bbox 283 1680 943 1839">
     <span class='ocr_line' id='line_1_49' title="bbox 283 1680 943 1713; baseline -0.006 -6"><span class='ocrx_word' id='word_1_217' title='bbox 283 1685 307 1706; x_wconf 73' lang='lat'>¹.</span> <span class='ocrx_word' id='word_1_218' title='bbox 327 1682 366 1707; x_wconf 85' lang='lat' dir='ltr'>Ad</span> <span class='ocrx_word' id='word_1_219' title='bbox 385 1681 547 1713; x_wconf 79' lang='lat' dir='ltr'>augmentum</span> <span class='ocrx_word' id='word_1_220' title='bbox 567 1681 658 1706; x_wconf 80' lang='lat' dir='ltr'>etenim</span> <span class='ocrx_word' id='word_1_221' title='bbox 679 1688 737 1705; x_wconf 84' lang='lat' dir='ltr'>suae</span> <span class='ocrx_word' id='word_1_222' title='bbox 757 1680 858 1704; x_wconf 87' lang='lat' dir='ltr'>sanctae</span> <span class='ocrx_word' id='word_1_223' title='bbox 879 1680 943 1710; x_wconf 89' lang='lat' dir='ltr'>spei,</span> 
     </span>
     <span class='ocr_line' id='line_1_50' title="bbox 354 1722 938 1755; baseline -0.005 -6"><span class='ocrx_word' id='word_1_224' title='bbox 354 1724 478 1754; x_wconf 82' lang='lat' dir='ltr'>Quaedam</span> <span class='ocrx_word' id='word_1_225' title='bbox 499 1724 551 1749; x_wconf 88' lang='lat' dir='ltr'>dies</span> <span class='ocrx_word' id='word_1_226' title='bbox 571 1724 676 1755; x_wconf 86' lang='lat' dir='ltr'>mystica</span> <span class='ocrx_word' id='word_1_227' title='bbox 695 1722 884 1748; x_wconf 82' lang='lat' dir='ltr'>demonstratur</span> <span class='ocrx_word' id='word_1_228' title='bbox 903 1722 938 1751; x_wconf 91' lang='lat' dir='ltr'>ei,</span> 
     </span>
     <span class='ocr_line' id='line_1_51' title="bbox 353 1765 874 1798; baseline -0.006 -6"><span class='ocrx_word' id='word_1_229' title='bbox 353 1767 432 1792; x_wconf 85' lang='lat' dir='ltr'>Porro</span> <span class='ocrx_word' id='word_1_230' title='bbox 452 1767 583 1796; x_wconf 85' lang='lat' dir='ltr'>beneficia,</span> <span class='ocrx_word' id='word_1_231' title='bbox 604 1774 666 1798; x_wconf 86' lang='lat' dir='ltr'>quae</span> <span class='ocrx_word' id='word_1_232' title='bbox 685 1766 714 1790; x_wconf 89' lang='lat' dir='ltr'>de</span> <span class='ocrx_word' id='word_1_233' title='bbox 734 1773 809 1790; x_wconf 85' lang='lat' dir='ltr'>manu</span> <span class='ocrx_word' id='word_1_234' title='bbox 829 1765 874 1790; x_wconf 90' lang='lat' dir='ltr'>Dei</span> 
     </span>
     <span class='ocr_line' id='line_1_52' title="bbox 355 1808 925 1839; baseline -0.007 -3"><span class='ocrx_word' id='word_1_235' title='bbox 355 1811 434 1836; x_wconf 88' lang='lat' dir='ltr'>Homo</span> <span class='ocrx_word' id='word_1_236' title='bbox 454 1810 601 1836; x_wconf 84' lang='lat' dir='ltr'>consecutus</span> <span class='ocrx_word' id='word_1_237' title='bbox 620 1810 669 1839; x_wconf 87' lang='lat' dir='ltr'>est,</span> <span class='ocrx_word' id='word_1_238' title='bbox 689 1809 772 1834; x_wconf 85' lang='lat' dir='ltr'>Horae</span> <span class='ocrx_word' id='word_1_239' title='bbox 792 1808 852 1833; x_wconf 87' lang='lat' dir='ltr'>sunt</span> <span class='ocrx_word' id='word_1_240' title='bbox 870 1808 925 1832; x_wconf 91' lang='lat' dir='ltr'>diei.</span> 
     </span>
    </p>

    <p class='ocr_par' dir='ltr' id='par_1_24' title="bbox 268 1852 918 1881">
     <span class='ocr_line' id='line_1_53' title="bbox 268 1852 918 1881; baseline -0.005 -2"><span class='ocrx_word' id='word_1_241' title='bbox 268 1853 309 1880; x_wconf 78' lang='lat'>14.</span> <span class='ocrx_word' id='word_1_242' title='bbox 330 1854 403 1879; x_wconf 87' lang='lat' dir='ltr'>Mane</span> <span class='ocrx_word' id='word_1_243' title='bbox 422 1854 462 1878; x_wconf 87' lang='lat' dir='ltr'>vel</span> <span class='ocrx_word' id='word_1_244' title='bbox 481 1854 618 1878; x_wconf 75' lang='lat' dir='ltr'>diluculum</span> <span class='ocrx_word' id='word_1_245' title='bbox 636 1853 744 1878; x_wconf 86' lang='lat' dir='ltr'>hominis</span> <span class='ocrx_word' id='word_1_246' title='bbox 763 1852 802 1877; x_wconf 89' lang='lat' dir='ltr'>est</span> <span class='ocrx_word' id='word_1_247' title='bbox 821 1852 918 1881; x_wconf 81' lang='lat' dir='ltr'>status,</span> 
     </span>
    </p>

    <p class='ocr_par' dir='ltr' id='par_1_25' title="bbox 354 1894 1025 2016">
     <span class='ocr_line' id='line_1_54' title="bbox 355 1894 925 1929; baseline -0.005 -7"><span class='ocrx_word' id='word_1_248' title='bbox 355 1897 387 1922; x_wconf 87' lang='lat' dir='ltr'>In</span> <span class='ocrx_word' id='word_1_249' title='bbox 406 1905 453 1929; x_wconf 84' lang='lat' dir='ltr'>quo</span> <span class='ocrx_word' id='word_1_250' title='bbox 473 1897 621 1921; x_wconf 88' lang='lat' dir='ltr'>mirabiliter</span> <span class='ocrx_word' id='word_1_251' title='bbox 640 1896 721 1921; x_wconf 86' lang='lat' dir='ltr'>Adam</span> <span class='ocrx_word' id='word_1_252' title='bbox 733 1894 742 1907; x_wconf 77' lang='lat'>⁰</span> <span class='ocrx_word' id='word_1_253' title='bbox 762 1896 800 1920; x_wconf 87' lang='lat' dir='ltr'>est</span> <span class='ocrx_word' id='word_1_254' title='bbox 819 1895 925 1920; x_wconf 85' lang='lat' dir='ltr'>creatus.</span> 
     </span>
     <span class='ocr_line' id='line_1_55' title="bbox 354 1940 1025 1973; baseline -0.004 -6"><span class='ocrx_word' id='word_1_255' title='bbox 354 1943 425 1968; x_wconf 86' lang='lat' dir='ltr'>Hora</span> <span class='ocrx_word' id='word_1_256' title='bbox 444 1943 539 1973; x_wconf 84' lang='lat' dir='ltr'>prima,</span> <span class='ocrx_word' id='word_1_257' title='bbox 559 1941 657 1973; x_wconf 89' lang='lat' dir='ltr'>quando</span> <span class='ocrx_word' id='word_1_258' title='bbox 676 1941 715 1966; x_wconf 83' lang='lat' dir='ltr'>est</span> <span class='ocrx_word' id='word_1_259' title='bbox 735 1940 850 1965; x_wconf 87' lang='lat' dir='ltr'>Christus</span> <span class='ocrx_word' id='word_1_260' title='bbox 869 1940 1025 1970; x_wconf 81' lang='lat' dir='ltr'>incarnatus,</span> 
     </span>
     <span class='ocr_line' id='line_1_56' title="bbox 354 1984 862 2016; baseline -0.006 -5"><span class='ocrx_word' id='word_1_261' title='bbox 354 1986 464 2011; x_wconf 85' lang='lat' dir='ltr'>Tertiam</span> <span class='ocrx_word' id='word_1_262' title='bbox 484 1986 522 2010; x_wconf 90' lang='lat' dir='ltr'>dic</span> <span class='ocrx_word' id='word_1_263' title='bbox 541 1985 651 2016; x_wconf 87' lang='lat' dir='ltr'>spatium</span> <span class='ocrx_word' id='word_1_264' title='bbox 670 1985 709 2009; x_wconf 87' lang='lat' dir='ltr'>sui</span> <span class='ocrx_word' id='word_1_265' title='bbox 728 1984 862 2009; x_wconf 86' lang='lat' dir='ltr'>incolatus.</span> 
     </span>
    </p>

    <p class='ocr_par' dir='ltr' id='par_1_26' title="bbox 266 2027 879 2060">
     <span class='ocr_line' id='line_1_57' title="bbox 266 2027 879 2060; baseline -0.005 -6"><span class='ocrx_word' id='word_1_266' title='bbox 266 2029 308 2055; x_wconf 83' lang='lat'>15.</span> <span class='ocrx_word' id='word_1_267' title='bbox 327 2029 441 2059; x_wconf 79' lang='lat' dir='ltr'>Sextam,</span> <span class='ocrx_word' id='word_1_268' title='bbox 462 2037 516 2054; x_wconf 88' lang='lat' dir='ltr'>cum</span> <span class='ocrx_word' id='word_1_269' title='bbox 536 2036 551 2053; x_wconf 90' lang='lat' dir='ltr'>a</span> <span class='ocrx_word' id='word_1_270' title='bbox 570 2028 671 2060; x_wconf 87' lang='lat' dir='ltr'>perfidis</span> <span class='ocrx_word' id='word_1_271' title='bbox 691 2028 772 2053; x_wconf 83' lang='lat' dir='ltr'>voluit</span> <span class='ocrx_word' id='word_1_272' title='bbox 790 2027 879 2059; x_wconf 84' lang='lat' dir='ltr'>ligari,</span> 
     </span>
    </p>

    <p class='ocr_par' dir='ltr' id='par_1_27' title="bbox 354 2069 932 2190">
     <span class='ocr_line' id='line_1_58' title="bbox 354 2069 920 2103; baseline -0.004 -6"><span class='ocrx_word' id='word_1_273' title='bbox 354 2072 444 2101; x_wconf 84' lang='lat' dir='ltr'>Trahi,</span> <span class='ocrx_word' id='word_1_274' title='bbox 464 2072 545 2102; x_wconf 90' lang='lat' dir='ltr'>caedi,</span> <span class='ocrx_word' id='word_1_275' title='bbox 564 2072 682 2103; x_wconf 87' lang='lat' dir='ltr'>conspui,</span> <span class='ocrx_word' id='word_1_276' title='bbox 702 2071 754 2096; x_wconf 87' lang='lat' dir='ltr'>dire</span> <span class='ocrx_word' id='word_1_277' title='bbox 774 2069 920 2100; x_wconf 62' lang='lat' dir='ltr'>cruciarim,</span> 
     </span>
     <span class='ocr_line' id='line_1_59' title="bbox 355 2114 850 2147; baseline -0.004 -7"><span class='ocrx_word' id='word_1_278' title='bbox 355 2115 472 2147; x_wconf 83' lang='lat' dir='ltr'>Crucifigi</span> <span class='ocrx_word' id='word_1_279' title='bbox 490 2115 611 2146; x_wconf 86' lang='lat' dir='ltr'>denique,</span> <span class='ocrx_word' id='word_1_280' title='bbox 630 2115 709 2140; x_wconf 88' lang='lat' dir='ltr'>clavis</span> <span class='ocrx_word' id='word_1_281' title='bbox 727 2114 850 2139; x_wconf 88' lang='lat' dir='ltr'>terebrari</span> 
     </span>
     <span class='ocr_line' id='line_1_60' title="bbox 358 2157 932 2190; baseline -0.003 -7"><span class='ocrx_word' id='word_1_282' title='bbox 358 2159 487 2190; x_wconf 85' lang='lat' dir='ltr'>Caputque</span> <span class='ocrx_word' id='word_1_283' title='bbox 507 2158 693 2183; x_wconf 87' lang='lat' dir='ltr'>sanctissimum</span> <span class='ocrx_word' id='word_1_284' title='bbox 713 2157 792 2189; x_wconf 78' lang='lat' dir='ltr'>spinis</span> <span class='ocrx_word' id='word_1_285' title='bbox 811 2157 932 2182; x_wconf 85' lang='lat' dir='ltr'>coronari.</span> 
     </span>
    </p>
   </div>
   <div class='ocr_carea' id='block_1_11' title="bbox 266 1162 308 1188">
    <p class='ocr_par' dir='ltr' id='par_1_28' title="bbox 266 1162 308 1188">
     <span class='ocr_line' id='line_1_61' title="bbox 266 1162 308 1188; baseline -0.048 0"><span class='ocrx_word' id='word_1_286' title='bbox 266 1162 308 1188; x_wconf 85' lang='lat'>10.</span> 
     </span>
    </p>
   </div>
   <div class='ocr_carea' id='block_1_12' title="bbox 881 221 1376 251">
    <p class='ocr_par' dir='ltr' id='par_1_29' title="bbox 881 221 1376 251">
     <span class='ocr_line' id='line_1_62' title="bbox 881 221 1376 251; baseline 0 -1"><span class='ocrx_word' id='word_1_287' title='bbox 881 221 1080 251; x_wconf 84' lang='lat' dir='ltr'>OPUSCULUM</span> <span class='ocrx_word' id='word_1_288' title='bbox 1101 221 1155 250; x_wconf 88' lang='lat' dir='ltr'>VH.</span> <span class='ocrx_word' id='word_1_289' title='bbox 1177 221 1376 250; x_wconf 84' lang='lat' dir='ltr'>RHYTHMICA.</span> 
     </span>
    </p>
   </div>
   <div class='ocr_carea' id='block_1_13' title="bbox 1174 299 1942 2187">
    <p class='ocr_par' dir='ltr' id='par_1_30' title="bbox 1174 299 1942 460">
     <span class='ocr_line' id='line_1_63' title="bbox 1174 299 1942 331; baseline 0 -7"><span class='ocrx_word' id='word_1_290' title='bbox 1174 299 1214 324; x_wconf 86' lang='lat'>16.</span> <span class='ocrx_word' id='word_1_291' title='bbox 1235 300 1335 325; x_wconf 85' lang='lat' dir='ltr'>Nonam</span> <span class='ocrx_word' id='word_1_292' title='bbox 1354 300 1405 330; x_wconf 88' lang='lat' dir='ltr'>dic,</span> <span class='ocrx_word' id='word_1_293' title='bbox 1426 307 1481 325; x_wconf 89' lang='lat' dir='ltr'>cum</span> <span class='ocrx_word' id='word_1_294' title='bbox 1502 300 1618 328; x_wconf 83' lang='lat' dir='ltr'>moritur,</span> <span class='ocrx_word' id='word_1_295' title='bbox 1639 299 1737 331; x_wconf 84' lang='lat' dir='ltr'>quando</span> <span class='ocrx_word' id='word_1_296' title='bbox 1757 299 1942 324; x_wconf 85' lang='lat' dir='ltr'>consummatus</span> 
     </span>
     <span class='ocr_line' id='line_1_64' title="bbox 1263 342 1861 374; baseline -0.002 -7"><span class='ocrx_word' id='word_1_297' title='bbox 1263 343 1357 368; x_wconf 88' lang='lat' dir='ltr'>Cursus</span> <span class='ocrx_word' id='word_1_298' title='bbox 1376 343 1414 368; x_wconf 87' lang='lat' dir='ltr'>est</span> <span class='ocrx_word' id='word_1_299' title='bbox 1433 343 1589 371; x_wconf 84' lang='lat' dir='ltr'>certaminis,</span> <span class='ocrx_word' id='word_1_300' title='bbox 1610 342 1708 374; x_wconf 90' lang='lat' dir='ltr'>quando</span> <span class='ocrx_word' id='word_1_301' title='bbox 1728 342 1861 373; x_wconf 85' lang='lat' dir='ltr'>superatus</span> 
     </span>
     <span class='ocr_line' id='line_1_65' title="bbox 1260 385 1890 411; baseline 0 -2"><span class='ocrx_word' id='word_1_302' title='bbox 1260 385 1308 410; x_wconf 81' lang='lat' dir='ltr'>Est</span> <span class='ocrx_word' id='word_1_303' title='bbox 1327 386 1425 411; x_wconf 88' lang='lat' dir='ltr'>omnino</span> <span class='ocrx_word' id='word_1_304' title='bbox 1445 386 1547 411; x_wconf 80' lang='lat' dir='ltr'>zabulus</span> <span class='ocrx_word' id='word_1_305' title='bbox 1566 386 1592 410; x_wconf 88' lang='grc'>01</span> <span class='ocrx_word' id='word_1_306' title='bbox 1610 386 1668 411; x_wconf 87' lang='grc'><strong>111110</strong></span> <span class='ocrx_word' id='word_1_307' title='bbox 1686 385 1850 410; x_wconf 86' lang='lat' dir='ltr'>conturbatus</span> <span class='ocrx_word' id='word_1_308' title='bbox 1861 385 1890 409; x_wconf 85' lang='lat'>¹¹.</span> 
     </span>
     <span class='ocr_line' id='line_1_66' title="bbox 1261 428 1920 460; baseline 0.002 -7"><span class='ocrx_word' id='word_1_309' title='bbox 1261 428 1387 459; x_wconf 79' lang='lat' dir='ltr'>Vespera,</span> <span class='ocrx_word' id='word_1_310' title='bbox 1406 436 1461 453; x_wconf 88' lang='lat' dir='ltr'>cum</span> <span class='ocrx_word' id='word_1_311' title='bbox 1482 429 1598 453; x_wconf 88' lang='lat' dir='ltr'>Christus</span> <span class='ocrx_word' id='word_1_312' title='bbox 1616 428 1655 454; x_wconf 83' lang='lat' dir='ltr'>est</span> <span class='ocrx_word' id='word_1_313' title='bbox 1674 428 1818 460; x_wconf 83' lang='lat' dir='ltr'>sepulturae</span> <span class='ocrx_word' id='word_1_314' title='bbox 1838 429 1920 454; x_wconf 86' lang='lat' dir='ltr'>datus.</span> 
     </span>
    </p>

    <p class='ocr_par' dir='ltr' id='par_1_31' title="bbox 1235 471 1897 632">
     <span class='ocr_line' id='line_1_67' title="bbox 1235 471 1866 501; baseline 0.002 -6"><span class='ocrx_word' id='word_1_315' title='bbox 1235 471 1305 496; x_wconf 87' lang='lat' dir='ltr'>Diem</span> <span class='ocrx_word' id='word_1_316' title='bbox 1325 471 1416 501; x_wconf 88' lang='lat' dir='ltr'>istum,</span> <span class='ocrx_word' id='word_1_317' title='bbox 1436 472 1532 500; x_wconf 88' lang='lat' dir='ltr'>anima,</span> <span class='ocrx_word' id='word_1_318' title='bbox 1552 472 1676 496; x_wconf 90' lang='lat' dir='ltr'>meditans</span> <span class='ocrx_word' id='word_1_319' title='bbox 1688 471 1707 484; x_wconf 81' lang='lat'>¹²</span> <span class='ocrx_word' id='word_1_320' title='bbox 1727 472 1753 497; x_wconf 92' lang='grc'>111</span> <span class='ocrx_word' id='word_1_321' title='bbox 1772 472 1866 501; x_wconf 90' lang='lat' dir='ltr'>hortis,</span> 
     </span>
     <span class='ocr_line' id='line_1_68' title="bbox 1262 514 1821 545; baseline 0.004 -7"><span class='ocrx_word' id='word_1_322' title='bbox 1262 514 1325 538; x_wconf 84' lang='lat' dir='ltr'>Suae</span> <span class='ocrx_word' id='word_1_323' title='bbox 1344 514 1403 539; x_wconf 87' lang='lat' dir='ltr'>facit</span> <span class='ocrx_word' id='word_1_324' title='bbox 1422 514 1556 539; x_wconf 87' lang='lat' dir='ltr'>terminum</span> <span class='ocrx_word' id='word_1_325' title='bbox 1576 514 1699 545; x_wconf 89' lang='lat' dir='ltr'>spiritalis</span> <span class='ocrx_word' id='word_1_326' title='bbox 1718 515 1821 544; x_wconf 86' lang='lat' dir='ltr'>mortis,</span> 
     </span>
     <span class='ocr_line' id='line_1_69' title="bbox 1263 557 1897 589; baseline 0.002 -7"><span class='ocrx_word' id='word_1_327' title='bbox 1263 557 1387 582; x_wconf 85' lang='lat' dir='ltr'>Scandens</span> <span class='ocrx_word' id='word_1_328' title='bbox 1406 558 1486 582; x_wconf 78' lang='lat' dir='ltr'>crucis</span> <span class='ocrx_word' id='word_1_329' title='bbox 1504 557 1626 587; x_wconf 84' lang='lat' dir='ltr'>arborem,</span> <span class='ocrx_word' id='word_1_330' title='bbox 1645 558 1671 582; x_wconf 90' lang='lat' dir='ltr'>in</span> <span class='ocrx_word' id='word_1_331' title='bbox 1690 566 1739 589; x_wconf 86' lang='lat' dir='ltr'>qua</span> <span class='ocrx_word' id='word_1_332' title='bbox 1756 558 1806 583; x_wconf 84' lang='lat' dir='ltr'>Leo</span> <span class='ocrx_word' id='word_1_333' title='bbox 1825 558 1897 583; x_wconf 85' lang='lat' dir='ltr'>fortis</span> 
     </span>
     <span class='ocr_line' id='line_1_70' title="bbox 1262 600 1855 632; baseline 0.002 -7"><span class='ocrx_word' id='word_1_334' title='bbox 1262 600 1329 625; x_wconf 84' lang='lat' dir='ltr'>Vicit</span> <span class='ocrx_word' id='word_1_335' title='bbox 1348 600 1533 630; x_wconf 85' lang='lat' dir='ltr'>adversarium,</span> <span class='ocrx_word' id='word_1_336' title='bbox 1553 600 1640 625; x_wconf 82' lang='lat' dir='ltr'>fractis</span> <span class='ocrx_word' id='word_1_337' title='bbox 1660 601 1740 632; x_wconf 87' lang='lat' dir='ltr'>portis</span> <span class='ocrx_word' id='word_1_338' title='bbox 1759 602 1855 626; x_wconf 88' lang='lat' dir='ltr'>mortis.</span> 
     </span>
    </p>

    <p class='ocr_par' dir='ltr' id='par_1_32' title="bbox 1236 643 1809 675">
     <span class='ocr_line' id='line_1_71' title="bbox 1236 643 1809 675; baseline 0 -7"><span class='ocrx_word' id='word_1_339' title='bbox 1236 643 1327 668; x_wconf 81' lang='lat' dir='ltr'>Statim</span> <span class='ocrx_word' id='word_1_340' title='bbox 1345 644 1425 668; x_wconf 87' lang='lat' dir='ltr'>cordis</span> <span class='ocrx_word' id='word_1_341' title='bbox 1444 651 1539 675; x_wconf 79' lang='lat' dir='ltr'>organa</span> <span class='ocrx_word' id='word_1_342' title='bbox 1558 651 1658 668; x_wconf 86' lang='lat' dir='ltr'>sursum</span> <span class='ocrx_word' id='word_1_343' title='bbox 1677 644 1809 674; x_wconf 83' lang='lat' dir='ltr'>elevando,</span> 
     </span>
    </p>

    <p class='ocr_par' dir='ltr' id='par_1_33' title="bbox 1262 686 1837 804">
     <span class='ocr_line' id='line_1_72' title="bbox 1264 686 1792 717; baseline 0.002 -7"><span class='ocrx_word' id='word_1_344' title='bbox 1264 686 1340 711; x_wconf 88' lang='lat' dir='ltr'>Suum</span> <span class='ocrx_word' id='word_1_345' title='bbox 1359 694 1373 710; x_wconf 91' lang='lat' dir='ltr'>a</span> <span class='ocrx_word' id='word_1_346' title='bbox 1392 686 1501 711; x_wconf 89' lang='lat' dir='ltr'>diluculo</span> <span class='ocrx_word' id='word_1_347' title='bbox 1519 686 1621 711; x_wconf 90' lang='lat' dir='ltr'>cantum</span> <span class='ocrx_word' id='word_1_348' title='bbox 1640 686 1792 717; x_wconf 87' lang='lat' dir='ltr'>inchoando,</span> 
     </span>
     <span class='ocr_line' id='line_1_73' title="bbox 1262 729 1837 761; baseline 0 -7"><span class='ocrx_word' id='word_1_349' title='bbox 1262 729 1362 754; x_wconf 86' lang='lat' dir='ltr'>Laudat</span> <span class='ocrx_word' id='word_1_350' title='bbox 1380 730 1406 754; x_wconf 89' lang='lat' dir='ltr'>et</span> <span class='ocrx_word' id='word_1_351' title='bbox 1423 729 1549 761; x_wconf 78' lang='lat' dir='ltr'>glorificat</span> <span class='ocrx_word' id='word_1_352' title='bbox 1568 729 1661 759; x_wconf 82' lang='lat' dir='ltr'>Deum,</span> <span class='ocrx_word' id='word_1_353' title='bbox 1681 730 1837 761; x_wconf 80' lang='lat' dir='ltr'>replicando,</span> 
     </span>
     <span class='ocr_line' id='line_1_74' title="bbox 1262 772 1827 804; baseline 0 -7"><span class='ocrx_word' id='word_1_354' title='bbox 1262 773 1313 797; x_wconf 83' lang='lat' dir='ltr'>Sibi</span> <span class='ocrx_word' id='word_1_355' title='bbox 1332 780 1406 804; x_wconf 89' lang='lat' dir='ltr'>quam</span> <span class='ocrx_word' id='word_1_356' title='bbox 1426 773 1545 798; x_wconf 87' lang='lat' dir='ltr'>mirificus</span> <span class='ocrx_word' id='word_1_357' title='bbox 1564 772 1612 797; x_wconf 84' lang='lat' dir='ltr'>fuit</span> <span class='ocrx_word' id='word_1_358' title='bbox 1630 773 1695 797; x_wconf 90' lang='lat' dir='ltr'>hanc</span> <span class='ocrx_word' id='word_1_359' title='bbox 1714 773 1827 797; x_wconf 83' lang='lat' dir='ltr'>creando.</span> 
     </span>
    </p>

    <p class='ocr_par' dir='ltr' id='par_1_34' title="bbox 1236 814 1876 890">
     <span class='ocr_line' id='line_1_75' title="bbox 1236 814 1876 847; baseline 0 -7"><span class='ocrx_word' id='word_1_360' title='bbox 1236 816 1279 840; x_wconf 86' lang='lat' dir='ltr'>Pie</span> <span class='ocrx_word' id='word_1_361' title='bbox 1291 814 1320 845; x_wconf 77' lang='lat'>¹⁵,</span> <span class='ocrx_word' id='word_1_362' title='bbox 1340 816 1435 847; x_wconf 87' lang='lat' dir='ltr'>inquit,</span> <span class='ocrx_word' id='word_1_363' title='bbox 1454 816 1579 845; x_wconf 89' lang='lat' dir='ltr'>conditor,</span> <span class='ocrx_word' id='word_1_364' title='bbox 1599 816 1697 847; x_wconf 87' lang='lat' dir='ltr'>quando</span> <span class='ocrx_word' id='word_1_365' title='bbox 1716 824 1754 841; x_wconf 90' lang='lat' dir='ltr'>me</span> <span class='ocrx_word' id='word_1_366' title='bbox 1774 816 1876 846; x_wconf 80' lang='lat' dir='ltr'>creasti,</span> 
     </span>
     <span class='ocr_line' id='line_1_76' title="bbox 1264 859 1821 890; baseline 0 -7"><span class='ocrx_word' id='word_1_367' title='bbox 1264 859 1342 888; x_wconf 76' lang='lat' dir='ltr'>Quam</span> <span class='ocrx_word' id='word_1_368' title='bbox 1363 859 1396 883; x_wconf 89' lang='lat' dir='ltr'>sit</span> <span class='ocrx_word' id='word_1_369' title='bbox 1415 859 1459 883; x_wconf 85' lang='lat' dir='ltr'>tua</span> <span class='ocrx_word' id='word_1_370' title='bbox 1478 859 1559 890; x_wconf 83' lang='lat' dir='ltr'>pietas</span> <span class='ocrx_word' id='word_1_371' title='bbox 1577 860 1662 890; x_wconf 80' lang='lat' dir='ltr'>larga,</span> <span class='ocrx_word' id='word_1_372' title='bbox 1681 859 1821 884; x_wconf 83' lang='lat' dir='ltr'>declarasti.</span> 
     </span>
    </p>

    <p class='ocr_par' dir='ltr' id='par_1_35' title="bbox 1262 902 1813 977">
     <span class='ocr_line' id='line_1_77' title="bbox 1262 902 1813 934; baseline 0 -7"><span class='ocrx_word' id='word_1_373' title='bbox 1262 902 1328 927; x_wconf 86' lang='lat' dir='ltr'>Nam</span> <span class='ocrx_word' id='word_1_374' title='bbox 1348 903 1487 927; x_wconf 83' lang='lat' dir='ltr'>consortem</span> <span class='ocrx_word' id='word_1_375' title='bbox 1506 903 1600 934; x_wconf 80' lang='lat' dir='ltr'>gloriae</span> <span class='ocrx_word' id='word_1_376' title='bbox 1620 902 1678 927; x_wconf 87' lang='lat' dir='ltr'>tuae</span> <span class='ocrx_word' id='word_1_377' title='bbox 1697 902 1813 934; x_wconf 80' lang='lat' dir='ltr'>cogitasti</span> 
     </span>
     <span class='ocr_line' id='line_1_78' title="bbox 1262 946 1809 977; baseline 0 -7"><span class='ocrx_word' id='word_1_378' title='bbox 1262 946 1353 970; x_wconf 85' lang='lat' dir='ltr'>Facere</span> <span class='ocrx_word' id='word_1_379' title='bbox 1371 946 1497 977; x_wconf 82' lang='lat' dir='ltr'>gratuite,</span> <span class='ocrx_word' id='word_1_380' title='bbox 1516 946 1598 977; x_wconf 80' lang='lat' dir='ltr'>gratis</span> <span class='ocrx_word' id='word_1_381' title='bbox 1617 953 1692 977; x_wconf 85' lang='lat' dir='ltr'>quam</span> <span class='ocrx_word' id='word_1_382' title='bbox 1710 946 1809 970; x_wconf 85' lang='lat' dir='ltr'>amasti.</span> 
     </span>
    </p>

    <p class='ocr_par' dir='ltr' id='par_1_36' title="bbox 1236 989 1846 1063">
     <span class='ocr_line' id='line_1_79' title="bbox 1236 989 1846 1020; baseline -0.002 -6"><span class='ocrx_word' id='word_1_383' title='bbox 1236 989 1256 1014; x_wconf 90' lang='lat' dir='ltr'>O</span> <span class='ocrx_word' id='word_1_384' title='bbox 1275 997 1349 1020; x_wconf 88' lang='lat' dir='ltr'>quam</span> <span class='ocrx_word' id='word_1_385' title='bbox 1368 989 1432 1013; x_wconf 85' lang='lat' dir='ltr'>mira</span> <span class='ocrx_word' id='word_1_386' title='bbox 1450 989 1561 1020; x_wconf 80' lang='lat' dir='ltr'>dignitas</span> <span class='ocrx_word' id='word_1_387' title='bbox 1580 989 1641 1013; x_wconf 87' lang='lat' dir='ltr'>mihi</span> <span class='ocrx_word' id='word_1_388' title='bbox 1661 989 1699 1013; x_wconf 82' lang='lat' dir='ltr'>est</span> <span class='ocrx_word' id='word_1_389' title='bbox 1717 996 1846 1018; x_wconf 83' lang='lat' dir='ltr'>concessa,</span> 
     </span>
     <span class='ocr_line' id='line_1_80' title="bbox 1264 1031 1836 1063; baseline -0.002 -7"><span class='ocrx_word' id='word_1_390' title='bbox 1264 1032 1324 1057; x_wconf 87' lang='lat' dir='ltr'>Cum</span> <span class='ocrx_word' id='word_1_391' title='bbox 1343 1032 1425 1063; x_wconf 77' lang='lat' dir='ltr'>imago</span> <span class='ocrx_word' id='word_1_392' title='bbox 1444 1031 1542 1056; x_wconf 87' lang='lat' dir='ltr'>Domini</span> <span class='ocrx_word' id='word_1_393' title='bbox 1563 1031 1624 1056; x_wconf 89' lang='lat' dir='ltr'>mihi</span> <span class='ocrx_word' id='word_1_394' title='bbox 1642 1031 1681 1056; x_wconf 91' lang='lat' dir='ltr'>est</span> <span class='ocrx_word' id='word_1_395' title='bbox 1699 1032 1836 1062; x_wconf 84' lang='lat' dir='ltr'>impressa!</span> 
     </span>
    </p>

    <p class='ocr_par' dir='ltr' id='par_1_37' title="bbox 1263 1074 1861 1148">
     <span class='ocr_line' id='line_1_81' title="bbox 1263 1074 1851 1106; baseline -0.003 -6"><span class='ocrx_word' id='word_1_396' title='bbox 1263 1075 1309 1100; x_wconf 86' lang='lat' dir='ltr'>Sed</span> <span class='ocrx_word' id='word_1_397' title='bbox 1328 1075 1447 1100; x_wconf 81' lang='lat' dir='ltr'>crevisset</span> <span class='ocrx_word' id='word_1_398' title='bbox 1465 1075 1574 1106; x_wconf 90' lang='lat' dir='ltr'>amplius</span> <span class='ocrx_word' id='word_1_399' title='bbox 1593 1074 1703 1106; x_wconf 79' lang='lat' dir='ltr'>dignitas</span> <span class='ocrx_word' id='word_1_400' title='bbox 1723 1081 1851 1105; x_wconf 82' lang='lat' dir='ltr'>possessa,</span> 
     </span>
     <span class='ocr_line' id='line_1_82' title="bbox 1263 1117 1861 1148; baseline -0.003 -5"><span class='ocrx_word' id='word_1_401' title='bbox 1263 1119 1319 1143; x_wconf 88' lang='lat' dir='ltr'>Nisi</span> <span class='ocrx_word' id='word_1_402' title='bbox 1338 1119 1434 1143; x_wconf 89' lang='lat' dir='ltr'>iussum</span> <span class='ocrx_word' id='word_1_403' title='bbox 1453 1118 1553 1143; x_wconf 86' lang='lat' dir='ltr'>Domini</span> <span class='ocrx_word' id='word_1_404' title='bbox 1571 1118 1674 1143; x_wconf 83' lang='lat' dir='ltr'>fuissem</span> <span class='ocrx_word' id='word_1_405' title='bbox 1693 1117 1861 1148; x_wconf 80' lang='lat' dir='ltr'>transgressa.</span> 
     </span>
    </p>

    <p class='ocr_par' dir='ltr' id='par_1_38' title="bbox 1236 1160 1844 1279">
     <span class='ocr_line' id='line_1_83' title="bbox 1236 1160 1844 1191; baseline -0.002 -5"><span class='ocrx_word' id='word_1_406' title='bbox 1236 1162 1303 1186; x_wconf 82' lang='lat' dir='ltr'>Nam</span> <span class='ocrx_word' id='word_1_407' title='bbox 1322 1162 1362 1191; x_wconf 88' lang='lat' dir='ltr'>tu,</span> <span class='ocrx_word' id='word_1_408' title='bbox 1382 1169 1479 1186; x_wconf 89' lang='lat' dir='ltr'>summa</span> <span class='ocrx_word' id='word_1_409' title='bbox 1498 1162 1590 1187; x_wconf 84' lang='lat' dir='ltr'>caritas</span> <span class='ocrx_word' id='word_1_410' title='bbox 1602 1160 1630 1191; x_wconf 75' lang='lat'>¹⁴,</span> <span class='ocrx_word' id='word_1_411' title='bbox 1650 1161 1696 1186; x_wconf 86' lang='lat' dir='ltr'>tibi</span> <span class='ocrx_word' id='word_1_412' title='bbox 1714 1160 1844 1186; x_wconf 84' lang='lat' dir='ltr'>cohaerere</span> 
     </span>
     <span class='ocr_line' id='line_1_84' title="bbox 1264 1204 1808 1236; baseline -0.004 -6"><span class='ocrx_word' id='word_1_413' title='bbox 1264 1205 1303 1230; x_wconf 85' lang='lat' dir='ltr'>Me</span> <span class='ocrx_word' id='word_1_414' title='bbox 1322 1205 1422 1230; x_wconf 88' lang='lat' dir='ltr'>volebas</span> <span class='ocrx_word' id='word_1_415' title='bbox 1441 1205 1532 1236; x_wconf 83' lang='lat' dir='ltr'>iugiter</span> <span class='ocrx_word' id='word_1_416' title='bbox 1551 1212 1699 1236; x_wconf 85' lang='lat' dir='ltr'>sursumque</span> <span class='ocrx_word' id='word_1_417' title='bbox 1718 1204 1808 1228; x_wconf 85' lang='lat' dir='ltr'>habere</span> 
     </span>
     <span class='ocr_line' id='line_1_85' title="bbox 1264 1248 1798 1279; baseline -0.004 -6"><span class='ocrx_word' id='word_1_418' title='bbox 1264 1248 1341 1273; x_wconf 85' lang='lat' dir='ltr'>Dulce</span> <span class='ocrx_word' id='word_1_419' title='bbox 1360 1248 1509 1273; x_wconf 86' lang='lat' dir='ltr'>domicilium</span> <span class='ocrx_word' id='word_1_420' title='bbox 1536 1248 1665 1279; x_wconf 86' lang='lat' dir='ltr'>tecumque</span> <span class='ocrx_word' id='word_1_421' title='bbox 1685 1254 1798 1277; x_wconf 81' lang='lat' dir='ltr'>manere,</span> 
     </span>
    </p>

    <p class='ocr_par' dir='ltr' id='par_1_39' title="bbox 1263 1291 1751 1321">
     <span class='ocr_line' id='line_1_86' title="bbox 1263 1291 1751 1321; baseline -0.002 -5"><span class='ocrx_word' id='word_1_422' title='bbox 1263 1292 1296 1316; x_wconf 85' lang='lat' dir='ltr'>Et</span> <span class='ocrx_word' id='word_1_423' title='bbox 1316 1299 1353 1316; x_wconf 89' lang='lat' dir='ltr'>me</span> <span class='ocrx_word' id='word_1_424' title='bbox 1372 1292 1442 1316; x_wconf 86' lang='lat' dir='ltr'>velut</span> <span class='ocrx_word' id='word_1_425' title='bbox 1461 1291 1539 1316; x_wconf 89' lang='lat' dir='ltr'>filiam</span> <span class='ocrx_word' id='word_1_426' title='bbox 1558 1291 1638 1321; x_wconf 85' lang='lat' dir='ltr'>alere,</span> <span class='ocrx_word' id='word_1_427' title='bbox 1658 1291 1751 1316; x_wconf 89' lang='lat' dir='ltr'>docere.</span> 
     </span>
    </p>

    <p class='ocr_par' dir='ltr' id='par_1_40' title="bbox 1237 1333 1797 1410">
     <span class='ocr_line' id='line_1_87' title="bbox 1237 1333 1776 1366; baseline -0.002 -7"><span class='ocrx_word' id='word_1_428' title='bbox 1237 1335 1274 1359; x_wconf 80' lang='lat' dir='ltr'>Ex</span> <span class='ocrx_word' id='word_1_429' title='bbox 1292 1335 1353 1359; x_wconf 89' lang='lat' dir='ltr'>tunc</span> <span class='ocrx_word' id='word_1_430' title='bbox 1372 1335 1530 1366; x_wconf 86' lang='lat' dir='ltr'>disposueras</span> <span class='ocrx_word' id='word_1_431' title='bbox 1549 1341 1587 1359; x_wconf 87' lang='lat' dir='ltr'>me</span> <span class='ocrx_word' id='word_1_432' title='bbox 1606 1334 1744 1359; x_wconf 86' lang='lat' dir='ltr'>coadunare</span> <span class='ocrx_word' id='word_1_433' title='bbox 1756 1333 1776 1346; x_wconf 83' lang='lat'>¹⁵</span> 
     </span>
     <span class='ocr_line' id='line_1_88' title="bbox 1264 1378 1797 1410; baseline -0.002 -7"><span class='ocrx_word' id='word_1_434' title='bbox 1264 1379 1367 1403; x_wconf 87' lang='lat' dir='ltr'>Caelicis</span> <span class='ocrx_word' id='word_1_435' title='bbox 1385 1378 1527 1410; x_wconf 81' lang='lat' dir='ltr'>agminibus</span> <span class='ocrx_word' id='word_1_436' title='bbox 1553 1378 1626 1409; x_wconf 88' lang='lat' dir='ltr'>teque</span> <span class='ocrx_word' id='word_1_437' title='bbox 1644 1378 1705 1402; x_wconf 89' lang='lat' dir='ltr'>mihi</span> <span class='ocrx_word' id='word_1_438' title='bbox 1724 1378 1797 1407; x_wconf 84' lang='lat' dir='ltr'>dare;</span> 
     </span>
    </p>

    <p class='ocr_par' dir='ltr' id='par_1_41' title="bbox 1263 1421 1852 1496">
     <span class='ocr_line' id='line_1_89' title="bbox 1263 1421 1852 1453; baseline -0.002 -7"><span class='ocrx_word' id='word_1_439' title='bbox 1263 1422 1309 1446; x_wconf 89' lang='lat' dir='ltr'>Sed</span> <span class='ocrx_word' id='word_1_440' title='bbox 1329 1429 1373 1453; x_wconf 87' lang='lat' dir='ltr'>pro</span> <span class='ocrx_word' id='word_1_441' title='bbox 1392 1421 1466 1446; x_wconf 86' lang='lat' dir='ltr'>tanta</span> <span class='ocrx_word' id='word_1_442' title='bbox 1484 1421 1568 1453; x_wconf 80' lang='lat' dir='ltr'>gratia</span> <span class='ocrx_word' id='word_1_443' title='bbox 1588 1421 1647 1452; x_wconf 91' lang='lat' dir='ltr'>quid</span> <span class='ocrx_word' id='word_1_444' title='bbox 1665 1427 1852 1451; x_wconf 84' lang='lat' dir='ltr'>recompensare</span> 
     </span>
     <span class='ocr_line' id='line_1_90' title="bbox 1263 1464 1833 1496; baseline -0.002 -7"><span class='ocrx_word' id='word_1_445' title='bbox 1263 1465 1374 1494; x_wconf 84' lang='lat' dir='ltr'>Possim,</span> <span class='ocrx_word' id='word_1_446' title='bbox 1394 1472 1499 1496; x_wconf 86' lang='lat' dir='ltr'>prorsus</span> <span class='ocrx_word' id='word_1_447' title='bbox 1518 1465 1611 1493; x_wconf 84' lang='lat' dir='ltr'>nescio,</span> <span class='ocrx_word' id='word_1_448' title='bbox 1630 1464 1679 1489; x_wconf 88' lang='lat' dir='ltr'>nisi</span> <span class='ocrx_word' id='word_1_449' title='bbox 1698 1464 1723 1488; x_wconf 89' lang='grc'>10</span> <span class='ocrx_word' id='word_1_450' title='bbox 1741 1471 1833 1489; x_wconf 86' lang='lat' dir='ltr'>amare.</span> 
     </span>
    </p>

    <p class='ocr_par' dir='ltr' id='par_1_42' title="bbox 1236 1508 1687 1537">
     <span class='ocr_line' id='line_1_91' title="bbox 1236 1508 1687 1537; baseline -0.002 -4"><span class='ocrx_word' id='word_1_451' title='bbox 1236 1508 1314 1533; x_wconf 90' lang='lat' dir='ltr'>Unica</span> <span class='ocrx_word' id='word_1_452' title='bbox 1333 1508 1459 1537; x_wconf 86' lang='lat' dir='ltr'>suavitas,</span> <span class='ocrx_word' id='word_1_453' title='bbox 1480 1508 1552 1532; x_wconf 85' lang='lat' dir='ltr'>unica</span> <span class='ocrx_word' id='word_1_454' title='bbox 1571 1508 1687 1537; x_wconf 88' lang='lat' dir='ltr'>dulcedo,</span> 
     </span>
    </p>

    <p class='ocr_par' dir='ltr' id='par_1_43' title="bbox 1263 1551 1905 1669">
     <span class='ocr_line' id='line_1_92' title="bbox 1263 1551 1799 1582; baseline -0.002 -6"><span class='ocrx_word' id='word_1_455' title='bbox 1263 1552 1380 1577; x_wconf 86' lang='lat' dir='ltr'>Cordium</span> <span class='ocrx_word' id='word_1_456' title='bbox 1398 1551 1537 1576; x_wconf 83' lang='lat' dir='ltr'>amantium</span> <span class='ocrx_word' id='word_1_457' title='bbox 1557 1551 1677 1575; x_wconf 87' lang='lat' dir='ltr'>salutaris</span> <span class='ocrx_word' id='word_1_458' title='bbox 1697 1551 1799 1582; x_wconf 87' lang='lat' dir='ltr'>praedo,</span> 
     </span>
     <span class='ocr_line' id='line_1_93' title="bbox 1263 1593 1905 1626; baseline -0.002 -7"><span class='ocrx_word' id='word_1_459' title='bbox 1263 1595 1366 1624; x_wconf 88' lang='lat' dir='ltr'>Totum,</span> <span class='ocrx_word' id='word_1_460' title='bbox 1387 1594 1505 1626; x_wconf 87' lang='lat' dir='ltr'>quidquid</span> <span class='ocrx_word' id='word_1_461' title='bbox 1524 1594 1602 1619; x_wconf 91' lang='lat' dir='ltr'>habeo</span> <span class='ocrx_word' id='word_1_462' title='bbox 1621 1594 1661 1619; x_wconf 87' lang='lat' dir='ltr'>vel</span> <span class='ocrx_word' id='word_1_463' title='bbox 1680 1601 1746 1623; x_wconf 92' lang='lat' dir='ltr'>sum,</span> <span class='ocrx_word' id='word_1_464' title='bbox 1766 1593 1812 1618; x_wconf 87' lang='lat' dir='ltr'>tibi</span> <span class='ocrx_word' id='word_1_465' title='bbox 1830 1593 1905 1623; x_wconf 87' lang='lat' dir='ltr'>dedo,</span> 
     </span>
     <span class='ocr_line' id='line_1_94' title="bbox 1263 1636 1829 1669; baseline 0 -7"><span class='ocrx_word' id='word_1_466' title='bbox 1263 1638 1374 1669; x_wconf 87' lang='lat' dir='ltr'>Denique</span> <span class='ocrx_word' id='word_1_467' title='bbox 1393 1638 1532 1669; x_wconf 87' lang='lat' dir='ltr'>depositum</span> <span class='ocrx_word' id='word_1_468' title='bbox 1553 1636 1667 1662; x_wconf 71' lang='grc' dir='ltr'>1110111111ῦ</span> <span class='ocrx_word' id='word_1_469' title='bbox 1686 1637 1731 1662; x_wconf 89' lang='lat' dir='ltr'>tibi</span> <span class='ocrx_word' id='word_1_470' title='bbox 1750 1637 1829 1662; x_wconf 81' lang='lat' dir='ltr'>credo.</span> 
     </span>
    </p>

    <p class='ocr_par' dir='ltr' id='par_1_44' title="bbox 1236 1680 1855 1799">
     <span class='ocr_line' id='line_1_95' title="bbox 1236 1680 1855 1712; baseline -0.003 -6"><span class='ocrx_word' id='word_1_471' title='bbox 1236 1681 1293 1710; x_wconf 88' lang='lat' dir='ltr'>Oci,</span> <span class='ocrx_word' id='word_1_472' title='bbox 1314 1681 1402 1706; x_wconf 88' lang='lat' dir='ltr'>cantat</span> <span class='ocrx_word' id='word_1_473' title='bbox 1420 1680 1471 1705; x_wconf 87' lang='lat' dir='ltr'>tale</span> <span class='ocrx_word' id='word_1_474' title='bbox 1490 1688 1532 1706; x_wconf 89' lang='lat' dir='ltr'>cor</span> <span class='ocrx_word' id='word_1_475' title='bbox 1549 1680 1661 1712; x_wconf 86' lang='lat' dir='ltr'>gaudens</span> <span class='ocrx_word' id='word_1_476' title='bbox 1680 1681 1705 1705; x_wconf 89' lang='lat' dir='ltr'>in</span> <span class='ocrx_word' id='word_1_477' title='bbox 1725 1688 1855 1711; x_wconf 86' lang='lat' dir='ltr'>pressura,</span> 
     </span>
     <span class='ocr_line' id='line_1_96' title="bbox 1264 1723 1851 1755; baseline 0 -7"><span class='ocrx_word' id='word_1_478' title='bbox 1264 1724 1365 1753; x_wconf 83' lang='lat' dir='ltr'>Dicens,</span> <span class='ocrx_word' id='word_1_479' title='bbox 1385 1725 1443 1755; x_wconf 91' lang='lat' dir='ltr'>quia</span> <span class='ocrx_word' id='word_1_480' title='bbox 1462 1724 1565 1755; x_wconf 74' lang='lat' dir='ltr'>dignum</span> <span class='ocrx_word' id='word_1_481' title='bbox 1584 1724 1635 1752; x_wconf 89' lang='lat' dir='ltr'>est,</span> <span class='ocrx_word' id='word_1_482' title='bbox 1653 1724 1683 1748; x_wconf 88' lang='lat' dir='ltr'>ut</span> <span class='ocrx_word' id='word_1_483' title='bbox 1702 1731 1717 1748; x_wconf 91' lang='lat' dir='ltr'>a</span> <span class='ocrx_word' id='word_1_484' title='bbox 1736 1723 1851 1748; x_wconf 86' lang='lat' dir='ltr'>creatura</span> 
     </span>
     <span class='ocr_line' id='line_1_97' title="bbox 1263 1767 1766 1799; baseline -0.002 -7"><span class='ocrx_word' id='word_1_485' title='bbox 1263 1767 1391 1799; x_wconf 78' lang='lat' dir='ltr'>Diligatur</span> <span class='ocrx_word' id='word_1_486' title='bbox 1411 1767 1491 1798; x_wconf 78' lang='lat' dir='ltr'>opifex</span> <span class='ocrx_word' id='word_1_487' title='bbox 1509 1767 1569 1791; x_wconf 77' lang='lat' dir='ltr'>talis</span> <span class='ocrx_word' id='word_1_488' title='bbox 1588 1767 1670 1791; x_wconf 88' lang='lat' dir='ltr'>mente</span> <span class='ocrx_word' id='word_1_489' title='bbox 1689 1774 1766 1798; x_wconf 89' lang='lat' dir='ltr'>pura,</span> 
     </span>
    </p>

    <p class='ocr_par' dir='ltr' id='par_1_45' title="bbox 1263 1808 1815 1835">
     <span class='ocr_line' id='line_1_98' title="bbox 1263 1808 1815 1835; baseline 0 -1"><span class='ocrx_word' id='word_1_490' title='bbox 1263 1810 1293 1834; x_wconf 87' lang='lat' dir='ltr'>Ei</span> <span class='ocrx_word' id='word_1_491' title='bbox 1311 1818 1366 1835; x_wconf 89' lang='lat' dir='ltr'>cum</span> <span class='ocrx_word' id='word_1_492' title='bbox 1386 1810 1511 1835; x_wconf 81' lang='lat' dir='ltr'>exstiterit</span> <span class='ocrx_word' id='word_1_493' title='bbox 1530 1810 1559 1835; x_wconf 91' lang='lat' dir='ltr'>de</span> <span class='ocrx_word' id='word_1_494' title='bbox 1578 1818 1604 1835; x_wconf 87' lang='lat' dir='ltr'>se</span> <span class='ocrx_word' id='word_1_495' title='bbox 1623 1810 1697 1834; x_wconf 87' lang='lat' dir='ltr'>tanta</span> <span class='ocrx_word' id='word_1_496' title='bbox 1716 1808 1815 1834; x_wconf 85' lang='lat' dir='ltr'>cura¹⁷.</span> 
     </span>
    </p>

    <p class='ocr_par' dir='ltr' id='par_1_46' title="bbox 1237 1853 1915 1971">
     <span class='ocr_line' id='line_1_99' title="bbox 1237 1853 1870 1882; baseline -0.002 -4"><span class='ocrx_word' id='word_1_497' title='bbox 1237 1853 1275 1878; x_wconf 86' lang='lat' dir='ltr'>Sic</span> <span class='ocrx_word' id='word_1_498' title='bbox 1294 1861 1363 1878; x_wconf 88' lang='lat' dir='ltr'>mens</span> <span class='ocrx_word' id='word_1_499' title='bbox 1382 1853 1428 1878; x_wconf 89' lang='lat' dir='ltr'>hoc</span> <span class='ocrx_word' id='word_1_500' title='bbox 1447 1853 1583 1878; x_wconf 79' lang='lat' dir='ltr'>diluculum</span> <span class='ocrx_word' id='word_1_501' title='bbox 1603 1853 1697 1878; x_wconf 84' lang='lat' dir='ltr'>transit</span> <span class='ocrx_word' id='word_1_502' title='bbox 1716 1853 1870 1882; x_wconf 83' lang='lat' dir='ltr'>meditando,</span> 
     </span>
     <span class='ocr_line' id='line_1_100' title="bbox 1263 1896 1915 1926; baseline 0 -5"><span class='ocrx_word' id='word_1_503' title='bbox 1263 1896 1291 1921; x_wconf 89' lang='lat' dir='ltr'>Se</span> <span class='ocrx_word' id='word_1_504' title='bbox 1311 1897 1343 1921; x_wconf 91' lang='lat' dir='ltr'>ad</span> <span class='ocrx_word' id='word_1_505' title='bbox 1361 1896 1471 1921; x_wconf 88' lang='lat' dir='ltr'>Primam</span> <span class='ocrx_word' id='word_1_506' title='bbox 1491 1896 1646 1921; x_wconf 86' lang='lat' dir='ltr'>transferens</span> <span class='ocrx_word' id='word_1_507' title='bbox 1666 1904 1748 1922; x_wconf 86' lang='lat' dir='ltr'>vocem</span> <span class='ocrx_word' id='word_1_508' title='bbox 1768 1896 1915 1926; x_wconf 81' lang='lat' dir='ltr'>exaltando,</span> 
     </span>
     <span class='ocr_line' id='line_1_101' title="bbox 1264 1940 1782 1971; baseline 0 -7"><span class='ocrx_word' id='word_1_509' title='bbox 1264 1940 1371 1971; x_wconf 90' lang='lat' dir='ltr'>Tempus</span> <span class='ocrx_word' id='word_1_510' title='bbox 1390 1940 1542 1971; x_wconf 85' lang='lat' dir='ltr'>acceptabile</span> <span class='ocrx_word' id='word_1_511' title='bbox 1562 1940 1601 1971; x_wconf 88' lang='lat' dir='ltr'>pie</span> <span class='ocrx_word' id='word_1_512' title='bbox 1620 1940 1782 1969; x_wconf 86' lang='lat' dir='ltr'>ruminando,</span> 
     </span>
    </p>

    <p class='ocr_par' dir='ltr' id='par_1_47' title="bbox 1262 1982 1870 2014">
     <span class='ocr_line' id='line_1_102' title="bbox 1262 1982 1870 2014; baseline 0 -7"><span class='ocrx_word' id='word_1_513' title='bbox 1262 1983 1295 2008; x_wconf 91' lang='lat' dir='ltr'>In</span> <span class='ocrx_word' id='word_1_514' title='bbox 1313 1990 1361 2014; x_wconf 89' lang='lat' dir='ltr'>quo</span> <span class='ocrx_word' id='word_1_515' title='bbox 1380 1983 1449 2008; x_wconf 86' lang='lat' dir='ltr'>venit</span> <span class='ocrx_word' id='word_1_516' title='bbox 1469 1983 1599 2014; x_wconf 86' lang='lat' dir='ltr'>Dominus,</span> <span class='ocrx_word' id='word_1_517' title='bbox 1619 1990 1692 2008; x_wconf 85' lang='lat' dir='ltr'>carne</span> <span class='ocrx_word' id='word_1_518' title='bbox 1711 1990 1737 2008; x_wconf 87' lang='lat' dir='ltr'>se</span> <span class='ocrx_word' id='word_1_519' title='bbox 1756 1982 1870 2008; x_wconf 88' lang='lat' dir='ltr'>velando.</span> 
     </span>
    </p>

    <p class='ocr_par' dir='ltr' id='par_1_48' title="bbox 1235 2026 1937 2187">
     <span class='ocr_line' id='line_1_103' title="bbox 1235 2026 1814 2058; baseline 0 -7"><span class='ocrx_word' id='word_1_520' title='bbox 1235 2026 1304 2052; x_wconf 88' lang='lat' dir='ltr'>Tunc</span> <span class='ocrx_word' id='word_1_521' title='bbox 1322 2026 1437 2058; x_wconf 87' lang='lat' dir='ltr'>liquescit</span> <span class='ocrx_word' id='word_1_522' title='bbox 1457 2026 1541 2051; x_wconf 87' lang='lat' dir='ltr'>anima</span> <span class='ocrx_word' id='word_1_523' title='bbox 1560 2026 1615 2051; x_wconf 86' lang='lat' dir='ltr'>tota</span> <span class='ocrx_word' id='word_1_524' title='bbox 1634 2033 1679 2057; x_wconf 87' lang='lat' dir='ltr'>per</span> <span class='ocrx_word' id='word_1_525' title='bbox 1697 2033 1814 2056; x_wconf 73' lang='lat' dir='ltr'>amorem,</span> 
     </span>
     <span class='ocr_line' id='line_1_104' title="bbox 1261 2069 1827 2099; baseline 0 -5"><span class='ocrx_word' id='word_1_526' title='bbox 1261 2069 1357 2094; x_wconf 88' lang='lat' dir='ltr'>Pavida</span> <span class='ocrx_word' id='word_1_527' title='bbox 1375 2069 1535 2095; x_wconf 80' lang='lat' dir='ltr'>considerans</span> <span class='ocrx_word' id='word_1_528' title='bbox 1555 2070 1667 2095; x_wconf 85' lang='lat' dir='ltr'>omnium</span> <span class='ocrx_word' id='word_1_529' title='bbox 1687 2069 1827 2099; x_wconf 87' lang='lat' dir='ltr'>auctorem,</span> 
     </span>
     <span class='ocr_line' id='line_1_105' title="bbox 1262 2111 1937 2144; baseline 0 -6"><span class='ocrx_word' id='word_1_530' title='bbox 1262 2113 1410 2144; x_wconf 84' lang='lat' dir='ltr'>Vagientem</span> <span class='ocrx_word' id='word_1_531' title='bbox 1429 2113 1563 2143; x_wconf 88' lang='lat' dir='ltr'>parvulum</span> <span class='ocrx_word' id='word_1_532' title='bbox 1576 2111 1595 2124; x_wconf 76' lang='lat'>¹⁸</span> <span class='ocrx_word' id='word_1_533' title='bbox 1614 2112 1685 2137; x_wconf 82' lang='lat' dir='ltr'>iuxta</span> <span class='ocrx_word' id='word_1_534' title='bbox 1703 2112 1818 2138; x_wconf 86' lang='lat' dir='ltr'>nostrum</span> <span class='ocrx_word' id='word_1_535' title='bbox 1831 2120 1937 2143; x_wconf 84' lang='lat' dir='ltr'>morem,</span> 
     </span>
     <span class='ocr_line' id='line_1_106' title="bbox 1261 2156 1838 2187; baseline -0.002 -6"><span class='ocrx_word' id='word_1_536' title='bbox 1261 2156 1296 2181; x_wconf 89' lang='lat' dir='ltr'>Ut</span> <span class='ocrx_word' id='word_1_537' title='bbox 1314 2156 1414 2180; x_wconf 85' lang='lat' dir='ltr'>curaret</span> <span class='ocrx_word' id='word_1_538' title='bbox 1432 2156 1540 2180; x_wconf 84' lang='lat' dir='ltr'>veterem</span> <span class='ocrx_word' id='word_1_539' title='bbox 1561 2163 1662 2180; x_wconf 87' lang='lat' dir='ltr'>suorum</span> <span class='ocrx_word' id='word_1_540' title='bbox 1682 2156 1838 2187; x_wconf 80' lang='lat' dir='ltr'>languorem.</span> 
     </span>
    </p>
   </div>
   <div class='ocr_carea' id='block_1_14' title="bbox 1173 470 1215 496">
    <p class='ocr_par' dir='ltr' id='par_1_49' title="bbox 1173 470 1215 496">
     <span class='ocr_line' id='line_1_107' title="bbox 1173 470 1215 496; baseline 0 -1"><span class='ocrx_word' id='word_1_541' title='bbox 1173 470 1215 496; x_wconf 85' lang='lat'>17.</span> 
     </span>
    </p>
   </div>
   <div class='ocr_carea' id='block_1_15' title="bbox 1174 642 1216 668">
    <p class='ocr_par' dir='ltr' id='par_1_50' title="bbox 1174 642 1216 668">
     <span class='ocr_line' id='line_1_108' title="bbox 1174 642 1216 668; baseline 0 0"><span class='ocrx_word' id='word_1_542' title='bbox 1174 642 1216 668; x_wconf 80' lang='lat'>18.</span> 
     </span>
    </p>
   </div>
   <div class='ocr_carea' id='block_1_16' title="bbox 1175 815 1217 840">
    <p class='ocr_par' dir='ltr' id='par_1_51' title="bbox 1175 815 1217 840">
     <span class='ocr_line' id='line_1_109' title="bbox 1175 815 1217 840; baseline 0 0"><span class='ocrx_word' id='word_1_543' title='bbox 1175 815 1217 840; x_wconf 85' lang='lat'>19.</span> 
     </span>
    </p>
   </div>
   <div class='ocr_carea' id='block_1_17' title="bbox 1174 989 1217 1014">
    <p class='ocr_par' dir='ltr' id='par_1_52' title="bbox 1174 989 1217 1014">
     <span class='ocr_line' id='line_1_110' title="bbox 1174 989 1217 1014; baseline 0 -1"><span class='ocrx_word' id='word_1_544' title='bbox 1174 989 1217 1014; x_wconf 88' lang='lat'>20.</span> 
     </span>
    </p>
   </div>
   <div class='ocr_carea' id='block_1_18' title="bbox 1175 1161 1217 1186">
    <p class='ocr_par' dir='ltr' id='par_1_53' title="bbox 1175 1161 1217 1186">
     <span class='ocr_line' id='line_1_111' title="bbox 1175 1161 1217 1186; baseline 0 0"><span class='ocrx_word' id='word_1_545' title='bbox 1175 1161 1217 1186; x_wconf 92' lang='lat'>21.</span> 
     </span>
    </p>
   </div>
   <div class='ocr_carea' id='block_1_19' title="bbox 1174 1335 1216 1360">
    <p class='ocr_par' dir='ltr' id='par_1_54' title="bbox 1174 1335 1216 1360">
     <span class='ocr_line' id='line_1_112' title="bbox 1174 1335 1216 1360; baseline 0 0"><span class='ocrx_word' id='word_1_546' title='bbox 1174 1335 1216 1360; x_wconf 92' lang='lat'>22.</span> 
     </span>
    </p>
   </div>
   <div class='ocr_carea' id='block_1_20' title="bbox 1174 1508 1216 1533">
    <p class='ocr_par' dir='ltr' id='par_1_55' title="bbox 1174 1508 1216 1533">
     <span class='ocr_line' id='line_1_113' title="bbox 1174 1508 1216 1533; baseline 0 0"><span class='ocrx_word' id='word_1_547' title='bbox 1174 1508 1216 1533; x_wconf 82' lang='lat'>23.</span> 
     </span>
    </p>
   </div>
   <div class='ocr_carea' id='block_1_21' title="bbox 1174 1681 1216 1707">
    <p class='ocr_par' dir='ltr' id='par_1_56' title="bbox 1174 1681 1216 1707">
     <span class='ocr_line' id='line_1_114' title="bbox 1174 1681 1216 1707; baseline 0.024 -1"><span class='ocrx_word' id='word_1_548' title='bbox 1174 1681 1216 1707; x_wconf 87' lang='lat'>24.</span> 
     </span>
    </p>
   </div>
   <div class='ocr_carea' id='block_1_22' title="bbox 1174 1852 1217 1878">
    <p class='ocr_par' dir='ltr' id='par_1_57' title="bbox 1174 1852 1217 1878">
     <span class='ocr_line' id='line_1_115' title="bbox 1174 1852 1217 1878; baseline -0.023 0"><span class='ocrx_word' id='word_1_549' title='bbox 1174 1852 1217 1878; x_wconf 83' lang='lat'>25.</span> 
     </span>
    </p>
   </div>
   <div class='ocr_carea' id='block_1_23' title="bbox 1173 2026 1215 2051">
    <p class='ocr_par' dir='ltr' id='par_1_58' title="bbox 1173 2026 1215 2051">
     <span class='ocr_line' id='line_1_116' title="bbox 1173 2026 1215 2051; baseline -0.024 0"><span class='ocrx_word' id='word_1_550' title='bbox 1173 2026 1215 2051; x_wconf 78' lang='lat'>26.</span> 
     </span>
    </p>
   </div>
   <div class='ocr_carea' id='block_1_24' title="bbox 874 2259 1393 2263">
    <p class='ocr_par' dir='ltr' id='par_1_59' title="bbox 874 2259 1393 2263">
     <span class='ocr_line' id='line_1_117' title="bbox 874 2259 1393 2263; baseline 0 0"><span class='ocrx_word' id='word_1_551' title='bbox 874 2259 1393 2263; x_wconf 95' lang='lat' dir='ltr'> </span> 
     </span>
    </p>
   </div>
   <div class='ocr_carea' id='block_1_25' title="bbox 247 2334 1102 3055">
    <p class='ocr_par' dir='ltr' id='par_1_60' title="bbox 253 2334 1102 2423">
     <span class='ocr_line' id='line_1_118' title="bbox 317 2334 1101 2363; baseline -0.003 -5"><span class='ocrx_word' id='word_1_552' title='bbox 317 2336 324 2349; x_wconf 79' lang='lat'>¹</span> <span class='ocrx_word' id='word_1_553' title='bbox 344 2337 374 2358; x_wconf 83' lang='lat' dir='ltr'>lta</span> <span class='ocrx_word' id='word_1_554' title='bbox 392 2336 443 2358; x_wconf 76' lang='lat' dir='ltr'>cod.</span> <span class='ocrx_word' id='word_1_555' title='bbox 461 2336 490 2363; x_wconf 74' lang='grc' dir='ltr'><strong>Α,</strong></span> <span class='ocrx_word' id='word_1_556' title='bbox 509 2336 558 2357; x_wconf 80' lang='lat' dir='ltr'>Vnt.</span> <span class='ocrx_word' id='word_1_557' title='bbox 577 2341 629 2357; x_wconf 84' lang='lat' dir='ltr'>cum</span> <span class='ocrx_word' id='word_1_558' title='bbox 648 2335 684 2357; x_wconf 84' lang='lat' dir='ltr'>ed.</span> <span class='ocrx_word' id='word_1_559' title='bbox 707 2336 711 2355; x_wconf 87' lang='grc'>1</span> <span class='ocrx_word' id='word_1_560' title='bbox 741 2338 763 2357; x_wconf 84' lang='lat' dir='ltr'>et</span> <span class='ocrx_word' id='word_1_561' title='bbox 786 2335 837 2357; x_wconf 76' lang='grc'><strong>0011,</strong></span> <span class='ocrx_word' id='word_1_562' title='bbox 856 2335 872 2356; x_wconf 87' lang='grc' dir='ltr'>Β</span> <span class='ocrx_word' id='word_1_563' title='bbox 891 2334 960 2356; x_wconf 84' lang='lat' dir='ltr'>nabet</span> <span class='ocrx_word' id='word_1_564' title='bbox 977 2334 1034 2357; x_wconf 69' lang='lat' dir='ltr'>Eius</span> <span class='ocrx_word' id='word_1_565' title='bbox 1052 2334 1101 2357; x_wconf 83' lang='lat' dir='ltr'>imi·</span> 
     </span>
     <span class='ocr_line' id='line_1_119' title="bbox 253 2365 1102 2397; baseline -0.004 -6"><span class='ocrx_word' id='word_1_566' title='bbox 253 2368 323 2396; x_wconf 73' lang='lat' dir='ltr'>tutto,</span> <span class='ocrx_word' id='word_1_567' title='bbox 337 2367 436 2397; x_wconf 76' lang='lat' dir='ltr'>Spiritu.</span> <span class='ocrx_word' id='word_1_568' title='bbox 455 2367 548 2389; x_wconf 77' lang='lat' dir='ltr'>lutei-ius</span> <span class='ocrx_word' id='word_1_569' title='bbox 567 2373 608 2394; x_wconf 89' lang='lat' dir='ltr'>pro</span> <span class='ocrx_word' id='word_1_570' title='bbox 624 2367 652 2388; x_wconf 81' lang='lat' dir='ltr'>Te</span> <span class='ocrx_word' id='word_1_571' title='bbox 670 2366 792 2389; x_wconf 66' lang='lat' dir='ltr'>caelestem</span> <span class='ocrx_word' id='word_1_572' title='bbox 810 2366 928 2389; x_wconf 75' lang='lat' dir='ltr'>musicam</span> <span class='ocrx_word' id='word_1_573' title='bbox 947 2366 982 2388; x_wconf 69' lang='lat' dir='ltr'>cd.</span> <span class='ocrx_word' id='word_1_574' title='bbox 1003 2366 1010 2387; x_wconf 88' lang='lat' dir='ltr'>l</span> <span class='ocrx_word' id='word_1_575' title='bbox 1033 2365 1102 2388; x_wconf 84' lang='lat' dir='ltr'>lmhct</span> 
     </span>
     <span class='ocr_line' id='line_1_120' title="bbox 253 2398 550 2423; baseline -0.01 0"><span class='ocrx_word' id='word_1_576' title='bbox 253 2400 319 2423; x_wconf 80' lang='lat' dir='ltr'>Scire.</span> <span class='ocrx_word' id='word_1_577' title='bbox 336 2405 407 2422; x_wconf 78' lang='lat' dir='ltr'>saum</span> <span class='ocrx_word' id='word_1_578' title='bbox 424 2398 550 2421; x_wconf 73' lang='lat' dir='ltr'>musicam.</span> 
     </span>
    </p>

    <p class='ocr_par' dir='ltr' id='par_1_61' title="bbox 248 2429 1099 2611">
     <span class='ocr_line' id='line_1_121' title="bbox 315 2429 924 2460; baseline -0.005 -7"><span class='ocrx_word' id='word_1_579' title='bbox 315 2430 324 2444; x_wconf 82' lang='lat'><strong>²</strong></span> <span class='ocrx_word' id='word_1_580' title='bbox 341 2431 401 2453; x_wconf 82' lang='lat' dir='ltr'>Loco</span> <span class='ocrx_word' id='word_1_581' title='bbox 424 2430 567 2460; x_wconf 54' lang='lat' dir='ltr'>prozimum</span> <span class='ocrx_word' id='word_1_582' title='bbox 594 2429 634 2456; x_wconf 86' lang='lat' dir='ltr'>(ita</span> <span class='ocrx_word' id='word_1_583' title='bbox 660 2429 711 2451; x_wconf 84' lang='lat' dir='ltr'>cod.</span> <span class='ocrx_word' id='word_1_584' title='bbox 738 2429 756 2451; x_wconf 82' lang='lat' dir='ltr'>A</span> <span class='ocrx_word' id='word_1_585' title='bbox 787 2431 809 2450; x_wconf 86' lang='lat' dir='ltr'>et</span> <span class='ocrx_word' id='word_1_586' title='bbox 834 2429 871 2451; x_wconf 87' lang='lat' dir='ltr'>ed.</span> <span class='ocrx_word' id='word_1_587' title='bbox 907 2429 924 2456; x_wconf 87' lang='lat' dir='ltr'>l)</span> 
     </span>
     <span class='ocr_line' id='line_1_122' title="bbox 250 2469 368 2484; baseline -0.008 0"><span class='ocrx_word' id='word_1_588' title='bbox 250 2473 252 2475; x_wconf 89' lang='lat'>·</span> <span class='ocrx_word' id='word_1_589' title='bbox 274 2469 279 2474; x_wconf 92' lang='lat'>·</span> <span class='ocrx_word' id='word_1_590' title='bbox 313 2469 318 2484; x_wconf 80' lang='lat' dir='ltr'>i</span> <span class='ocrx_word' id='word_1_591' title='bbox 362 2479 368 2483; x_wconf 55' lang='grc'>1</span> 
     </span>
     <span class='ocr_line' id='line_1_123' title="bbox 248 2468 1099 2520; baseline -0.002 -4"><span class='ocrx_word' id='word_1_592' title='bbox 248 2468 405 2516; x_wconf 55' lang='lat' dir='ltr'>piopS‹1712[23A</span> <span class='ocrx_word' id='word_1_593' title='bbox 423 2497 445 2515; x_wconf 85' lang='lat' dir='ltr'>et</span> <span class='ocrx_word' id='word_1_594' title='bbox 461 2493 498 2515; x_wconf 82' lang='lat' dir='ltr'>ed.</span> <span class='ocrx_word' id='word_1_595' title='bbox 521 2493 542 2519; x_wconf 83' lang='grc' dir='ltr'><strong>Ι,</strong></span> <span class='ocrx_word' id='word_1_596' title='bbox 570 2493 619 2514; x_wconf 83' lang='lat' dir='ltr'>Vat.</span> <span class='ocrx_word' id='word_1_597' title='bbox 645 2491 763 2514; x_wconf 70' lang='lat' dir='ltr'>substituit</span> <span class='ocrx_word' id='word_1_598' title='bbox 778 2490 899 2520; x_wconf 69' lang='lat' dir='ltr'>praeviat,</span> <span class='ocrx_word' id='word_1_599' title='bbox 922 2495 944 2514; x_wconf 86' lang='lat' dir='ltr'>et</span> <span class='ocrx_word' id='word_1_600' title='bbox 969 2492 1027 2514; x_wconf 80' lang='lat' dir='ltr'>iufra</span> <span class='ocrx_word' id='word_1_601' title='bbox 1053 2498 1099 2514; x_wconf 87' lang='lat' dir='ltr'>non</span> 
     </span>
     <span class='ocr_line' id='line_1_124' title="bbox 249 2522 1099 2552; baseline -0.002 -4"><span class='ocrx_word' id='word_1_602' title='bbox 249 2526 307 2548; x_wconf 83' lang='lat' dir='ltr'>hene</span> <span class='ocrx_word' id='word_1_603' title='bbox 325 2525 467 2548; x_wconf 74' lang='lat' dir='ltr'>insonet-am</span> <span class='ocrx_word' id='word_1_604' title='bbox 485 2530 526 2552; x_wconf 84' lang='lat' dir='ltr'>pro</span> <span class='ocrx_word' id='word_1_605' title='bbox 553 2523 577 2546; x_wconf 80' lang='lat' dir='ltr'>iu.</span> <span class='ocrx_word' id='word_1_606' title='bbox 603 2529 728 2547; x_wconf 75' lang='lat' dir='ltr'>canoram.</span> <span class='ocrx_word' id='word_1_607' title='bbox 754 2524 814 2545; x_wconf 77' lang='lat' dir='ltr'>Loco</span> <span class='ocrx_word' id='word_1_608' title='bbox 838 2522 920 2546; x_wconf 75' lang='lat' dir='ltr'>Elevat</span> <span class='ocrx_word' id='word_1_609' title='bbox 945 2522 1099 2552; x_wconf 63' lang='lat' dir='ltr'>praedatoriis</span> 
     </span>
     <span class='ocr_line' id='line_1_125' title="bbox 248 2554 1099 2584; baseline -0.004 -5"><span class='ocrx_word' id='word_1_610' title='bbox 248 2558 299 2579; x_wconf 67' lang='lat' dir='ltr'>cod.</span> <span class='ocrx_word' id='word_1_611' title='bbox 316 2557 348 2584; x_wconf 79' lang='lat' dir='ltr'>A,</span> <span class='ocrx_word' id='word_1_612' title='bbox 365 2562 454 2584; x_wconf 81' lang='lat' dir='ltr'>ponens</span> <span class='ocrx_word' id='word_1_613' title='bbox 471 2555 527 2578; x_wconf 79' lang='lat' dir='ltr'>intra</span> <span class='ocrx_word' id='word_1_614' title='bbox 546 2554 651 2578; x_wconf 75' lang='lat' dir='ltr'>canendo</span> <span class='ocrx_word' id='word_1_615' title='bbox 663 2561 706 2582; x_wconf 84' lang='lat' dir='ltr'>pro</span> <span class='ocrx_word' id='word_1_616' title='bbox 721 2554 853 2582; x_wconf 76' lang='lat' dir='ltr'>cantando,</span> <span class='ocrx_word' id='word_1_617' title='bbox 873 2561 924 2576; x_wconf 71' lang='lat' dir='ltr'>cum</span> <span class='ocrx_word' id='word_1_618' title='bbox 944 2555 980 2577; x_wconf 81' lang='lat' dir='ltr'>ecl.</span> <span class='ocrx_word' id='word_1_619' title='bbox 1003 2556 1006 2577; x_wconf 95' lang='grc' dir='ltr'>Ι</span> <span class='ocrx_word' id='word_1_620' title='bbox 1030 2555 1099 2577; x_wconf 82' lang='lat' dir='ltr'>hahet</span> 
     </span>
     <span class='ocr_line' id='line_1_126' title="bbox 248 2587 459 2611; baseline -0.009 0"><span class='ocrx_word' id='word_1_621' title='bbox 248 2588 362 2611; x_wconf 74' lang='lat' dir='ltr'>Elevatur</span> <span class='ocrx_word' id='word_1_622' title='bbox 380 2587 459 2610; x_wconf 75' lang='lat' dir='ltr'>altius.</span> 
     </span>
    </p>

    <p class='ocr_par' dir='ltr' id='par_1_62' title="bbox 247 2617 1098 2742">
     <span class='ocr_line' id='line_1_127' title="bbox 310 2617 1098 2647; baseline -0.003 -5"><span class='ocrx_word' id='word_1_623' title='bbox 310 2619 320 2631; x_wconf 77' lang='lat'>⁴</span> <span class='ocrx_word' id='word_1_624' title='bbox 338 2620 389 2642; x_wconf 77' lang='lat' dir='ltr'>Vat.</span> <span class='ocrx_word' id='word_1_625' title='bbox 409 2625 451 2647; x_wconf 84' lang='lat' dir='ltr'>pro</span> <span class='ocrx_word' id='word_1_626' title='bbox 469 2617 490 2641; x_wconf 78' lang='lat' dir='ltr'>ei</span> <span class='ocrx_word' id='word_1_627' title='bbox 507 2618 545 2645; x_wconf 82' lang='lat' dir='ltr'>(itu</span> <span class='ocrx_word' id='word_1_628' title='bbox 564 2618 600 2640; x_wconf 80' lang='lat' dir='ltr'>ed.</span> <span class='ocrx_word' id='word_1_629' title='bbox 623 2618 642 2646; x_wconf 92' lang='lat' dir='ltr'>l)</span> <span class='ocrx_word' id='word_1_630' title='bbox 662 2617 731 2639; x_wconf 80' lang='lat' dir='ltr'>habet</span> <span class='ocrx_word' id='word_1_631' title='bbox 748 2617 805 2640; x_wconf 77' lang='lat' dir='ltr'>eius.</span> <span class='ocrx_word' id='word_1_632' title='bbox 826 2617 959 2640; x_wconf 82' lang='lat' dir='ltr'>{inmediate</span> <span class='ocrx_word' id='word_1_633' title='bbox 976 2620 1029 2645; x_wconf 81' lang='lat' dir='ltr'>post</span> <span class='ocrx_word' id='word_1_634' title='bbox 1044 2624 1098 2640; x_wconf 88' lang='lat' dir='ltr'>cum</span> 
     </span>
     <span class='ocr_line' id='line_1_128' title="bbox 247 2649 1098 2677; baseline -0.002 -4"><span class='ocrx_word' id='word_1_635' title='bbox 247 2651 298 2673; x_wconf 65' lang='lat' dir='ltr'>cod⁴</span> <span class='ocrx_word' id='word_1_636' title='bbox 316 2652 334 2673; x_wconf 97' lang='lat' dir='ltr'>A</span> <span class='ocrx_word' id='word_1_637' title='bbox 352 2654 374 2673; x_wconf 89' lang='lat' dir='ltr'>et</span> <span class='ocrx_word' id='word_1_638' title='bbox 390 2651 427 2672; x_wconf 88' lang='lat' dir='ltr'>ed.</span> <span class='ocrx_word' id='word_1_639' title='bbox 449 2651 453 2671; x_wconf 94' lang='lat' dir='ltr'>l</span> <span class='ocrx_word' id='word_1_640' title='bbox 476 2649 639 2672; x_wconf 72' lang='lat' dir='ltr'>substituimus</span> <span class='ocrx_word' id='word_1_641' title='bbox 657 2649 715 2672; x_wconf 68' lang='lat' dir='ltr'>Fere</span> <span class='ocrx_word' id='word_1_642' title='bbox 733 2655 775 2676; x_wconf 86' lang='lat' dir='ltr'>pro</span> <span class='ocrx_word' id='word_1_643' title='bbox 798 2649 855 2671; x_wconf 80' lang='lat' dir='ltr'>Vere</span> <span class='ocrx_word' id='word_1_644' title='bbox 873 2653 894 2671; x_wconf 85' lang='lat' dir='ltr'>et</span> <span class='ocrx_word' id='word_1_645' title='bbox 917 2650 986 2677; x_wconf 80' lang='lat' dir='ltr'>paulo</span> <span class='ocrx_word' id='word_1_646' title='bbox 1003 2649 1098 2671; x_wconf 80' lang='lat' dir='ltr'>inferius</span> 
     </span>
     <span class='ocr_line' id='line_1_129' title="bbox 248 2680 1098 2711; baseline -0.002 -6"><span class='ocrx_word' id='word_1_647' title='bbox 248 2683 328 2705; x_wconf 77' lang='lat' dir='ltr'>cantat</span> <span class='ocrx_word' id='word_1_648' title='bbox 354 2681 458 2711; x_wconf 67' lang='lat' dir='ltr'>[implens</span> <span class='ocrx_word' id='word_1_649' title='bbox 477 2681 515 2709; x_wconf 77' lang='lat' dir='ltr'>(ita</span> <span class='ocrx_word' id='word_1_650' title='bbox 533 2682 551 2702; x_wconf 83' lang='grc' dir='ltr'>Α</span> <span class='ocrx_word' id='word_1_651' title='bbox 568 2684 590 2703; x_wconf 87' lang='lat' dir='ltr'>et</span> <span class='ocrx_word' id='word_1_652' title='bbox 607 2681 643 2703; x_wconf 85' lang='lat' dir='ltr'>ed.</span> <span class='ocrx_word' id='word_1_653' title='bbox 666 2681 696 2707; x_wconf 84' lang='grc'>1),</span> <span class='ocrx_word' id='word_1_654' title='bbox 714 2680 791 2709; x_wconf 50' lang='lat' dir='ltr'>imityis</span> <span class='ocrx_word' id='word_1_655' title='bbox 806 2680 852 2707; x_wconf 65' lang='lat' dir='ltr'>(etl.</span> <span class='ocrx_word' id='word_1_656' title='bbox 869 2681 887 2708; x_wconf 91' lang='lat' dir='ltr'>l)</span> <span class='ocrx_word' id='word_1_657' title='bbox 901 2680 1041 2709; x_wconf 69' lang='lat' dir='ltr'>inardescit,</span> <span class='ocrx_word' id='word_1_658' title='bbox 1056 2686 1098 2708; x_wconf 85' lang='lat' dir='ltr'>pro</span> 
     </span>
     <span class='ocr_line' id='line_1_130' title="bbox 247 2712 829 2742; baseline -0.005 -6"><span class='ocrx_word' id='word_1_659' title='bbox 247 2720 294 2742; x_wconf 79' lang='lat' dir='ltr'>quo</span> <span class='ocrx_word' id='word_1_660' title='bbox 314 2714 362 2735; x_wconf 64' lang='lat' dir='ltr'>Vnt.</span> <span class='ocrx_word' id='word_1_661' title='bbox 382 2715 463 2736; x_wconf 59' lang='lat' dir='ltr'>arulas</span> <span class='ocrx_word' id='word_1_662' title='bbox 479 2712 565 2740; x_wconf 73' lang='lat' dir='ltr'>altius,</span> <span class='ocrx_word' id='word_1_663' title='bbox 581 2712 638 2741; x_wconf 70' lang='lat' dir='ltr'>plus</span> <span class='ocrx_word' id='word_1_664' title='bbox 656 2713 676 2734; x_wconf 76' lang='lat' dir='ltr'>el</span> <span class='ocrx_word' id='word_1_665' title='bbox 693 2712 829 2734; x_wconf 65' lang='lat' dir='ltr'>nvn-aesca.</span> 
     </span>
    </p>

    <p class='ocr_par' dir='ltr' id='par_1_63' title="bbox 247 2742 1100 2868">
     <span class='ocr_line' id='line_1_131' title="bbox 311 2742 1098 2771; baseline -0.003 -4"><span class='ocrx_word' id='word_1_666' title='bbox 311 2744 320 2757; x_wconf 78' lang='lat'>⁵</span> <span class='ocrx_word' id='word_1_667' title='bbox 338 2745 380 2767; x_wconf 85' lang='lat' dir='ltr'>Pro</span> <span class='ocrx_word' id='word_1_668' title='bbox 398 2745 429 2767; x_wconf 84' lang='lat' dir='ltr'>Et</span> <span class='ocrx_word' id='word_1_669' title='bbox 446 2745 484 2771; x_wconf 79' lang='lat' dir='ltr'>(ita</span> <span class='ocrx_word' id='word_1_670' title='bbox 503 2744 553 2766; x_wconf 73' lang='lat' dir='ltr'>cod.</span> <span class='ocrx_word' id='word_1_671' title='bbox 572 2744 589 2765; x_wconf 92' lang='lat' dir='ltr'>A</span> <span class='ocrx_word' id='word_1_672' title='bbox 608 2746 629 2765; x_wconf 87' lang='lat' dir='ltr'>et</span> <span class='ocrx_word' id='word_1_673' title='bbox 646 2743 682 2765; x_wconf 85' lang='lat' dir='ltr'>ed.</span> <span class='ocrx_word' id='word_1_674' title='bbox 705 2744 723 2771; x_wconf 82' lang='lat' dir='ltr'>l)</span> <span class='ocrx_word' id='word_1_675' title='bbox 745 2743 795 2765; x_wconf 80' lang='lat' dir='ltr'>Vut.</span> <span class='ocrx_word' id='word_1_676' title='bbox 813 2743 882 2765; x_wconf 77' lang='lat' dir='ltr'>hahet</span> <span class='ocrx_word' id='word_1_677' title='bbox 899 2742 951 2766; x_wconf 77' lang='lat' dir='ltr'>Sed.</span> <span class='ocrx_word' id='word_1_678' title='bbox 971 2743 1027 2765; x_wconf 83' lang='lat' dir='ltr'>lnsra</span> <span class='ocrx_word' id='word_1_679' title='bbox 1049 2743 1098 2765; x_wconf 79' lang='lat' dir='ltr'>loco</span> 
     </span>
     <span class='ocr_line' id='line_1_132' title="bbox 248 2774 1098 2805; baseline -0.002 -7"><span class='ocrx_word' id='word_1_680' title='bbox 248 2776 365 2805; x_wconf 76' lang='lat' dir='ltr'>dirumpit</span> <span class='ocrx_word' id='word_1_681' title='bbox 381 2776 473 2799; x_wconf 57' lang='lat' dir='ltr'>viscera.</span> <span class='ocrx_word' id='word_1_682' title='bbox 491 2777 507 2797; x_wconf 88' lang='lat' dir='ltr'>A</span> <span class='ocrx_word' id='word_1_683' title='bbox 527 2775 581 2802; x_wconf 78' lang='lat' dir='ltr'>legit</span> <span class='ocrx_word' id='word_1_684' title='bbox 597 2774 708 2803; x_wconf 63' lang='lat' dir='ltr'>discerpit</span> <span class='ocrx_word' id='word_1_685' title='bbox 727 2774 831 2802; x_wconf 61' lang='grc'><strong>11130010,-</strong></span> <span class='ocrx_word' id='word_1_686' title='bbox 848 2775 933 2797; x_wconf 82' lang='lat' dir='ltr'>deinde</span> <span class='ocrx_word' id='word_1_687' title='bbox 946 2780 999 2796; x_wconf 81' lang='lat' dir='ltr'>cum</span> <span class='ocrx_word' id='word_1_688' title='bbox 1016 2775 1068 2797; x_wconf 85' lang='lat' dir='ltr'>cod.</span> <span class='ocrx_word' id='word_1_689' title='bbox 1079 2775 1098 2797; x_wconf 88' lang='lat' dir='ltr'>A</span> 
     </span>
     <span class='ocr_line' id='line_1_133' title="bbox 249 2805 1100 2835; baseline -0.001 -6"><span class='ocrx_word' id='word_1_690' title='bbox 249 2808 370 2835; x_wconf 73' lang='lat' dir='ltr'>posuimus</span> <span class='ocrx_word' id='word_1_691' title='bbox 387 2806 513 2830; x_wconf 75' lang='lat' dir='ltr'>clamitans</span> <span class='ocrx_word' id='word_1_692' title='bbox 533 2807 571 2833; x_wconf 80' lang='lat' dir='ltr'>(ita</span> <span class='ocrx_word' id='word_1_693' title='bbox 583 2807 652 2828; x_wconf 78' lang='lat' dir='ltr'>etiam</span> <span class='ocrx_word' id='word_1_694' title='bbox 665 2806 702 2827; x_wconf 84' lang='lat' dir='ltr'>ed.</span> <span class='ocrx_word' id='word_1_695' title='bbox 719 2806 737 2833; x_wconf 84' lang='lat' dir='ltr'>l)</span> <span class='ocrx_word' id='word_1_696' title='bbox 752 2812 793 2833; x_wconf 85' lang='lat' dir='ltr'>pro</span> <span class='ocrx_word' id='word_1_697' title='bbox 806 2805 925 2833; x_wconf 74' lang='lat' dir='ltr'>clamitat,</span> <span class='ocrx_word' id='word_1_698' title='bbox 938 2809 959 2828; x_wconf 85' lang='lat' dir='ltr'>et</span> <span class='ocrx_word' id='word_1_699' title='bbox 971 2805 1022 2833; x_wconf 77' lang='lat' dir='ltr'>Sic,</span> <span class='ocrx_word' id='word_1_700' title='bbox 1036 2805 1100 2835; x_wconf 79' lang='lat' dir='ltr'>quod</span> 
     </span>
     <span class='ocr_line' id='line_1_134' title="bbox 247 2836 791 2868; baseline -0.004 -7"><span class='ocrx_word' id='word_1_701' title='bbox 247 2838 335 2861; x_wconf 69' lang='lat' dir='ltr'>sensim</span> <span class='ocrx_word' id='word_1_702' title='bbox 357 2838 432 2868; x_wconf 73' lang='lat' dir='ltr'>deficit</span> <span class='ocrx_word' id='word_1_703' title='bbox 450 2839 499 2860; x_wconf 73' lang='lat' dir='ltr'>loco</span> <span class='ocrx_word' id='word_1_704' title='bbox 517 2837 602 2867; x_wconf 60' lang='grc' dir='ltr'>δίο-(μισ</span> <span class='ocrx_word' id='word_1_705' title='bbox 619 2844 689 2860; x_wconf 76' lang='lat' dir='ltr'>sensu</span> <span class='ocrx_word' id='word_1_706' title='bbox 708 2836 791 2867; x_wconf 72' lang='lat' dir='ltr'>delicit.</span> 
     </span>
    </p>

    <p class='ocr_par' dir='ltr' id='par_1_64' title="bbox 250 2868 1097 2928">
     <span class='ocr_line' id='line_1_135' title="bbox 311 2868 1097 2899; baseline -0.001 -7"><span class='ocrx_word' id='word_1_707' title='bbox 311 2869 320 2882; x_wconf 62' lang='grc' dir='ltr'>ὃ</span> <span class='ocrx_word' id='word_1_708' title='bbox 339 2870 391 2892; x_wconf 72' lang='lat' dir='ltr'>Vnt.</span> <span class='ocrx_word' id='word_1_709' title='bbox 408 2871 521 2899; x_wconf 63' lang='lat' dir='ltr'>quassato</span> <span class='ocrx_word' id='word_1_710' title='bbox 540 2874 631 2898; x_wconf 57' lang='lat' dir='ltr'>organo</span> <span class='ocrx_word' id='word_1_711' title='bbox 650 2872 728 2891; x_wconf 81' lang='lat' dir='ltr'>contra</span> <span class='ocrx_word' id='word_1_712' title='bbox 747 2869 798 2891; x_wconf 83' lang='lat' dir='ltr'>cod.</span> <span class='ocrx_word' id='word_1_713' title='bbox 816 2869 834 2890; x_wconf 93' lang='lat' dir='ltr'>A</span> <span class='ocrx_word' id='word_1_714' title='bbox 852 2872 874 2891; x_wconf 83' lang='lat' dir='ltr'>et</span> <span class='ocrx_word' id='word_1_715' title='bbox 891 2869 927 2891; x_wconf 84' lang='lat' dir='ltr'>ed.</span> <span class='ocrx_word' id='word_1_716' title='bbox 950 2869 967 2895; x_wconf 96' lang='lat' dir='ltr'>l,</span> <span class='ocrx_word' id='word_1_717' title='bbox 980 2871 1000 2891; x_wconf 82' lang='lat' dir='ltr'>et</span> <span class='ocrx_word' id='word_1_718' title='bbox 1012 2868 1097 2891; x_wconf 83' lang='lat' dir='ltr'>deinde</span> 
     </span>
     <span class='ocr_line' id='line_1_136' title="bbox 250 2900 750 2928; baseline 0 -6"><span class='ocrx_word' id='word_1_719' title='bbox 250 2900 319 2923; x_wconf 81' lang='lat' dir='ltr'>nabet</span> <span class='ocrx_word' id='word_1_720' title='bbox 336 2902 415 2924; x_wconf 77' lang='lat' dir='ltr'>tumen</span> <span class='ocrx_word' id='word_1_721' title='bbox 433 2907 476 2928; x_wconf 86' lang='lat' dir='ltr'>pro</span> <span class='ocrx_word' id='word_1_722' title='bbox 494 2902 588 2923; x_wconf 76' lang='lat' dir='ltr'>tantum</span> <span class='ocrx_word' id='word_1_723' title='bbox 607 2901 645 2928; x_wconf 78' lang='lat' dir='ltr'>(ita</span> <span class='ocrx_word' id='word_1_724' title='bbox 663 2900 699 2922; x_wconf 88' lang='lat' dir='ltr'>cd.</span> <span class='ocrx_word' id='word_1_725' title='bbox 723 2901 750 2928; x_wconf 86' lang='lat' dir='ltr'>l).</span> 
     </span>
    </p>

    <p class='ocr_par' dir='ltr' id='par_1_65' title="bbox 312 2931 629 2959">
     <span class='ocr_line' id='line_1_137' title="bbox 312 2931 629 2959; baseline 0 -5"><span class='ocrx_word' id='word_1_726' title='bbox 312 2931 320 2944; x_wconf 93' lang='lat'>⁷</span> <span class='ocrx_word' id='word_1_727' title='bbox 338 2932 393 2955; x_wconf 76' lang='lat' dir='ltr'>Coa.</span> <span class='ocrx_word' id='word_1_728' title='bbox 413 2933 430 2954; x_wconf 80' lang='lat' dir='ltr'>A</span> <span class='ocrx_word' id='word_1_729' title='bbox 448 2932 502 2959; x_wconf 73' lang='lat' dir='ltr'>legit</span> <span class='ocrx_word' id='word_1_730' title='bbox 521 2932 629 2954; x_wconf 76' lang='lat' dir='ltr'>Cautum.</span> 
     </span>
    </p>

    <p class='ocr_par' dir='ltr' id='par_1_66' title="bbox 247 2962 1096 3055">
     <span class='ocr_line' id='line_1_138' title="bbox 311 2962 1096 2991; baseline 0 -6"><span class='ocrx_word' id='word_1_731' title='bbox 311 2962 320 2975; x_wconf 68' lang='lat'><strong>⁸</strong></span> <span class='ocrx_word' id='word_1_732' title='bbox 338 2964 367 2985; x_wconf 85' lang='lat' dir='ltr'>lta</span> <span class='ocrx_word' id='word_1_733' title='bbox 386 2964 437 2985; x_wconf 83' lang='lat' dir='ltr'>cod.</span> <span class='ocrx_word' id='word_1_734' title='bbox 456 2965 472 2985; x_wconf 90' lang='grc' dir='ltr'>Α</span> <span class='ocrx_word' id='word_1_735' title='bbox 491 2966 513 2985; x_wconf 72' lang='lat' dir='ltr'>et</span> <span class='ocrx_word' id='word_1_736' title='bbox 529 2963 566 2985; x_wconf 85' lang='lat' dir='ltr'>ed.</span> <span class='ocrx_word' id='word_1_737' title='bbox 589 2964 593 2984; x_wconf 85' lang='lat' dir='ltr'>l</span> <span class='ocrx_word' id='word_1_738' title='bbox 607 2980 612 2989; x_wconf 83' lang='lat'>,</span> <span class='ocrx_word' id='word_1_739' title='bbox 630 2969 657 2985; x_wconf 80' lang='lat' dir='ltr'>ex</span> <span class='ocrx_word' id='word_1_740' title='bbox 674 2962 760 2991; x_wconf 83' lang='lat' dir='ltr'>quibus</span> <span class='ocrx_word' id='word_1_741' title='bbox 777 2963 846 2984; x_wconf 86' lang='lat' dir='ltr'>ctiam</span> <span class='ocrx_word' id='word_1_742' title='bbox 863 2962 958 2985; x_wconf 72' lang='lat' dir='ltr'>interius</span> <span class='ocrx_word' id='word_1_743' title='bbox 975 2963 1096 2991; x_wconf 83' lang='lat' dir='ltr'>posuimus</span> 
     </span>
     <span class='ocr_line' id='line_1_139' title="bbox 247 2993 1096 3023; baseline 0 -6"><span class='ocrx_word' id='word_1_744' title='bbox 247 2994 312 3017; x_wconf 81' lang='lat' dir='ltr'>Satis</span> <span class='ocrx_word' id='word_1_745' title='bbox 330 2994 501 3023; x_wconf 67' lang='lat' dir='ltr'>favorabilem,</span> <span class='ocrx_word' id='word_1_746' title='bbox 520 2994 570 3016; x_wconf 80' lang='lat' dir='ltr'>Vat.</span> <span class='ocrx_word' id='word_1_747' title='bbox 594 2994 663 3016; x_wconf 78' lang='lat' dir='ltr'>habet</span> <span class='ocrx_word' id='word_1_748' title='bbox 680 2993 785 3023; x_wconf 58' lang='lat' dir='ltr'>intelligo</span> <span class='ocrx_word' id='word_1_749' title='bbox 809 2997 831 3016; x_wconf 84' lang='lat' dir='ltr'>et</span> <span class='ocrx_word' id='word_1_750' title='bbox 847 2994 911 3017; x_wconf 77' lang='lat' dir='ltr'>Salis</span> <span class='ocrx_word' id='word_1_751' title='bbox 931 2993 1096 3017; x_wconf 73' lang='lat' dir='ltr'>delectabilem.</span> 
     </span>
     <span class='ocr_line' id='line_1_140' title="bbox 248 3025 943 3055; baseline 0.001 -8"><span class='ocrx_word' id='word_1_752' title='bbox 248 3026 290 3048; x_wconf 77' lang='lat' dir='ltr'>l‘ro</span> <span class='ocrx_word' id='word_1_753' title='bbox 308 3027 383 3048; x_wconf 72' lang='lat' dir='ltr'>niente</span> <span class='ocrx_word' id='word_1_754' title='bbox 396 3027 514 3055; x_wconf 55' lang='lat' dir='ltr'>perflarat</span> <span class='ocrx_word' id='word_1_755' title='bbox 535 3026 571 3047; x_wconf 82' lang='lat' dir='ltr'>ed.</span> <span class='ocrx_word' id='word_1_756' title='bbox 594 3026 598 3047; x_wconf 92' lang='lat' dir='ltr'>l</span> <span class='ocrx_word' id='word_1_757' title='bbox 621 3025 739 3048; x_wconf 81' lang='lat' dir='ltr'>substituit</span> <span class='ocrx_word' id='word_1_758' title='bbox 756 3026 832 3048; x_wconf 74' lang='lat' dir='ltr'>mente</span> <span class='ocrx_word' id='word_1_759' title='bbox 850 3025 943 3055; x_wconf 73' lang='lat' dir='ltr'>coyttat.</span> 
     </span>
    </p>
   </div>
   <div class='ocr_carea' id='block_1_26' title="bbox 952 2428 1101 2451">
    <p class='ocr_par' dir='ltr' id='par_1_67' title="bbox 952 2428 1101 2451">
     <span class='ocr_line' id='line_1_141' title="bbox 952 2428 1101 2451; baseline 0 0"><span class='ocrx_word' id='word_1_760' title='bbox 952 2429 1004 2451; x_wconf 81' lang='lat' dir='ltr'>Vat.</span> <span class='ocrx_word' id='word_1_761' title='bbox 1032 2428 1101 2451; x_wconf 84' lang='lat' dir='ltr'>habet</span> 
     </span>
    </p>
   </div>
   <div class='ocr_carea' id='block_1_27' title="bbox 1124 2380 1132 3039">
    <p class='ocr_par' dir='ltr' id='par_1_68' title="bbox 1124 2380 1132 3039">
     <span class='ocr_line' id='line_1_142' title="bbox 1124 2380 1132 3039; baseline 0 0"><span class='ocrx_word' id='word_1_762' title='bbox 1124 2380 1132 3039; x_wconf 95' lang='lat' dir='ltr'> </span> 
     </span>
    </p>
   </div>
   <div class='ocr_carea' id='block_1_28' title="bbox 1156 2333 2009 3054">
    <p class='ocr_par' dir='ltr' id='par_1_69' title="bbox 1159 2333 2009 2393">
     <span class='ocr_line' id='line_1_143' title="bbox 1222 2333 2009 2362; baseline 0 -6"><span class='ocrx_word' id='word_1_763' title='bbox 1222 2333 1231 2346; x_wconf 77' lang='lat'>⁹</span> <span class='ocrx_word' id='word_1_764' title='bbox 1242 2335 1283 2356; x_wconf 77' lang='lat' dir='ltr'>Pro</span> <span class='ocrx_word' id='word_1_765' title='bbox 1298 2334 1373 2357; x_wconf 81' lang='lat' dir='ltr'>Adam</span> <span class='ocrx_word' id='word_1_766' title='bbox 1386 2338 1408 2356; x_wconf 72' lang='lat' dir='ltr'>et</span> <span class='ocrx_word' id='word_1_767' title='bbox 1418 2333 1525 2357; x_wconf 63' lang='lat' dir='ltr'>Christus</span> <span class='ocrx_word' id='word_1_768' title='bbox 1538 2334 1576 2361; x_wconf 78' lang='lat' dir='ltr'>(itu</span> <span class='ocrx_word' id='word_1_769' title='bbox 1590 2334 1626 2356; x_wconf 77' lang='lat' dir='ltr'>ed.</span> <span class='ocrx_word' id='word_1_770' title='bbox 1644 2334 1662 2362; x_wconf 91' lang='lat' dir='ltr'>l)</span> <span class='ocrx_word' id='word_1_771' title='bbox 1677 2334 1728 2356; x_wconf 77' lang='lat' dir='ltr'>Vat.</span> <span class='ocrx_word' id='word_1_772' title='bbox 1738 2333 1806 2356; x_wconf 75' lang='lat' dir='ltr'>habet</span> <span class='ocrx_word' id='word_1_773' title='bbox 1816 2333 1884 2357; x_wconf 72' lang='grc'><strong>1101110</strong></span> <span class='ocrx_word' id='word_1_774' title='bbox 1896 2336 1918 2356; x_wconf 85' lang='lat' dir='ltr'>et</span> <span class='ocrx_word' id='word_1_775' title='bbox 1932 2333 2009 2362; x_wconf 74' lang='lat' dir='ltr'>Deus,-</span> 
     </span>
     <span class='ocr_line' id='line_1_144' title="bbox 1159 2365 1975 2393; baseline -0.001 -5"><span class='ocrx_word' id='word_1_776' title='bbox 1159 2367 1229 2393; x_wconf 83' lang='lat' dir='ltr'>paulo</span> <span class='ocrx_word' id='word_1_777' title='bbox 1247 2366 1340 2388; x_wconf 73' lang='lat' dir='ltr'>iuferius</span> <span class='ocrx_word' id='word_1_778' title='bbox 1358 2366 1408 2388; x_wconf 85' lang='lat' dir='ltr'>loco</span> <span class='ocrx_word' id='word_1_779' title='bbox 1425 2365 1465 2388; x_wconf 74' lang='lat' dir='ltr'>sui</span> <span class='ocrx_word' id='word_1_780' title='bbox 1480 2365 1598 2388; x_wconf 72' lang='lat' dir='ltr'>incolatus</span> <span class='ocrx_word' id='word_1_781' title='bbox 1616 2365 1652 2387; x_wconf 80' lang='lat' dir='ltr'>ed.</span> <span class='ocrx_word' id='word_1_782' title='bbox 1675 2366 1678 2386; x_wconf 97' lang='grc' dir='ltr'>Ι</span> <span class='ocrx_word' id='word_1_783' title='bbox 1702 2365 1771 2387; x_wconf 80' lang='lat' dir='ltr'>habet</span> <span class='ocrx_word' id='word_1_784' title='bbox 1788 2365 1836 2388; x_wconf 76' lang='lat' dir='ltr'>eins</span> <span class='ocrx_word' id='word_1_785' title='bbox 1850 2365 1975 2388; x_wconf 79' lang='lat' dir='ltr'>incolatus.</span> 
     </span>
    </p>

    <p class='ocr_par' dir='ltr' id='par_1_70' title="bbox 1158 2396 2009 2489">
     <span class='ocr_line' id='line_1_145' title="bbox 1223 2396 2009 2426; baseline 0 -7"><span class='ocrx_word' id='word_1_786' title='bbox 1223 2396 1242 2409; x_wconf 86' lang='lat'>¹⁰</span> <span class='ocrx_word' id='word_1_787' title='bbox 1260 2398 1325 2420; x_wconf 87' lang='lat' dir='ltr'>lluuc</span> <span class='ocrx_word' id='word_1_788' title='bbox 1343 2403 1436 2419; x_wconf 75' lang='lat' dir='ltr'>versum</span> <span class='ocrx_word' id='word_1_789' title='bbox 1454 2397 1491 2419; x_wconf 70' lang='lat' dir='ltr'>erl.</span> <span class='ocrx_word' id='word_1_790' title='bbox 1513 2398 1517 2418; x_wconf 99' lang='grc'>1</span> <span class='ocrx_word' id='word_1_791' title='bbox 1541 2397 1569 2419; x_wconf 81' lang='lat' dir='ltr'>itu</span> <span class='ocrx_word' id='word_1_792' title='bbox 1588 2397 1654 2425; x_wconf 74' lang='lat' dir='ltr'>legit:</span> <span class='ocrx_word' id='word_1_793' title='bbox 1673 2396 1816 2426; x_wconf 54' lang='lat' dir='ltr'>Flammam-i,</span> <span class='ocrx_word' id='word_1_794' title='bbox 1837 2396 1943 2426; x_wconf 76' lang='lat' dir='ltr'>conspui,</span> <span class='ocrx_word' id='word_1_795' title='bbox 1963 2396 2009 2426; x_wconf 84' lang='lat' dir='ltr'>spi-</span> 
     </span>
     <span class='ocr_line' id='line_1_146' title="bbox 1158 2428 2007 2457; baseline -0.001 -6"><span class='ocrx_word' id='word_1_796' title='bbox 1158 2428 1195 2451; x_wconf 72' lang='lat' dir='ltr'>nis</span> <span class='ocrx_word' id='word_1_797' title='bbox 1213 2428 1338 2453; x_wconf 77' lang='lat' dir='ltr'>coronari.</span> <span class='ocrx_word' id='word_1_798' title='bbox 1359 2435 1419 2457; x_wconf 81' lang='lat' dir='ltr'>quae</span> <span class='ocrx_word' id='word_1_799' title='bbox 1436 2429 1504 2450; x_wconf 77' lang='lat' dir='ltr'>etiam</span> <span class='ocrx_word' id='word_1_800' title='bbox 1524 2431 1575 2456; x_wconf 81' lang='lat' dir='ltr'>post</span> <span class='ocrx_word' id='word_1_801' title='bbox 1592 2428 1710 2451; x_wconf 73' lang='lat' dir='ltr'>terebrari</span> <span class='ocrx_word' id='word_1_802' title='bbox 1731 2428 1847 2450; x_wconf 80' lang='lat' dir='ltr'>continuat</span> <span class='ocrx_word' id='word_1_803' title='bbox 1859 2429 1935 2457; x_wconf 77' lang='lat' dir='ltr'>Atque</span> <span class='ocrx_word' id='word_1_804' title='bbox 1952 2434 2007 2451; x_wconf 81' lang='lat' dir='ltr'>cam</span> 
     </span>
     <span class='ocr_line' id='line_1_147' title="bbox 1159 2459 1836 2489; baseline -0.003 -6"><span class='ocrx_word' id='word_1_805' title='bbox 1159 2460 1293 2483; x_wconf 71' lang='lat' dir='ltr'>latronibus</span> <span class='ocrx_word' id='word_1_806' title='bbox 1310 2462 1377 2483; x_wconf 65' lang='lat' dir='ltr'>stam</span> <span class='ocrx_word' id='word_1_807' title='bbox 1394 2459 1447 2489; x_wconf 74' lang='lat' dir='ltr'>felle</span> <span class='ocrx_word' id='word_1_808' title='bbox 1464 2459 1550 2489; x_wconf 78' lang='lat' dir='ltr'>potari.</span> <span class='ocrx_word' id='word_1_809' title='bbox 1569 2459 1611 2482; x_wconf 66' lang='lat' dir='ltr'>Est</span> <span class='ocrx_word' id='word_1_810' title='bbox 1628 2465 1705 2487; x_wconf 78' lang='lat' dir='ltr'>nona,</span> <span class='ocrx_word' id='word_1_811' title='bbox 1723 2465 1777 2482; x_wconf 78' lang='lat' dir='ltr'>cam</span> <span class='ocrx_word' id='word_1_812' title='bbox 1795 2463 1836 2482; x_wconf 82' lang='lat' dir='ltr'>etc.</span> 
     </span>
    </p>

    <p class='ocr_par' dir='ltr' id='par_1_71' title="bbox 1158 2490 2006 2552">
     <span class='ocr_line' id='line_1_148' title="bbox 1222 2490 2006 2519; baseline 0 -5"><span class='ocrx_word' id='word_1_813' title='bbox 1222 2491 1240 2504; x_wconf 79' lang='lat'>¹²</span> <span class='ocrx_word' id='word_1_814' title='bbox 1261 2493 1302 2514; x_wconf 76' lang='lat' dir='ltr'>Pro</span> <span class='ocrx_word' id='word_1_815' title='bbox 1320 2491 1434 2519; x_wconf 70' lang='lat' dir='ltr'>zabalus,</span> <span class='ocrx_word' id='word_1_816' title='bbox 1454 2493 1476 2514; x_wconf 72' lang='lat' dir='ltr'>et</span> <span class='ocrx_word' id='word_1_817' title='bbox 1492 2491 1547 2514; x_wconf 72' lang='lat' dir='ltr'>hinc</span> <span class='ocrx_word' id='word_1_818' title='bbox 1571 2490 1728 2514; x_wconf 77' lang='lat' dir='ltr'>couturlmlas</span> <span class='ocrx_word' id='word_1_819' title='bbox 1751 2491 1788 2513; x_wconf 82' lang='lat' dir='ltr'>ed.</span> <span class='ocrx_word' id='word_1_820' title='bbox 1809 2491 1814 2513; x_wconf 90' lang='lat' dir='ltr'>l</span> <span class='ocrx_word' id='word_1_821' title='bbox 1836 2490 1955 2513; x_wconf 82' lang='lat' dir='ltr'>substituit</span> <span class='ocrx_word' id='word_1_822' title='bbox 1970 2496 2006 2514; x_wconf 82' lang='lat' dir='ltr'>sa-</span> 
     </span>
     <span class='ocr_line' id='line_1_149' title="bbox 1158 2523 1497 2552; baseline -0.006 -6"><span class='ocrx_word' id='word_1_823' title='bbox 1158 2525 1241 2551; x_wconf 76' lang='lat' dir='ltr'>tanas,</span> <span class='ocrx_word' id='word_1_824' title='bbox 1261 2524 1283 2545; x_wconf 78' lang='lat' dir='ltr'>et</span> <span class='ocrx_word' id='word_1_825' title='bbox 1299 2523 1353 2546; x_wconf 74' lang='lat' dir='ltr'>hinc</span> <span class='ocrx_word' id='word_1_826' title='bbox 1370 2523 1497 2552; x_wconf 70' lang='lat' dir='ltr'>esfuyatns.</span> 
     </span>
    </p>

    <p class='ocr_par' dir='ltr' id='par_1_72' title="bbox 1157 2553 2009 2647">
     <span class='ocr_line' id='line_1_150' title="bbox 1222 2553 2009 2582; baseline -0.003 -5"><span class='ocrx_word' id='word_1_827' title='bbox 1222 2554 1241 2568; x_wconf 74' lang='lat'>¹²</span> <span class='ocrx_word' id='word_1_828' title='bbox 1258 2555 1299 2577; x_wconf 85' lang='lat' dir='ltr'>Ed.</span> <span class='ocrx_word' id='word_1_829' title='bbox 1319 2555 1325 2576; x_wconf 77' lang='lat' dir='ltr'>t</span> <span class='ocrx_word' id='word_1_830' title='bbox 1348 2560 1513 2581; x_wconf 70' lang='lat' dir='ltr'>conwnorans,</span> <span class='ocrx_word' id='word_1_831' title='bbox 1526 2560 1586 2582; x_wconf 79' lang='lat' dir='ltr'>quae</span> <span class='ocrx_word' id='word_1_832' title='bbox 1600 2554 1668 2576; x_wconf 83' lang='lat' dir='ltr'>etiarn</span> <span class='ocrx_word' id='word_1_833' title='bbox 1682 2554 1704 2575; x_wconf 85' lang='lat' dir='ltr'>in</span> <span class='ocrx_word' id='word_1_834' title='bbox 1719 2560 1768 2582; x_wconf 80' lang='lat' dir='ltr'>seq.</span> <span class='ocrx_word' id='word_1_835' title='bbox 1780 2555 1873 2582; x_wconf 82' lang='lat' dir='ltr'>stropha</span> <span class='ocrx_word' id='word_1_836' title='bbox 1886 2553 1950 2580; x_wconf 84' lang='lat' dir='ltr'>ponit</span> <span class='ocrx_word' id='word_1_837' title='bbox 1961 2553 2009 2577; x_wconf 86' lang='lat' dir='ltr'>Sic-</span> 
     </span>
     <span class='ocr_line' id='line_1_151' title="bbox 1158 2584 2007 2616; baseline -0.002 -7"><span class='ocrx_word' id='word_1_838' title='bbox 1158 2592 1202 2616; x_wconf 79' lang='lat' dir='ltr'>que</span> <span class='ocrx_word' id='word_1_839' title='bbox 1219 2585 1297 2609; x_wconf 72' lang='lat' dir='ltr'>coritis</span> <span class='ocrx_word' id='word_1_840' title='bbox 1315 2592 1435 2615; x_wconf 71' lang='lat' dir='ltr'>orgyaaum.</span> <span class='ocrx_word' id='word_1_841' title='bbox 1454 2592 1495 2613; x_wconf 82' lang='lat' dir='ltr'>pro</span> <span class='ocrx_word' id='word_1_842' title='bbox 1513 2585 1599 2608; x_wconf 77' lang='lat' dir='ltr'>Statim</span> <span class='ocrx_word' id='word_1_843' title='bbox 1617 2585 1695 2608; x_wconf 79' lang='lat' dir='ltr'>cordis</span> <span class='ocrx_word' id='word_1_844' title='bbox 1713 2591 1819 2614; x_wconf 62' lang='lat' dir='ltr'>organa,</span> <span class='ocrx_word' id='word_1_845' title='bbox 1836 2587 1858 2607; x_wconf 90' lang='lat' dir='ltr'>et</span> <span class='ocrx_word' id='word_1_846' title='bbox 1875 2585 1960 2607; x_wconf 85' lang='lat' dir='ltr'>deinde</span> <span class='ocrx_word' id='word_1_847' title='bbox 1971 2584 2007 2613; x_wconf 84' lang='lat' dir='ltr'>Ei,</span> 
     </span>
     <span class='ocr_line' id='line_1_152' title="bbox 1157 2617 1457 2647; baseline -0.003 -7"><span class='ocrx_word' id='word_1_848' title='bbox 1157 2624 1231 2647; x_wconf 68' lang='lat' dir='ltr'>(sitam</span> <span class='ocrx_word' id='word_1_849' title='bbox 1249 2624 1291 2645; x_wconf 85' lang='lat' dir='ltr'>pro</span> <span class='ocrx_word' id='word_1_850' title='bbox 1309 2617 1360 2640; x_wconf 77' lang='lat' dir='ltr'>Sibi</span> <span class='ocrx_word' id='word_1_851' title='bbox 1377 2623 1457 2646; x_wconf 78' lang='lat' dir='ltr'>quam.</span> 
     </span>
    </p>

    <p class='ocr_par' dir='ltr' id='par_1_73' title="bbox 1221 2648 1461 2672">
     <span class='ocr_line' id='line_1_153' title="bbox 1221 2648 1461 2672; baseline -0.004 -1"><span class='ocrx_word' id='word_1_852' title='bbox 1221 2648 1240 2661; x_wconf 74' lang='lat'>¹³</span> <span class='ocrx_word' id='word_1_853' title='bbox 1258 2649 1298 2671; x_wconf 84' lang='lat' dir='ltr'>Ed.</span> <span class='ocrx_word' id='word_1_854' title='bbox 1318 2649 1325 2670; x_wconf 88' lang='lat' dir='ltr'>l</span> <span class='ocrx_word' id='word_1_855' title='bbox 1348 2648 1461 2672; x_wconf 71' lang='lat' dir='ltr'>Clemens.</span> 
     </span>
    </p>

    <p class='ocr_par' dir='ltr' id='par_1_74' title="bbox 1158 2678 2008 2740">
     <span class='ocr_line' id='line_1_154' title="bbox 1222 2678 2008 2707; baseline -0.001 -5"><span class='ocrx_word' id='word_1_856' title='bbox 1222 2680 1240 2693; x_wconf 57' lang='lat'>¹⁵¹</span> <span class='ocrx_word' id='word_1_857' title='bbox 1259 2681 1300 2702; x_wconf 78' lang='lat' dir='ltr'>Pro</span> <span class='ocrx_word' id='word_1_858' title='bbox 1318 2686 1414 2703; x_wconf 73' lang='lat' dir='ltr'>samma</span> <span class='ocrx_word' id='word_1_859' title='bbox 1432 2679 1521 2703; x_wconf 75' lang='lat' dir='ltr'>caritas</span> <span class='ocrx_word' id='word_1_860' title='bbox 1533 2680 1570 2701; x_wconf 86' lang='lat' dir='ltr'>ed.</span> <span class='ocrx_word' id='word_1_861' title='bbox 1588 2681 1592 2700; x_wconf 87' lang='lat' dir='ltr'>l</span> <span class='ocrx_word' id='word_1_862' title='bbox 1609 2679 1678 2701; x_wconf 81' lang='lat' dir='ltr'>habet</span> <span class='ocrx_word' id='word_1_863' title='bbox 1694 2685 1790 2702; x_wconf 75' lang='lat' dir='ltr'>samma</span> <span class='ocrx_word' id='word_1_864' title='bbox 1805 2678 1910 2707; x_wconf 75' lang='lat' dir='ltr'>bonitas,</span> <span class='ocrx_word' id='word_1_865' title='bbox 1923 2685 1950 2702; x_wconf 83' lang='lat' dir='ltr'>ex</span> <span class='ocrx_word' id='word_1_866' title='bbox 1962 2684 2008 2707; x_wconf 83' lang='lat' dir='ltr'>qua</span> 
     </span>
     <span class='ocr_line' id='line_1_155' title="bbox 1158 2710 1737 2740; baseline -0.003 -6"><span class='ocrx_word' id='word_1_867' title='bbox 1158 2712 1226 2735; x_wconf 80' lang='lat' dir='ltr'>etiam</span> <span class='ocrx_word' id='word_1_868' title='bbox 1245 2718 1315 2739; x_wconf 85' lang='lat' dir='ltr'>supra</span> <span class='ocrx_word' id='word_1_869' title='bbox 1334 2712 1456 2739; x_wconf 83' lang='lat' dir='ltr'>posuimus</span> <span class='ocrx_word' id='word_1_870' title='bbox 1473 2711 1571 2740; x_wconf 58' lang='lat' dir='ltr'>spissam</span> <span class='ocrx_word' id='word_1_871' title='bbox 1590 2717 1631 2739; x_wconf 85' lang='lat' dir='ltr'>pro</span> <span class='ocrx_word' id='word_1_872' title='bbox 1648 2710 1737 2740; x_wconf 65' lang='lat' dir='ltr'>sitisset.</span> 
     </span>
    </p>

    <p class='ocr_par' dir='ltr' id='par_1_75' title="bbox 1158 2741 2007 2834">
     <span class='ocr_line' id='line_1_156' title="bbox 1221 2741 2007 2771; baseline -0.004 -5"><span class='ocrx_word' id='word_1_873' title='bbox 1221 2742 1240 2756; x_wconf 82' lang='lat'>²⁵</span> <span class='ocrx_word' id='word_1_874' title='bbox 1258 2745 1288 2766; x_wconf 79' lang='lat' dir='ltr'>ltu</span> <span class='ocrx_word' id='word_1_875' title='bbox 1307 2744 1343 2765; x_wconf 86' lang='lat' dir='ltr'>ed.</span> <span class='ocrx_word' id='word_1_876' title='bbox 1362 2745 1383 2770; x_wconf 86' lang='lat' dir='ltr'>t,</span> <span class='ocrx_word' id='word_1_877' title='bbox 1398 2743 1447 2765; x_wconf 70' lang='lat' dir='ltr'>Vnt.</span> <span class='ocrx_word' id='word_1_878' title='bbox 1465 2743 1520 2770; x_wconf 79' lang='lat' dir='ltr'>legit</span> <span class='ocrx_word' id='word_1_879' title='bbox 1537 2742 1703 2771; x_wconf 49' lang='lat' dir='ltr'>disposueras,</span> <span class='ocrx_word' id='word_1_880' title='bbox 1721 2742 1745 2764; x_wconf 80' lang='lat' dir='ltr'>ln</span> <span class='ocrx_word' id='word_1_881' title='bbox 1757 2741 1782 2764; x_wconf 76' lang='lat' dir='ltr'>isl</span> <span class='ocrx_word' id='word_1_882' title='bbox 1795 2741 1910 2764; x_wconf 78' lang='lat' dir='ltr'>adunare.</span> <span class='ocrx_word' id='word_1_883' title='bbox 1927 2742 1949 2763; x_wconf 89' lang='lat' dir='ltr'>ln</span> <span class='ocrx_word' id='word_1_884' title='bbox 1961 2741 2007 2763; x_wconf 83' lang='lat' dir='ltr'>fine</span> 
     </span>
     <span class='ocr_line' id='line_1_157' title="bbox 1158 2772 2007 2802; baseline -0.004 -5"><span class='ocrx_word' id='word_1_885' title='bbox 1158 2775 1227 2797; x_wconf 75' lang='lat' dir='ltr'>liuius</span> <span class='ocrx_word' id='word_1_886' title='bbox 1251 2776 1360 2802; x_wconf 78' lang='lat' dir='ltr'>strophae</span> <span class='ocrx_word' id='word_1_887' title='bbox 1382 2775 1459 2797; x_wconf 75' lang='lat' dir='ltr'>adhuc</span> <span class='ocrx_word' id='word_1_888' title='bbox 1484 2780 1537 2796; x_wconf 80' lang='lat' dir='ltr'>cum</span> <span class='ocrx_word' id='word_1_889' title='bbox 1564 2774 1599 2796; x_wconf 85' lang='lat' dir='ltr'>ed.</span> <span class='ocrx_word' id='word_1_890' title='bbox 1631 2775 1634 2795; x_wconf 95' lang='grc' dir='ltr'>Ι</span> <span class='ocrx_word' id='word_1_891' title='bbox 1660 2774 1828 2801; x_wconf 81' lang='lat' dir='ltr'>supposuimus</span> <span class='ocrx_word' id='word_1_892' title='bbox 1844 2772 1939 2796; x_wconf 82' lang='lat' dir='ltr'>Possim</span> <span class='ocrx_word' id='word_1_893' title='bbox 1955 2773 2007 2795; x_wconf 79' lang='lat' dir='ltr'>vice</span> 
     </span>
     <span class='ocr_line' id='line_1_158' title="bbox 1159 2806 1456 2834; baseline -0.007 -5"><span class='ocrx_word' id='word_1_894' title='bbox 1159 2807 1272 2834; x_wconf 78' lang='lat' dir='ltr'>Possum,</span> <span class='ocrx_word' id='word_1_895' title='bbox 1291 2809 1313 2828; x_wconf 85' lang='lat' dir='ltr'>ut</span> <span class='ocrx_word' id='word_1_896' title='bbox 1331 2806 1387 2833; x_wconf 78' lang='lat' dir='ltr'>legit</span> <span class='ocrx_word' id='word_1_897' title='bbox 1405 2806 1456 2828; x_wconf 70' lang='lat' dir='ltr'>Vas.</span> 
     </span>
    </p>

    <p class='ocr_par' dir='ltr' id='par_1_76' title="bbox 1157 2835 2007 2892">
     <span class='ocr_line' id='line_1_159' title="bbox 1220 2835 2007 2866; baseline -0.003 -7"><span class='ocrx_word' id='word_1_898' title='bbox 1220 2836 1240 2850; x_wconf 69' lang='lat'>¹5</span> <span class='ocrx_word' id='word_1_899' title='bbox 1257 2838 1298 2859; x_wconf 71' lang='lat' dir='ltr'>Ed.</span> <span class='ocrx_word' id='word_1_900' title='bbox 1322 2838 1326 2858; x_wconf 92' lang='grc' dir='ltr'>Ι</span> <span class='ocrx_word' id='word_1_901' title='bbox 1349 2837 1418 2859; x_wconf 85' lang='lat' dir='ltr'>habet</span> <span class='ocrx_word' id='word_1_902' title='bbox 1439 2838 1563 2866; x_wconf 69' lang='lat' dir='ltr'>meumque</span> <span class='ocrx_word' id='word_1_903' title='bbox 1587 2836 1731 2865; x_wconf 71' lang='lat' dir='ltr'>depositam,</span> <span class='ocrx_word' id='word_1_904' title='bbox 1758 2835 1914 2858; x_wconf 73' lang='lat' dir='ltr'>interserendo</span> <span class='ocrx_word' id='word_1_905' title='bbox 1937 2836 2007 2865; x_wconf 78' lang='lat' dir='ltr'>pater</span> 
     </span>
     <span class='ocr_line' id='line_1_160' title="bbox 1157 2868 1388 2892; baseline -0.004 -1"><span class='ocrx_word' id='word_1_906' title='bbox 1157 2868 1236 2891; x_wconf 78' lang='lat' dir='ltr'>verbis</span> <span class='ocrx_word' id='word_1_907' title='bbox 1254 2868 1295 2891; x_wconf 73' lang='lat' dir='ltr'>libi</span> <span class='ocrx_word' id='word_1_908' title='bbox 1311 2868 1388 2892; x_wconf 72' lang='lat' dir='ltr'>credo.</span> 
     </span>
    </p>

    <p class='ocr_par' dir='ltr' id='par_1_77' title="bbox 1157 2897 2009 2954">
     <span class='ocr_line' id='line_1_161' title="bbox 1220 2897 2009 2928; baseline -0.003 -6"><span class='ocrx_word' id='word_1_909' title='bbox 1220 2899 1239 2912; x_wconf 87' lang='lat'>¹⁷</span> <span class='ocrx_word' id='word_1_910' title='bbox 1258 2900 1297 2922; x_wconf 84' lang='lat' dir='ltr'>Ed.</span> <span class='ocrx_word' id='word_1_911' title='bbox 1320 2901 1324 2922; x_wconf 93' lang='grc'>1</span> <span class='ocrx_word' id='word_1_912' title='bbox 1347 2900 1402 2928; x_wconf 82' lang='lat' dir='ltr'>legit</span> <span class='ocrx_word' id='word_1_913' title='bbox 1420 2902 1480 2922; x_wconf 82' lang='grc'><strong>1111110</strong></span> <span class='ocrx_word' id='word_1_914' title='bbox 1498 2900 1647 2922; x_wconf 62' lang='grc' dir='ltr'><strong>νει-5111111100</strong></span> <span class='ocrx_word' id='word_1_915' title='bbox 1660 2899 1743 2921; x_wconf 83' lang='lat' dir='ltr'>modo:</span> <span class='ocrx_word' id='word_1_916' title='bbox 1761 2898 1820 2922; x_wconf 81' lang='lat' dir='ltr'>Cam</span> <span class='ocrx_word' id='word_1_917' title='bbox 1832 2898 1859 2921; x_wconf 76' lang='lat' dir='ltr'>cle</span> <span class='ocrx_word' id='word_1_918' title='bbox 1872 2897 1923 2927; x_wconf 81' lang='lat' dir='ltr'>ipsa</span> <span class='ocrx_word' id='word_1_919' title='bbox 1934 2897 2009 2927; x_wconf 77' lang='lat' dir='ltr'>faerit</span> 
     </span>
     <span class='ocr_line' id='line_1_162' title="bbox 1157 2931 1363 2954; baseline -0.005 0"><span class='ocrx_word' id='word_1_920' title='bbox 1157 2931 1194 2954; x_wconf 81' lang='lat' dir='ltr'>illi</span> <span class='ocrx_word' id='word_1_921' title='bbox 1210 2933 1277 2954; x_wconf 76' lang='lat' dir='ltr'>tanta</span> <span class='ocrx_word' id='word_1_922' title='bbox 1295 2937 1363 2954; x_wconf 71' lang='lat' dir='ltr'>cnm.</span> 
     </span>
    </p>

    <p class='ocr_par' dir='ltr' id='par_1_78' title="bbox 1156 2960 2008 3054">
     <span class='ocr_line' id='line_1_163' title="bbox 1221 2960 2008 2992; baseline -0.003 -7"><span class='ocrx_word' id='word_1_923' title='bbox 1221 2962 1240 2975; x_wconf 79' lang='lat'>¹⁸</span> <span class='ocrx_word' id='word_1_924' title='bbox 1258 2964 1316 2985; x_wconf 88' lang='lat' dir='ltr'>Loco</span> <span class='ocrx_word' id='word_1_925' title='bbox 1332 2962 1466 2992; x_wconf 60' lang='grc' dir='ltr'>ιιιαντιιίιωη</span> <span class='ocrx_word' id='word_1_926' title='bbox 1484 2965 1506 2984; x_wconf 81' lang='lat' dir='ltr'>et</span> <span class='ocrx_word' id='word_1_927' title='bbox 1521 2961 1548 2984; x_wconf 82' lang='lat' dir='ltr'>Ut</span> <span class='ocrx_word' id='word_1_928' title='bbox 1560 2963 1657 2985; x_wconf 78' lang='lat' dir='ltr'>curaret</span> <span class='ocrx_word' id='word_1_929' title='bbox 1674 2963 1775 2984; x_wconf 66' lang='lat' dir='ltr'>veterem</span> <span class='ocrx_word' id='word_1_930' title='bbox 1789 2966 1891 2984; x_wconf 78' lang='lat' dir='ltr'>suorum</span> <span class='ocrx_word' id='word_1_931' title='bbox 1910 2960 2008 2989; x_wconf 64' lang='lat' dir='ltr'>lanquo-</span> 
     </span>
     <span class='ocr_line' id='line_1_164' title="bbox 1156 2991 2007 3022; baseline -0.004 -5"><span class='ocrx_word' id='word_1_932' title='bbox 1156 3000 1221 3022; x_wconf 76' lang='lat' dir='ltr'>rem,</span> <span class='ocrx_word' id='word_1_933' title='bbox 1240 2994 1304 3022; x_wconf 84' lang='lat' dir='ltr'>quod</span> <span class='ocrx_word' id='word_1_934' title='bbox 1323 2993 1392 3016; x_wconf 80' lang='lat' dir='ltr'>habet</span> <span class='ocrx_word' id='word_1_935' title='bbox 1409 2994 1445 3016; x_wconf 81' lang='lat' dir='ltr'>ed.</span> <span class='ocrx_word' id='word_1_936' title='bbox 1469 2995 1492 3019; x_wconf 85' lang='lat' dir='ltr'>t,</span> <span class='ocrx_word' id='word_1_937' title='bbox 1516 2994 1567 3015; x_wconf 70' lang='lat' dir='ltr'>Vat.</span> <span class='ocrx_word' id='word_1_938' title='bbox 1584 2993 1701 3015; x_wconf 84' lang='lat' dir='ltr'>substituit</span> <span class='ocrx_word' id='word_1_939' title='bbox 1716 2999 1820 3022; x_wconf 74' lang='lat' dir='ltr'>puerum</span> <span class='ocrx_word' id='word_1_940' title='bbox 1838 2996 1907 3021; x_wconf 80' lang='lat' dir='ltr'>atque</span> <span class='ocrx_word' id='word_1_941' title='bbox 1925 2991 1954 3014; x_wconf 86' lang='lat' dir='ltr'>Et</span> <span class='ocrx_word' id='word_1_942' title='bbox 1971 2997 2007 3015; x_wconf 82' lang='lat' dir='ltr'>cu-</span> 
     </span>
     <span class='ocr_line' id='line_1_165' title="bbox 1158 3024 1616 3054; baseline -0.004 -6"><span class='ocrx_word' id='word_1_943' title='bbox 1158 3032 1214 3048; x_wconf 76' lang='lat' dir='ltr'>rare</span> <span class='ocrx_word' id='word_1_944' title='bbox 1233 3027 1331 3049; x_wconf 71' lang='lat' dir='ltr'>veterem</span> <span class='ocrx_word' id='word_1_945' title='bbox 1350 3025 1408 3049; x_wconf 71' lang='lat' dir='ltr'>celle</span> <span class='ocrx_word' id='word_1_946' title='bbox 1424 3032 1448 3048; x_wconf 79' lang='lat' dir='ltr'>se</span> <span class='ocrx_word' id='word_1_947' title='bbox 1466 3024 1616 3054; x_wconf 67' lang='lat' dir='ltr'>laugyaorem.</span> 
     </span>
    </p>
   </div>
   <div class='ocr_carea' id='block_1_29' title="bbox 2022 475 2122 550">
    <p class='ocr_par' dir='ltr' id='par_1_79' title="bbox 2022 475 2122 550">
     <span class='ocr_line' id='line_1_166' title="bbox 2054 475 2119 495; baseline 0.031 -2"><span class='ocrx_word' id='word_1_948' title='bbox 2054 475 2119 495; x_wconf 76' lang='lat' dir='ltr'>medita</span> 
     </span>
     <span class='ocr_line' id='line_1_167' title="bbox 2022 498 2122 518; baseline 0.02 -2"><span class='ocrx_word' id='word_1_949' title='bbox 2022 503 2030 516; x_wconf 88' lang='lat' dir='ltr'>s</span> <span class='ocrx_word' id='word_1_950' title='bbox 2045 498 2106 518; x_wconf 82' lang='lat' dir='ltr'>ecialis</span> <span class='ocrx_word' id='word_1_951' title='bbox 2121 515 2122 518; x_wconf 75' lang='lat'>.</span> 
     </span>
     <span class='ocr_line' id='line_1_168' title="bbox 2023 521 2122 550; baseline 0.02 -11"><span class='ocrx_word' id='word_1_952' title='bbox 2023 521 2032 539; x_wconf 77' lang='lat' dir='ltr'>lt</span> <span class='ocrx_word' id='word_1_953' title='bbox 2041 523 2122 550; x_wconf 50' lang='lat' dir='ltr'>alutinun]</span> 
     </span>
    </p>
   </div>
   <div class='ocr_carea' id='block_1_30' title="bbox 2022 1902 2118 1921">
    <p class='ocr_par' dir='ltr' id='par_1_80' title="bbox 2022 1902 2118 1921">
     <span class='ocr_line' id='line_1_169' title="bbox 2022 1902 2118 1921; baseline 0 0"><span class='ocrx_word' id='word_1_954' title='bbox 2022 1902 2051 1921; x_wconf 84' lang='lat' dir='ltr'>Ad</span> <span class='ocrx_word' id='word_1_955' title='bbox 2065 1902 2118 1921; x_wconf 61' lang='lat' dir='ltr'>Prima</span> 
     </span>
    </p>
   </div>
  </div>
 </body>
</html>
