2133 3317
507 208 705 238 OPUSCULUM
727 208 816 236 XXIV.
839 208 989 236 LEGENDA
1011 207 1116 237 MINOR
1137 208 1252 236 SANCTI
1272 208 1447 237 FRANClSCl.

11 113 13 127 l

10 170 12 197 l

105 288 231 321 obtinuit,
247 291 278 316 ut
294 288 375 324 paulo
396 290 457 324 post
478 287 529 315 viri
551 286 636 315 sancti
659 285 825 322 Religionem
846 286 952 322 ingres-

105 344 166 369 sus,
190 335 269 371 longo
285 337 407 371 tempore
429 334 540 362 loricam
563 335 687 370 portaret
707 332 740 361 ad
769 340 896 366 carnem,
924 335 952 361 et

9 378 12 451 ⁴
104 382 197 411 crudis
217 381 364 409 dumtaxat
384 382 530 409 contentus
551 379 677 414 cibariis,
706 387 755 408 nec
783 379 837 407 vini
867 387 950 416 pocu-

9 452 11 476 l
106 430 161 458 lum
184 431 306 457 sumeret
328 435 376 456 nec
398 429 506 455 coctum
527 426 631 463 aliquid
652 429 785 463 gustaret.

401 520 491 549 Lectio
512 524 616 549 octava
632 521 650 548 ¹.

183 614 230 642 1110
250 622 363 651 quoque
378 614 389 630 ²
410 616 535 650 tempore
556 613 684 642 sacerdos
705 613 816 650 quidam
838 613 871 641 de
886 613 950 641 civi-

14 672 92 698 ›920011-
105 664 159 691 tate
179 660 287 694 Assisii,
309 660 439 689 Silvester
459 660 583 694 nomine,
612 660 654 688 vir
683 660 780 696 utique
805 667 950 688 conversa-

0 693 81 738 iffi?
105 708 185 738 tionis
206 708 337 736 honestae
358 715 390 735 ac
411 707 592 744 simplicitatis
613 706 799 740 columbinae,
829 706 896 734 vidit
923 706 949 734 in

105 755 223 788 somnis,
246 754 385 791 regionem
407 754 480 782 illam
514 756 597 782 totam
626 761 642 781 a
669 753 788 781 dracone
816 753 949 781 immenso

104 801 286 835 circumdari,
309 809 360 837 pro
380 800 460 829 cuius
493 800 635 829 teterrima
663 799 831 836 horridaque
860 799 949 836 effigie

102 847 234 881 diversis,
256 850 288 876 ut
303 847 464 881 videbatur,
480 846 573 875 mundi
590 846 746 875 climatibus
760 845 949 883 propinquum

103 894 263 923 imminebat
283 894 433 923 excidium.
456 893 646 922 contuebatur
668 896 729 930 post
750 893 817 921 haec
835 900 947 921 crucem

102 949 214 970 auream
236 944 319 978 atque
340 941 489 977 fulgentem
513 940 705 977 procedentem
734 947 769 968 ex
798 947 846 967 ore
867 939 949 967 Fran-

103 988 183 1023 cisci,
204 988 285 1017 cuius
310 988 454 1017 summitas
482 987 572 1016 caelos
604 987 746 1023 tangebat,
778 990 805 1015 et
836 986 949 1015 brachia

103 1038 232 1073 protensa
253 1035 279 1063 in
302 1035 387 1064 latum
410 1042 500 1072 usque
520 1034 554 1063 ad
577 1034 671 1062 mundi
693 1033 762 1062 fines
784 1033 948 1062 videbantur

103 1082 231 1117 extendi,
253 1082 389 1118 cuiusque
420 1084 548 1118 aspectus
580 1081 769 1118 praefulgidus
799 1080 946 1109 draconem

102 1130 180 1159 illum
203 1132 306 1158 tetrum
328 1132 355 1157 et
370 1128 514 1157 horridum
530 1128 641 1165 penitus
655 1127 801 1164 effugabat.
814 1127 868 1155 Hoc
882 1127 948 1155 dum

103 1176 153 1206 sibi
178 1176 259 1205 tertio
281 1178 499 1209 monstraretur,
523 1175 659 1204 intellexit
687 1175 729 1203 vir
751 1175 813 1211 pius
838 1178 865 1203 et
893 1174 950 1202 Deo

102 1223 234 1257 devotus,
256 1223 288 1251 ad
311 1223 363 1251 hoc
384 1222 559 1251 Franciscum
591 1222 757 1250 destinatum
779 1229 794 1250 a
816 1221 948 1254 Domino,

102 1273 149 1304 ut,
170 1269 305 1307 gloriosae
326 1269 418 1298 crucis
438 1272 561 1298 assumto
590 1269 708 1301 vexillo,
740 1268 866 1296 draconis
892 1275 949 1295 ma-

102 1317 167 1354 ligni
189 1316 276 1345 robur
298 1316 412 1345 elideret
433 1316 638 1353 praeclarisque
654 1315 778 1343 veritatis
791 1314 947 1351 fulgoribus

103 1367 157 1393 tam
178 1363 318 1392 doctrinae
332 1371 416 1400 quam
438 1363 509 1391 vitae
524 1365 629 1391 mentes
645 1362 765 1390 fidelium
786 1361 948 1389 illustraret.

102 1410 179 1447 Quod
201 1417 264 1439 cum
287 1409 346 1437 viro
367 1409 414 1438 Dei
436 1412 463 1438 et
484 1409 611 1437 Patribus
643 1411 783 1437 narrasset
805 1415 854 1444 per
875 1407 949 1435 ordi-

103 1465 180 1490 nem,
203 1464 256 1485 11011
279 1456 366 1484 11111110
388 1459 448 1492 post
469 1459 593 1492 tempore
615 1455 749 1483 mundum
772 1455 948 1491 relinquens,

102 1503 223 1540 vestigiis
238 1503 338 1531 Christi
354 1503 425 1531 beati
442 1503 528 1531 Patris
542 1503 670 1539 exemplo
685 1502 723 1530 sic
738 1504 949 1538 perseveranter

101 1550 242 1584 adhaesit,
264 1550 337 1587 quod
353 1549 439 1586 ipsius
455 1550 509 1578 vita
524 1549 550 1577 in
566 1549 668 1578 Ordine
683 1548 870 1577 authenticam
886 1548 949 1577 red-

101 1597 169 1626 didit
189 1605 248 1626 eam
270 1605 354 1634 quam
376 1597 402 1625 in
425 1596 534 1625 saeculo
555 1596 691 1625 habuerat
712 1596 852 1625 visionem.

410 1690 503 1718 Lectio
525 1698 604 1718 nona
619 1690 638 1718 ³.

181 1785 276 1813 Frater
297 1784 427 1822 quidam,
450 1784 582 1812 Pacificus
613 1783 738 1817 nomine,
767 1791 830 1811 cum
858 1783 949 1811 adhuc

20 1837 92 1880 ¹¹lzri-Pa-
103 1831 281 1860 saeculariter
302 1831 398 1859 vivens
418 1830 552 1859 famulum
575 1830 680 1858 Domini
705 1829 852 1866 reperisset
876 1829 949 1866 apud

48 1874 54 1880 ’
103 1881 225 1907 castrum
246 1878 331 1906 sancti
354 1877 476 1906 Severini
505 1877 709 1914 praedicantem
730 1877 757 1904 in
786 1876 949 1905 Monasterio

102 1925 234 1963 quodam,
256 1925 327 1953 facta
347 1932 431 1952 manu
454 1924 560 1952 Domini
583 1932 667 1960 super
689 1931 733 1957 se,
749 1923 816 1951 vidit
831 1923 949 1952 eundem

102 1972 180 2010 quasi
202 1971 311 2000 duobus
333 1971 497 2000 transversis
511 1971 624 2000 ensibus
639 1970 717 1999 valde
738 1970 907 2007 fulgentibus
922 1970 949 1998 in

101 2019 213 2048 modum
227 2018 319 2047 crucis
333 2018 470 2055 signatum
481 2041 488 2052 ‚
503 2026 623 2055 quorum
641 2026 715 2046 unus
729 2025 745 2046 a
759 2017 846 2054 capite
858 2025 949 2054 usque

102 2066 135 2095 ad
157 2065 255 2103 pedes,
276 2065 347 2094 alius
367 2073 382 2093 a
404 2073 487 2093 manu
506 2065 533 2093 in
548 2073 662 2093 manum
678 2072 727 2101 per
743 2067 839 2101 pectus
860 2067 950 2093 trans-

103 2112 245 2142 versaliter
267 2112 439 2141 tendebatur.
462 2112 518 2140 Non
540 2114 655 2140 noverat
675 2111 743 2140 facie
772 2111 879 2145 virum,
902 2110 949 2139 sed

103 2162 177 2188 tanto
199 2162 381 2188 monstratum
404 2159 538 2187 miraculo
565 2166 631 2187 mox
663 2165 845 2195 cognoscens,
866 2158 948 2186 vehe-

102 2209 210 2236 menter
231 2206 390 2242 obstupuit,
412 2205 619 2242 verborumque
642 2205 729 2242 ipsius
749 2204 853 2233 virtute
874 2212 949 2233 com—

104 2256 224 2290 punctus
245 2256 272 2281 et
294 2252 424 2286 territus,
446 2255 576 2289 tanquam
600 2252 622 2280 si
644 2254 716 2280 esset
730 2251 819 2288 gladio
833 2251 949 2288 spiritus

103 2308 140 2329 ex
160 2300 220 2328 eius
240 2307 289 2328 ore
303 2299 468 2336 procedente
483 2298 651 2331 transfixus,
667 2298 856 2327 saecularibus
871 2305 949 2335 pom-

104 2346 146 2383 pis
166 2346 277 2375 omnino
298 2345 476 2382 contemptis,
498 2345 577 2374 beato
600 2345 670 2373 Patri
704 2344 871 2381 professione
902 2352 949 2372 co-

104 2393 199 2422 haesit.
222 2393 268 2421 Hic
290 2392 463 2430 postmodum
486 2392 512 2420 in
533 2391 607 2420 omni
630 2391 776 2428 Religionis
807 2390 950 2419 sanctitate

104 2440 263 2477 proficiens,
284 2443 432 2476 antequam
453 2438 532 2467 fieret
554 2438 676 2467 Minister
703 2437 730 2466 in
758 2437 886 2471 Francia,
915 2437 951 2465 51-

104 2487 214 2524 quidem
236 2487 343 2524 primus
363 2486 464 2515 ibidem
479 2485 622 2514 ministerii
637 2485 721 2522 gessit
734 2484 872 2518 officium,
894 2492 950 2512 me-

6 2521 82 2565 Εἴθ’-’.Ἰὼ
105 2533 162 2562 11111
183 2541 313 2570 magnum
335 2532 406 2561 tltctu
427 2533 453 2561 in
476 2532 565 2561 fronte
586 2531 720 2560 Francisci
743 2531 852 2565 videre,
877 2530 950 2567 quod

1 2590 4 2617 l

1 2625 3 2654 l

0 2673 3 2690 ι

0 2716 3 2734 t

170 2725 177 2738 ¹
197 2726 251 2748 ibid.
270 2734 289 2748 c.
308 2726 328 2748 3.
346 2732 367 2748 n.
386 2726 406 2748 5.

169 2764 178 2777 ²
195 2765 250 2787 Cod.
270 2765 287 2787 M
306 2764 358 2788 Alio
376 2770 473 2794 quoque.

169 2804 178 2816 ³
196 2804 252 2827 ibid.
269 2810 289 2826 c.
308 2804 327 2826 4.
345 2810 367 2826 n.
386 2805 406 2825 9.

169 2843 178 2855 ““
196 2844 224 2865 lta
243 2843 324 2871 codd.;
342 2843 379 2865 ed.
398 2841 547 2865 monstrabat
563 2842 625 2865 mii-0
643 2843 737 2865 ornatu.

170 2881 179 2894 ⁵
196 2883 274 2904 Ezecli.
293 2882 320 2908 9,
338 2881 358 2904 4.
376 2894 406 2898 -
425 2882 507 2903 [30116111
526 2881 546 2903 111
565 2883 607 2903 hac
624 2881 720 2903 lectione
737 2887 763 2903 ex
781 2880 889 2902 Ubertino
907 2883 948 2902 etc.

110 2924 198 2947 monet,
216 2927 259 2943 non
277 2920 418 2951 Pacificum,
437 2923 460 2943 ut
477 2920 530 2942 dicit
548 2920 672 2948 WaddIng.
687 2920 735 2948 (cfr.
748 2925 817 2947 supra
831 2926 883 2947 pag.
896 2919 950 2946 5⁴21,

109 2963 160 2982 nota
177 2960 216 2988 6.),
233 2960 273 2982 sed
292 2960 427 2982 Mnssaeum
446 2959 526 2986 1111556,
544 2959 582 2988 qni
602 2959 684 2981 viderit
700 2959 779 2981 sedem
797 2958 820 2980 in
842 2958 911 2980 caelis
927 2959 949 2979 S.

110 2998 227 3021 Francisco
245 3001 392 3020 reservatam.

202 3045 228 3068 S.
240 3045 329 3068 Bonuv.
341 3057 371 3061 —
382 3046 451 3067 Tom.
464 3046 518 3068 Vlll.

1797 209 1852 236 569

1009 286 1134 314 colorum
1156 286 1288 314 varietate
1309 286 1468 314 distinctum
1490 286 1586 315 faciem
1608 286 1695 323 ipsius
1717 286 1787 314 miro
1810 294 1853 315 ve-

1009 332 1138 361 nustabat
1151 333 1163 349 4
1184 335 1293 361 ornatu.
1316 333 1369 361 Hoc
1384 333 1487 370 quippe
1502 333 1611 370 signum
1628 332 1669 361 vir
1689 333 1735 361 Dei
1756 341 1854 370 magno

1010 378 1193 407 venerabatur
1214 378 1329 412 affectu,
1352 379 1488 416 frequenti
1511 379 1722 408 commendabat
1735 379 1853 416 eloquio,

1007 426 1147 454 actionum
1170 426 1363 462 praemittebat
1384 426 1483 461 initiis,
1512 429 1539 455 et
1571 427 1596 455 in
1619 427 1659 455 cis
1689 434 1759 463 quas
1787 426 1853 455 diri-

1008 472 1088 509 gebat
1116 480 1152 500 ex
1178 472 1291 501 caritate
1324 472 1453 501 litterulis
1481 481 1565 501 manu
1594 473 1707 510 propria
1732 473 1854 501 subscri-

1008 519 1105 553 bebat,
1128 522 1258 556 tanquam
1281 519 1302 547 si
1324 527 1405 548 omne
1427 519 1513 556 ipsius
1534 519 1657 548 studium
1678 520 1749 548 foret
1774 520 1854 548 iuxta

1009 566 1202 602 propheticum
1229 566 1333 594 dictum
1349 567 1360 583 ⁵
1392 566 1501 603 signare
1533 565 1604 594 1111111
1632 575 1721 604 super
1742 566 1853 604 frontes

1009 613 1143 641 virorum
1156 613 1331 650 yemcmz'unz
1346 617 1371 641 et
1385 613 1552 647 dolentium,
1564 613 1596 641 ad
1609 613 1748 642 Christum
1765 614 1851 642 Iesum

1010 659 1144 688 veraciter
1166 667 1373 688 conversorum.

1213 753 1250 781 De
1272 761 1482 782 PRAEROGATIVA
1505 762 1653 782 viaTuTun.

1306 847 1397 875 Lectio
1416 847 1518 884 prima
1532 848 1552 875 θ.

1087 939 1201 976 Insignis
1221 943 1340 968 sectator
1361 940 1488 968 crucifixi
1520 941 1595 974 lesu,
1625 941 1666 969 vir
1695 941 1741 969 Dei
1770 941 1853 969 Fran-

1006 985 1096 1014 ciscus
1123 994 1139 1013 a
1170 994 1236 1014 suae
1267 986 1454 1015 conversionis
1487 987 1645 1023 primordiis
1673 991 1747 1015 tanta
1774 988 1854 1016 disci-

1007 1033 1097 1070 plinae
1119 1033 1256 1070 rigiditate
1270 1041 1381 1061 carnem
1405 1033 1584 1071 crucifigebat
1609 1042 1673 1063 cum
1701 1034 1774 1062 vitiis
1797 1043 1853 1062 mo-

1008 1083 1108 1117 tusque
1129 1080 1270 1108 sensuales
1292 1083 1346 1108 tam
1369 1080 1465 1109 stricta
1480 1080 1604 1109 frenabat
1620 1081 1767 1109 modestiae
1788 1081 1853 1117 lege,

1007 1130 1038 1155 ut
1060 1126 1107 1154 vix
1130 1127 1285 1155 necessaria
1299 1130 1422 1156 sumeret
1437 1127 1628 1156 sustentationi
1645 1131 1770 1156 naturae.
1786 1128 1852 1156 Nam

1007 1176 1084 1202 cocta
1105 1173 1207 1201 cibaria
1222 1173 1346 1202 sanitatis
1363 1177 1485 1210 tempore
1500 1174 1547 1203 vix
1563 1174 1725 1203 admittebat
1739 1178 1765 1203 et
1781 1182 1853 1208 raro,

1006 1220 1124 1249 admissa
1145 1228 1211 1249 vero
1231 1223 1280 1248 aut
1301 1220 1498 1249 commixtione
1519 1221 1620 1249 cineris
1648 1221 1786 1250 interdum
1817 1221 1855 1250 fa-

1006 1267 1094 1296 ciebat
1115 1275 1210 1295 amara
1230 1269 1279 1295 aut
1299 1267 1379 1304 aquei
1403 1267 1625 1304 superinfusione
1640 1268 1650 1284 ⁷
1680 1268 1795 1305 liquoris
1823 1271 1854 1296 ut

1007 1314 1158 1350 plurimum
1187 1313 1318 1342 reddebat
1350 1314 1474 1351 insipida.
1497 1315 1584 1351 Quam
1608 1323 1673 1343 vero
1701 1315 1852 1343 distrIctam

1007 1360 1032 1387 in
1056 1362 1122 1396 potu
1144 1359 1304 1396 parcitatem
1326 1361 1493 1395 servaverit,
1517 1368 1627 1389 carnem
1650 1369 1727 1389 suam
1750 1369 1765 1389 a
1791 1361 1854 1389 vino

1006 1407 1182 1440 abstrahens,
1204 1410 1235 1435 ut
1259 1407 1421 1436 transferret
1441 1407 1563 1436 animum
1585 1408 1618 1436 ad
1641 1407 1790 1444 sapientiae
1813 1408 1853 1436 lu-

1007 1461 1082 1486 cem;
1105 1453 1169 1482 hinc
1200 1453 1304 1490 liquido
1336 1454 1461 1483 valemus
1492 1454 1652 1488 advertere,
1674 1455 1747 1491 quod
1774 1458 1800 1483 et
1821 1454 1854 1483 de

1006 1508 1079 1537 aqua
1100 1500 1212 1537 frigida,
1235 1509 1297 1529 cum
1321 1501 1380 1529 sitis
1400 1501 1543 1529 aestuabat
1564 1501 1679 1535 ardore,
1702 1501 1748 1529 vix
1771 1501 1854 1530 aude-

1007 1548 1053 1576 bat
1073 1547 1107 1576 ad
1129 1548 1320 1576 sufficientiam
1344 1548 1446 1577 bibere.
1473 1548 1549 1577 Nuda
1571 1549 1674 1577 humus
1694 1552 1724 1577 ut
1746 1549 1854 1585 saepius

1008 1595 1095 1623 lectus
1116 1597 1176 1623 erat
1205 1595 1303 1623 lassato
1325 1595 1506 1631 corpusculo,
1529 1595 1646 1624 cervical
1671 1595 1738 1632 lapis
1760 1596 1801 1624 vel
1825 1596 1854 1623 li-

1007 1650 1108 1678 gnum,
1130 1642 1269 1678 vestisque
1290 1642 1424 1678 simplex,
1453 1650 1554 1679 rugosa
1585 1645 1611 1671 et
1640 1642 1747 1679 hispida
1778 1647 1853 1679 tegu-

1006 1692 1145 1722 mentum,
1168 1697 1218 1725 pro
1238 1696 1270 1717 eo
1291 1689 1365 1725 quod
1393 1689 1567 1726 experientia
1598 1693 1673 1718 certa
1703 1689 1852 1723 didicerat,

1007 1735 1100 1764 hostes
1121 1735 1255 1772 malignos
1275 1735 1354 1764 duris
1374 1738 1402 1764 et
1422 1736 1528 1773 asperis
1550 1736 1575 1764 in
1598 1736 1690 1773 fugam
1713 1736 1851 1769 converti,

1006 1782 1129 1810 delicatis
1150 1785 1241 1810 autem
1263 1785 1290 1810 et
1312 1782 1440 1811 mollibus
1471 1783 1504 1811 ad
1535 1783 1695 1811 tentandum
1710 1782 1721 1799 ⁸
1753 1783 1852 1811 fortius

1007 1837 1131 1857 animari.

1289 1923 1382 1951 Lectio
1402 1923 1531 1952 secunda
1547 1923 1566 1951 ⁹.

1086 2016 1196 2053 Rigidus
1218 2015 1244 2044 in
1266 2016 1408 2053 disciplina
1429 2024 1513 2053 super
1533 2016 1696 2045 custodiam
1710 2016 1853 2045 3111111111]-

1007 2062 1135 2099 vigilabat
1151 2062 1173 2079 ¹⁰
1193 2062 1340 2097 attentius,
1369 2071 1465 2091 curam
1493 2071 1592 2100 gerens
1613 2063 1788 2100 praecipuam
1820 2063 1853 2091 de

1006 2109 1197 2146 impretiabilis
1211 2109 1393 2138 custoditione
1412 2110 1551 2144 thesauri,
1567 2110 1699 2139 castitatis
1714 2110 1852 2144 videlicet,

1006 2156 1033 2184 in
1048 2156 1123 2185 fictili
1139 2164 1202 2185 vase
1214 2157 1248 2190 ¹¹,
1267 2156 1341 2193 quod
1356 2160 1382 2185 et
1398 2157 1537 2193 possidere
1559 2157 1686 2185 studebat
1707 2157 1733 2185 in
1754 2157 1852 2185 sancti—

1006 2203 1110 2232 tudinis
1135 2203 1239 2232 honore
1260 2211 1309 2240 per
1331 2203 1478 2240 utriusque
1503 2204 1622 2232 hominis
1648 2204 1851 2240 integerrimam

1006 2250 1163 2287 puritatem.
1186 2250 1360 2287 Quapropter
1381 2250 1454 2279 circa
1475 2258 1540 2279 suae
1562 2250 1749 2279 conversionis
1778 2251 1852 2287 prin-

1006 2297 1076 2334 cipia
1098 2300 1221 2333 tempore
1242 2297 1366 2325 hiemalis
1387 2297 1503 2334 algoris,
1526 2298 1625 2334 spiritu
1648 2298 1726 2326 fortis
1747 2301 1774 2326 et
1799 2298 1852 2326 ser-

1008 2343 1102 2378 vidus,
1124 2344 1151 2372 111
1173 2343 1279 2372 foveam
1300 2344 1386 2380 glacie
1407 2347 1456 2372 aut
1477 2344 1539 2373 nive
1562 2345 1693 2380 repletam
1716 2352 1745 2373 se
1760 2345 1850 2381 ipsum

1007 2390 1171 2426 plerumque
1192 2390 1349 2426 mergebat,
1371 2393 1402 2418 ut
1423 2393 1449 2419 et
1470 2390 1650 2419 domesticum
1673 2391 1777 2419 hostem
1800 2391 1851 2419 sibi

1007 2436 1127 2473 perfecte
1147 2436 1288 2474 subigeret
1303 2437 1325 2453 ¹2
1346 2439 1374 2465 et
1394 2437 1539 2466 candidum
1562 2438 1755 2466 vestimentum
1771 2446 1851 2466 mun-

1007 2483 1088 2511 ditiae
1109 2491 1125 2511 a
1146 2483 1294 2520 voluptatis
1315 2483 1439 2512 incendio
1461 2487 1660 2520 praeservaret.
1683 2485 1769 2513 Tanta
1783 2493 1851 2521 quo-

1007 2537 1062 2567 que
1084 2537 1132 2566 per
1153 2530 1365 2558 exercitationes
1387 2530 1543 2559 huiusmodi
1567 2530 1673 2567 fulgere
1704 2531 1791 2567 coepit
1824 2531 1849 2559 iu

1069 2722 1078 2735 Β
1096 2722 1151 2745 ibid.
1168 2730 1187 2745 c.
1205 2723 1226 2744 5.
1244 2730 1265 2745 11.
1288 2724 1305 2745 l.
1326 2724 1347 2745 2.
1364 2735 1394 2739 —
1411 2722 1466 2745 Cod.
1485 2724 1501 2745 Α
1521 2723 1645 2750 praemittit
1665 2722 1742 2745 Tertia
1759 2722 1801 2745 (lie.

1070 2762 1078 2775 ⁷
1095 2762 1151 2785 Cod.
1169 2762 1186 2784 M
1208 2761 1378 2791 superfusione.
1405 2762 1499 2784 lutei-ins
1525 2768 1566 2789 pro
1589 2761 1729 2784 abstrahens
1752 2763 1768 2784 A
1794 2761 1847 2784 sul)-

1007 2801 1103 2825 traltens
1121 2805 1142 2824 61
1160 2800 1258 2824 lectulus
1275 2808 1317 2829 pro
1335 2801 1414 2824 lectus.

1069 2840 1077 2853 Β
1096 2841 1134 2863 tid.
1152 2840 1235 2862 omittit
1251 2840 1322 2862 verba
1340 2840 1407 2862 codd.
1425 2839 1457 2861 ml
1473 2839 1618 2862 tentandum„

1069 2879 1079 2892 ⁹
1096 2880 1152 2902 ibid.
1169 2886 1189 2902 c.
1207 2880 1228 2901 5.
1247 2886 1268 2901 n.
1288 2880 1309 2901 3.
1328 2879 1348 2901 4.
1367 2879 1389 2901 5.

1071 2918 1088 2932 ¹⁰
1105 2918 1149 2941 Cfr.
1169 2918 1217 2940 lsai.
1234 2919 1258 2940 2¹
1270 2935 1276 2945 ,
1294 2919 1314 2940 8.
1333 2921 1355 2940 et
1372 2917 1427 2939 llab.
1446 2919 1475 2945 2,
1497 2918 1513 2939 l.
1531 2930 1562 2934 —
1579 2917 1634 2940 (1011.
1652 2918 1669 2939 Α
1687 2917 1806 2947 vigilabat.

1070 2956 1087 2969 ¹¹
1106 2957 1149 2979 Cfr.
1168 2958 1191 2979 ll.
1208 2956 1259 2979 Cor.
1273 2956 1298 2983 t,
1311 2957 1332 2978 7.
1344 2959 1366 2979 et
1379 2957 1392 2978 l.
1405 2957 1485 2978 Thess.
1506 2956 1531 2983 4,
1551 2956 1570 2978 4.
1589 2968 1619 2973 —
1637 2956 1730 2979 inferius
1748 2957 1766 2978 M
1784 2957 1847 2979 ornit-

1007 2997 1031 3019 tit
1047 3002 1113 3019 suae.
1573 2994 1592 3008 ¹²
1609 2995 1666 3018 Cod.
1684 2996 1701 3017 lli
1719 2995 1848 3019 subisset-et.

1725 3042 1754 3064 72

1872 338 1928 357 Amor
1941 339 1989 366 sigui

1900 367 1968 381 crucis.

1869 946 1912 973 Vita
1926 945 2001 972 Franci-

1871 975 1897 996 561
1912 971 2000 987 austens-

1871 997 1924 1011 sima.

1869 2021 1957 2048 Custodia
1969 2026 1999 2040 ca-

1894 2046 1970 2063 stitatm.
