2133 3317
0 1528 83 1549 nennio.

0 2093 76 2113 *adituris

1 2117 51 2137 vitia.

486 202 681 231 OPUSCULUM
702 202 742 230 Ill.
764 202 887 231 LIGNUM
908 202 1012 231 VITAE.
1035 202 1078 230 DE
1099 202 1265 231 MYSTERIO
1287 202 1456 231 PASSIONlS.
1809 205 1844 232 75

339 280 421 308 Iesus
428 302 437 313 ,
456 280 545 317 panis
565 282 711 308 sacratus.

187 366 229 393 16.
253 365 324 393 Inter
355 364 447 393 omnia
477 364 646 393 memorialia
676 363 777 392 Christi
799 363 947 400 praecipua

107 411 295 441 recordatione
316 413 423 439 constat
453 418 512 439 esse
542 410 733 447 dignissimum
767 409 847 438 finale
878 410 946 438 illud

8 467 91 510 {fflima
106 458 262 488 convivium
283 457 483 486 sacratissimae
504 465 604 485 coenae
617 458 635 491 ¹,
658 457 685 485 in
704 465 760 493 quo
780 464 835 484 non
856 457 945 485 solum

105 512 193 542 agnus
207 504 343 541 paschalis
356 503 390 532 ad
404 503 540 532 edendum
555 503 736 540 proponitur,
752 510 848 531 verum
864 502 945 531 etiam

104 551 196 587 Agnus
216 549 425 583 immaculatus,
447 549 499 587 qui
529 549 599 578 tollit
615 552 736 586 peccata
756 549 870 583 maiuli,
893 548 945 577 sub

105 596 193 633 specie
213 596 291 632 panis
311 604 393 624 omne
414 595 544 624 habentis
558 595 791 624 delectamentum
806 599 832 623 et
852 595 946 623 omnis

103 642 220 679 saporis
240 642 415 670 suavitatem
436 642 586 678 praebetur
607 641 634 670 in
653 642 754 670 cibum.
770 641 798 669 ln
813 650 868 678 quo
883 641 945 678 qni-

103 688 164 717 dem
186 687 310 717 convivio
330 687 401 716 mira
421 688 522 716 Christi
537 687 646 716 refulsit
660 687 796 716 bonitatis
815 687 944 721 dulcedo,

103 734 212 772 quando
231 742 294 763 cum
317 734 494 771 pauperculis
514 734 567 763 illis
587 734 728 781 discipulis
748 736 775 762 et
796 734 861 762 Iuda
882 741 945 770 pro-

103 781 191 810 ditore
211 780 305 809 eadem
328 788 421 809 mensa
441 783 468 809 et
488 781 603 809 scutella
622 781 754 810 coenavit.
777 780 876 809 Mirum
891 781 945 809 cla-

103 827 160 856 ruit
181 826 354 855 humilitatis
374 827 549 863 cacemplum,
571 827 638 855 dum
666 827 748 863 pedes
775 827 943 863 piscatorum

103 876 130 903 et
149 873 231 902 etiam
252 873 400 910 proditoris
422 873 463 902 sui
485 874 543 901 Rex
564 873 682 909 gloriae,
704 873 879 909 praecinctus
894 873 945 901 lin-

103 922 159 954 teo,
180 919 378 948 studiosissime
409 919 482 947 lavit.
513 919 581 947 Mira
611 919 700 955 patuit
730 919 945 956 munificentiae

103 965 241 1003 taryitaS,
262 965 329 994 dum
350 965 539 994 sacerdotibus
560 966 613 994 illis
632 965 737 1002 primis,
759 968 786 994 et
806 974 856 1002 per
880 973 944 994 con-

102 1020 220 1049 sequens
241 1012 289 1040 toti
305 1012 438 1041 Ecclesiae
452 1015 480 1040 et
499 1012 559 1040 orbi
578 1015 717 1041 terrarum
739 1020 840 1049 corpus
861 1020 943 1041 suum

102 1058 317 1087 sacratissimum
338 1061 365 1087 et
386 1059 547 1095 sanguinem
569 1066 666 1087 verum
688 1059 715 1087 in
728 1058 739 1074 ‘⁴'
761 1059 853 1087 cibum
868 1059 942 1087 dedit

101 1108 129 1134 et
148 1108 257 1142 potum,
278 1107 311 1133 ut
331 1105 405 1142 quod
426 1108 485 1133 erat
506 1105 634 1134 futurum
655 1105 681 1133 in
708 1105 836 1141 proximo
857 1105 942 1134 sacri-

101 1150 193 1180 ficium
216 1151 272 1179 Deo
292 1151 402 1187 placens
423 1154 451 1179 et
471 1151 667 1188 redemptionis
699 1153 809 1180 nostrae
841 1151 943 1188 impre-

100 1196 192 1226 tiabile
212 1197 332 1234 pretium
364 1199 435 1225 esset
466 1197 595 1225 viaticum
626 1200 654 1226 et
684 1200 942 1226 sustentamentum.

100 1243 186 1272 Mirus
213 1243 321 1272 tandem
350 1243 462 1272 emicuit
483 1243 641 1272 dilectionis
668 1252 810 1278 eaecessus,
832 1244 943 1281 quando

100 1289 132 1318 in
150 1289 237 1326 finem
257 1289 380 1326 diliyens
400 1298 469 1318 suos
480 1290 502 1324 ⁸,
525 1292 579 1318 tam
590 1290 672 1328 -dulci
688 1298 734 1319 eos
749 1291 943 1319 exhortatione

100 1335 263 1364 confortavit
283 1335 310 1364 in
333 1336 419 1370 bono,
441 1336 551 1365 Petrum
578 1336 732 1373 specialiter
759 1344 943 1372 praemonens

100 1381 133 1410 ad
153 1381 216 1410 fidei
237 1382 324 1410 robur
350 1384 378 1410 et
399 1382 488 1410 loanni
511 1382 629 1411 offerens
650 1385 746 1419 pectus
767 1382 800 1410 ad
832 1382 942 1411 recubi<

99 1431 159 1457 tum
179 1428 332 1457 iucundum
353 1430 381 1457 et
401 1436 519 1457 sacrum.

177 1474 200 1503 Ο
220 1483 303 1512 quam
324 1475 395 1503 mira
415 1477 480 1503 sunt
501 1475 568 1504 haec
595 1475 701 1509 omnia,
723 1475 828 1512 repleta
848 1475 942 1504 dulce-

99 1521 161 1550 dine
181 1521 220 1550 illi
240 1521 387 1550 dumtaxat
407 1521 526 1556 animae,
548 1529 632 1558 quae,
647 1521 681 1550 ad
696 1524 751 1550 tam
772 1521 879 1550 celebre
894 1530 941 1550 vo-

99 1571 158 1597 cata
178 1567 351 1602 convivium,
373 1570 429 1596 toto
444 1568 543 1597 mentis
563 1568 652 1596 currit
672 1568 787 1602 ardore,
809 1570 841 1597 ut
856 1568 941 1605 possit

98 1614 165 1643 illud
186 1617 314 1643 eructare
335 1614 543 1651 propheticum:
567 1614 817 1650 Quemadmodum
832 1614 940 1643 deside-

99 1664 149 1690 rat
168 1669 270 1690 cervus
291 1661 331 1690 ad
350 1659 443 1698 fontes
463 1669 627 1699 aquarum,
649 1661 691 1689 ita
712 1661 857 1690 desiderat
874 1660 940 1689 ani-

99 1716 149 1737 ma
169 1716 233 1737 mea
254 1708 293 1737 ad
314 1711 354 1742 te,
377 1708 454 1736 Deus
464 1707 491 1736 4!

305 1793 349 1822 DE
369 1792 535 1822 MYSTERIO
557 1792 726 1822 PASSIONIS.

215 1879 339 1908 Faucrus
360 1879 391 1907 V.
413 1878 600 1907 Conrinnuria
621 1887 650 1907 m
672 1886 819 1906 pnmcums.

326 1964 417 1998 Iesus,
431 1963 495 1992 dolo
518 1963 708 1992 venundatus.

178 2042 221 2070 17.
243 2041 396 2070 Passionem
418 2041 519 2070 Christi
541 2041 624 2070 Iesu⁵
645 2041 688 2078 pie
703 2040 877 2070 considerare
891 2049 939 2070 vo-

97 2087 162 2117 lenti
183 2088 304 2124 primum
325 2087 448 2117 occurrit
474 2087 590 2124 perfidia
619 2087 783 2124 proditoris,
805 2087 853 2124 qui
879 2090 938 2116 tan—

97 2136 141 2163 tae
161 2134 213 2163 fuit
231 2133 354 2171 “i-audis
374 2142 479 2163 veneno
499 2134 637 2171 repletus,
662 2137 694 2163 ut
724 2134 884 2171 Magistrum
911 2136 939 2163 et

99 2180 244 2209 Dominum
261 2181 402 2218 proderet;
424 2183 500 2209 tanta
520 2180 691 2218 cupiditatis
710 2180 854 2217 slamma⁶
876 2188 938 2209 suc-

98 2235 211 2262 census,
232 2230 264 2256 ut
291 2227 425 2264 optimum
456 2228 543 2256 Deum
574 2230 688 2264 argento
716 2227 886 2256 venundaret
911 2230 938 2256 et

159 2389 167 2403 ¹
185 2390 231 2413 Cfr.
249 2391 325 2413 Maith.
343 2391 385 2418 26,
406 2390 439 2412 17.
456 2397 534 2419 seqq.;
552 2392 620 2413 Marc.
641 2391 678 2419 14,
699 2393 716 2414 l.
734 2398 812 2421 seqq.;
827 2393 881 2415 Luc.
894 2393 937 2419 22,

98 2428 134 2451 14.
151 2434 229 2458 seqq.;
246 2429 306 2451 10311.
327 2429 365 2457 13,
387 2429 405 2451 1.
422 2435 487 2458 seqq.
505 2430 576 2452 Simul
599 2430 752 2458 respiciuntur
778 2431 839 2453 loan.
864 2431 881 2459 l,
899 2431 936 2453 29.

97 2469 119 2490 et
132 2468 186 2496 Sap.
200 2468 237 2495 16,
251 2468 287 2490 20.
299 2480 330 2485 -
341 2468 392 2490 Vat.
404 2471 455 2491 ante
467 2467 660 2492 delectamentum
672 2469 777 2498 adiungit
793 2469 817 2493 in
833 2476 858 2493 se
868 2478 878 2498 ,⁵
894 2476 936 2498 pro

94 2505 222 2535 praebetur
239 2506 262 2529 in
280 2506 357 2530 cibum
374 2508 392 2529 G
409 2506 441 2530 ud
456 2506 572 2530 edendum
585 2507 738 2537 proponitur.

159 2543 168 2556 ²
185 2544 236 2566 Vat.
253 2545 336 2567 omittit
352 2544 391 2573 in,·
408 2545 449 2567 EF
466 2551 519 2568 vere
536 2544 561 2568 iiz
577 2544 662 2568 cibum.

158 2582 167 2595 ²
184 2583 312 2611 Respicitur
328 2584 388 2606 Ioan.
410 2584 448 2611 13,
470 2584 492 2611 l,
510 2584 594 2606 deinde
611 2584 665 2606 ibid.
683 2590 706 2607 v.
723 2585 760 2607 38.
778 2587 800 2607 et
816 2586 854 2608 23.

158 2621 168 2634 ¹
184 2622 267 2644 Psalm.
278 2621 318 2649 41,
331 2623 353 2644 2.
364 2635 395 2638 -
408 2623 481 2650 Supra
494 2629 537 2650 pro
549 2624 595 2646 toto
607 2622 691 2646 mentis
705 2623 753 2646 Vat.
766 2624 830 2647 tanto
843 2623 935 2647 mentis.

158 2659 168 2672 ⁵
185 2660 236 2682 Vat.
254 2660 386 2684 dulcissimi
401 2662 453 2684 lesu
471 2660 564 2684 Christi.
584 2674 612 2677 —
629 2661 661 2683 De
678 2661 796 2689 proditore
807 2663 847 2685 etr.
859 2662 935 2684 Matth.

97 2699 138 2726 26,
156 2699 196 2728 44;
213 2699 281 2722 Marc.
298 2699 340 2727 ¹14,
359 2701 399 2727 10;
416 2701 469 2723 Luc.
487 2701 530 2727 22,
548 2700 568 2722 4.

157 2735 167 2749 ⁶
185 2737 234 2760 Vat.
251 2739 318 2761 tanta
334 2737 379 2767 suit
396 2738 496 2767 [lamma
512 2738 590 2762 malac
607 2738 742 2768 cupiditatis
748 2747 758 2768 ,⁴
780 2742 802 2762 et
824 2739 880 2762 intra
904 2739 936 2763 ad

97 2774 209 2799 honorem
226 2778 249 2800 et
264 2776 401 2806 diynitatem
418 2779 439 2800 et
461 2777 554 2801 cutmen
575 2778 717 2808 apostolicae
737 2778 860 2808 potestatis
879 2785 935 2808 pro·

96 2816 204 2843 vexerat,
221 2814 383 2845 insequeretur
400 2822 443 2844 pro
458 2815 491 2839 ad
514 2816 607 2840 culmen
623 2816 748 2846 apostolici
765 2816 862 2841 lionoris
879 2823 935 2847 pro-

96 2854 205 2881 veoeerat,
224 2853 387 2877 insectaretur.

158 2890 166 2903 ⁷
182 2891 256 2914 Codd.
272 2891 340 2915 ACF
350 2893 405 2915 WZ
421 2896 443 2916 et
462 2893 470 2915 1
491 2896 674 2923 prosequuntur:
686 2900 716 2917 ex
729 2900 775 2924 quo
790 2895 839 2917 tam
855 2894 934 2918 diram

95 2930 116 2952 et
132 2928 219 2952 duram
243 2929 348 2959 perversi
370 2931 487 2960 propositi
510 2930 690 2955 obstinationem
715 2931 830 2961 incurrit,
846 2933 874 2956 ut
892 2938 934 2956 nec

97 2967 259 2996 familiaritate
275 2968 424 2993 contubernii
438 2976 480 2993 nec
496 2969 628 2994 humilitate
644 2970 749 3001 obsequii
764 2977 806 2994 nec
817 2970 934 2995 suavitate

1004 279 1231 316 pretiosissimum
1253 280 1353 308 Christi
1376 280 1536 317 sanguinem
1554 279 1614 308 vilis
1629 280 1762 309 mercedis
1783 289 1844 317 pre-

1005 326 1041 354 tio
1062 329 1267 362 compensaret3
1290 329 1379 355 tantae
1407 326 1525 363 denique
1551 326 1791 363 tnyrattlustinis,
1814 331 1845 356 ut

1003 380 1067 400 euni
1089 373 1135 409 qui
1157 373 1249 401 omnia
1270 373 1321 401 sibi
1343 373 1518 402 commiserat
1538 376 1565 401 et
1590 372 1624 401 ad
1645 373 1755 402 culmen
1780 382 1844 410 apo-

1002 418 1089 446 stolici
1112 419 1224 447 honoris
1246 422 1428 455 provexerat,
1443 419 1626 448 insectaretur
1640 419 1673 448 ad
1689 422 1804 448 mortem
1817 421 1843 454 ⁷;

1003 467 1093 492 tantae
1124 465 1269 499 duritiae,
1295 468 1327 493 ut
1357 473 1407 494 nec
1431 465 1615 495 familiaritate
1646 466 1762 495 convivii
1794 474 1844 495 nec

1003 510 1158 539 bumilitate
1185 511 1308 547 obsequii
1341 519 1391 540 nec
1419 512 1553 540 suavitate
1580 512 1707 549 colloquii
1737 520 1752 540 3
1780 520 1843 540 con-

1002 558 1080 592 cepta
1111 556 1213 584 malitia
1242 557 1363 593 potuerit
1390 558 1522 586 revocari.
1545 558 1567 585 Ο
1600 559 1669 586 111113
1691 558 1844 595 benignitas

1002 601 1121 638 Magistri
1153 602 1180 630 in
1206 602 1371 639 discipulum
1399 603 1518 638 durum,
1540 604 1576 641 pii
1610 605 1715 633 Domini
1737 605 1764 633 in
1786 613 1843 634 ser-

1002 655 1067 675 vum
1089 648 1305 684 nequissimum!
1328 649 1406 677 Certe
1435 649 1540 678 bonum
1568 655 1631 678 erat
1651 651 1686 685 ei,
1707 651 1735 679 si
1754 655 1844 680 natus

1001 702 1059 722 11011
1073 693 1178 731 suisset
1191 694 1274 723 liomo
1290 695 1334 724 ille
1345 695 1365 723 ὃ.
1382 712 1418 716 -
1434 697 1546 731 Verum,
1562 697 1624 726 licet
1644 698 1845 734 inexplicabihs

1001 740 1085 769 fuerit
1106 741 1254 777 proditoris
1276 742 1418 778 impietas,
1440 743 1466 771 in
1489 743 1654 772 immensum
1676 747 1766 773 tamen
1782 752 1842 773 cani

1001 790 1152 824 exsuperat
1173 788 1237 824 Agni
1259 788 1306 817 Dei
1328 789 1486 817 dulcissima
1500 790 1691 824 mansuetudo,
1707 791 1734 819 in
1749 799 1843 819 exem-

1002 834 1078 870 plum
1099 834 1162 862 data
1182 835 1345 864 mortalibus
1356 836 1375 869 ⁹,
1398 840 1428 864 111
1450 836 1502 864 iam
1525 845 1578 864 non
1600 837 1672 865 dicat
1701 837 1736 865 ab
1757 838 1843 866 amico

1001 884 1165 917 exasperata
1196 881 1318 910 humana
1348 882 1508 911 infirmitas:
1542 883 1574 911 Si
1595 883 1732 912 inimicas
1762 892 1843 912 ‘meus

1001 927 1195 956 maledixisset
1216 927 1304 962 milii,
1326 929 1528 957 sustinuissem
1561 929 1673 967 utique,
1694 930 1760 966 quia
1784 938 1843 958 ecce

1001 972 1083 1002 1101110
1104 974 1273 1008 unanimis,
1295 975 1347 1012 qui
1366 975 1428 1003 dux
1449 974 1602 1003 videbatur
1623 980 1649 1004 et
1674 980 1772 1009 notus,
1795 977 1842 1013 qui

1000 1019 1100 1048 Christi
1122 1029 1213 1057 panes
1240 1021 1338 1049 edebat
1363 1024 1390 1049 et
1422 1021 1448 1049 in
1480 1029 1558 1050 sacra
1589 1022 1634 1050 illa
1665 1030 1749 1051 coena
1779 1030 1842 1051 cuin

1000 1066 1063 1103 ipso
1084 1066 1181 1095 dulces
1195 1067 1328 1104 capiebat
1342 1067 1433 1101 cibos,
1448 1067 1651 1105 maynificauit
1664 1077 1753 1105 super
1777 1078 1843 1097 eum

999 1112 1280 1149 supplantationem!
1302 1114 1333 1142 Et
1361 1117 1450 1142 tamen
1483 1115 1574 1151 Agnus
1605 1114 1649 1143 ille
1681 1115 1843 1144 mitissimus

999 1166 1043 1192 os,
1065 1159 1096 1187 iu
1116 1168 1172 1197 quo
1193 1167 1251 1187 11011
1272 1163 1311 1188 est
1333 1160 1465 1188 iuventus
1480 1160 1580 1194 dolus,
1595 1161 1652 1195 ori,
1667 1161 1739 1198 quod
1755 1161 1843 1190 abun-

999 1205 1073 1234 davit
1092 1206 1211 1240 malitia,
1233 1206 1260 1234 in
1282 1206 1341 1243 ipsa
1362 1206 1524 1243 proditionis
1556 1207 1625 1235 hora
1645 1207 1721 1235 suavi
1748 1207 1843 1236 osculo

999 1252 1137 1288 applicare
1158 1260 1212 1281 non
1234 1253 1342 1287 renuit,
1364 1256 1396 1281 ut
1416 1253 1507 1282 omnia
1527 1253 1566 1282 illi
1594 1254 1749 1288 exhiberet,
1771 1262 1842 1291 quae

999 1298 1077 1334 pravi
1098 1298 1188 1327 cordis
1210 1298 1386 1335 pertinaciam
1409 1299 1533 1328 emollire
1554 1300 1716 1336 potuissent.

1226 1391 1315 1425 Iesus,
1338 1399 1428 1419 orans
1446 1395 1625 1428 prostratus.

1079 1484 1122 1511 118.
1146 1484 1244 1512 Sciens
1265 1492 1383 1521 namque
1405 1485 1487 1513 Iesus
1512 1485 1628 1519 omnia,
1656 1494 1731 1523 quae
1754 1494 1842 1523 super

997 1537 1063 1557 eum
1084 1533 1169 1558 erant
1184 1533 1315 1563 ventura,
1339 1530 1491 1559 secundum
1520 1530 1668 1559 altissimae
1689 1531 1842 1568 dispositio-

998 1576 1040 1605 nis
1061 1584 1209 1610 arcanum,
1231 1575 1338 1614 hymno
1359 1576 1452 1611 dicto,
1473 1577 1543 1605 exiit
1564 1577 1595 1605 in
1615 1577 1737 1606 Mentem
1752 1577 1842 1606 oliva-

997 1631 1067 1651 rum
1076 1623 1109 1656 ¹⁰,
1124 1631 1202 1652 more
1216 1623 1295 1652 solito
1310 1626 1442 1652 oraturus
1455 1623 1489 1652 ad
1505 1624 1620 1653 Patrem.
1636 1624 1668 1652 Et
1683 1627 1748 1653 tunc
1763 1633 1843 1661 prae-

997 1669 1089 1706 cipue,
1113 1669 1165 1698 13111
1188 1670 1285 1698 mortis
1313 1670 1430 1699 instante
1457 1678 1559 1707 agone,
1581 1679 1645 1699 cum
1673 1671 1842 1708 dispersione

997 1724 1028 1745 ac
1048 1716 1218 1751 desolatione,
1236 1717 1345 1750 ovium,
1367 1724 1437 1754 quas
1459 1717 1521 1754 pins
1541 1720 1635 1754 pastor
1656 1721 1752 1746 tenero
1767 1726 1841 1747 com-

997 1762 1163 1799 plexabatur
1193 1763 1308 1797 affectu,
1339 1763 1392 1792 11111
1423 1766 1477 1791 13111
1510 1764 1653 1792 horribilis
1684 1764 1711 1792 in
1741 1768 1841 1793 natura

996 1808 1096 1837 Christi
1118 1809 1239 1838 sensibili
1261 1810 1417 1846 imaginatio
1432 1810 1544 1844 mortis,
1560 1813 1591 1838 ut
1604 1810 1723 1839 diceret:
1739 1811 1840 1845 Pater,

996 1855 1024 1883 si
1042 1854 1109 1892 sieri
1125 1859 1232 1892 potest,
1255 1859 1386 1884 transeat
1413 1864 1433 1884 a
1453 1865 1497 1885 me
1517 1856 1596 1885 catix
1616 1856 1668 1885 iste
1680 1857 1711 1885 ¹¹.
1733 1857 1841 1893 Quanta

996 1909 1062 1930 vero
1083 1901 1167 1930 fuerit
1187 1902 1214 1930 in
1236 1902 1336 1938 spiritu
1359 1902 1545 1939 Redemptoris
1567 1911 1617 1939 pro
1635 1903 1751 1932 diversis
1775 1911 1839 1932 cau-

996 1948 1034 1976 sis
1054 1948 1195 1982 anxietas,
1224 1951 1307 1977 testes
1338 1952 1403 1977 sunt
1430 1952 1524 1985 guttae
1555 1949 1665 1978 sudoris
1696 1950 1838 1987 sanguinei

996 2002 1032 2023 ex
1053 1997 1110 2023 toto
1131 2002 1246 2031 corpore
1267 1994 1441 2023 decurrentis
1462 1994 1489 2023 in
1511 1997 1623 2024 terram.

1078 2052 1091 2066 α
1103 2041 1262 2070 Dominator
1277 2042 1391 2070 Domine
1407 2042 1475 2076 lesu,
1491 2041 1563 2070 unde
1582 2042 1688 2071 animae
1703 2045 1767 2070 tuae
1782 2045 1837 2070 tam

995 2087 1144 2116 vehemens
1163 2087 1289 2116 anxietas
1310 2090 1337 2116 et
1358 2088 1441 2116 anxia
1472 2088 1657 2124 supplicatio?
1678 2088 1771 2117 Nonne
1792 2096 1838 2117 vo-

994 2134 1146 2163 luntarium
1168 2134 1279 2162 omnino
1295 2134 1365 2162 Patri
1380 2134 1546 2163 sacrificium
1561 2134 1684 2163 obtulisti
1694 2135 1717 2151 ¹2
1729 2147 1742 2160 ι)
1755 2138 1766 2163 ‘2
1787 2135 1838 2163 Ve-

994 2189 1058 2209 rum
1080 2183 1126 2214 ut,
1148 2188 1242 2209 veram
1262 2181 1290 2208 in
1312 2183 1338 2209 te
1360 2180 1502 2209 credentes
1527 2183 1636 2210 nostrae
1663 2181 1838 2210 mortalitatis

994 2230 1132 2262 naturam,
1147 2227 1332 2256 formaremur
1344 2227 1367 2244 ¹⁸
1389 2227 1422 2255 ad
1442 2226 1528 2264 fidem
1542 2230 1569 2256 et
1584 2227 1611 2256 in
1627 2227 1836 2256 tribulationum

994 2391 1105 2422 colloquii
1120 2398 1162 2415 nec
1178 2390 1340 2414 mulcebritatc
1357 2390 1433 2414 osculi
1457 2397 1472 2414 a
1497 2392 1607 2420 concepta
1624 2394 1667 2413 etr.
1687 2403 1717 2406 -—
1734 2391 1776 2413 Pro
1794 2391 1836 2414 ttu-

993 2430 1092 2453 mititate
1108 2429 1213 2460 obsequii
1228 2431 1280 2452 vat.
1296 2436 1349 2452 eum
1367 2430 1444 2452 multis
1461 2429 1529 2452 codd.
1546 2428 1693 2452 humanitate
1704 2428 1814 2459 obsequii.

1056 2468 1065 2481 Β
1083 2470 1160 2491 Mattli.
1177 2469 1218 2496 26,
1235 2469 1273 2491 24.
1290 2482 1320 2485 -
1337 2470 1412 2497 Supra
1429 2471 1481 2496 post
1497 2468 1588 2491 durum
1606 2469 1655 2491 Vat.
1676 2468 1740 2491 addit
1756 2469 1789 2496 et,
1810 2474 1836 2491 ac

993 2507 1052 2530 intra
1069 2513 1112 2535 pro
1132 2507 1233 2535 Verum,
1254 2507 1306 2530 licet
1323 2507 1392 2529 habet
1408 2506 1455 2530 Sed
1471 2506 1588 2536 quamuis.

1055 2545 1064 2558 ⁹
1081 2546 1152 2569 Codd.
1171 2546 1303 2569 ACFWZ
1320 2546 1420 2568 addunt:
1437 2545 1470 2568 ad
1486 2545 1579 2568 illatam
1596 2545 1666 2568 ettam
1682 2544 1775 2573 abhis,
1793 2546 1834 2574 qui

992 2585 1122 2608 retribuunt
1139 2585 1197 2607 mala
1209 2591 1251 2613 pro
1263 2584 1330 2607 bonis
1348 2584 1394 2613 [ΡΞ.
1413 2584 1450 2612 34,
1466 2584 1519 2613 12.],
1531 2583 1646 2607 iniurium
1656 2583 1833 2613 perferendam,

994 2625 1020 2646 ut
1036 2623 1091 2646 ium.
1108 2623 1194 2645 Deinde
1211 2629 1253 2651 pro
1274 2622 1382 2646 1101110110.
1407 2622 1534 2653 infirmitas
1558 2623 1609 2644 vat.
1634 2621 1778 2646 humanitas.
1806 2635 1836 2638 —

992 2664 1118 2691 sequentes
1136 2662 1179 2685 loci
1196 2665 1249 2684 sunt
1266 2663 1300 2684 ΡΒ.
1319 2662 1360 2689 54,
1381 2662 1415 2684 13.
1435 2664 1457 2684 et
1474 2661 1517 2689 40,
1535 2662 1576 2688 10,
1594 2662 1608 2684 1.
1627 2662 1684 2684 Petr.
1703 2662 1730 2688 2,
1748 2662 1784 2684 22.
1803 2661 1835 2683 De

992 2701 1069 2724 ultima
1088 2701 1245 2729 propositione
1261 2702 1302 2723 etr.
1319 2701 1418 2723 Anselm.
1437 2700 1534 2723 Meditat.
1553 2701 1574 2722 9.

1055 2739 1075 2752 ¹⁰
1092 2740 1153 2762 ioan.
1171 2740 1212 2766 18,
1231 2739 1256 2766 4,
1274 2740 1350 2762 11131111.
1368 2740 1409 2767 26,
1427 2740 1464 2761 30.
1481 2752 1512 2755 -
1530 2739 1603 2767 Supra
1623 2739 1731 2762 ACFW
1743 2740 1759 2762 Z
1779 2742 1801 2762 et
1825 2740 1829 2761 l

992 2778 1116 2806 incipiunt:
1133 2777 1209 2808 lyitnr
1232 2778 1292 2801 tiora
1313 2777 1456 2808 proditionis
1481 2778 1593 2806 instante,
1610 2778 1685 2801 sciens
1711 2779 1791 2806 11303,-
1813 2781 1835 2801 et

993 2818 1048 2840 infra
1066 2820 1119 2845 post
1134 2816 1278 2846 dispersione
1297 2817 1348 2839 Vat.
1373 2817 1437 2839 addit
1461 2823 1566 2846 quoque,
1591 2820 1613 2839 et
1637 2820 1689 2839 ante
1713 2816 1834 2840 [torribilis

991 2855 1074 2878 omittit
1091 2857 1148 2878 10111.

1054 2893 1071 2906 ¹¹
1090 2894 1165 2915 Matth.
1184 2893 1226 2920 26,
1243 2893 1280 2915 39.
1299 2893 1330 2916 De
1346 2894 1431 2916 sudore
1447 2893 1575 2922 sanguineo
1592 2893 1646 2916 vide
1663 2894 1717 2917 Luc.
1735 2895 1771 2922 22,
1788 2894 1825 2916 44.

1055 2932 1072 2947 ¹²
1089 2933 1202 2960 Ansclm.,
1220 2932 1318 2955 Meditat.
1336 2933 1371 2960 9.,
1388 2932 1429 2955 ubi
1446 2933 1514 2955 etiam
1531 2933 1650 2962 sequentia
1668 2933 1819 2956 insinuantur.

1053 2970 1072 2984 ¹⁵
1089 2972 1139 2994 Vat.
1156 2971 1296 3001 formemur.
1315 2984 1343 2987 —
1361 2972 1416 2994 intra
1434 2972 1555 3000 respicitur
1573 2972 1621 2994 lsai.
1641 2973 1681 3001 53,
1701 2972 1720 2994 4.

1873 705 1973 724 salvatoris

1857 728 1987 747 mansuetudo.

1877 797 1987 821 Exemplum

1860 821 1930 839 Christi
1947 821 1987 839 imi-

1860 844 1944 862 tandum.

1882 1679 1954 1702 Agonia
1968 1679 1986 1697 in

1859 1702 1921 1722 Monte
1930 1703 1987 1721 oliva-

1858 1731 1906 1744 rum.

1867 2049 1930 2069 Oratio
1943 2050 1967 2068 ad

1866 2074 1967 2092 Dominum

1883 2097 1950 2115 lesum.
