2133 3317
485 200 682 229 OPUSCULUM
703 200 790 228 xxitl.
813 199 964 228 LEGENDA
987 200 1100 229 SANCTI
1122 202 1294 230 FRANCISCI.
1316 202 1383 231 CAP.
1407 203 1459 231 Vll.

182 278 208 305 8.
230 277 432 314 Nonnunquam
464 277 573 306 Fratres
604 277 637 306 ad
659 277 808 314 petendum
830 278 946 306 eleemo-

0 335 89 374 mfflw
105 331 198 361 synam
220 324 348 358 hortans,
377 324 469 352 verbis
496 324 628 352 utebatur
656 324 832 352 huiusmodi:
863 335 875 348 α
892 325 945 358 lte,

105 370 208 407 inquit,
230 370 359 407 qnoniam
380 370 431 398 hac
453 370 602 399 novissima
623 370 692 398 hora
705 370 815 399 Fratres
829 370 947 399 Minores

105 416 265 446 commodati
288 419 353 445 sunt
374 416 492 450 mundo,
514 419 546 444 ut
572 416 650 445 electi
679 417 705 445 in
734 417 773 445 eis
799 417 946 454 impleant,

104 463 176 493 unde
196 471 211 491 a
233 463 323 492 Iudice
344 463 588 497 commendentur,
614 463 682 492 illud
710 463 853 492 audientes
884 472 946 492 sua-

104 509 246 539 vissimum
268 509 384 538 verbum
401 511 427 537 ¹:
451 510 602 545 Quamdiu
622 509 732 547 fecistis
761 510 815 538 uni
839 519 873 538 eac
902 509 947 539 lzz's

103 555 251 593 fratribus
271 556 342 584 meis
362 556 508 590 minimis,
532 555 605 584 milii
618 555 728 593 fecistis
743 568 769 584 ».
793 557 946 585 Iucundum

104 602 216 640 proinde
237 602 345 631 dicebat
365 602 418 631 sub
439 603 565 631 Fratrum
588 603 725 631 Minorum
747 603 827 631 titulo
842 603 947 632 mendi—

104 657 181 683 care,
203 657 285 686 quem
308 649 334 677 in
357 649 541 678 retributione
561 649 699 678 iustorum
714 650 886 686 evangelicae
901 657 946 678 ve-

104 696 192 725 ritatis
213 695 340 732 Magister
361 703 409 724 ore
430 704 481 724 suo
501 699 557 724 tam
578 695 719 732 signanter
740 696 886 732 expressit.
910 712 946 716 -

79 761 85 767 -
103 742 221 771 Infestis
235 750 347 779 quoqne
365 742 533 779 praecipuis,
554 742 601 771 ubi
623 743 815 779 opportunitas
836 743 945 777 aderat,

102 789 257 819 mendicare
278 789 375 818 solitus
389 792 461 823 erat,
476 789 584 822 dicens,
606 790 633 817 in
655 789 756 818 sanctis
777 790 947 826 pauperibus

102 836 294 874 propheticum
308 836 374 864 illud
384 836 394 852 ²
409 836 533 872 impleri:
546 836 657 864 Panem
672 836 850 873 Aiiyelorum
865 845 947 864 man-

102 882 221 911 ducavit
242 881 334 911 homo.
358 882 435 911 Illum
458 890 523 911 sane
545 890 642 919 panem
659 882 813 919 angelicum
836 890 894 911 esse
909 882 946 911 di-

102 929 195 963 cebat,
217 937 299 966 quem
324 937 375 966 pro
395 929 443 958 Dei
466 929 582 966 petitum
604 937 710 962 amore,
732 932 759 957 et
780 929 867 957 beatis
881 937 945 965 sug-

101 976 262 1013 gerentibus
282 976 404 1013 Angelis,
427 984 477 1013 pro
498 975 586 1012 ipsius
606 976 720 1004 caritate
739 975 867 1012 largitum
884 983 945 1003 san-

101 1026 144 1052 cta
165 1025 314 1060 paupertas
336 1023 438 1059 colligit
459 1023 587 1051 ostiatim.

181 1070 206 1097 9.
229 1069 304 1098 Unde
325 1077 388 1098 cum
415 1070 498 1098 semel
520 1070 563 1098 die
585 1072 679 1098 sancto
700 1069 817 1098 Paschae
838 1077 943 1097 moram

65 1120 70 1124 '
102 1117 204 1146 faceret
225 1117 251 1145 in
274 1117 432 1145 eremitorio
454 1117 572 1153 quodam
595 1116 662 1145 adeo
684 1116 719 1145 ab
740 1116 884 1144 hominum
900 1116 946 1144 ha-

69 1182 74 1186 ·
102 1164 232 1193 bitatione
254 1166 376 1197 remoto,
398 1163 470 1200 quod
487 1163 628 1192 commode
642 1163 799 1191 mendicare
813 1171 867 1191 non
884 1170 945 1199 pos-

102 1213 157 1245 set;
178 1218 284 1239 memor
306 1210 379 1239 illius
400 1210 447 1247 qui
470 1210 611 1246 discipulis
626 1209 757 1238 euntibus
771 1209 798 1237 in
818 1209 946 1238 Emmaus

102 1257 161 1295 ipso
181 1257 225 1286 die
246 1257 274 1285 in
296 1257 386 1294 specie
408 1256 545 1293 peregrini
567 1256 697 1293 apparuit
712 1256 732 1290 ³,
753 1256 788 1284 ab
802 1256 869 1292 ipsis
883 1256 945 1284 Fra-

101 1304 192 1333 tribus
213 1303 413 1339 eleemosynam
437 1303 515 1340 petiit
536 1306 567 1331 ut
589 1302 753 1339 peregrinus
774 1305 801 1331 et
832 1310 946 1339 pauper.

102 1351 189 1387 Quam
211 1358 274 1379 cum
289 1350 439 1386 accepisset
453 1349 612 1383 humiliter,
627 1349 713 1378 sacris
727 1357 774 1378 eos
789 1349 946 1377 informavit

101 1397 232 1434 eloquiis,
254 1396 328 1434 quod
350 1399 526 1425 transeuntes
547 1404 596 1433 per
616 1396 711 1424 mnndi
730 1395 871 1424 desertum
887 1398 946 1424 tan—

101 1452 184 1481 quam
196 1443 334 1481 peregrini
346 1446 373 1472 et
384 1443 505 1472 advenae
516 1443 630 1480 verique
642 1443 754 1472 Hebraei
766 1441 882 1471 pascha
896 1443 946 1471 Do-

100 1490 186 1525 mini,
210 1491 261 1519 hoc
275 1494 316 1519 est
331 1490 477 1518 transitum
493 1498 528 1518 ex
542 1489 594 1518 hoc
608 1490 718 1518 mundo
733 1490 772 1518 ad
788 1490 909 1518 Patrem
923 1491 945 1522 4,

102 1538 130 1567 in
150 1541 314 1575 paupertate
335 1537 449 1574 spiritus
470 1537 599 1566 continue
621 1537 800 1566 celebrarent.
824 1537 855 1565 Et
875 1544 945 1573 quo-

101 1585 173 1614 niam
195 1585 222 1613 in
244 1584 368 1621 petendis
388 1583 568 1620 eleemosynis
588 1592 642 1612 non
661 1587 793 1620 quaestus
811 1583 945 1620 agebatur

101 1631 237 1668 cupidine,
252 1631 299 1660 sed
314 1630 429 1668 spiritus
444 1630 585 1665 libertate;
601 1631 680 1659 Pater
695 1638 859 1667 pauperum,
871 1630 945 1659 Deus

101 1677 245 1715 specialem
267 1677 300 1706 de
321 1677 381 1714 ipso
402 1685 497 1706 curam
519 1684 617 1714 gerere
639 1676 792 1705 videbatur.

181 1725 224 1752 10.
247 1724 349 1753 Accidit
363 1724 436 1752 enim
452 1724 536 1753 semel
551 1724 571 1758 ⁵,
594 1726 625 1752 ut
639 1723 799 1752 infirmitate
814 1725 945 1759 gravatus

100 1771 207 1800 Domini
229 1779 327 1800 servus
348 1771 375 1799 in
394 1771 454 1800 loco
468 1771 597 1800 Noceriae
612 1770 794 1799 reduceretur
812 1769 943 1799 Assisium

53 1809 58 1815 ’
100 1825 149 1855 per
170 1818 305 1847 solemnes
326 1818 453 1851 nuntios,
474 1818 509 1846 ad
530 1817 581 1846 hoc
603 1817 757 1846 Assisinatis
779 1816 871 1854 populi
898 1816 946 1845 de-

100 1865 210 1894 votione
230 1864 415 1893 transmissos.
431 1864 482 1900 Qui
498 1864 599 1893 Christi
614 1864 749 1892 famulum
765 1863 944 1897 deducentes,

100 1911 134 1940 ad
154 1911 247 1940 villam
268 1911 406 1948 quandam
421 1911 592 1939 devenerunt
606 1910 820 1947 pauperculam,
835 1909 945 1938 nomine

100 1958 277 1987 Sathrianum
294 1958 315 1992 ⁶,
336 1957 401 1991 ubi,
422 1965 486 1986 cum
507 1957 593 1985 sames
613 1960 640 1985 et
661 1957 730 1985 hora
750 1956 842 1985 cibum
858 1964 943 1993 expe-

100 2007 207 2039 terent,
229 2007 327 2033 euntes
348 2007 376 2032 et
396 2004 465 2032 nihil
487 2003 656 2032 invenientes
670 2003 781 2037 venale,
803 2003 881 2031 vacui
901 2010 944 2031 re-

99 2050 219 2080 dierunt.
242 2051 278 2079 Ad
300 2058 371 2088 quos
392 2050 434 2079 vir
449 2053 576 2078 sanctus:
604 2061 617 2074 <r
632 2049 692 2078 Ideo
705 2049 773 2077 nihil
788 2049 944 2083 invenistis,

100 2097 165 2135 quia
179 2097 242 2135 plus
263 2098 290 2126 in
311 2097 414 2126 muscis
435 2097 535 2126 vestris
555 2105 638 2134 quam
655 2096 682 2124 in
704 2096 760 2125 Deo
780 2096 939 2124 confiditis»

101 2161 136 2164 —
157 2151 267 2173 muscas
287 2151 386 2181 nempe
400 2143 527 2172 denarios
548 2143 656 2172 vocavit
669 2159 707 2164 —
733 2154 745 2167 «
761 2142 808 2171 sed
830 2142 944 2171 reverti-

99 2190 182 2225 mini,
205 2191 257 2224 ait,
279 2198 328 2227 per
353 2190 463 2224 domos,
492 2198 561 2227 quas
590 2189 743 2224 circuistis,
768 2192 795 2218 et
822 2196 944 2218 amorem

101 2237 149 2267 Dei
170 2237 317 2266 offerentes
331 2237 342 2254 ⁷
371 2245 422 2274 pro
449 2237 554 2274 pretio,
576 2236 718 2265 humiliter
743 2236 943 2272 eleemosynam

102 2284 246 2321 postulate.
268 2284 322 2313 Nec
342 2284 410 2312 salsa
430 2283 457 2312 id
478 2283 666 2312 aestimatione
686 2282 871 2311 verecundum
894 2290 945 2319 pu-

101 2331 163 2360 tetis
193 2334 241 2360 aut
270 2331 338 2365 vile,
368 2330 496 2368 quoniam
526 2330 656 2359 universa
690 2329 717 2358 in
744 2329 944 2365 eleemosynam

1004 281 1065 315 post
1086 282 1229 315 peccatum
1245 279 1333 316 dignis
1354 284 1380 309 et
1401 280 1519 318 indignis
1540 281 1777 317 Eleemosynai·ius
1802 281 1847 309 ille

1004 332 1120 361 magnus
1142 325 1268 362 largiflua
1289 326 1389 362 pietate
1410 327 1584 356 concessit».
1613 327 1760 363 Deponunt
1781 334 1846 355 eru-

1004 370 1168 399 bescentiam
1185 372 1284 400 milites
1298 372 1318 405 ⁸,
1340 376 1367 401 et
1381 373 1580 409 eleemosynam
1596 376 1692 410 sponte
1707 376 1831 410 petentes
1841 396 1848 407 ,

1004 418 1086 454 plura
1107 426 1156 454 pro
1178 418 1224 446 Dei
1240 427 1334 447 amore
1348 428 1430 456 quam
1446 419 1566 448 denariis
1580 423 1683 448 emunt.
1706 419 1845 456 Siquidem

1003 464 1096 493 divino
1117 468 1188 493 nutu
1212 465 1294 494 corde
1315 466 1487 502 compuncti,
1509 474 1645 503 pauperes
1667 466 1770 495 incolae
1792 474 1846 494 non

1004 511 1094 539 solum
1116 519 1181 545 sua,
1209 511 1255 540 sed
1284 515 1311 540 et
1338 520 1367 541 se
1395 512 1468 549 ipsos
1496 513 1645 541 liberaliter
1672 513 1842 541 obtulerunt.

1004 557 1102 594 Sicque
1116 557 1218 586 factum
1234 561 1287 592 est,
1303 561 1334 586 ut
1349 559 1477 595 inopiam,
1493 567 1575 596 quam
1592 559 1708 596 pecunia
1723 559 1846 588 relevare

1004 612 1057 632 non
1080 607 1201 641 poterat,
1223 605 1357 633 Francisci
1380 606 1526 642 pauperies
1547 606 1677 642 opulenta
1695 606 1845 642 suppleret.

1085 652 1128 679 11.
1151 651 1300 687 Tempore,
1316 660 1371 688 quo
1386 651 1514 680 infirmus
1528 652 1633 681 iacebat
1647 652 1673 680 in
1689 652 1847 681 eremitorio
1860 660 1938 679 Animus
1947 660 1994 679 San-

1003 705 1089 734 prope
1111 698 1208 731 Reate,
1229 698 1352 726 medicus
1374 698 1485 735 quidam
1511 702 1667 735 opportuno
1698 707 1761 727 eum
1793 699 1848 727 sre-

1003 744 1154 780 quentabat
1174 744 1264 772 officio
1279 744 1297 772 ⁹.
1320 745 1388 773 Cum
1410 748 1502 773 autem
1532 745 1633 774 Christi
1663 753 1768 782 pauper
1796 746 1847 773 im—

1003 794 1100 827 potens
1121 794 1192 819 esset
1212 791 1245 819 ad
1268 791 1469 827 rependendam
1492 791 1646 820 mercedem
1675 791 1760 820 labori
1783 800 1847 820 con-

1002 837 1111 873 dignam
1121 860 1128 871 ,
1151 837 1359 866 liberalissimus
1373 838 1462 871 Deus,
1478 846 1511 866 ne
1526 838 1617 875 ipsum
1632 838 1691 867 sine
1709 838 1845 874 praesenti

1003 884 1227 912 remuneratione
1247 884 1413 918 dimitteret,
1434 885 1510 921 pium
1533 885 1593 913 eius
1607 885 1771 921 obsequium
1794 885 1845 913 hoc

1003 938 1059 958 uno
1080 930 1212 959 beneficio
1233 931 1291 959 vice
1313 931 1442 968 pauperis
1464 931 1657 968 compensavit.
1673 932 1759 959 Huius
1774 931 1846 959 enim

1002 977 1099 1005 medici
1122 977 1236 1011 domus,
1258 986 1341 1014 quam
1366 981 1431 1006 tunc
1454 978 1584 1014 temporis
1605 986 1640 1006 ex
1663 978 1735 1006 omni
1769 978 1846 1006 lucro

1003 1031 1053 1051 suo
1074 1023 1107 1051 de
1129 1031 1199 1051 novo
1220 1027 1433 1058 construxerat,
1455 1024 1591 1060 parietum
1607 1024 1701 1060 patula
1716 1024 1845 1052 scissione

1002 1078 1018 1098 a
1039 1077 1148 1098 summo
1164 1078 1252 1106 usque
1273 1070 1402 1099 deorsum
1418 1071 1485 1099 adeo
1500 1070 1533 1099 de
1548 1071 1677 1107 proximo
1688 1070 1845 1099 minabatur

1003 1115 1128 1150 ruinam,
1150 1116 1223 1152 quod
1245 1124 1298 1144 non
1322 1116 1466 1145 videbatur
1488 1125 1536 1154 per
1559 1117 1696 1145 humanae
1717 1117 1784 1145 artis
1806 1117 1846 1145 in-

1003 1162 1136 1191 dustriam
1160 1163 1287 1199 possibile
1309 1163 1395 1200 ipsius
1416 1163 1490 1192 casui
1519 1163 1623 1192 obviari
1640 1164 1670 1191 ¹⁰.
1694 1164 1751 1200 lpse
1781 1171 1845 1192 vero

1003 1208 1036 1237 de
1057 1209 1142 1237 sancti
1166 1209 1217 1237 viri
1239 1209 1345 1238 meritis
1366 1210 1445 1246 plene
1467 1209 1618 1243 confidens,
1640 1218 1703 1238 cum
1732 1217 1845 1246 magnae

1003 1255 1064 1284 fidei
1087 1255 1230 1284 devotione
1252 1256 1347 1292 petivit
1368 1265 1384 1285 a
1404 1257 1484 1285 sociis
1505 1257 1579 1291 eius,
1601 1257 1702 1293 aliquid
1719 1256 1769 1285 sibi
1782 1264 1846 1285 con-

1003 1302 1077 1336 cedi,
1099 1302 1173 1339 quod
1195 1302 1266 1331 idem
1289 1303 1331 1331 vir
1346 1303 1393 1332 Dei
1410 1303 1536 1331 manibus
1551 1306 1754 1332 contrectasset.
1777 1303 1845 1331 Cum

1003 1350 1088 1386 igitur
1109 1349 1247 1378 modicum
1270 1350 1303 1378 de
1324 1350 1429 1386 capillis
1449 1350 1536 1387 ipsius
1558 1350 1645 1379 multa
1666 1358 1780 1387 precum
1799 1350 1845 1378 oh-

1003 1399 1110 1425 tentum
1131 1396 1260 1425 instantia
1283 1397 1419 1433 posuisset
1439 1397 1472 1426 de
1494 1405 1556 1426 sero
1584 1397 1657 1425 intra
1678 1397 1749 1425 muri
1779 1396 1845 1425 scis-

1003 1450 1113 1476 suram;
1129 1450 1208 1471 mane
1236 1450 1422 1479 consurgens,
1451 1446 1526 1471 tanta
1554 1443 1657 1472 invenit
1684 1445 1844 1479 aperturam

1003 1490 1076 1518 illam
1098 1489 1233 1518 soliditate
1254 1490 1427 1524 conclusam,
1449 1493 1480 1518 ut
1500 1497 1550 1518 nec
1572 1489 1704 1527 reliquias
1732 1489 1767 1518 ibi
1797 1497 1845 1526 po-

1003 1536 1068 1565 sitas
1083 1539 1174 1573 posset
1188 1537 1354 1569 extrahere,
1369 1544 1419 1565 nec
1434 1537 1570 1565 scissurae
1585 1536 1686 1573 prioris
1700 1536 1845 1573 vestigium

1002 1583 1112 1620 aliquod
1133 1583 1272 1617 invenire;
1288 1583 1447 1620 factumque
1461 1586 1518 1617 est,
1533 1586 1577 1617 ut,
1593 1583 1641 1620 qui
1658 1583 1770 1611 ruinoso
1785 1591 1845 1611 cor-

1002 1630 1119 1667 pusculo
1140 1630 1211 1658 servi
1227 1630 1275 1658 Dei
1291 1630 1384 1658 sedule
1399 1630 1585 1664 ministrarat,
1601 1629 1726 1658 ruiturae
1744 1630 1842 1658 domus

1001 1677 1130 1714 propriae
1151 1677 1275 1713 periculo
1297 1679 1482 1713 praecaveret.

1083 1725 1126 1752 12.
1149 1723 1205 1751 Alio
1219 1731 1331 1760 quoque
1352 1726 1475 1760 tempore
1491 1724 1511 1740 ¹¹
1536 1723 1579 1752 vir
1594 1723 1640 1752 Dei
1656 1723 1690 1752 ad
1705 1723 1843 1760 quandam

1002 1777 1127 1799 eremum
1149 1769 1299 1798 transferre
1321 1777 1349 1798 se
1376 1770 1485 1803 volens,
1513 1773 1545 1798 ut
1573 1770 1610 1798 ibi
1638 1770 1753 1799 liberius
1780 1778 1844 1798 con-

1003 1816 1171 1853 templationi
1193 1819 1316 1850 vacaret,
1338 1816 1403 1853 quia
1423 1816 1520 1845 debilis
1541 1820 1616 1851 erat,
1634 1816 1777 1845 cuiusdam
1792 1817 1844 1845 viri

1002 1862 1132 1900 pauperis
1154 1862 1315 1891 vectabatur
1336 1863 1428 1891 asello.
1460 1863 1585 1900 Cumque
1611 1862 1709 1891 diebus
1735 1862 1845 1891 aestivis

1001 1910 1137 1938 famulum
1159 1909 1260 1938 Christi
1283 1909 1423 1946 sequendo
1443 1910 1485 1938 vir
1507 1909 1551 1938 ille
1573 1912 1702 1938 montana
1716 1917 1845 1938 conscen-

1002 1956 1095 1990 deret,
1116 1956 1265 1993 asperioris
1286 1959 1313 1985 et
1334 1956 1465 1993 longioris
1486 1956 1546 1985 viae
1567 1956 1665 1985 itinere
1679 1955 1808 1992 fatigatus
1825 1955 1845 1972 ¹²

1002 2002 1143 2039 nimioque
1164 2002 1223 2031 sitis
1243 2002 1342 2031 ardore
1363 2003 1507 2037 deficiens,
1529 2003 1663 2031 instanter
1684 2003 1773 2039 coepit
1791 2002 1846 2031 cla-

1001 2056 1078 2076 mare
1099 2050 1160 2085 post
1181 2049 1326 2077 Sanctum:
1353 2060 1366 2073 ‹t
1383 2049 1434 2083 En,
1455 2049 1572 2083 morior,
1594 2049 1700 2086 inquit,
1718 2049 1778 2083 siti,
1793 2048 1844 2077 nisi

1001 2095 1091 2131 poculi
1114 2095 1231 2124 alicuius
1246 2095 1378 2124 beneficio
1393 2095 1523 2124 continuo
1538 2096 1674 2124 refociller
1688 2107 1714 2123 ».
1737 2095 1845 2132 Absque

1001 2149 1079 2170 mora
1100 2141 1142 2170 vir
1163 2141 1210 2170 Dei
1233 2142 1368 2178 prosilivit
1389 2142 1422 2170 (le
1443 2142 1532 2176 asino,
1564 2145 1591 2171 et
1621 2142 1686 2170 fixis
1718 2142 1744 2170 in
1772 2145 1846 2170 terra

1001 2188 1133 2226 genibus,
1155 2189 1259 2225 palmas
1280 2188 1395 2217 tetendit
1416 2189 1443 2217 in
1464 2189 1587 2223 caelum,
1608 2196 1690 2217 orare
1711 2196 1764 2217 non
1787 2196 1845 2217 ces-

1872 683 1896 702 cti
1910 685 1980 707 gratus.

1882 1730 1970 1749 miraculo

1861 1755 1991 1796 pomfflffme'

1001 2243 1081 2269 sans,
1102 2235 1188 2263 donec
1210 2243 1238 2263 se
1264 2235 1398 2264 intellexit
1421 2235 1555 2264 auditum.
1578 2235 1708 2265 Oratione
1735 2235 1845 2264 tandem
1870 2235 1872 2237 ’

1001 2282 1094 2310 finita:
1109 2293 1125 2321 .“
1136 2282 1258 2316 Festina,
1273 2282 1364 2319 inquit
1376 2282 1450 2316 viro,
1465 2282 1497 2310 ad
1514 2286 1620 2319 petram
1636 2285 1663 2311 et
1678 2282 1732 2311 illic
1743 2289 1844 2318 aquam

1002 2329 1091 2357 vivam
1117 2328 1254 2363 invenies,
1276 2337 1358 2365 quam
1381 2328 1429 2357 tibi
1452 2329 1502 2357 hac
1534 2329 1603 2357 hora
1630 2328 1844 2357 misericorditer

163 2516 169 2528 ¹
189 2517 264 2538 Matth.
287 2517 329 2543 25,
353 2516 393 2543 ⁴0,
420 2519 471 2544 post
496 2522 565 2544 quem
592 2516 610 2537 l(
637 2515 712 2538 addit:
738 2515 767 2538 El
786 2517 841 2545 pust
862 2521 943 2544 panca

102 2553 135 2584 [v.
163 2554 222 2583 45ss
247 2554 366 2582 Quamdiu
390 2560 438 2577 mm
461 2554 546 2583 fecistis
569 2554 612 2576 imi
633 2553 660 2576 de
682 2553 813 2576 minoribus
836 2554 883 2582 his,
901 2560 943 2577 uec

101 2592 160 2616 mihi
175 2593 269 2622 fecisli's.
286 2605 316 2609 —
335 2593 426 2615 inferius
444 2596 495 2621 post
512 2592 601 2615 dicebat
619 2593 637 2614 R
656 2593 720 2615 addit
737 2592 773 2616 vir
790 2594 895 2616 sauctus.

163 2630 172 2643 ²
189 2632 270 2654 Psalm.
288 2632 329 2660 77,
347 2632 384 2654 25.

165 2668 174 2681 ³
189 2671 244 2693 Luc.
261 2670 304 2697 24,
323 2671 359 2693 15.
377 2677 442 2699 seqq.
458 2682 489 2687 --
514 2670 625 2698 Superius
642 2673 693 2698 post
713 2669 775 2692 Unde
798 2676 852 2692 cum
873 2669 944 2692 semel

103 2709 121 2730 Α
137 2708 199 2731 addit
216 2710 311 2732 secreto.

164 2747 173 2761 ⁴
192 2749 260 2771 Exod.
282 2749 321 2775 12,
340 2749 377 2770 ll:
398 2749 436 2770 Est
453 2748 512 2770 enim
532 2748 614 2775 phase,
633 2748 654 2770 id
672 2751 706 2770 est
723 2748 830 2770 transitus
845 2747 942 2769 Domini.

104 2788 163 2810 loan.
183 2788 222 2814 13,
243 2788 266 2809 l:
283 2788 341 2810 Ante
366 2787 427 2809 diem
456 2788 537 2809 tostum
558 2788 670 2813 Paschae,
695 2787 768 2808 sciens
790 2787 864 2812 lesus,
889 2786 943 2814 quia

103 2826 165 2849 venit
182 2827 235 2848 hora
254 2826 314 2853 eins,
333 2828 356 2848 ut
373 2829 473 2848 transeat
489 2832 515 2848 ex
533 2827 575 2848 hoc
593 2825 680 2847 mundo
697 2825 726 2847 ad
743 2825 831 2847 Patrem
844 2827 886 2847 etc.
898 2824 944 2847 Csr.

104 2865 237 2893 Wadding„
255 2866 298 2887 loc.
314 2865 359 2893 cit„
377 2865 404 2887 ad
423 2871 458 2887 an.
479 2865 550 2891 «1210,
568 2871 591 2886 n.
609 2864 645 2886 sifi.
662 2877 691 2880 —
709 2864 802 2886 interius
820 2869 861 2891 pro
879 2862 943 2886 liber-

104 2904 149 2926 tate
166 2904 182 2926 B
200 2903 312 2927 ιιρενίιιιε.

165 2942 174 2954 ⁵
191 2943 249 2965 Vide
267 2943 400 2970 Wadding„
418 2943 459 2965 loc.
478 2943 522 2970 cit.,
539 2942 567 2964 ad
585 2948 622 2964 an.
645 2942 713 2968 1225,
730 2948 754 2963 n.
774 2942 807 2963 ¹2.

165 2981 174 2994 ⁰
192 2983 220 3004 lta
238 2983 431 3005 ABDEFGlm
450 2982 562 3011 multique
579 2981 647 3004 codd.
665 2987 710 3003 non
728 2981 813 3009 collati;
830 2980 884 3003 edd.
902 2980 943 3003 Su-

999 2514 1106 2538 tltiuuum
1126 2515 1174 2542 (cfr.
1193 2520 1263 2542 supra
1282 2520 1335 2541 pag.
1354 2513 1412 2540 5517,
1430 2516 1481 2535 nota
1501 2513 1526 2540 3;
1539 2513 1635 2535 Wadd.:
1650 2513 1671 2535 in
1684 2512 1792 2535 comitatu
1806 2512 1843 2534 As-

999 2554 1127 2581 sisionsi2).
1146 2553 1215 2576 Nunc
1239 2552 1351 2574 habentur
1374 2552 1421 2574 duo
1443 2551 1568 2579 satriano,
1592 2558 1662 2573 unuin
1687 2551 1708 2573 in
1731 2551 1846 2574 Calabria-

1000 2592 1124 2619 Ulteriore,
1143 2591 1181 2614 ubi
1199 2592 1266 2614 etiam
1285 2594 1319 2613 est
1336 2591 1454 2619 quoddam
1469 2591 1560 2613 Noceru
1579 2590 1710 2612 distinctum
1728 2597 1739 2612 a
1758 2591 1843 2613 Nocera

1000 2631 1062 2659 apud
1080 2631 1202 2653 Camerino
1220 2633 1242 2652 et
1259 2636 1270 2652 a
1288 2630 1375 2652 Noccra
1393 2630 1429 2652 dei
1447 2630 1538 2657 Pagani.

1063 2669 1071 2682 ⁷
1091 2670 1142 2692 Vat.
1160 2676 1212 2692 cum
1230 2670 1266 2691 ed.
1288 2670 1293 2691 Ι
1315 2669 1442 2699 offerentis.
1460 2669 1553 2691 lnlerius
1570 2675 1612 2696 pro
1630 2668 1654 2690 iu
1673 2668 1843 2698 eleemosynam

1002 2710 1039 2734 (ita
1058 2711 1073 2731 A
1093 2710 1121 2737 M)
1139 2709 1193 2731 edd.
1209 2708 1233 2731 in
1251 2708 1404 2737 eleemosyna.

1063 2747 1072 2759 Β
1090 2748 1132 2776 Qui
1151 2748 1258 2775 superius
1274 2746 1388 2770 solemnes
1406 2746 1485 2769 modii
1501 2747 1552 2775 (viri
1571 2746 1667 2774 nobiles)
1692 2750 1810 2768 vocantur.

1062 2785 1072 2798 ⁰
1089 2786 1133 2808 Ct'r.
1152 2786 1285 2813 Wadding,
1300 2786 1342 2808 loc.
1354 2786 1398 2813 cit,
1411 2786 1438 2808 ad
1451 2794 1488 2809 an.
1502 2786 1572 2812 Ἰ1225,
1585 2792 1606 2808 n.
1618 2785 1640 2807 7.
1653 2797 1682 2801 —
1694 2785 1789 2807 Inferius
1801 2792 1843 2813 pro

1001 2825 1044 2848 hoc
1061 2831 1109 2847 uno
1127 2824 1233 2854 beneficio
1251 2825 1303 2846 edd.
1322 2824 1365 2847 stoc
1381 2831 1441 2848 noro
1460 2824 1575 2855 beneficio.

1064 2862 1083 2875 ¹⁰
1102 2863 1157 2886 Edd.
1174 2863 1276 2886 ebriare.

1064 2901 1081 2914 ¹¹
1100 2901 1144 2924 Csr.
1162 2902 1297 2929 Wadding„
1314 2902 1356 2923 lor.
1374 2902 1419 2929 cit,
1436 2902 1465 2924 ad
1483 2908 1519 2924 an.
1541 2902 1610 2930 1215,
1628 2908 1650 2924 n.
1672 2902 1704 2923 12.

1064 2940 1082 2954 ¹²
1100 2942 1128 2963 lta
1146 2941 1163 2963 Α
1175 2941 1190 2963 Β
1200 2940 1216 2963 C
1227 2941 1244 2962 D
1254 2941 1269 2963 E
1279 2941 1293 2962 F
1303 2942 1319 2963 G
1331 2941 1336 2962 l
1346 2941 1378 2968 M,
1393 2940 1479 2969 quibus
1491 2940 1602 2963 consentit
1613 2941 1648 2962 ed.
1664 2941 1670 2962 l
1683 2959 1688 2968 ,
1700 2941 1785 2963 omisso
1797 2943 1843 2963 tan-

1001 2982 1048 3002 tum
1066 2979 1130 3007 viae,
1151 2980 1200 3002 Vnt.
1217 2979 1336 3009 asperiori
1350 2981 1372 3003 ec
1389 2979 1492 3009 [θηρίον-ι’
1507 2979 1589 3002 itinere
1606 2979 1727 3009 saussaius.
