2133 3317
258 221 318 250 XVI

260 299 288 323 de
305 299 395 330 triplici
409 302 465 324 actu
482 299 638 324 hierarchica.
656 298 742 321 Desinit
759 298 796 320 sol.
815 297 867 320 143.
884 303 908 319 ν.
925 296 1003 319 verbis
1020 302 1071 324 cap.
1084 296 1105 319 3.

259 353 285 370 n.
301 347 328 369 7:
346 346 378 370 ad
394 346 503 371 osculum
520 348 541 370 et
557 345 710 375 ampleaeam,
728 343 760 367 ad
776 342 840 373 qaod
855 349 899 366 nos
912 342 1031 373 perducat
1042 343 1107 366 Iesus

259 395 332 422 mins,
350 393 392 424 qai
412 393 469 417 vivit
488 394 510 416 et
525 394 611 422 reqnat
632 397 687 415 cum
707 391 756 414 Deo
778 391 849 413 Patre
865 391 888 413 et
911 390 1004 420 Spiritu
1025 391 1107 414 sancto

260 440 286 464 in
301 440 382 464 secula
398 440 542 464 seculorum.
560 439 643 462 Amen.

324 488 361 510 97.
379 486 500 516 Herbipoli
515 487 538 508 in
555 485 662 512 Bavaria,
680 484 818 507 bibliotheca
830 484 999 513 Universitatis,
1016 484 1069 507 cod.
1080 484 1109 506 lII.

260 536 297 557 ch.
313 535 336 557 9.
362 534 422 562 16s2.
447 539 508 555 saec.
533 532 584 555 XV.
601 544 632 548 —
649 531 697 554 Hoc
722 531 860 559 opusculum
887 531 966 559 incipit
990 533 1044 559 post
1065 530 1108 552 alia

261 583 298 605 sol.
316 582 369 604 369.
385 587 404 604 r.
422 582 463 603 hac
480 579 585 602 rubrica:
607 578 721 608 Sequitur
738 579 856 602 tractatus
876 577 968 601 domini
989 578 1109 601 Bonaven-

261 631 325 657 ture,
343 627 385 658 qui
400 626 486 650 dicitur
503 625 626 656 speculum
644 625 723 648 anime
735 624 762 648 de
779 624 856 648 tribus
873 624 917 647 viis
927 641 933 652 ,
949 623 1037 648 scilicet
1050 630 1109 653 pur-

260 676 348 706 qative,
367 673 523 697 illuminativa
540 675 561 696 et
575 671 709 702 perfective.
727 671 796 700 Ecce,
814 671 930 701 descripsi
945 677 999 694 eam
1013 674 1055 693 etc.
1069 671 1109 692 De-

260 723 312 746 sinit
330 723 367 745 [01.
385 722 437 744 372.
455 728 474 743 r.
492 720 570 743 verbis
582 726 634 748 cap.
651 721 671 742 2.
684 726 707 742 n.
726 720 766 742 Ἰ12;
784 719 844 742 Cum
855 718 944 749 fidncia
960 718 1020 748 spei,
1036 724 1109 748 quam

260 769 374 793 habemus
391 775 406 792 a
424 767 524 796 Clu-isto,
542 767 583 797 qui
599 767 710 790 mortuus
727 767 761 789 est
777 771 822 795 pro
844 764 911 788 nobis
928 764 1045 788 omnibus.

324 817 361 838 98.
379 815 479 841 Ibidem,
497 814 636 837 bibliotheca
653 813 786 836 Conventus
798 815 890 835 sanctae
902 811 982 835 Crucis
994 811 1107 834 Minorum

261 862 465 889 Conventualium,
484 862 536 884 cod.
553 862 567 883 I.
586 861 638 883 124.
655 861 727 883 chart.
745 860 767 882 in
784 860 806 882 4.
829 865 889 882 saec.
912 859 972 882 XIV.
998 858 1109 881 exeuntis.

261 922 291 927 -
308 909 372 933 Circa
390 909 493 931 medium
510 908 636 931 voluminis
653 908 690 930 [01.
707 914 727 930 r.
743 913 789 929 non
807 909 929 929 numerato
952 906 1031 934 incipit
1053 912 1109 934 opu-

260 958 363 984 sculum,
380 956 508 985 praemissa
525 955 630 978 rubrica:
648 955 665 978 I.
683 954 824 984 capitulam.
836 954 898 977 Nota
910 952 973 983 qaod
984 952 1016 976 ad
1026 958 1109 976 veram

260 1003 402 1034 sapientiam
420 1002 510 1033 triplici
524 1002 563 1026 eia
577 1001 725 1032 pervenitur,
743 1000 844 1029 scilicet,
862 999 901 1024 via
917 998 1076 1023 meditationis
1088 1000 1110 1022 et

260 1051 300 1075 via
319 1050 434 1075 orationis
451 1052 473 1073 et
488 1049 528 1073 via
553 1047 771 1079 contemplationis,
794 1049 815 1071 et
832 1047 859 1071 de
884 1047 920 1071 Itis
945 1048 1065 1070 tractatur
1084 1046 1109 1069 in

257 1098 365 1129 presenti
381 1097 503 1128 opusculo.
520 1096 579 1120 Ecce
596 1095 711 1126 descripsi
726 1101 779 1119 eam
797 1098 840 1118 etc.
862 1095 949 1117 Desinit
972 1101 1013 1122 per
1035 1093 1108 1116 verba

261 1145 383 1174 fragmenti
401 1145 484 1168 additi:
502 1150 586 1174 sapere
603 1143 691 1173 absque
707 1142 819 1172 appetitu.
837 1142 885 1165 Fini
907 1142 1042 1165 subiicitur:
1061 1142 1109 1164 Ea·-

257 1192 325 1223 plicit
341 1193 458 1216 tractatus
475 1191 503 1214 de
520 1190 609 1221 triplici
627 1190 664 1214 cia
684 1189 837 1220 perveniendi
857 1188 890 1212 ad
911 1195 993 1212 veram
1016 1188 1109 1218 sapien-

261 1240 331 1269 tiam,
349 1245 454 1270 quarum
468 1239 550 1269 prima
567 1240 601 1262 est
618 1238 656 1261 iiia
673 1237 846 1265 meditationis,
869 1236 975 1260 secunda
998 1235 1037 1260 cia
1054 1242 1109 1259 ora-

261 1287 343 1315 tionis,
361 1286 431 1310 tertia
447 1286 486 1309 via
504 1284 716 1315 contemplationis.
734 1284 765 1308 Et
782 1283 934 1307 intitulatur:
952 1284 1060 1307 Parvum
1073 1282 1109 1306 bo-

262 1340 320 1357 num
338 1334 509 1357 Bonaventure.
527 1333 573 1355 Deo
590 1332 695 1362 qracias.

324 1380 362 1403 99.
380 1379 479 1408 Ibidem,
497 1380 547 1402 cod.
565 1380 579 1402 I.
598 1379 634 1402 48.
653 1380 726 1402 chart.
750 1379 772 1401 in
791 1379 828 1401 101.
854 1384 915 1401 saec.
940 1378 992 1400 XV.
1009 1390 1039 1394 —
1056 1378 1109 1400 Post

261 1428 302 1450 alia
321 1434 391 1456 opera
410 1428 447 1450 [01.
465 1434 483 1450 r.
501 1427 584 1455 legitur
601 1426 644 1449 sub
662 1427 739 1449 titulo:
758 1425 842 1455 Incipit
853 1425 976 1448 ternarius
989 1425 1109 1448 Bonaren-

261 1476 314 1498 ture
331 1474 358 1497 de
375 1474 489 1504 reqimine
513 1473 661 1497 consciencie.
689 1473 774 1495 Desinit
800 1472 877 1495 verbis
895 1478 946 1501 cap.
964 1473 985 1495 3.
1003 1478 1025 1494 n.
1043 1472 1069 1493 7:
1087 1472 1108 1495 ei

261 1521 370 1545 osculum
387 1523 409 1545 et
424 1521 572 1551 ampleaenm.
592 1520 643 1549 Quo
660 1526 703 1543 nos
718 1519 837 1550 perducat
859 1519 900 1549 qni
921 1525 976 1542 cum
998 1519 1071 1542 Patre
1088 1519 1111 1542 et

261 1568 354 1599 Spiritu
371 1570 452 1592 sancto
470 1568 526 1592 vivit
537 1570 558 1592 et
569 1570 655 1597 reqnat
666 1567 782 1590 insecuta
794 1566 938 1590 seculorum.
951 1567 1034 1589 Amen.
1051 1566 1107 1589 Hinc

261 1616 356 1639 iterum:
374 1615 479 1645 Emplicit
496 1615 617 1638 ternarius
635 1614 662 1637 de
679 1614 783 1644 rependo.
800 1613 950 1637 conscientia.

325 1664 377 1685 loo.
394 1662 500 1685 Hilurini
516 1662 664 1691 (Wilhering)
691 1662 714 1684 in
737 1661 840 1688 Austria,
867 1660 1005 1683 bibliotheca
1032 1660 1109 1682 Mona-

261 1710 335 1737 sterii‚
353 1710 404 1733 cod.
424 1710 480 1737 loa,
497 1709 526 1732 de
538 1715 585 1738 quo
597 1709 666 1731 locuti
678 1714 759 1731 sumus
771 1710 827 1730 tom.
840 1708 867 1731 V.
880 1713 935 1736 pag.
946 1707 1021 1730 XXIX
1034 1713 1057 1729 n.
1070 1707 1108 1729 51.

260 1757 319 1779 Huic
335 1757 447 1785 opusculo
466 1755 619 1784 praemittitur
636 1757 735 1777 tantum:
754 1755 931 1777 Bonaoentnra.
954 1753 1040 1776 Desinit
1060 1759 1110 1775 ver-

260 1804 308 1827 bis:
326 1803 356 1827 Et
372 1804 415 1827 1100
432 1802 566 1833 Seraphim.

323 1852 375 1874 101.
395 1851 487 1881 Hispali
501 1851 524 1873 in
542 1851 662 1879 Hispania,
680 1849 817 1872 bibliotheca
835 1848 986 1877 Columbina⁷
998 1848 1050 1871 cod.
1065 1848 1107 1870 ΒΒ.

259 1899 317 1921 Tab.
336 1898 386 1920 ¹145⁴
405 1905 426 1921 n.
447 1898 486 1925 Ἰ17,
505 1898 534 1920 dc
550 1904 597 1926 quo
615 1897 707 1925 egimus
724 1899 780 1919 tom.
800 1897 827 1919 V.
846 1902 900 1924 pag.
918 1896 970 1918 XXI
988 1902 1010 1918 n.
1027 1896 1109 1918 93.1n-

260 1946 315 1974 cipit
331 1947 375 1968 hoc
392 1945 531 1973 opusculum
549 1945 586 1967 [01.
604 1945 657 1966 106.
674 1951 710 1966 ν.;
728 1944 787 1967 Ecce
804 1943 919 1973 descripsi
934 1949 987 1966 eam
1005 1945 1050 1965 etc.
1068 1943 1109 1965 de-

259 1994 312 2016 sinit
329 1993 381 2015 109.
399 1999 418 2015 r.
435 1999 477 2021 per
494 1992 565 2015 verba
578 1998 629 2020 cap.
642 1992 663 2014 2.
675 1998 698 2014 n.
711 1992 752 2014 12ε
766 1990 895 2020 interponit
905 1989 1107 2018 misericordiam,

259 2047 303 2071 que
320 2042 354 2064 est
371 2040 496 2070 utriusque
509 2039 664 2069 principiam.
682 2039 730 2062 Deo
753 2037 857 2067 qracias.
880 2038 970 2060 Titulus
992 2037 1070 2065 operis
1087 2039 1109 2059 et

259 2094 345 2110 nomen
362 2087 462 2110 auctoris
479 2086 647 2109 desiderantur.

326 2136 376 2157 102.
394 2133 515 2157 Lambacii
530 2134 553 2156 in
571 2133 661 2155 Austria
678 2133 812 2161 superiore,
825 2131 964 2154 bibliotheca
979 2131 1107 2154 Monasterii

260 2182 314 2205 Ord.
333 2182 354 2204 S.
372 2181 502 2208 Benedicti,
520 2180 571 2203 cod.
590 2180 643 2202 463.
660 2181 732 2202 chart.
749 2179 771 2201 in
789 2179 811 2201 8.
823 2185 883 2202 saec.
895 2179 945 2201 XV.
959 2179 1065 2201 ineuntis.
1077 2173 1108 2194 ⁷—

259 2230 305 2253 Fol.
324 2230 359 2252 40.
378 2236 401 2251 v.
418 2228 518 2251 occurrit
535 2227 672 2256 opusculum
691 2228 734 2249 hoc
751 2226 795 2249 sub
812 2226 916 2248 rubrica:
936 2225 1020 2255 Incipit
1043 2225 1108 2248 Itine-

260 2276 356 2300 rarinm
372 2276 420 2299 sit-e
436 2274 568 2305 speculacio
586 2273 699 2304 maqistri
714 2273 887 2296 Bonaventure.
906 2273 992 2295 Desinit
1014 2273 1050 2295 fol.
1069 2273 1108 2295 52.

260 2331 277 2347 r.
295 2330 337 2353 per
355 2323 426 2346 verba
443 2329 494 2351 cap.
512 2324 533 2345 2.
552 2329 572 2344 u.
596 2323 634 2344 II:
652 2321 749 2344 inducat
763 2320 932 2350 perfectionem
949 2320 1057 2343 omnium
1070 2319 1106 2343 bo-

259 2376 356 2394 noram.
375 2369 453 2397 Quam
467 2368 533 2392 nobis
541 2368 639 2398 prebeat
651 2369 715 2391 lesus
726 2369 785 2391 dtas
796 2367 912 2391 Dominus
923 2368 1017 2395 noster,
1030 2366 1106 2390 Filius

259 2417 313 2445 Dei,
331 2416 373 2447 qui
389 2422 444 2440 cum
461 2417 531 2439 Patre
547 2418 590 2439 etc.
608 2416 688 2439 Amen.
707 2416 790 2438 Iterum
813 2415 906 2437 additur
928 2414 1018 2441 titulus,
1042 2416 1067 2436 ut
1083 2414 1107 2436 in

259 2465 330 2488 initio.

326 2511 375 2533 103.
393 2509 493 2538 Ibidem,
511 2510 562 2533 cod.
585 2510 618 2532 18.
631 2510 703 2532 chart.
716 2509 737 2531 iu
750 2509 787 2531 [01.
800 2514 861 2531 saec.
873 2509 924 2531 XV.
938 2521 967 2524 —
979 2508 1037 2531 Huic
1049 2514 1107 2536 opu-

259 2558 330 2585 sculo,
339 2558 403 2587 quod
415 2558 496 2585 incipit
508 2558 545 2580 sol.
558 2558 611 2579 330.
623 2564 654 2584 v.,
666 2557 820 2585 praemunitur
832 2559 933 2578 tantum:
944 2555 1064 2585 Proloqus
1076 2554 1109 2578 ad

259 2604 317 2627 vias.
337 2604 392 2627 Ecce
410 2603 525 2633 descripsi
539 2610 592 2627 eam
609 2606 652 2626 etc.
670 2603 757 2625 Desinit
773 2603 867 2625 mutilus
885 2603 923 2625 sol.
946 2603 1001 2625 333.
1020 2608 1038 2624 r.
1057 2608 1106 2624 ver-

258 2651 294 2674 bis
311 2658 361 2680 cap⁴
379 2652 400 2674 3.
418 2658 441 2674 11.
459 2652 485 2673 3:
505 2651 594 2679 Tertio,
613 2651 717 2680 quantus
734 2652 768 2673 est
785 2649 827 2680 qni
838 2649 957 2679 patitur...

326 2698 374 2720 lO4.
393 2697 492 2726 Ibidem,
510 2698 562 2720 cod.
580 2697 632 2720 335.
651 2698 722 2719 chart.
740 2697 761 2719 in
781 2697 801 2719 4.
819 2702 880 2719 sace.
901 2697 962 2719 XIV.
978 2709 1010 2712 -
1026 2695 1107 2724 Incipit

258 2751 332 2773 prope
348 2745 417 2768 tinem
435 2745 571 2772 voluminis,
590 2745 627 2767 fol.
644 2751 666 2767 v.
684 2751 729 2767 nou
746 2747 879 2772 numerato,
897 2747 919 2766 et
930 2743 1014 2767 desinit
1026 2744 1063 2766 fol.
1076 2743 1107 2766 ul-

258 2793 314 2815 timo
332 2798 373 2820 per
390 2791 461 2814 verba
480 2798 530 2820 cap.
547 2793 568 2814 2.
586 2799 608 2814 n.
628 2793 669 2814 le:
688 2791 757 2821 ponit
778 2790 981 2819 misericordiam,
1006 2797 1050 2820 que
1073 2791 1107 2813 est

260 2839 383 2869 utrinsque.
392 2838 546 2869 principium.
559 2840 641 2862 Amen.
653 2839 742 2861 Titulus
753 2842 775 2861 et
783 2845 868 2861 nomen
877 2838 977 2861 auctoris
986 2838 1105 2860 omittitur.

326 2886 375 2909 105.
392 2885 504 2909 Lauduni
520 2886 543 2907 in
560 2886 643 2912 Gallia,
668 2885 807 2908 bibliotheca
832 2885 948 2912 Civitatis,
974 2884 1026 2907 cod.
1056 2884 1105 2906 146.

259 2933 330 2954 chart.
347 2932 370 2954 in
388 2932 426 2954 sol.
443 2938 504 2954 saec.
521 2932 572 2954 XV.
589 2944 620 2947 —
636 2932 682 2954 Fol.
701 2938 732 2954 r.:
750 2930 834 2960 Incipit
851 2931 909 2954 liber
925 2930 1011 2960 fratris
1027 2931 1106 2953 Bona-

257 2980 356 3002 ventnre
374 2978 470 3002 Ordinis
487 2978 610 3002 Minoi-um
627 2977 654 3001 de
671 2978 760 3007 triplici
775 2978 825 3006 via,
849 2984 894 3007 per
917 2984 990 3007 quam
1011 2977 1105 3001 venitur

961 217 1217 247 PROLEGOMENA.
1239 217 1267 246 C.
1291 218 1309 246 I.

1164 295 1196 319 ad
1214 301 1294 319 aeram
1311 295 1461 325 sapientiam.
1479 295 1576 318 Desinit:
1595 295 1626 318 Et
1636 294 1677 318 hec
1689 294 1824 324 Seraphim.
1836 293 1874 317 Ad
1885 300 1958 324 quam
1969 299 2013 317 nos

1161 342 1293 372 perducere
1310 342 1421 372 diqnetur
1438 343 1500 366 Deus
1517 342 1651 372 ylariosus,
1669 341 1712 372 qai
1727 341 1752 365 in
1776 341 1890 365 Trinitate
1907 341 2014 371 perfecta

1164 389 1222 413 vivit
1236 391 1257 413 et
1274 391 1361 419 reqnat
1376 389 1401 413 in
1417 389 1499 413 secula
1515 389 1659 413 seculorum.
1677 390 1760 413 Amen.
1783 388 1889 419 Eoeplicit
1910 388 1969 412 liber
1986 389 2014 412 de

1165 436 1254 466 triplici
1268 436 1308 460 via
1324 436 1356 459 ad
1371 436 1501 466 perfectam
1517 436 1666 466 sapientiam.

1229 484 1282 506 1106.
1299 483 1379 506 Leodii
1394 484 1417 506 in
1434 483 1526 511 Belgio,
1544 483 1682 506 bibliotheca
1700 483 1794 506 maioris
1811 483 1944 510 seminarii,
1961 483 2014 505 cod.

1166 531 1187 553 6.
1205 531 1229 553 N.
1247 531 1269 552 2.
1287 530 1332 552 iam
1350 530 1480 558 descriptus
1498 533 1552 553 tom.
1570 530 1598 553 V.
1616 536 1670 559 pag.
1687 531 1755 553 XXX
1772 537 1794 553 n.
1807 530 1845 553 55.
1861 542 1893 546 —
1909 530 2015 558 Opuscu-

1165 578 1213 600 lum
1231 578 1274 599 hoc
1287 577 1367 604 incipit
1379 577 1415 599 sol.
1428 577 1466 599 65.
1478 583 1496 599 r.
1508 580 1561 605 post
1572 577 1627 605 alia,
1639 577 1701 600 nullo
1713 577 1803 600 medio:
1816 577 1887 605 Ecce,
1901 576 2016 606 descripsi

1166 630 1219 647 eam
1236 626 1278 646 etc.
1296 623 1384 646 Desinit
1401 623 1439 646 tol.
1455 623 1494 646 78.
1511 630 1542 646 r.:
1560 624 1589 646 In
1604 623 1652 647 illis
1669 626 1703 648 est
1723 624 1778 654 fons
1794 624 1847 648 vite.
1871 625 1953 647 Amen.
1975 624 2015 646 Ea-

1166 671 1219 693 dem
1238 677 1321 693 manus
1337 670 1414 693 addit:
1432 669 1537 700 Eoeplicit
1550 676 1657 700 parcum
1678 670 1766 694 bonam
1786 670 1873 701 fratris
1895 671 2015 694 Bonaven-

1167 718 1228 740 ture.
1248 717 1293 740 Deo
1310 716 1415 746 arucias.

1230 764 1282 786 407.
1300 763 1396 793 Leopoli
1412 763 1547 793 (Lemberg)
1565 764 1589 786 in
1614 764 1715 793 Austria,
1742 764 1881 788 bibliotheca
1907 764 2014 792 Publica,

1167 811 1219 833 cod.
1236 811 1290 834 380.
1306 812 1378 833 chart.
1396 811 1418 833 in
1437 811 1474 833 [01.
1490 817 1550 834 saec.
1568 811 1619 834 XV.
1636 823 1666 827 —
1683 811 1729 833 Fol.
1747 812 1784 834 36.
1801 817 1820 834 r.
1837 812 1937 840 praefert
1953 812 2014 843 hunc

1166 858 1268 881 titulum:
1284 857 1369 888 Incipit
1386 857 1445 881 liber
1456 857 1484 881 de
1494 857 1610 888 reqimine
1621 857 1764 881 consciencie
1774 858 1905 882 secundum
1917 857 2015 882 Ambro-

1165 904 1229 928 sium
1242 905 1287 934 (t),
1299 904 1368 928 valde
1381 905 1562 935 pulcherrimus
1580 908 1623 928 etc.
1641 905 1712 933 Ecce,
1730 905 1845 935 descripsi
1854 912 1908 928 eam
1919 909 1963 928 etc.
1976 906 2015 928 De-

1166 952 1219 975 sinit
1236 952 1270 975 fol.
1290 952 1326 974 40.
1345 959 1362 975 r.
1381 958 1432 981 cap.
1450 953 1472 975 3.
1489 959 1511 975 n.
1528 953 1550 974 7.
1568 951 1659 975 verbis:
1677 953 1699 975 et
1710 951 1819 975 osculum
1830 953 1851 975 el
1862 951 2012 982 amplescum.

1168 999 1219 1028 Quo
1227 1005 1271 1023 nos
1278 999 1395 1029 perducat
1404 999 1445 1029 qui
1454 999 1512 1023 vicit
1522 1001 1543 1023 et
1554 1001 1641 1029 reqnat
1649 999 1674 1022 in
1683 998 1763 1023 secata
1774 998 1919 1023 seculorum.
1931 1000 2015 1023 Amen.

1232 1047 1282 1069 108.
1300 1046 1396 1076 Liqnitii
1413 1047 1506 1070 Silesiae
1517 1047 1539 1069 iu
1553 1046 1673 1074 Borussia,
1687 1045 1825 1069 bibliotheca
1838 1046 1952 1069 Ecclesiae
1964 1051 2014 1068 san-

1166 1095 1256 1116 ctorum
1274 1093 1332 1115 Petri
1349 1096 1372 1116 et
1389 1093 1464 1122 Pauli,
1482 1093 1535 1116 cod.
1556 1093 1590 1115 16.
1606 1094 1678 1116 chart.
1696 1093 1718 1115 in
1736 1093 1773 1115 fol.
1790 1099 1851 1115 saec.
1863 1093 1914 1115 XV.
1926 1106 1956 1109 —
1968 1093 2014 1116 Fol.

1165 1139 1219 1162 365.
1236 1146 1271 1162 v.:
1290 1139 1374 1169 Incipit
1391 1139 1512 1163 ternarius
1530 1140 1697 1163 Bonaventure
1714 1139 1741 1163 de
1757 1139 1873 1169 reqimine
1895 1139 2012 1163 conscien-

1166 1187 1205 1210 cie.
1224 1187 1308 1210 Eadem
1334 1190 1470 1215 repetuntur
1492 1188 1514 1210 in
1542 1187 1599 1215 fine,
1622 1187 1661 1216 qui
1687 1187 1787 1210 occurrit
1812 1188 1849 1210 [01.
1867 1188 1921 1210 371.
1937 1194 1956 1210 r.
1974 1193 2015 1216 per

1166 1234 1237 1257 verba
1256 1235 1348 1263 capituli
1367 1235 1388 1257 3.
1407 1241 1429 1257 u.
1444 1234 1472 1257 7:
1491 1236 1513 1258 et
1528 1234 1637 1258 osculum
1648 1236 1671 1258 et
1681 1234 1828 1264 amplexum.
1842 1234 1894 1263 Quo
1906 1240 1949 1258 nos
1962 1240 2016 1264 per-

1165 1281 1251 1305 ducere
1267 1281 1379 1312 diqnetur
1396 1281 1437 1311 qni
1453 1287 1508 1305 cam
1526 1282 1596 1305 Patre
1613 1283 1635 1305 et
1651 1281 1743 1311 Spiritu
1760 1283 1842 1305 sancto
1864 1281 1922 1305 vivit
1942 1283 1964 1305 et
1981 1288 2014 1305 re-

1165 1330 1225 1359 ynat
1241 1329 1265 1352 in
1281 1328 1362 1352 secula
1378 1328 1524 1352 seculorum.
1542 1329 1624 1352 Amen.

1232 1377 1280 1398 109.
1298 1376 1402 1404 Lipsiae,
1422 1375 1560 1399 bibliotheca
1578 1376 1683 1405 Paulina,
1701 1376 1753 1399 cod.
1771 1376 1824 1398 426.
1842 1376 1863 1398 111
1882 1376 1919 1398 [01.
1936 1377 2010 1399 chart.

1165 1429 1224 1446 saec.
1242 1423 1293 1446 XV.
1310 1436 1340 1440 —
1357 1424 1419 1446 Folio
1436 1430 1482 1446 uon
1499 1426 1632 1450 numerato,
1650 1426 1702 1451 post
1714 1423 1756 1446 alia
1768 1429 1839 1451 opera
1852 1422 1962 1445 habetur:
1976 1422 2014 1446 Se-

1165 1470 1248 1500 quitur
1265 1470 1387 1494 ternarius
1404 1471 1471 1493 Bona
1487 1470 1595 1494 Ventare.
1608 1471 1678 1499 Ecce,
1695 1469 1810 1500 descripsi
1821 1476 1874 1493 eam
1885 1473 1943 1499 ete.;
1957 1470 2015 1493 desi-

1165 1518 1208 1540 nit:
1222 1518 1252 1541 Et
1263 1517 1306 1541 Izoc
1318 1517 1445 1547 Seraphim
1452 1526 1461 1547 ,Δ
1473 1518 1577 1540 additur:
1590 1518 1652 1541 Deus
1665 1519 1698 1541 es!
1710 1523 1759 1540 esse
1770 1516 1858 1547 absque
1867 1516 1962 1540 entitate
1972 1520 2014 1540 etc.

1165 1566 1197 1588 De
1214 1566 1257 1588 boc
1275 1565 1432 1587 additamento
1450 1565 1505 1587 vide
1522 1570 1582 1593 quae
1599 1564 1699 1587 diximus
1716 1570 1770 1592 pag.
1789 1564 1817 1585 118
1835 1566 1888 1586 nola
1906 1565 1928 1586 2.
1946 1564 2015 1587 huius

1165 1612 1291 1635 voluminis
1309 1615 1330 1635 et
1347 1618 1417 1640 supra
1435 1618 1457 1634 n.
1475 1612 1512 1634 92.

1230 1660 1237 1681 11
1249 1660 1283 1681 10.
1300 1658 1400 1687 Ibidem,
1418 1659 1471 1681 cod.
1489 1659 1541 1681 348.
1560 1658 1658 1681 membr.
1676 1658 1699 1680 in
1717 1658 1738 1680 8.
1756 1664 1816 1680 saec.
1829 1658 1890 1680 XIV.
1902 1657 2014 1681 exeuntis.

1165 1718 1196 1722 —-
1213 1706 1257 1728 Fol.
1276 1706 1312 1728 54.
1330 1712 1362 1728 r.:
1379 1705 1465 1735 Incipit
1482 1704 1547 1733 liber,
1566 1705 1608 1735 qui
1623 1704 1710 1728 dicitur
1728 1704 1826 1728 trivium
1841 1704 1880 1728 vet
1890 1704 2015 1734 speculum

1165 1751 1255 1781 anime,
1273 1752 1320 1775 sice
1338 1752 1493 1776 Itinerariam
1509 1751 1594 1775 mentis
1611 1751 1637 1775 in
1654 1752 1743 1780 Deum,
1761 1751 1836 1775 editus
1853 1757 1869 1775 a
1884 1751 1961 1781 fratre
1972 1751 2015 1774 Bo-

1165 1801 1308 1823 ndventura.
1325 1799 1412 1822 Desinit
1429 1800 1467 1822 [01.
1484 1799 1521 1821 65.
1539 1806 1558 1821 r.
1575 1798 1654 1822 verbis
1671 1799 1744 1827 ipsius
1761 1799 1872 1822 itinerarii
1891 1798 1974 1821 mentis
1991 1799 2015 1821 in

1165 1848 1253 1870 Deum:
1271 1847 1302 1870 Et
1317 1847 1377 1870 dicet
1392 1846 1469 1870 onznis
1483 1846 1604 1876 populus:
1621 1847 1708 1875 Amen,
1726 1852 1803 1869 anien.

1230 1895 1254 1916 il
1265 1895 1282 1916 1.
1301 1893 1403 1922 Ibidem,
1421 1893 1472 1916 cod.
1491 1893 1543 1916 486.
1561 1894 1632 1916 chart.
1650 1893 1673 1915 In
1691 1893 1728 1915 [01.
1745 1898 1805 1916 saec.
1822 1893 1873 1915 XV.
1891 1892 2014 1921 —Incipit

1165 1942 1209 1963 hoc
1225 1942 1364 1969 opusculum
1384 1941 1421 1963 iol.
1439 1941 1493 1963 213.
1510 1943 1532 1963 et
1549 1940 1631 1963 desinit
1644 1940 1681 1962 [01.
1693 1940 1747 1962 218.
1758 1939 1871 1963 Convenit
1884 1946 1936 1963 011111
1950 1946 2014 1968 prae-

1165 1988 1255 2011 cedenti
1273 1988 1325 2011 cod.
1342 1988 1395 2010 348.
1412 1988 1436 2010 111
1454 1988 1531 2014 titulo,
1549 1993 1619 2016 quem
1637 1987 1774 2015 praemittit,
1786 1990 1808 2010 et
1820 1987 1842 2009 in
1859 1987 1904 2010 fine
1921 1987 1966 2010 sic:
1983 1986 2015 2010 di-

1165 2037 1204 2059 cat
1220 2035 1296 2058 omnis
1310 2035 1416 2065 populas
1432 2035 1486 2065 fiat,
1503 2034 1554 2065 fiat.
1573 2035 1655 2058 Amen.

1229 2083 1282 2104 112.
1299 2081 1398 2110 Ibidem,
1417 2082 1469 2104 cod.
1487 2082 1540 2104 1133.
1558 2081 1658 2104 membr.
1674 2082 1698 2104 in
1715 2082 1751 2104 [01.
1769 2088 1830 2104 saec.
1847 2082 1907 2104 XIV.
1924 2094 1955 2099 —
1967 2083 2014 2105 FoI.

1165 2130 1203 2152 96.
1220 2137 1238 2153 r.
1256 2133 1289 2152 est
1306 2130 1397 2152 titulus:
1416 2129 1499 2159 Incipit
1511 2129 1633 2153 ternarius
1645 2130 1708 2153 Bone
1724 2129 1832 2153 Venture.
1845 2130 1916 2158 Ecce,
1929 2129 2015 2153 descri-

1162 2176 1203 2206 psi
1218 2183 1271 2200 eam
1288 2180 1330 2199 etc.
1349 2177 1435 2199 Desinit
1447 2177 1484 2199 sol.
1502 2177 1550 2199 100.
1562 2183 1592 2199 r.:
1604 2182 1688 2206 sapere
1699 2175 1787 2206 absque
1798 2176 1910 2206 appetita.
1925 2177 2012 2205 Amen,

1164 2230 1240 2247 amen.
1258 2224 1319 2246 Haec
1336 2223 1408 2246 verba
1425 2226 1478 2246 sunt
1494 2229 1520 2246 ex
1538 2223 1707 2251 additamento,
1725 2223 1755 2245 de
1771 2229 1818 2252 quo
1840 2223 1909 2245 locuti
1932 2229 2014 2245 sumus

1164 2277 1233 2299 supra
1252 2277 1274 2293 n.
1291 2271 1328 2293 92.
1346 2271 1398 2293 Post
1415 2272 1491 2294 Amen
1508 2270 1600 2293 additur
1619 2269 1723 2300 Eccplicit
1739 2269 1830 2293 ternale
1847 2269 1934 2293 anime.

1231 2318 1281 2340 113.
1298 2317 1398 2346 Ibidem,
1416 2318 1468 2340 cod.
1485 2317 1538 2340 594.
1556 2319 1627 2340 chart.
1651 2317 1674 2339 in
1691 2318 1729 2340 sol.
1751 2323 1811 2340 saec.
1833 2317 1884 2339 XV.
1901 2329 1932 2333 —
1949 2316 2014 2345 Opu-

1164 2366 1253 2388 sculum
1272 2366 1316 2387 hoc
1333 2365 1413 2393 incipit
1430 2365 1489 2387 circa
1506 2365 1654 2387 medietatem
1671 2365 1796 2387 voluminis
1813 2365 1849 2387 [01.
1867 2371 1886 2387 r.
1903 2364 1951 2387 sine
1969 2363 2013 2386 ulla

1164 2412 1264 2435 rubrica.
1282 2412 1368 2435 Desinit
1385 2418 1436 2440 cap.
1454 2413 1475 2434 2.
1494 2419 1515 2435 n.
1534 2412 1571 2434 Μ.
1588 2418 1629 2440 per
1641 2411 1725 2434 verba:
1736 2411 1836 2435 inducat
1842 2411 2012 2441 perfectionem

1164 2459 1273 2483 omnium
1291 2459 1423 2489 bonorum;
1440 2459 1504 2489 quod
1519 2458 1585 2482 nobis
1599 2460 1710 2488 prestare
1727 2458 1838 2488 diqnetur
1855 2458 1898 2488 qui
1918 2457 1977 2481 vivit
1992 2459 2015 2481 et

1163 2509 1250 2537 reqnat
1265 2507 1328 2530 Deus
1342 2513 1387 2536 per
1405 2506 1487 2530 omnia
1503 2506 1584 2530 secula
1600 2505 1744 2530 seculorum.
1763 2506 1845 2529 Amen.

1228 2553 1280 2574 114.
1298 2552 1398 2581 Ibidem,
1416 2553 1468 2575 cod.
1486 2553 1538 2575 564.
1562 2552 1661 2575 membr.
1686 2558 1746 2575 saec.
1769 2552 1829 2574 XIV,
1855 2552 1964 2575 exeunus.
1983 2565 2013 2568 —

1164 2600 1307 2629 Opusculum
1322 2600 1402 2628 incipit
1414 2601 1451 2622 sol.
1464 2600 1501 2622 57.
1515 2606 1534 2622 r.
1545 2600 1595 2622 sine
1606 2600 1683 2622 titulo:
1696 2599 1765 2628 Ecce,
1779 2599 1894 2629 descripsi
1904 2606 1957 2622 eam
1969 2602 2012 2622 etc.

1165 2647 1250 2670 Desinit
1268 2647 1304 2669 sol.
1322 2647 1358 2669 66.
1376 2653 1399 2669 v.
1417 2646 1495 2669 verbIs
1512 2652 1563 2674 cap.
1581 2647 1603 2668 3.
1620 2652 1644 2668 n.
1660 2646 1686 2668 7:
1705 2645 1814 2669 osculum
1826 2647 1847 2669 et
1858 2646 2012 2676 amplexum,

1164 2701 1209 2725 qno
1226 2701 1270 2718 nos
1284 2694 1402 2724 perducat
1419 2694 1462 2724 qui
1476 2693 1533 2717 vivit
1554 2695 1576 2717 et
1599 2695 1685 2723 reqnat
1708 2693 1733 2717 in
1757 2693 1838 2717 secula
1863 2693 2010 2717 seculorum.

1163 2742 1251 2769 Amen,
1268 2747 1346 2764 (tmen.
1364 2740 1476 2770 Empticit.

1228 2789 1280 2811 115.
1297 2788 1397 2816 Ibidem,
1416 2788 1469 2811 cod.
1485 2788 1539 2811 725.
1556 2789 1628 2810 chart.
1646 2788 1666 2810 in
1684 2788 1721 2810 sol.
1738 2794 1798 2810 saec.
1816 2788 1867 2810 XV.
1883 2800 1914 2803 —
1932 2786 2012 2814 Incipit

1164 2836 1201 2858 iol.
1219 2835 1272 2858 384.
1290 2842 1309 2857 r.
1326 2835 1375 2857 sine
1393 2835 1457 2857 titulo
1475 2837 1497 2857 et
1514 2834 1598 2857 desinit
1615 2835 1668 2856 388.
1686 2841 1708 2856 v.
1725 2833 1816 2857 verbis:
1833 2835 1854 2857 et
1871 2833 1895 2856 in
1917 2838 2012 2862 sequen-

1163 2881 1224 2905 tibus
1241 2881 1380 2905 dominatur
1397 2881 1503 2911 affectio,
1521 2887 1581 2910 quae
1598 2883 1723 2904 occurrunt
1739 2881 1762 2903 in
1779 2886 1831 2908 cap.
1848 2880 1869 2902 3.
1888 2886 1909 2902 n.
1927 2880 1951 2902 7.

1229 2930 1278 2951 116.
1302 2928 1403 2952 Londini
1427 2929 1450 2950 in
1475 2928 1567 2956 Anglia,
1594 2928 1680 2951 collect.
1705 2928 1830 2955 Harleana,
1858 2927 1910 2949 cod.
1938 2926 2008 2949 3216.

1163 2976 1261 3000 membr.
1279 2977 1303 2998 in
1324 2976 1345 2998 4.
1363 2982 1422 2998 saec.
1441 2975 1492 2998 XV.
1510 2988 1540 2992 —
1559 2976 1648 2998 Titulus
1666 2975 1735 2998 huius
1751 2974 1855 3003 opusculi
1867 2974 1960 3002 ponitur
1972 2973 2009 2996 sol.
