2133 3317
377 253 422 276 OLl

171 291 239 314 OLIVA
268 304 295 307 —
323 292 388 314 Rami
417 292 531 314 olivarum
559 291 688 320 significant

123 336 194 358 opera
212 330 303 358 pietatis
320 330 350 353 74
371 331 397 352 15

169 369 258 392 01015510
271 381 302 386 -
314 372 492 398 praeceptorum
505 369 604 392 iustitiae
614 375 688 392 recor-

122 408 200 430 danda
218 409 231 430 8
249 409 262 430 2

169 446 297 470 OPERAMUS
311 459 343 464 —
360 448 457 475 Magnus
469 447 573 470 defectus
590 451 624 470 est
635 454 687 476 ope·

124 486 239 508 rariorum
258 486 443 514 evangelicorum
463 486 507 508 319
524 487 547 508 8.
562 493 598 516 sq.

170 525 228 548 Ores
243 538 274 541 —
292 525 376 547 faciunt
394 525 499 547 homines
517 527 631 554 carnales,
653 533 688 548 su-

121 564 209 591 perbos
226 567 249 586 et
265 564 419 592 multipliciter
436 564 532 587 vitiosos
549 565 594 587 350
612 571 624 587 a

169 603 311 625 0110000100
331 616 362 619 -
380 603 491 631 Superbia
509 604 593 632 refugit
604 610 688 632 oppro-

121 641 172 664 bria
188 642 217 664 77
236 642 266 664 25

169 680 294 703 0101501111
313 694 341 697 -—
359 682 474 704 mundana
488 685 522 704 est
534 681 645 704 instabilis
657 683 686 704 28

122 720 143 742 2.
162 719 191 742 45
209 721 222 742 2

168 759 225 781 Orus
242 772 272 775 —-
292 759 387 782 interius
404 760 488 782 dicitur
505 766 564 788 opus
576 766 686 788 operans,

123 798 221 820 exterius
239 804 298 826 opus
316 802 436 826 operatum
456 799 500 821 238
520 799 547 821 10
559 811 589 816 -
601 799 687 827 signifi-

121 840 203 859 cantur
219 837 290 859 ramis
306 837 336 860 74
358 838 383 860 15
402 850 431 853 —-
448 841 525 860 nostra
539 838 574 860 lux
587 844 637 860 esse
650 839 687 861 de-

121 876 176 899 bent
194 877 238 898 337
257 882 270 898 a
287 889 316 892 —
334 876 393 898 bona
411 879 464 899 sunt
480 877 539 899 fetus
555 877 687 904 spirituales

122 916 167 937 210
189 916 230 938 105
247 927 278 932 —-
295 916 392 938 Ecclesia
411 919 433 937 et
449 916 525 938 anima
544 916 617 938 fidelis
628 923 687 945 quo-

122 954 176 977 tidie
194 955 284 982 500050
302 960 344 976 500
362 954 478 976 bonorum
502 961 598 982 operum
621 955 687 977 solio-

122 993 166 1016 lem
184 996 295 1021 generant
316 993 356 1015 161
375 994 388 1015 5
407 1006 435 1009 -
454 994 476 1015 111
497 994 574 1021 operis
595 1000 686 1016 exsecu-

121 1032 184 1054 tione
201 1033 271 1054 homo
290 1038 313 1054 se
331 1032 407 1059 ipsum
426 1033 601 1060 diligentissime
623 1039 687 1055 exer-

124 1077 176 1093 cere
198 1071 268 1093 debet
291 1070 304 1093 4
324 1071 343 1093 4.
364 1072 406 1093 108
426 1072 438 1093 2
456 1083 486 1088 -
503 1072 645 1099 Negligentia
662 1073 685 1094 in

121 1109 184 1132 bono
206 1116 276 1138 opere
299 1110 448 1138 recogitanda
466 1114 500 1132 est
518 1111 530 1133 4
549 1111 562 1132 4
581 1124 609 1126 —
628 1111 684 1133 Boni

119 1149 198 1177 operis
213 1149 328 1172 exsecutio
347 1156 390 1171 non
409 1149 492 1172 sufficit
515 1150 564 1172 sine
588 1150 685 1172 lectione

122 1191 144 1210 et
161 1188 264 1210 oratione
288 1188 317 1210 ad
343 1189 442 1210 fructum
468 1188 555 1211 bonum
581 1189 684 1211 dandum

123 1226 178 1250 ibid.
193 1240 225 1243 —
236 1227 301 1250 Circa
313 1233 383 1255 opera
396 1229 495 1250 humana
509 1228 549 1250 tria
562 1228 684 1255 cogitanda

124 1267 252 1289 5001718
278 1279 308 1282 -
335 1267 402 1289 Omni
428 1267 492 1295 operi
518 1267 569 1289 finis
593 1267 685 1290 debitus

120 1305 285 1333 praefigendus
309 1309 344 1328 est
367 1305 379 1328 4
398 1306 411 1328 4
430 1319 451 1321 —
476 1306 553 1328 divina
582 1307 683 1329 facienda

120 1347 173 1367 sunt
189 1345 317 1372 vigilanter,
335 1345 485 1372 confidenter,
506 1346 622 1373 eleganter
640 1346 653 1368 5
671 1347 684 1368 9

120 1396 150 1399 —
168 1384 241 1406 Omne
258 1390 318 1412 opus
335 1383 422 1406 bonum
441 1390 453 1406 a
476 1385 522 1406 Deo
545 1385 685 1413 originaliter

120 1423 277 1451 progreditur,
294 1423 454 1451 exemplariter
471 1424 615 1451 producitur,
628 1424 685 1446 tina-

119 1462 170 1484 liter
191 1462 220 1484 ad
242 1468 296 1484 eum
319 1463 438 1485 reducitur
455 1464 484 1485 28
503 1464 511 1484 ·1
533 1475 563 1480 —
581 1464 603 1485 ln
621 1463 684 1486 initio

119 1501 196 1529 operis
212 1500 265 1524 boni
283 1501 344 1524 Deus
361 1505 395 1524 est
417 1502 560 1525 invocandus
582 1502 636 1525 ibid.
653 1515 684 1519 —

118 1540 215 1563 Devotio
232 1541 308 1562 omnia
325 1547 395 1569 opera
415 1541 474 1563 bona
493 1541 635 1564 delectabilia
655 1543 685 1564 fa-

122 1579 152 1601 cit
173 1579 212 1601 148
232 1580 245 1601 2
263 1592 293 1595 -
309 1579 453 1608 Operationis
478 1580 607 1603 sublimitas
633 1581 685 1604 facit

120 1618 149 1641 ad
167 1619 315 1646 perfectionis
331 1620 528 1647 complementum
546 1620 590 1642 249
610 1621 637 1642 19
655 1633 683 1636 —

121 1657 198 1680 Genus
215 1660 237 1680 et
253 1657 358 1680 nobilitas
375 1659 452 1686 operis
469 1659 566 1681 multum
585 1659 637 1682 facit
654 1660 682 1682 ad

118 1697 282 1724 perfectionem
301 1697 390 1719 virtutis
408 1697 452 1720 250
475 1698 500 1720 19
516 1710 547 1715 —
559 1698 627 1726 Operi
641 1699 685 1726 pri⁷

120 1735 228 1763 vilegiato
245 1735 344 1758 debetur
361 1737 490 1764 praemium
509 1738 615 1760 aureolae
628 1737 681 1760 ibid.

117 1787 149 1791 —
166 1775 208 1797 Per
224 1781 295 1802 opera
307 1775 479 1798 misericordiae
492 1776 574 1798 caritas
586 1777 683 1804 proximi

119 1813 290 1836 demonstratur
308 1814 352 1836 214
367 1815 375 1836 1
386 1815 411 1836 16
423 1827 453 1831 -
465 1815 522 1837 Boni
534 1816 611 1843 operis
623 1821 684 1838 exer-

117 1852 194 1875 citatio
210 1853 375 1875 conscientiam
393 1854 480 1882 quietat
495 1857 517 1876 et
529 1855 601 1877 elevat
615 1855 635 1877 in
648 1861 682 1877 su·

118 1897 189 1919 perna
207 1892 251 1914 338
269 1891 284 1914 h
301 1905 331 1908 —
350 1893 410 1915 Deus
427 1899 472 1915 non
490 1893 633 1916 obliviscitur
645 1893 683 1916 bo-

117 1936 201 1953 norum
219 1937 318 1959 operum
336 1932 365 1953 ad
387 1932 562 1959 praemiandum
580 1939 623 1955 nec
635 1939 684 1955 ma-

119 1969 194 1992 lorum
212 1970 240 1992 ad
259 1971 403 1998 puniendum
422 1972 466 1993 1150
485 1972 513 1994 13
530 1984 560 1988 -
579 1973 609 1994 De
630 1978 683 2000 ope-

118 2008 183 2031 ribus
208 2009 380 2032 misericordiae
403 2010 455 2032 iusti
481 2011 638 2038 praemiantur
661 2014 683 2033 et

118 2050 214 2075 propter
231 2054 312 2070 eorum
331 2048 446 2071 defectum
464 2049 557 2077 reprobi
574 2050 683 2072 damnan-

117 2090 153 2110 tur
170 2087 215 2109 214
235 2088 278 2109 116
296 2100 326 2105 -
338 2088 361 2110 ln
374 2088 485 2116 operibus
497 2090 683 2117 supererogatio-

119 2126 155 2149 nis
170 2127 258 2149 coactio
275 2127 416 2149 necessitatis
428 2134 473 2150 non
486 2131 519 2150 est
532 2129 680 2156 praeferenda

119 2165 296 2193 promptitudini
322 2167 447 2189 voluntatis
470 2167 514 2189 326
532 2168 561 2189 29
578 2179 609 2183 -
627 2168 681 2189 Boni

117 2204 194 2232 operis
211 2205 324 2232 placentia
342 2205 406 2227 facile
423 2209 524 2228 mentem
542 2206 625 2228 extollit
639 2206 681 2228 140

117 2243 130 2264 9
149 2255 179 2259 -
197 2243 275 2265 divina
294 2246 347 2266 sunt
364 2244 515 2271 conditionis,
531 2245 682 2272 reparationis

117 2284 139 2304 et
156 2282 329 2310 glorificationis
346 2283 361 2305 7
379 2283 406 2304 18
424 2295 455 2300 -
471 2283 510 2305 Dei
524 2284 646 2311 purissima
659 2284 682 2306 in

116 2327 142 2344 se
159 2327 228 2349 saepe
245 2324 298 2344 sunt
314 2321 413 2344 rudibus
430 2325 452 2344 et
470 2321 600 2344 infidelibus
617 2329 683 2345 occa-

118 2360 153 2383 sio
170 2361 270 2383 scandali
289 2361 334 2383 337
353 2360 367 2383 h
384 2373 415 2378 —
432 2362 461 2383 Ex
480 2361 607 2389 pluralitate
630 2368 683 2390 ope—

116 2399 231 2422 rationum
249 2406 293 2422 non
311 2400 417 2428 sequitur
436 2400 554 2428 pluralitas
577 2406 682 2428 persona-

118 2444 170 2460 rum
189 2438 210 2460 in
227 2438 317 2461 Christo
336 2439 380 2461 267
399 2439 412 2461 4
430 2451 460 2455 —
477 2438 558 2461 Christi
572 2445 616 2462 non
629 2440 682 2462 defl-

118 2477 194 2504 ciunt,
210 2477 252 2500 sed
270 2478 393 2506 proliciunt
410 2478 455 2500 336
475 2478 502 2500 13

163 2516 285 2539 0101011111
303 2529 335 2533 -
347 2518 369 2538 10
383 2517 492 2544 paradiso
504 2520 538 2539 est
550 2520 681 2545 promptua-

116 2554 177 2578 rium
194 2555 270 2578 omnis
287 2556 418 2583 opulentiae
441 2556 464 2578 t3
484 2556 497 2578 4

163 2594 247 2617 OnA‘rto
258 2607 288 2610 —
300 2598 334 2617 est
346 2595 467 2617 conversio
481 2595 563 2617 mentis
575 2595 596 2617 in
608 2595 680 2617 Deum

117 2633 161 2655 119
179 2633 193 2655 5
209 2645 241 2650 -
258 2636 292 2656 est
307 2639 417 2656 ascensus
429 2634 554 2656 intellectus
566 2634 595 2656 ad
609 2634 680 2656 Deum

117 2671 163 2694 476
183 2673 191 2694 1
212 2684 243 2689 -
260 2673 315 2695 dicit
333 2673 432 2701 Spiritus
454 2673 612 2701 operationem
637 2673 680 2695 434

117 2711 130 2733 9
147 2723 178 2728 -
195 2711 279 2740 duplex
296 2715 330 2734 est
348 2711 392 2734 440
410 2712 433 2734 7.
450 2719 485 2741 sq.
502 2724 533 2729 —
545 2713 566 2734 ln
579 2713 681 2734 oratione

116 2750 186 2772 homo
203 2751 378 2778 diligentissime
395 2757 419 2773 se
437 2751 513 2779 ipsum
526 2757 632 2773 exercere
644 2751 681 2774 de-

116 2788 156 2811 bet
174 2789 217 2811 108
236 2791 249 2811 2
266 2802 297 2806 -
309 2790 383 2813 Homo
396 2796 440 2812 non
454 2790 522 2813 debet
534 2790 564 2812 ab
576 2790 679 2813 oratione

116 2828 222 2856 spiritum
240 2829 341 2851 relaxare
362 2830 367 2851 1
379 2830 403 2851 19
421 2829 434 2851 5
447 2842 476 2845 -
489 2830 512 2851 10
525 2829 627 2852 oratione
640 2831 681 2852 fre-

117 2870 214 2896 quenter
230 2870 252 2889 et
269 2873 361 2890 morose
378 2868 548 2896 persistendum
570 2871 604 2890 est
626 2874 679 2890 cum

116 2906 231 2934 profunda
256 2906 333 2929 cordis
357 2907 482 2929 devotione
506 2910 528 2929 et
554 2907 680 2929 humilitate

117 2944 162 2967 476
181 2945 188 2966 l
210 2957 241 2961 —
257 2945 338 2967 Omnia
357 2946 446 2973 agenda
465 2946 568 2968 oratione
585 2952 680 2974 praeve-

116 2983 177 3011 nire,
194 2984 223 3006 ad
241 2990 322 3007 omnes
339 2987 436 3007 eventus
447 2990 490 3007 nos
502 2985 604 3007 oratione
617 2991 680 3012 prae-

819 215 918 243 lNDEX
941 216 1187 245 ALPHABETICUS.

721 293 823 320 munire,
840 293 916 315 omnia
935 293 1047 316 beneficia
1064 294 1131 316 laude
1143 294 1220 316 divina
1233 300 1284 322 pro-

720 331 785 360 sequi
809 331 923 354 debemus
949 332 993 354 150
1020 331 1049 354 14
1065 344 1096 349 -
1113 333 1209 360 Semper
1233 333 1283 360 plus

719 371 815 393 orationi
833 371 952 393 fidendum
971 374 1004 393 est
1015 377 1085 400 quam
1099 372 1206 399 propriae
1219 372 1282 394 indu·

719 410 788 432 striae
805 409 858 433 ibid.
876 422 907 426 —
925 410 985 432 Deus
1001 410 1024 432 in
1042 410 1149 438 periculis
1170 413 1191 432 et
1214 409 1283 432 111110-

720 448 844 471 lationibus
870 449 1011 477 frequentius
1035 449 1138 472 orandus
1155 452 1189 471 est
1207 449 1250 472 177
1268 450 1280 471 3

720 501 750 503 -
767 488 840 510 Homo
858 487 927 510 debet
944 494 994 511 esse
1011 488 1099 511 amicus
1116 488 1225 510 orationis
1236 488 1281 510 502

724 527 749 549 14
768 539 796 542 —
815 527 910 555 Pauperi
928 533 972 549 non
989 527 1062 550 oranti
1084 530 1175 549 aeterna
1199 528 1283 555 suppli-

720 566 754 588 cia
773 566 936 593 promittuntur
954 566 998 588 478
1016 567 1028 588 6
1047 578 1078 583 -
1094 566 1134 589 Cui
1147 566 1234 588 maiora
1246 565 1283 588 be-

720 605 799 627 neficia
818 606 974 632 conferuntur,
991 604 1060 627 dehet
1077 605 1146 627 etiam
1159 605 1284 627 ferventius

720 647 742 666 et
759 644 875 666 morosius
891 650 958 666 orare
975 643 1028 667 ibid.
1049 657 1079 660 -
1099 644 1190 666 assidua
1209 650 1283 666 neces-

720 683 778 705 saria
796 686 830 705 est
847 683 962 711 Religioso
984 683 1025 705 tt7
1045 684 1051 705 l
1069 695 1099 700 --
1111 683 1225 706 Orationis
1237 687 1284 705 stu-

720 722 784 744 dium
803 722 939 750 Superiores
956 722 1055 745 excitare
1071 722 1156 744 debent
1171 722 1215 744 470
1229 722 1242 744 4
1253 735 1284 739 —

721 762 812 789 Triplex
830 765 863 783 est
880 762 964 783 modus
981 762 1089 784 continue
1106 762 1186 784 orandi
1208 761 1252 784 434
1270 762 1283 784 9

719 813 749 816 -
769 801 804 822 llle
821 807 914 828 semper
931 803 993 828 orat,
1010 801 1077 822 cuius
1088 801 1182 822 devotio
1196 807 1241 822 non
1254 801 1284 822 in·

720 840 870 867 terrnmpitur
888 839 932 861 440
951 840 963 860 8
981 851 1012 855 —
1033 839 1106 862 Omne
1130 845 1190 867 opus
1214 842 1283 868 atque

719 878 851 900 exercitium
871 878 954 900 mentis
971 880 992 899 et
1013 878 1116 906 corporis
1138 878 1211 900 oratio
1233 884 1283 900 esse

720 917 789 939 debet
806 917 850 938 495
870 916 883 938 b
896 930 918 932 —
938 917 960 939 ln
972 917 1062 939 devotis
1074 917 1217 939 orationibus
1228 923 1283 939 con-

719 956 777 978 sistit
799 956 874 978 cultus
897 956 936 978 Dei
955 956 999 978 250
1018 957 1046 977 20
1064 969 1093 972 -—
1112 956 1152 978 Per
1170 956 1281 983 gemitum

718 998 740 1017 et
757 995 883 1017 orationem
903 995 992 1017 Veritas
1009 997 1043 1016 est
1060 994 1194 1017 advocanda
1215 995 1239 1015 ts
1257 994 1282 1016 l4

717 1046 749 1050 —
765 1034 857 1056 Orando
874 1034 1028 1056 exercendum
1047 1036 1081 1056 est
1096 1034 1157 1055 circa
1169 1033 1280 1061 triplicem

719 1073 780 1095 tiam
800 1074 812 1094 3
832 1073 840 1094 1
862 1085 891 1088 —
910 1073 931 1095 ln
950 1073 1053 1095 oratione
1077 1073 1146 1094 homo
1168 1078 1192 1094 se
1214 1071 1283 1094 debet

718 1112 894 1139 diligentissime
912 1117 1017 1134 exercere
1035 1115 1056 1133 et
1077 1111 1240 1139 negligentiam
1259 1111 1280 1132 in

719 1157 744 1173 ea
763 1151 891 1178 recogitare
909 1150 922 1172 4
941 1150 954 1172 4
971 1163 1001 1166 —
1019 1156 1065 1172 non
1083 1150 1166 1172 sufficit
1188 1150 1238 1172 sine
1254 1150 1282 1172 le·

718 1190 793 1212 ctione
810 1193 832 1212 et
850 1189 903 1212 boni
921 1190 998 1217 operis
1020 1189 1166 1211 exsecutione
1188 1189 1218 1211 ad
1239 1190 1282 1211 fru-

717 1232 779 1251 ctum
807 1229 893 1251 bonum
919 1229 1022 1251 dandum
1049 1227 1102 1251 ibid.
1121 1240 1151 1245 -—
1168 1228 1193 1250 ln
1218 1228 1281 1250 omni

718 1269 821 1290 oratione
839 1269 939 1296 perfecta
957 1270 991 1290 est
1012 1267 1140 1295 deploratio
1164 1267 1282 1295 miseriae,

718 1307 848 1335 imploratio
866 1307 1038 1329 misericordiae
1050 1309 1072 1328 et
1083 1306 1193 1328 exhibitio
1205 1306 1282 1328 latriae

718 1347 731 1368 8
751 1347 772 1368 1.
793 1347 814 1368 11
837 1347 865 1368 12
891 1358 921 1362 -
946 1346 1065 1374 quomodo
1091 1345 1229 1367 instituenda
1254 1345 1282 1367 sit

719 1385 762 1407 478
779 1385 802 1407 7.
820 1391 870 1414 sqq.
889 1398 918 1401 —
944 1385 978 1407 Ad
1004 1385 1129 1413 perfectam
1154 1385 1281 1406 orationem

717 1425 759 1446 tria
771 1424 920 1453 requiruntur
933 1424 976 1446 117
990 1425 1011 1446 2.
1027 1424 1070 1446 118
1084 1424 1105 1446 3.
1118 1430 1169 1452 sqq.
1181 1436 1211 1439 —-
1225 1423 1282 1445 Ten-

718 1466 766 1486 tare
785 1464 857 1485 Deum
875 1463 897 1485 in
915 1464 1018 1485 oratione
1036 1466 1068 1485 est
1086 1462 1175 1491 absque
1187 1468 1282 1490 praepa-

717 1504 804 1525 ratione
821 1503 849 1525 ad
867 1503 994 1525 orationem
1012 1509 1037 1524 se
1054 1503 1156 1524 conferre
1170 1501 1213 1523 477
1230 1502 1235 1523 1
1251 1514 1282 1518 -

717 1542 751 1564 Ad
769 1542 969 1570 praeparationem
987 1541 1141 1564 necessariam
1154 1541 1195 1563 tria
1207 1541 1282 1569 requi-

717 1584 799 1603 runtur
816 1580 845 1603 ib.
864 1582 884 1602 2.
902 1587 954 1609 sqq.
971 1593 1001 1597 —
1019 1580 1088 1603 debet
1113 1587 1163 1602 esse
1189 1580 1281 1602 humilis

717 1623 739 1642 et
761 1620 853 1648 sapiens
875 1620 903 1641 28
926 1621 930 1640 t
954 1632 982 1635 —
1000 1619 1114 1641 Orationis
1139 1619 1280 1647 principium

717 1665 767 1681 esse
785 1658 871 1681 debent
893 1659 1035 1686 lacrymosae
1058 1658 1219 1680 meditationes
1236 1658 1280 1679 118

717 1699 730 1720 2
749 1710 777 1714 -
796 1698 913 1720 Orandum
931 1700 965 1720 est
989 1698 1135 1724 familiariter,
1158 1697 1281 1724 humiliter,

717 1736 901 1765 lacrymabiliter,
918 1737 1026 1763 hilariter,
1047 1737 1151 1763 dulciter,
1174 1736 1281 1759 fiduciali-

717 1779 750 1798 ter
768 1776 813 1799 205
831 1776 860 1798 90
877 1788 907 1792 -
924 1775 994 1798 debet
1015 1782 1065 1798 esse
1089 1778 1190 1802 secreta,
1215 1781 1281 1797 vere-

716 1815 803 1842 cunda,
821 1816 892 1842 iusta,
909 1815 1036 1842 lacrymosa
1059 1817 1081 1837 et
1104 1816 1212 1843 frequens
1235 1814 1280 1836 476

718 1855 725 1876 1
751 1867 778 1870 -
797 1854 878 1876 Omnis
895 1854 968 1876 oratio
985 1854 1101 1876 volvenda
1118 1858 1152 1876 est
1169 1854 1228 1875 circa
1241 1853 1281 1875 Dei

717 1893 826 1916 beneficia
844 1893 923 1915 collata
942 1896 963 1915 et
980 1893 1040 1915 circa
1059 1893 1152 1921 propria
1169 1895 1191 1914 et
1208 1893 1281 1920 proxi-

716 1938 807 1954 morum
820 1933 905 1954 scelera
919 1935 1048 1960 perpetrata
1063 1932 1106 1954 478
1121 1932 1133 1953 6
1143 1944 1174 1948 -
1184 1933 1206 1954 10
1216 1932 1280 1954 omni

716 1971 819 1994 oratione
837 1971 963 1999 gratiarum
976 1971 1034 1993 act10
1047 1974 1080 1993 est
1092 1971 1220 1993 necessaria
1236 1972 1243 1992 l
1254 1971 1279 1992 18

716 2011 728 2032 3
746 2023 776 2026 —
794 2017 837 2033 non
857 2014 944 2033 tantum
963 2013 997 2033 est
1014 2010 1091 2037 vocis,
1108 2010 1149 2032 sed
1162 2010 1230 2032 etiam
1243 2010 1280 2032 de-

715 2050 793 2072 siderii
813 2051 855 2072 190
873 2051 902 2072 29
920 2063 950 2065 -
967 2056 1020 2072 cum
1039 2049 1123 2072 fiducia
1141 2049 1279 2077 impetrandi

714 2089 836 2111 coniuncta
849 2092 871 2111 et
883 2089 904 2111 in
918 2089 1004 2111 excelsa
1017 2089 1111 2111 caritate
1124 2088 1217 2110 fundata
1230 2094 1280 2110 esse

717 2128 786 2150 debet
804 2128 847 2150 476
862 2129 869 2150 1
886 2141 916 2144 -—
929 2128 986 2150 Cum
999 2129 1068 2150 homo
1080 2130 1124 2150 stat
1135 2128 1157 2149 in
1170 2127 1280 2155 oratione,

714 2170 787 2190 totum
806 2167 875 2189 debet
891 2173 915 2189 se
933 2167 1009 2194 ipsum
1027 2167 1135 2194 colligere
1152 2170 1174 2189 et
1186 2168 1230 2188 tota
1243 2166 1280 2188 de·

715 2207 807 2229 votione
824 2212 849 2228 se
873 2206 950 2228 levare
975 2212 1045 2234 supra
1062 2212 1088 2228 se
1106 2206 1150 2227 119
1168 2206 1181 2227 5
1200 2218 1228 2221 -
1246 2205 1280 2227 Ad

715 2245 799 2268 bonam
812 2245 939 2267 orationem
951 2245 1107 2267 necessarium
1120 2248 1154 2267 est
1165 2244 1279 2267 silentium

715 2285 759 2307 502
779 2285 807 2307 15
824 2296 855 2301 -
872 2284 969 2306 Devotio
994 2284 1122 2306 orationem
1148 2284 1280 2312 impinguat

719 2323 760 2345 148
778 2324 791 2344 2
809 2335 840 2339 -
857 2324 880 2345 ln
898 2323 1002 2345 oratione
1019 2323 1095 2350 magis
1106 2323 1199 2345 studere
1211 2322 1280 2345 debe-

715 2368 767 2384 mus
784 2362 812 2384 ad
832 2362 980 2384 devotionem
998 2367 1068 2390 quam
1087 2361 1116 2383 ad
1134 2367 1280 2383 consumma-

714 2401 800 2423 tionem
820 2400 863 2422 478
882 2400 896 2422 5
913 2412 944 2417 —-
961 2399 1031 2422 debet
1055 2400 1171 2422 terminari
1198 2400 1220 2422 in
1242 2406 1280 2422 ex-

715 2446 780 2462 cessu
797 2440 977 2467 complacentiae
989 2445 1031 2461 nec
1043 2442 1095 2461 ante
1106 2439 1279 2461 exsultationem

714 2478 783 2501 debet
800 2479 911 2501 desistere
929 2479 942 2500 9
961 2478 974 2500 4
991 2490 1022 2495 -—-
1041 2478 1126 2500 Tribus
1150 2479 1179 2501 de
1204 2478 1280 2500 causis

713 2518 737 2540 in
754 2518 858 2540 oratione
875 2517 1013 2540 deducimur
1031 2517 1051 2539 in
1070 2517 1152 2539 mentis
1164 2517 1280 2539 alienatio-

717 2563 770 2579 nem
790 2557 832 2578 119
852 2557 872 2579 ὓ.
890 2563 941 2585 sqq.
954 2569 985 2573 —
1001 2556 1054 2579 Vide
1065 2562 1087 2579 v.
1100 2556 1280 2585 Contemplatio.

715 2607 746 2612 —
763 2596 785 2617 ln
803 2596 907 2618 oratione
923 2595 1062 2623 speculanda
1081 2599 1114 2617 est
1131 2596 1235 2618 caelestis
1252 2596 1281 2617 le-

716 2636 816 2656 rusalem
835 2635 979 2662 triumphans
998 2634 1041 2656 478
1060 2633 1072 2656 4
1089 2647 1120 2650 —
1138 2635 1160 2656 ln
1177 2634 1281 2656 orationi-

716 2673 760 2695 bus
777 2673 943 2696 determinatus
961 2679 1071 2695 numerus
1093 2673 1226 2696 retinendus
1247 2675 1280 2695 est

716 2712 746 2735 ib.
763 2712 777 2734 5
795 2724 825 2729 -
842 2713 938 2734 Fructus
956 2712 1072 2740 multiplex
1087 2712 1196 2734 orationis
1208 2712 1252 2734 533
1267 2712 1275 2734 1

714 2764 744 2767 —
761 2754 795 2773 est
812 2751 960 2778 hausorium,
978 2757 1025 2780 quo
1049 2751 1147 2779 Spiritus
1167 2752 1190 2773 S.
1207 2751 1279 2779 gratia

713 2790 818 2812 hauritur
840 2791 880 2812 119
899 2791 913 2812 5
931 2802 961 2807 —-
979 2791 1057 2812 hastae
1074 2793 1222 2818 comparatur
1235 2790 1278 2812 170

714 2830 727 2851 6
744 2841 774 2846 --
791 2832 826 2851 est
843 2832 923 2857 portus
944 2835 1041 2852 securus
1066 2829 1109 2851 150
1135 2829 1160 2851 14
1179 2841 1205 2845 -
1224 2829 1280 2852 Ora-

714 2868 773 2890 tione
795 2874 876 2890 omnes
898 2868 1053 2896 periculorum
1079 2868 1207 2890 collisiones
1226 2874 1280 2890 eva-

714 2907 770 2930 dere
786 2913 910 2935 possumus
927 2906 982 2930 ibid.

760 2959 789 2962 -
808 2946 855 2968 sola
885 2946 956 2968 vincit
985 2946 1078 2974 maligni
1110 2946 1181 2968 hostis
1211 2948 1279 2968 tenta·

712 2990 788 3008 menta
807 2985 850 3007 117
870 2986 877 3007 1
899 2997 930 3002 -
946 2987 1043 3013 Semper
1059 2988 1151 3008 orantes
1167 2985 1278 3008 accidiam

1828 223 1884 250 727

1575 258 1634 281 ORD

1317 301 1329 316 a
1347 301 1372 317 se
1388 296 1512 319 excludunt
1529 296 1574 319 434
1591 298 1604 319 9
1622 309 1653 314 -
1670 298 1722 320 Ε105
1739 299 1832 321 effectus
1854 299 1883 321 94

1317 333 1330 355 3
1348 345 1379 350 -
1397 335 1449 357 facit
1470 335 1593 363 humilem,
1616 337 1753 364 patientem,
1775 337 1885 360 obedien-

1317 375 1375 399 tem,
1394 373 1480 396 habere
1497 375 1573 397 omnia
1598 374 1657 398 bona
1675 375 1719 398 502
1742 376 1766 398 14
1789 388 1820 393 -
1841 383 1884 400 nos

1316 411 1368 433 facit
1394 411 1480 434 habere
1497 413 1569 435 Deum
1588 413 1642 436 ibid.
1659 427 1689 431 —
1706 415 1734 437 ad
1752 416 1829 438 omnia
1847 422 1884 438 va-

1315 450 1344 472 let
1360 452 1383 472 et
1400 450 1422 473 in
1440 452 1502 473 omni
1516 455 1620 480 tempore
1637 454 1706 476 homo
1724 460 1765 482 per
1783 460 1833 477 eam
1852 455 1885 477 lu-

1315 489 1373 510 crari
1390 492 1464 517 potest
1479 490 1485 512 l
1497 490 1522 512 l7
1544 491 1548 512 l
1567 503 1598 508 —
1610 492 1755 521 Quandoque
1769 499 1813 515 una
1827 495 1882 516 hora

1315 528 1385 550 homo
1401 528 1502 551 lucratur
1518 530 1570 557 plus
1586 531 1687 559 orando,
1711 538 1782 560 quain
1809 533 1883 555 valeat

1317 569 1376 588 101115
1401 567 1503 590 mundus
1527 568 1588 597 ibid}
1609 582 1640 586 —
1668 571 1754 593 lllodica
1780 571 1882 594 oratione

1316 605 1400 628 devota
1426 608 1496 630 homo
1521 609 1618 636 acquirit
1641 615 1738 636 regnum
1764 611 1881 633 caetorum

1317 644 1370 667 ibid.
1387 658 1417 661 —
1434 647 1464 668 Ex
1474 647 1550 669 studio
1563 647 1693 670 devotionis
1705 649 1795 672 fulcitur
1806 649 1882 672 omnis

1317 684 1418 712 Religio,
1435 689 1457 707 et
1474 692 1542 708 omne
1554 687 1645 709 virtutis
1656 688 1788 710 exercitium
1802 689 1882 716 impin·

1317 726 1402 750 guatur
1421 724 1464 746 134
1486 725 1511 746 10
1528 737 1559 741 -
1576 725 1660 748 devota
1672 730 1819 755 comparatur
1831 728 1882 750 oleo

1319 762 1362 784 =135
1384 763 1409 784 10
1426 774 1456 779 -
1474 764 1592 786 Exauditio
1609 765 1719 787 orationis
1744 772 1770 788 ex
1795 766 1882 794 duplici

1316 801 1403 823 ratione
1420 808 1489 830 saepe
1507 804 1648 831 protrahitur
1665 805 1694 827 56
1714 805 1750 827 13.
1767 812 1801 834 sq.
1829 805 1882 828 Vide

1318 846 1337 862 t·.
1365 841 1466 864 Decott'o.
1491 854 1522 858 —
1547 842 1589 864 Pro
1611 842 1697 871 quihus
1714 844 1742 866 sit
1767 844 1881 866 orandum

1318 878 1361 900 479
1380 880 1392 901 9
1411 892 1439 895 -
1458 882 1628 908 praeparatoria
1646 882 1675 904 ad
1690 883 1780 905 Missam
1795 884 1838 905 r103
1853 884 1876 905 ll

1316 930 1346 933 —
1365 919 1406 940 Pro
1423 919 1509 947 quibus
1534 921 1659 948 praecipue
1684 922 1792 944 sacerdos
1814 928 1881 945 orare

1316 957 1400 979 debeat
1417 957 1439 979 in
1457 958 1523 980 Missa
1542 959 1586 981 105
1613 960 1641 981 19
1662 972 1693 976 —
1718 961 1823 983 mentalis
1848 961 1882 983 di-

1316 996 1387 1017 cenda
1406 996 1426 1017 in
1445 998 1609 1019 communione
1631 998 1670 1020 106
1690 998 1702 1020 —i
1720 1011 1751 1015 —
1769 1000 1881 1022 Excellens

1316 1035 1388 1061 gratia
1406 1036 1515 1057 orationis
1533 1036 1556 1058 in
1569 1037 1591 1058 S.
1603 1037 1722 1060 Francisco
1735 1038 1779 1060 533
1800 1039 1816 1060 l.
1830 1045 1882 1068 sqq.

1315 1085 1346 1089 —
1364 1073 1454 1096 Dictum
1472 1075 1572 1097 notabile
1590 1076 1614 1098 S.
1630 1076 1742 1098 Francisci
1760 1077 1789 1099 de.
1809 1078 1881 1105 gratia

1315 1113 1424 1135 orationis
1441 1112 1470 1135 ib.
1491 1114 1496 1135 l
1517 1126 1549 1130 —
1570 1115 1602 1136 De
1619 1115 1668 1137 eius
1684 1116 1785 1138 efficacia
1804 1116 1848 1137 539
1871 1117 1876 1138 l

1316 1163 1346 1167 —
1364 1151 1386 1173 S.
1407 1152 1541 1175 Franciscus
1564 1153 1654 1176 instruit
1679 1154 1754 1177 socios
1779 1161 1834 1177 suos
1858 1155 1880 1177 in

1315 1191 1385 1213 modo
1403 1191 1484 1214 orandi
1503 1192 1546 1214 513
1566 1193 1578 1215 3
1597 1205 1626 1208 ——
1643 1192 1746 1215 Christus
1762 1196 1841 1216 noctes
1858 1194 1881 1216 in

1315 1229 1418 1252 oratione
1435 1230 1560 1258 pervigiles
1577 1231 1677 1254 ducebat
1694 1232 1723 1254 ad
1741 1233 1881 1255 informatio-

1316 1274 1369 1290 nem
1385 1269 1445 1291 vitae
1457 1271 1571 1297 perfectae
1584 1270 1628 1292 243
1642 1271 1669 1293 13
1684 1284 1712 1287 —
1724 1272 1807 1294 devota
1820 1272 1882 1294 Chri—

1316 1307 1342 1329 sti
1361 1308 1469 1331 imitanda
1487 1309 1516 1331 73
1540 1310 1564 1331 10
1583 1322 1612 1325 -
1633 1311 1747 1338 Expositio
1770 1311 1881 1334 orationis

1316 1347 1446 1369 dominicae
1467 1347 1510 1370 407
1538 1349 1550 1370 3
1576 1361 1607 1364 —
1632 1349 1739 1372 Oratione
1765 1350 1880 1373 dominica

1316 1389 1424 1413 petuntur
1440 1389 1529 1414 septem
1547 1387 1607 1410 dona
1626 1388 1723 1416 Spiritus
1740 1390 1761 1411 S.
1780 1390 1809 1410 86
1828 1389 1856 1411 49

1363 1424 1425 1448 01100
1442 1438 1472 1441 -·-
1489 1426 1551 1448 Deus
1567 1427 1643 1449 omnia
1657 1427 1678 1449 in
1691 1428 1778 1450 inundo
1789 1428 1881 1450 ordinat

1315 1463 1340 1486 7l
1367 1465 1372 1486 l
1399 1477 1428 1480 —
1451 1465 1530 1493 triplex
1553 1465 1702 1494 distinguitur
1727 1467 1749 1488 in
1771 1473 1880 1494 suprema

1316 1503 1443 1526 liIerarchia
1466 1504 1490 1526 12
1509 1505 1517 1526 1
1544 1517 1575 1520 -
1600 1506 1715 1527 confertur
1732 1506 1760 1528 ad
1778 1512 1880 1533 purgan-

1316 1542 1384 1569 dum,
1403 1543 1590 1572 illuminandum,
1608 1544 1774 1572 perficiendum
1794 1544 1838 1567 250
1851 1546 1875 1567 21

1315 1594 1345 1598 -
1370 1582 1462 1604 Ordinis
1485 1582 1614 1605 sublimitas
1639 1584 1691 1606 facit
1715 1584 1744 1606 ad
1770 1585 1880 1607 maiorem

1315 1621 1477 1648 perfectionem
1496 1622 1563 1644 officii
1581 1623 1727 1650 praelationis
1740 1622 1793 1646 ibid.
1805 1636 1835 1640 —
1846 1630 1881 1646 re-

1315 1660 1411 1687 ligiosus
1434 1664 1530 1683 vocatur
1552 1661 1626 1690 Ordo,
1652 1662 1706 1690 quia
1731 1662 1785 1684 nihil
1811 1663 1831 1684 in
1857 1669 1881 1685 se

1314 1698 1470 1722 inordinatum
1489 1700 1574 1728 patitur
1591 1700 1635 1723 346
1654 1700 1668 1722 b
1686 1714 1716 1717 —
1729 1701 1815 1724 Diversi
1828 1704 1882 1724 sunt

1315 1738 1401 1765 gradus
1419 1739 1565 1766 perfectionis
1582 1739 1694 1762 Ordinum
1719 1740 1881 1768 religiosorum

1315 1777 1360 1799 340
1378 1783 1389 1799 a
1410 1790 1437 1793 —
1455 1778 1550 1806 Qualem
1568 1778 1637 1801 finem
1653 1779 1772 1802 intendant
1783 1779 1881 1802 Ordines

1314 1817 1402 1845 antiqui
1419 1817 1464 1838 338
1482 1823 1494 1839 a
1512 1830 1542 1833 —
1560 1818 1619 1840 Voto
1636 1819 1820 1846 superveniente,
1837 1820 1883 1841 for-

1315 1855 1412 1877 tificatur
1429 1856 1488 1878 sacri
1505 1856 1598 1879 Ordinis
1615 1857 1732 1879 vinculum
1752 1858 1795 1879 396
1812 1858 1833 1879 11
1851 1870 1880 1873 —-

1314 1893 1378 1916 Circa
1396 1895 1551 1923 receptionem
1569 1895 1599 1918 ad
1613 1895 1722 1918 Ordinem
1735 1896 1775 1918 tria
1787 1903 1883 1919 concur-

1314 1936 1367 1955 runt
1385 1934 1429 1955 397
1449 1934 1456 1955 1
1478 1946 1509 1951 -
1526 1934 1673 1962 Quadruplex
1691 1938 1724 1957 est
1742 1937 1814 1958 forma
1826 1936 1881 1958 reci-

1314 1972 1392 2000 piendi
1403 1973 1432 1995 ad
1445 1973 1554 1995 Ordinem
1567 1974 1762 2003 qualemcumque
1774 1978 1880 2003 respectu

1314 2011 1425 2038 pecuniae
1443 2012 1487 2033 369
1506 2011 1528 2034 b.
1545 2012 1590 2034 370
1608 2018 1619 2033 a
1638 2025 1667 2028 —-
1685 2012 1785 2035 Simonia
1797 2016 1831 2035 est
1847 2019 1880 2035 re-

1315 2050 1391 2078 cipere
1408 2050 1508 2079 aliquem
1525 2051 1554 2073 ad
1572 2050 1682 2073 Ordinem
1701 2054 1796 2079 propter
1813 2058 1881 2080 pecu-

1314 2089 1376 2111 niam
1395 2089 1440 2111 370
1457 2095 1470 2111 a
1487 2102 1519 2106 —
1535 2090 1616 2117 Magna
1633 2093 1656 2112 et
1673 2090 1790 2118 multiplex
1808 2091 1880 2119 gratIa

1315 2131 1349 2150 est
1365 2128 1466 2156 receptio
1484 2128 1505 2151 in
1522 2128 1633 2151 Ordinem
1652 2129 1695 2151 346
1714 2136 1726 2151 a
1744 2142 1775 2146 —
1792 2130 1881 2152 Profes-

1314 2167 1347 2189 sio
1365 2167 1387 2189 in
1405 2167 1490 2189 Ordine
1507 2168 1615 2195 religioso
1632 2168 1679 2190 duo
1705 2169 1813 2196 importat
1836 2169 1875 2191 401

1315 2207 1351 2228 12.
1369 2212 1403 2234 sq.
1422 2219 1450 2222 -
1468 2209 1490 2228 et
1506 2207 1616 2234 profitens
1633 2207 1656 2229 in
1674 2208 1814 2235 professione
1829 2209 1881 2231 vice

1314 2251 1381 2267 versa
1397 2251 1423 2267 se
1439 2244 1543 2273 obligant
1559 2246 1588 2268 ad
1606 2246 1704 2269 invicem
1720 2246 1765 2268 346
1778 2253 1790 2269 a
1804 2260 1832 2263 —
1844 2247 1879 2270 Oh

1313 2290 1420 2307 excessus
1437 2291 1521 2312 graves
1538 2287 1560 2307 et
1577 2285 1679 2307 notorios
1701 2286 1842 2314 quandoque
1858 2286 1881 2308 li-

1313 2325 1348 2345 cet
1365 2323 1465 2352 aliquem
1483 2324 1566 2345 eiicere
1577 2330 1603 2346 ex
1615 2324 1701 2346 Ordine
1712 2323 1741 2346 ib.
1753 2323 1768 2346 b
1779 2337 1810 2341 —
1819 2325 1878 2353 Quid

1314 2362 1386 2383 taliter
1403 2362 1475 2384 eiecto
1493 2362 1621 2384 faciendum
1639 2363 1668 2384 sit
1689 2362 1743 2385 ibid.
1768 2375 1799 2380 -
1823 2364 1879 2386 Con-

1313 2400 1441 2423 stitutiones
1458 2401 1536 2429 quoad
1553 2401 1637 2423 eiectos
1654 2408 1681 2424 ex
1698 2401 1783 2424 Ordine
1804 2403 1848 2425 458
1866 2409 1878 2425 a

1314 2451 1343 2455 —
1359 2438 1539 2462 Constitutiones
1556 2443 1634 2462 contra
1658 2441 1816 2463 machinantes
1840 2441 1880 2464 Or-

1313 2478 1374 2500 dinis
1401 2478 1540 2501 divisionem
1563 2478 1617 2501 ibid.
1639 2491 1670 2496 —-
1695 2480 1802 2508 Quinque
1825 2483 1879 2503 sunt

1313 2523 1397 2539 causae
1413 2523 1549 2539 communes
1565 2520 1588 2540 et
1603 2524 1643 2540 sex
1659 2519 1781 2546 speciales,
1797 2525 1839 2541 cur
1857 2520 1878 2542 in

1314 2557 1359 2579 vita
1378 2556 1484 2584 religiosa
1502 2556 1600 2579 Ordines
1616 2557 1723 2580 deficiant
1740 2558 1785 2580 349
1797 2558 1819 2580 b.
1833 2558 1878 2580 350

1313 2602 1338 2623 a,
1357 2595 1371 2618 b
1388 2608 1418 2611 —
1435 2595 1471 2618 Ob
1497 2596 1556 2618 duas
1581 2597 1680 2619 rationes
1705 2597 1727 2619 in
1752 2597 1879 2620 Ordinibus

1313 2634 1380 2663 pauci
1398 2635 1474 2657 Sancti
1491 2641 1541 2657 esse
1559 2635 1666 2658 videntur
1684 2635 1728 2658 349
1746 2635 1761 2658 h
1783 2648 1813 2653 ·—
1835 2637 1879 2664 spi-

1313 2674 1429 2696 ritualium
1447 2674 1550 2696 virorum
1567 2680 1591 2696 se
1614 2677 1748 2702 promptum
1771 2675 1879 2699 exhibere

1313 2712 1382 2735 debet
1399 2713 1428 2735 ad
1446 2713 1550 2735 divinum
1570 2714 1689 2740 honorem,
1700 2714 1829 2736 animarum
1842 2721 1878 2737 sa-

1313 2752 1382 2774 lutem
1401 2754 1422 2774 et
1444 2752 1541 2774 naturali
1566 2752 1643 2780 pietati
1669 2758 1769 2774 consona
1794 2759 1879 2780 procu-

1312 2790 1383 2813 randa
1402 2790 1446 2813 472
1464 2797 1476 2813 a
1494 2803 1524 2807 -—
1549 2791 1672 2819 Quomodo
1689 2791 1776 2814 debiles
1797 2795 1820 2814 et
1841 2798 1878 2814 ae-

1312 2829 1371 2857 groti
1389 2829 1409 2851 in
1427 2829 1512 2852 Ordine
1529 2830 1636 2858 religioso
1653 2830 1764 2853 tractandi
1776 2830 1876 2854 51111343

1312 2874 1332 2896 a,
1349 2867 1365 2890 b
1382 2881 1412 2885 —
1428 2868 1597 2891 Cruciferorum
1617 2868 1662 2891 514
1680 2869 1692 2891 8
1719 2881 1749 2886 —-
1774 2869 1836 2892 Ordo
1853 2870 1877 2892 S.

1311 2907 1390 2929 Clarae
1406 2906 1457 2930 vide
1473 2914 1494 2930 v.
1508 2907 1587 2930 Clara.
1599 2921 1630 2924 —
1642 2908 1671 2930 de
1683 2908 1820 2936 poenitentia
1831 2908 1876 2931 514

1312 2947 1325 2968 6
1342 2958 1374 2963 -
1389 2946 1419 2969 de
1445 2946 1581 2974 poenitentia
1599 2947 1665 2969 novis
1684 2953 1709 2970 se
1726 2947 1878 2975 poenitentiae

1311 2985 1402 3013 legibus
1419 2985 1534 3008 vinciebat
1545 2984 1599 3008 ibid.
1611 2998 1641 3002 —
1653 2986 1748 3009 clericos
1760 2989 1782 3009 et
1793 2986 1874 3014 laicos,
