2133 3317
289 233 367 262 CXVI

288 311 400 335 Partibus
413 310 498 334 domus
510 309 648 339 reliqiosae,
663 309 726 338 quod
739 309 831 337 incipit:
849 307 937 338 Reliqio
951 307 1044 331 munda
1059 309 1081 331 et
1096 308 1141 331 im-

288 358 418 381 maculata.
430 358 463 380 De
481 358 524 379 hoc
542 356 587 378 iam
605 362 675 384 supra
693 355 756 383 (pag.
769 355 872 384 LXXVl)
890 355 1004 382 diximus,
1021 354 1075 377 illud
1093 361 1140 377 11011

289 413 340 429 esse
356 406 418 429 aliud
436 411 507 434 quam
526 403 640 434 lleyalam
657 403 803 426 novitiorum
823 408 876 425 cum
900 402 944 424 alio
967 402 1078 430 Prologo,
1095 402 1139 424 alio

288 454 369 476 ordine
386 453 486 481 partium
504 454 526 474 et
542 451 658 473 nonnullis
678 450 769 473 additis.
795 450 835 472 Hic
858 450 1021 477 adiungimus,
1045 449 1139 472 unicum

288 506 358 529 quem
379 499 487 522 novimus
504 497 609 520 codicem
622 503 673 519 esse
685 496 821 524 Brnoeellis,
834 496 973 519 bibliotheca
985 496 1055 524 Regia
1069 496 1140 525 (Ducs

289 548 319 570 de
335 546 494 575 Bourgogne),
508 545 560 568 cod.
578 545 652 573 1612,
664 545 735 567 chart.
748 550 807 567 saec.
820 544 872 566 XV.
884 550 937 567 cum
955 543 1060 566 rubrica:
1081 552 1093 563 α
1106 544 1140 566 111-

287 595 342 623 cipit
359 580 506 617 Ordinarium
524 592 570 614 vite
595 592 714 620 religiose,
733 591 821 614 editum
844 597 857 613 a
880 592 957 613 Fratre
979 591 1139 613 Bonaventura

288 641 398 664 cardinali
415 641 444 663 dc
462 640 547 663 Ordine
564 640 605 661 FF.
623 639 736 661 Minorum
749 647 771 661 n.
788 639 811 661 ln
829 645 856 661 eo
875 638 988 661 habentur
1010 639 1095 661 multae
1111 639 1140 661 le-

286 688 374 710 ctiones
391 687 498 709 diversae
516 692 527 708 a
546 688 607 708 textu
633 685 694 708 edito
720 688 741 708 et
767 686 835 707 etiam
853 685 957 713 longiora
975 685 1139 708 additamenta.

287 734 372 757 Bonelli
389 740 445 756 usus
462 736 497 755 est
513 733 593 755 codice
610 733 716 755 Romano
734 732 828 761 Collegii
846 733 868 754 S.
886 732 979 761 Isidori;
996 732 1037 755 sed
1054 732 1140 755 erravit

287 783 383 810 putans,
400 780 502 803 libellum
520 780 625 802 nondum
637 786 689 802 esse
700 779 797 802 editum.
810 779 926 802 invenitur
938 779 999 802 enim
1012 779 1033 801 in
1046 779 1139 808 antiqua

287 828 389 858 quadam
407 828 551 855 collectione,
569 828 635 850 cuius
652 827 730 849 titulus
747 829 796 849 est:
816 836 829 847 (ι
840 826 908 849 Liber
930 826 1066 849 eruditionis
1083 826 1139 849 Reli-

288 876 434 904 giosorum...
451 878 473 898 et
490 878 544 897 tunc
561 874 696 903 compilavit
712 874 823 902 magister
842 874 984 897 Humbertus
1006 874 1035 896 de
1058 874 1139 896 Roma-

288 924 336 952 nis,
353 923 473 952 quondam
491 922 609 945 Generalis
625 922 680 944 Ord.
694 922 893 950 praedicatorum,
905 927 976 950 quem
987 921 1078 944 noviter
1089 927 1140 943 cor-

288 972 395 992 rexerunt
412 972 434 992 et
451 969 585 997 impressori
597 969 742 991 tradiderunt
752 969 843 991 Fratres
854 968 946 991 Ordinis
957 968 1071 990 Minorum
1083 967 1140 990 Con-

288 1019 371 1039 ventus
388 1016 522 1039 Parisiensis
539 1017 703 1038 reformatores
715 1025 737 1038 ».

352 1064 389 1086 13.
409 1064 536 1086 Tractatus
557 1062 584 1086 de
606 1062 683 1086 tribus
704 1061 845 1090 virtutibus,
863 1061 1008 1089 hnmilitate,
1024 1060 1140 1091 patientia

287 1112 310 1134 et
320 1110 420 1134 caritate
433 1110 636 1139 (Supplementum
649 1113 692 1132 etc.
704 1112 760 1132 tom.
772 1110 803 1131 lll.
816 1110 858 1131 col.
872 1108 935 1137 246).
948 1108 1040 1136 incipit:
1056 1116 1067 1128 «
1076 1108 1140 1136 Quae

288 1157 367 1184 potavi
385 1157 415 1179 de
432 1156 533 1179 lontibus
551 1156 675 1179 salvatoris
688 1164 709 1177 n.
726 1155 806 1178 Editus
823 1158 857 1177 est
874 1155 911 1177 hic
922 1154 1055 1177 tractatulus
1067 1160 1093 1176 ex
1104 1160 1140 1176 co-

287 1206 339 1228 dice
356 1205 460 1226 Romano
478 1203 631 1225 bibliothecae
647 1202 768 1225 Chisianae
781 1207 842 1224 saec.
854 1202 914 1224 XlV.
926 1201 1031 1224 exeuntis
1041 1201 1076 1223 vel
1088 1200 1139 1222 XV.

287 1252 397 1279 ineuntis,
415 1253 506 1279 praeter
519 1256 588 1279 quem
602 1246 676 1272 nullus
687 1250 746 1271 alius
758 1249 831 1271 codex
843 1249 951 1271 inventus
967 1250 1008 1270 cst.
1021 1247 1140 1276 Quidquid

287 1299 347 1322 dicat
364 1298 448 1321 Bonelli
469 1297 507 1325 (ibi
528 1299 549 1319 ct
566 1297 686 1319 Prodrom.
704 1296 747 1318 col.
764 1295 835 1325 741),
847 1298 872 1318 ut
889 1295 991 1318 libellum
1009 1293 1140 1318 verisimili-

287 1347 321 1369 ter
338 1351 389 1368 esse
407 1345 584 1367 Bonaventurae
600 1343 697 1371 probet,
716 1344 819 1371 prolecto
838 1343 903 1370 plura
915 1342 937 1364 111
950 1348 977 1364 eo
990 1348 1036 1364 non
1048 1341 1141 1369 sapiunt

286 1394 387 1416 indolem
405 1394 427 1415 S.
445 1393 633 1419 Bonavmturae,
652 1391 787 1419 praesertim
810 1390 874 1419 quod
897 1390 927 1412 ita
951 1390 1027 1418 inepte
1043 1389 1101 1411 ludit
1118 1389 1139 1411 in

286 1441 365 1464 litteris
383 1438 577 1468 componentibus
595 1439 636 1461 tria
655 1437 727 1460 verba
743 1437 858 1467 putredo,
878 1436 1012 1465 tribulatio,
1030 1436 1128 1459 caritas.

354 1487 388 1509 14.
409 1487 445 1508 15.
467 1486 502 1508 16.
521 1485 632 1509 Cautelae
649 1484 680 1507 ad
697 1484 829 1508 castitatem
850 1483 995 1507 servandam
1014 1483 1080 1512 (ibid.
1098 1483 1139 1505 col.

288 1534 355 1563 338);
374 1534 403 1557 de
423 1534 532 1557 Humano
550 1532 639 1556 Iudicio
658 1532 710 1559 (col.
727 1532 795 1561 340);
813 1532 843 1554 de
859 1531 958 1555 Silentia
974 1530 1007 1554 ad
1018 1529 1140 1560 quandam

287 1581 423 1605 monialem.
442 1580 544 1603 Primum
571 1582 605 1602 est
622 1580 708 1602 lacinea
731 1585 819 1607 paucas
837 1581 925 1601 tantum
944 1578 1014 1600 lineas
1036 1578 1140 1606 explens,

288 1630 336 1652 sinc
354 1628 426 1651 dubio
444 1630 551 1655 excerpta
568 1633 596 1649 ex
613 1627 689 1655 aliquo
707 1626 737 1649 de
761 1626 844 1648 eadam
872 1625 967 1648 materia
990 1627 1085 1647 tractatu
1103 1625 1139 1646 vel

286 1682 401 1699 sermone.
427 1675 506 1697 Simile
531 1674 643 1697 iudicium
669 1673 800 1696 faciendum
827 1673 856 1695 de
883 1672 985 1695 secundo
1012 1672 1139 1694 tractatulo.

286 1723 390 1746 Tertium
408 1722 471 1751 apud
490 1722 574 1744 Bonelli
592 1724 625 1744 est
643 1719 738 1749 epistola
755 1721 784 1743 ad
802 1720 921 1749 quandam
939 1720 1076 1747 monialem,
1093 1725 1139 1741 non

286 1771 381 1799 indigna
400 1771 421 1793 S.
440 1771 552 1797 Doctore,
569 1770 608 1799 qui
626 1770 673 1792 iam
690 1768 743 1791 alibi
762 1769 801 1798 (de
812 1768 957 1798 Persectione
974 1767 1006 1791 acl
1022 1767 1137 1795 Sorores,

286 1822 308 1842 et
326 1818 416 1848 aeyula
438 1818 470 1841 ad
492 1817 601 1846 novitios)
628 1817 657 1839 de
682 1817 765 1839 eodem
791 1818 930 1844 argumento
952 1816 1021 1844 paulo
1044 1815 1140 1837 brevius

287 1867 386 1895 scripsit.
403 1866 521 1888 invenitur
539 1866 595 1888 haec
612 1865 708 1893 epistola
720 1864 897 1886 Bonaventurae
914 1863 1025 1891 inscripta
1042 1863 1064 1884 in
1082 1862 1141 1884 duo-

285 1914 330 1937 bus
347 1913 468 1936 codicibus
485 1918 546 1935 saec.
566 1912 620 1938 XV.
633 1911 708 1933 sedin
727 1911 792 1933 tertio
810 1910 859 1933 sine
877 1911 950 1932 forma
962 1910 1084 1938 epistolae,
1097 1909 1140 1931 sci-

285 1960 337 1983 licet
354 1960 377 1982 in
394 1959 534 1982 bibliotheca
552 1957 680 1981 Monasterii
698 1956 809 1980 Adnzont.
827 1956 890 1985 (cod.
908 1956 983 1984 209),
1000 1956 1023 1978 in
1037 1962 1084 1984 quo
1103 1956 1140 1977 ha-

285 2008 353 2030 betur
370 2010 396 2030 ut
412 2013 431 2029 c.
450 2007 471 2029 2.
491 2005 652 2034 praecedentis
676 2004 782 2033 opusculi
807 2003 834 2027 de
860 2004 971 2027 Humano
994 2002 1098 2031 Iudicio;
1116 2003 1139 2024 in

285 2057 369 2084 quarto
386 2060 443 2076 vero
462 2053 542 2075 codice
560 2052 714 2074 bibliothecae
731 2051 823 2073 Ducalis
841 2050 979 2073 Darmstadii
1002 2051 1077 2078 opella
1099 2050 1140 2072 dit-

286 2102 329 2124 1011
345 2100 375 2123 ab
392 2101 453 2123 edita
471 2101 495 2122 111
513 2100 628 2128 principio
645 2101 668 2121 et
683 2099 736 2121 fine.
753 2098 810 2121 Hinc
827 2098 896 2121 valde
908 2097 1006 2121 dubium
1021 2100 1067 2125 est,
1081 2098 1139 2119 hanc

286 2148 407 2176 epistolam
425 2147 455 2169 ab
472 2147 523 2175 ipso
546 2147 707 2169 Bonaventura
725 2152 776 2168 esse
798 2145 918 2173 scriptam.
934 2157 965 2162 —-
982 2144 1061 2167 Obiter
1077 2146 1140 2167 nota-

286 2202 352 2222 mus,
369 2195 428 2218 duas
446 2195 494 2216 illas
511 2193 678 2216 delineationes
701 2199 755 2215 cum
777 2192 842 2215 titulo
860 2191 964 2215 Arbores
987 2191 1014 2215 cle
1034 2191 1096 2215 vitiis
1118 2193 1140 2215 et

285 2241 413 2266 virtutibus
432 2241 498 2269 (ibid.
515 2241 557 2263 col.
575 2240 630 2269 225)
649 2241 698 2263 sine
715 2240 843 2262 sufficiente
855 2239 943 2261 ratione
962 2239 1139 2261 Bonaventurae

285 2289 387 2312 attribui.

350 2336 386 2358 17.
405 2335 513 2366 Legenda
530 2335 556 2358 S.
573 2334 659 2358 Clarae
673 2334 794 2363 (ibid.col.
806 2334 944 2363 985-1063).
962 2334 1027 2356 Nunc
1044 2334 1139 2356 omnino

286 2386 386 2411 constat,
404 2388 493 2406 errasse
510 2382 609 2410 Bonelli,
622 2382 661 2410 qui
674 2382 718 2404 hoc
729 2388 789 2409 opus
797 2400 802 2410 ‚
814 2382 880 2404 cuius
892 2384 972 2404 auctor
984 2383 1046 2403 certo
1058 2384 1092 2404 est
1102 2381 1138 2403 Fr.

287 2432 389 2454 Thomas
406 2437 418 2453 a
436 2430 533 2457 Gelam,
551 2428 654 2451 attribuit
666 2429 689 2451 S.
706 2429 889 2451 Bonaventurae.
904 2441 935 2444 —
954 2429 985 2450 De
1008 2428 1056 2450 aliis
1080 2428 1141 2450 tertii

286 2478 342 2501 tomi
355 2478 513 2506 Supplementi
531 2475 641 2505 operibus
653 2475 690 2498 vel
702 2475 747 2497 iam
765 2475 852 2498 dictum
865 2478 910 2502 est,
922 2475 959 2497 1·οΙ
971 2474 1025 2497 alibi
1037 2475 1139 2502 dicetur,

287 2525 373 2548 seilicet
389 2525 419 2548 de
436 2524 578 2553 quibusdam
598 2521 764 2550 Orationibus,
780 2522 810 2544 de
823 2522 879 2545 Arte
891 2521 1048 2545 concionandi
1059 2522 1139 2544 variis-

289 2579 334 2602 que
351 2571 516 2596 Sermonibns.

351 2620 388 2642 18.
406 2620 439 2642 De
456 2618 531 2641 tribus
548 2618 597 2640 aliis
613 2617 731 2646 opusculis
748 2623 793 2639 non
810 2617 910 2645 receptis
923 2616 946 2639 in
958 2616 1084 2639 editionem
1096 2616 1140 2638 Va-

287 2667 386 2690 ticanam
404 2672 446 2689 nec
464 2666 486 2688 in
505 2666 697 2694 Supplementum
716 2664 811 2692 Bonelli,
829 2666 907 2686 tamen
924 2663 968 2686 sub
990 2663 1083 2686 nomine
1099 2663 1140 2685 Bo-

287 2717 429 2737 naventurae
447 2713 500 2736 311111
517 2713 637 2741 impressis
659 2712 704 2734 iam
728 2711 836 2734 Sbaralea
859 2714 881 2734 et
902 2711 987 2733 Bonelli
1009 2711 1138 2739 (Prodrom.

288 2762 331 2783 col.
347 2761 393 2783 708
411 2760 469 2789 seq.)
488 2763 550 2782 recte
567 2762 718 2786 censuerunt,
740 2764 767 2781 ea
793 2764 844 2780 esse
864 2757 1017 2786 supposititia.
1036 2757 1139 2779 Primum

288 2807 358 2831 habet
382 2808 473 2830 titulum
499 2807 600 2830 Pontum
626 2806 717 2834 ‹Ji-acis,
743 2805 831 2829 editum
849 2805 951 2828 Venetiis
969 2805 1042 2832 45083
1059 2810 1139 2827 secun-

288 2855 358 2882 dum,
376 2854 490 2878 Doctrina
509 2853 599 2881 cordis,
620 2854 742 2882 Hispanico
759 2853 847 2876 editum
866 2853 938 2875 Toleti
957 2852 1017 2875 1525
1034 2854 1057 2875 01.
1073 2851 1138 2879 311111,

288 2902 356 2925 0111115
373 2904 453 2924 auctor
470 2903 504 2923 est
522 2901 638 2923 Gerardus
654 2900 789 2923 Leodiensis
806 2900 861 2923 Ord.
878 2900 972 2927 Praed.;
990 2899 1094 2926 tertium,
1107 2898 1139 2921 De

290 2949 401 2973 Castitate
418 2950 439 2971 et
455 2947 572 2971 munditia
597 2947 762 2976 sacerdotum,
786 2950 819 2970 ter
842 2947 871 2970 ab
895 2953 955 2969 anno
973 2946 1028 2969 1491
1050 2946 1138 2969 editum

289 2996 379 3025 Lipsiae
397 2996 458 3024 typis
475 2995 573 3018 Conradi
590 2995 738 3018 Kachelofen.

991 229 1234 258 PROLEGOMENA
1255 229 1282 258 C.
1306 230 1345 258 lll.

1260 308 1299 331 His
1316 309 1438 331 adiicimus
1455 309 1502 332 duo
1520 309 1603 331 inedita
1621 309 1746 337 opuscula,
1767 315 1779 331 a
1801 309 1914 332 nonnullis
1930 310 2046 332 Bonaven-

1196 357 1261 377 turae
1279 355 1334 378 salso
1352 355 1449 384 tributa,
1467 361 1553 384 nempe
1568 356 1602 378 De
1619 357 1673 379 ortu
1690 355 1859 384 scientiarum,
1877 356 1941 384 quod
1954 356 1975 378 in
1988 357 2047 379 mul-

1197 402 1224 425 tis
1242 402 1362 425 codicibus
1380 402 1488 425 tribuitur
1505 403 1540 425 Fr.
1557 402 1657 426 Roberto
1674 401 1816 432 [silwardby
1833 402 1889 425 Ord.
1906 403 1999 430 Praed.,
2013 409 2047 426 ar-

1196 449 1305 477 chiepisc.
1323 449 1495 476 Cantuariensi,
1513 452 1582 478 atque
1604 448 1752 472 Viridarium
1764 448 1946 473 Consolationis.
1962 450 1996 472 De
2011 450 2046 473 liis

1196 496 1251 519 vide
1268 496 1414 523 Sbaraleam,
1431 497 1474 519 loc.
1491 497 1529 518 cit.
1546 502 1603 524 pag.
1620 496 1672 518 166.

1196 590 1320 613 Alimentus
1337 591 1374 613 lV.
1391 589 1420 613 De
1437 589 1491 612 aliis
1503 589 1637 620 quibusdam
1650 589 1764 620 opusculis
1776 589 1800 612 iu
1812 589 1927 613 codicibus
1938 597 1992 613 mss.
2004 589 2047 614 Bo-

1259 636 1402 660 naventuree
1419 636 1557 667 attributis,
1576 643 1632 667 quae
1648 643 1763 667 nunquam
1780 636 1890 667 impressa
1912 637 1980 668 sunt,
1998 636 2048 660 sal-

1259 684 1305 707 tem
1322 684 1363 707 sub
1381 683 1480 707 eiusdem
1497 683 1594 706 nomine.

1260 777 1444 800 Praescindimus
1461 783 1474 799 a
1491 776 1659 804 Sermonibus,
1679 783 1781 806 quorum
1804 777 1908 800 nondum
1931 778 2047 800 editorum

1196 826 1234 848 vix
1252 825 1368 848 credibilis
1386 825 1509 847 multitudo
1526 825 1548 847 in
1567 824 1672 852 plurimis
1689 824 1809 847 codicibus
1824 825 1999 847 Bonaventurae
2011 825 2047 847 tri-

1196 872 1283 895 buitur.
1299 873 1387 894 Horum
1404 872 1509 895 criticum
1527 872 1630 894 studium
1648 873 1670 894 et
1687 877 1783 894 examen
1795 871 1825 894 ad
1843 871 1946 894 ultimam
1964 873 2047 895 horum

1197 920 1299 948 Operum
1316 920 1413 942 classem
1431 922 1519 947 spectat
1536 925 1694 947 magnamque
1711 918 1869 941 difficultatem
1886 918 1990 941 involvit.
2002 919 2048 942 Sed

1196 969 1218 989 et
1235 967 1277 988 alia
1295 966 1406 995 opuscula
1424 966 1509 988 inedita
1527 966 1666 994 plerumque
1691 965 1721 988 ad
1746 971 1784 988 res
1809 965 1919 988 asceticas
1935 965 2048 994 pertinen-

1197 1013 1226 1035 tia
1243 1012 1395 1035 examinanda
1413 1015 1493 1041 erunt,
1513 1018 1614 1041 quorum
1640 1018 1713 1035 unum
1739 1012 1884 1041 alterumque
1906 1013 2001 1035 sortasse
2017 1012 2049 1035 in-

1197 1063 1230 1083 ter
1248 1059 1320 1083 dubia
1338 1066 1408 1088 opera
1426 1060 1497 1088 1001111
1515 1063 1632 1088 poterunt.
1658 1060 1704 1082 Sed
1727 1061 1771 1082 hoc
1794 1066 1890 1083 examen
1915 1059 1975 1083 bene
1999 1060 2049 1083 fleri

1196 1114 1244 1130 non
1262 1110 1350 1136 potest,
1368 1108 1412 1130 nisi
1429 1110 1554 1136 postquam
1578 1108 1758 1130 determinatum
1780 1110 1827 1135 est,
1848 1107 1944 1136 quinam
1963 1113 2050 1130 sermo-

1197 1161 1238 1178 nes
1256 1155 1334 1177 saltem
1353 1154 1505 1183 probabiliter
1521 1155 1566 1177 sint
1583 1156 1770 1183 Bonaventurae‚
1795 1161 1848 1177 cum
1874 1154 1943 1177 valde
1968 1154 2049 1177 verisi-

1197 1202 1250 1224 mile
1267 1201 1308 1228 sit,
1326 1201 1428 1229 plurium
1446 1202 1529 1224 horum
1548 1201 1678 1224 libellorum
1695 1201 1819 1224 sententias
1834 1201 1985 1229 depromptas
1997 1207 2048 1224 esse

1197 1256 1223 1272 ex
1239 1249 1342 1278 quodam
1360 1255 1468 1271 sermone
1486 1250 1508 1271 et
1525 1248 1554 1271 ab
1573 1249 1616 1271 alio
1633 1251 1727 1271 auctore
1744 1249 1871 1277 ampliatas.
1888 1248 1946 1271 Hinc
1963 1249 2048 1271 horum

1197 1302 1293 1319 examen
1312 1296 1391 1319 ultimo
1409 1296 1477 1318 huius
1494 1295 1600 1318 editionis
1616 1298 1680 1318 tomo
1697 1302 1853 1318 reservamus.

1260 1343 1359 1365 Plurima
1378 1342 1455 1365 talium
1468 1348 1566 1370 operum
1580 1342 1643 1364 initia
1655 1345 1677 1364 et
1688 1342 1816 1370 specimina
1828 1342 1872 1364 iam
1886 1342 1983 1365 indicata
1996 1344 2048 1365 sunt

1198 1397 1210 1413 a
1228 1391 1251 1413 P.
1268 1390 1338 1413 Fideli
1356 1396 1368 1412 a
1386 1391 1461 1412 Fanna
1480 1390 1502 1412 in
1520 1392 1585 1418 parte
1603 1390 1667 1412 tertia
1685 1389 1738 1412 libri
1755 1389 1822 1413 Ratio
1844 1396 1919 1413 novae
1936 1389 2048 1413 collectio-

1196 1438 1234 1461 nis
1251 1440 1293 1460 etc.
1313 1438 1375 1466 (pag.
1393 1438 1462 1467 247),

1197 1490 1294 1512 operum
1313 1485 1434 1513 hucusque
1452 1484 1613 1511 inventorum,
1631 1490 1692 1512 quae
1708 1490 1794 1506 nomen
1817 1485 1951 1512 praeferunt
1968 1484 1990 1506 S.
2007 1484 2047 1506 Bo-

1479 1437 1520 1459 ubi
1537 1437 1650 1460 habetur:
1672 1446 1682 1457 «
1694 1437 1818 1465 Catalogus
1835 1437 2047 1465 manuscriptorum

1197 1534 1339 1554 naventurae
1356 1537 1434 1560 neque
1451 1531 1495 1553 sub
1512 1531 1562 1553 eius
1578 1531 1673 1553 nomine
1685 1532 1795 1554 hactenus
1807 1531 1867 1554 edita
1882 1532 1987 1559 suerunt,
1999 1531 2048 1554 sive

1197 1579 1239 1603 illa
1255 1579 1303 1603 sint
1320 1580 1398 1607 certa,
1417 1578 1489 1602 dubia
1506 1580 1549 1602 aut
1564 1578 1663 1608 spuria,
1681 1578 1718 1601 ael
1734 1578 1806 1601 etiam
1822 1578 1928 1601 aliorum
1945 1577 1989 1602 sub
2005 1584 2047 1602 no-

1196 1627 1259 1650 mine
1276 1627 1392 1657 impressa
1405 1636 1427 1648 n.
1446 1627 1478 1649 De
1495 1627 1531 1649 1115
1548 1626 1625 1649 adhuc
1642 1632 1717 1654 pauca
1735 1626 1849 1649 dicamus.

1260 1674 1398 1702 Complures
1415 1675 1499 1696 horum
1517 1672 1647 1696 libellorum
1665 1673 1714 1701 ipse
1732 1673 1756 1695 P.
1774 1673 1858 1695 Fidelis
1880 1673 1976 1701 agnovit
1997 1679 2048 1696 esse

1196 1722 1289 1750 spurios
1300 1724 1370 1750 atque
1382 1721 1419 1743 alii
1431 1721 1518 1744 auctori
1531 1720 1680 1749 tribnendos3
1698 1721 1819 1743 nonnullos
1830 1720 1853 1743 in
1869 1721 1912 1743 hoc
1925 1721 1970 1742 iam
1983 1723 2047 1743 tomo

1197 1769 1329 1797 recepimus
1347 1771 1372 1791 ut
1388 1768 1549 1791 Additamenta
1560 1776 1565 1795 ς
1578 1768 1607 1790 de
1619 1767 1668 1789 aliis
1686 1769 1749 1790 certo
1766 1766 1856 1796 spuriis
1874 1768 1918 1789 hoc
1934 1767 1984 1789 loco
1996 1766 2046 1789 bre-

1196 1816 1291 1838 vissime
1308 1815 1444 1838 sententiam
1462 1815 1576 1837 dicamus.
1594 1814 1670 1842 Spurii
1688 1817 1757 1837 sunt:

1261 1863 1281 1885 1.
1300 1862 1386 1885 01111105
1405 1863 1532 1885 Troe-tatus
1554 1864 1576 1884 et
1599 1860 1770 1885 commentarii
1786 1860 1946 1890 philosophici
1960 1860 2005 1883 sub
2022 1867 2045 1884 n.

1198 1909 1261 1932 1-14.
1278 1910 1342 1932 relati
1361 1909 1427 1938 (ibid.
1445 1915 1500 1937 pag.
1519 1908 1563 1931 248
1582 1907 1665 1937 seqq.).

1260 1958 1282 1979 2.
1300 1957 1459 1984 Opusculum:
1478 1955 1596 1985 Incipiunt
1623 1954 1791 1979 Ordinationes
1816 1955 1891 1978 divini
1915 1954 1997 1986 Officii.
2015 1956 2047 1979 De

1193 2004 1331 2035 pulsatione
1348 2003 1380 2027 ad
1396 2003 1477 2027 horas.
1496 2002 1533 2026 Ad
1548 2009 1629 2026 omnes
1648 2003 1726 2026 Horas
1747 2002 1875 2026 canonicas
1893 2002 1933 2031 (ibi
1951 2009 1974 2025 n.
1992 2003 2048 2033 19.).

1196 2052 1243 2074 Hae
1260 2051 1366 2073 rubricae
1384 2050 1429 2073 iam
1447 2053 1499 2073 ante
1517 2050 1705 2072 Bonaventuram
1723 2056 1735 2072 a
1753 2049 1857 2072 Generali
1877 2049 1969 2072 Ordinis
1986 2044 2048 2078 ‘Hay-

1197 2105 1265 2122 mone
1283 2100 1354 2121 sactae
1371 2100 1424 2120 sunt
1441 2100 1463 2120 et
1484 2097 1646 2125 promulgatae
1671 2097 1694 2119 in
1719 2096 1824 2125 Capitulo
1850 2097 1985 2120 Bononiensi
2010 2103 2047 2120 an.

1198 2145 1265 2168 l242.
1285 2145 1334 2173 (cfr.
1352 2145 1376 2167 Ρ.
1393 2145 1460 2167 Ehrle
1485 2144 1508 2166 S.
1525 2144 1541 2166 l.
1563 2143 1647 2166 Archiv
1674 2143 1710 2166 fiir
1735 2143 1910 2166 Literatur-und
1935 2144 2048 2166 Kirchen-

1197 2193 1342 2221 geschichte,
1362 2195 1417 2215 tom.
1434 2192 1472 2214 Vl.
1489 2197 1545 2220 pag.
1564 2192 1611 2220 29).

1260 2241 1282 2263 3.
1297 2239 1442 2270 Emplanatio
1455 2238 1608 2269 quorundam
1620 2238 1782 2262 articulorum
1794 2245 1825 2261 ea:
1837 2237 2046 2262 constitutionibus

1196 2286 1347 2318 generalibus
1361 2287 1393 2314 (11.
1405 2286 1461 2315 21.).
1473 2286 1537 2308 Hanc
1548 2291 1561 2307 a
1574 2284 1640 2308 nobis
1652 2287 1769 2313 receptam
1782 2287 1806 2307 ut
1817 2284 1914 2307 dubiam
1925 2284 1980 2307 vide
1989 2284 2047 2307 intra

1197 2341 1250 2363 pag.
1270 2334 1328 2361 450,
1346 2336 1424 2356 notam
1442 2333 1462 2355 4.
1475 2332 1497 2355 5.
1509 2335 1532 2355 et
1543 2332 1740 2355 continuationem
1752 2332 1775 2354 in
1788 2332 1849 2354 notis
1861 2338 1914 2360 pag.
1927 2331 1980 2354 451.
1993 2331 2045 2354 452.

1261 2381 1283 2403 4.
1300 2380 1403 2410 Requlae
1419 2386 1462 2403 seu
1479 2379 1601 2402 Maximae
1618 2378 1748 2409 theologiae
1761 2379 1792 2408 (n.
1805 2379 1861 2408 27).
1872 2380 1922 2402 Non
1938 2379 2046 2402 511111Βο-

1197 2430 1351 2454 naventurae¹
1369 2427 1408 2449 scd
1427 2426 1491 2449 Alani
1508 2425 1538 2448 ab
1555 2426 1644 2448 insulis.

1259 2475 1281 2497 5.
1294 2475 1327 2497 De
1336 2473 1481 2497 Antichristo
1492 2473 1524 2499 (n.
1534 2473 1590 2501 3l.).
1599 2473 1647 2495 Nou
1660 2476 1694 2495 est
1705 2473 1889 2500 Bonaventurae,
1900 2472 1949 2499 sed,
1962 2474 1987 2494 ut
1997 2472 2046 2495 vult

1196 2521 1305 2544 Sbaralea
1318 2521 1369 2549 (loc.
1382 2521 1420 2543 cit.
1432 2526 1486 2548 pag.
1499 2520 1562 2549 167),
1578 2529 1588 2540 α
1599 2521 1636 2542 Fr.
1647 2520 1763 2548 Radulphi
1776 2519 1831 2542 Ord.
1843 2519 1903 2548 111111.1
1915 2519 2045 2542 testimonio

1195 2568 1301 2591 Gulielmi
1313 2568 1432 2596 Vorilongi
1445 2568 1466 2590 in
1479 2568 1515 2590 lv.
1529 2567 1590 2589 Sent.
1603 2567 1626 2590 d.
1639 2567 1676 2589 48.
1687 2575 1710 2589 n.
1722 2566 1765 2590 Csr.
1778 2567 1847 2589 ctiam
1860 2565 1916 2590 ibid.
1928 2572 1981 2595 pag.
1992 2566 2044 2589 624.

1259 2616 1281 2637 6.
1298 2614 1370 2638 Scala
1381 2614 1437 2645 fidei
1449 2614 1619 2644 (Symbolum).
1632 2614 1727 2642 Incipit:
1747 2622 1759 2634 α
1770 2614 1893 2636 Funiculus
1905 2613 1994 2643 triplex
2005 2613 2046 2636 dit-

1196 2662 1253 2685 110110
1270 2662 1386 2690 rumpitur
1398 2671 1420 2684 ».
1437 2662 1507 2684 Recte
1524 2661 1633 2684 tribuitur
1650 2662 1685 2684 Fr.
1698 2660 1861 2684 lldobrandino
1877 2661 1906 2683 de
1923 2655 2045 2683 Tuscanel-

1195 2709 1221 2732 lis
1239 2709 1293 2732 Ord.
1311 2709 1404 2736 Praed.‚
1422 2709 1473 2731 licet
1490 2709 1587 2731 Echard.
1605 2708 1742 2737 (Scriptores
1759 2710 1801 2730 etc.
1818 2710 1875 2730 tom.
1892 2708 1908 2730 1.
1922 2713 1977 2736 pag.
1988 2707 2042 2736 527)

1195 2756 1264 2779 huius
1281 2756 1359 2784 operis
1376 2762 1421 2779 non
1439 2756 1505 2778 saciat
1522 2756 1673 2778 mentionem.

1258 2803 1281 2826 7.
1300 2802 1437 2833 Symbolica
1454 2802 1571 2833 theoloqz‘a
1589 2803 1620 2832 (n.
1639 2803 1694 2832 40.).
1711 2803 1761 2825 Non
1780 2805 1814 2825 est
1830 2803 2005 2825 Bonaventurae
2022 2803 2044 2824 et

1195 2850 1288 2872 inventa
1306 2853 1340 2873 est
1356 2851 1379 2872 in
1397 2856 1443 2873 uno
1461 2853 1549 2873 tantum
1567 2850 1654 2873 codice.

1258 2898 1279 2920 8.
1297 2898 1330 2920 De
1346 2897 1434 2921 Pietate
1452 2898 1482 2927 (n.
1501 2897 1558 2927 47).
1574 2898 1700 2925 Excerptus
1720 2899 1754 2920 est
1776 2897 1813 2919 1110
1835 2896 1892 2919 liber
1909 2903 1937 2919 ex
1953 2896 2043 2924 scriptis

1195 2945 1218 2967 S.
1235 2945 1410 2967 Bonaventurae
1427 2946 1449 2966 et
1466 2944 1521 2966 infra
1538 2944 1667 2972 impressus
1684 2950 1738 2972 pag.
1752 2944 1793 2972 19,
1805 2943 1994 2966 Additamentum
2005 2943 2042 2970 Ill,

1195 2994 1217 3014 et
1233 2998 1288 3020 pag.
1306 2992 1347 3019 23,
1365 2991 1554 3014 Additamentum
1573 2991 1611 3013 lv.
