2133 3317
257 217 313 245 676
890 217 1087 247 OPUSCULUM
1108 217 1162 246 Vll.
1184 217 1381 246 RHYTHMICA.

293 295 476 321 Commendasti
496 303 540 327 per
558 295 679 327 gemitum
699 303 810 321 sermone
829 295 1002 325 devotissimo,

294 339 383 364 Dicens
395 338 417 363 ¹:
437 339 519 364 Pater
538 340 586 370 mi,
607 339 634 363 in
647 346 741 364 manus
755 340 813 364 tuas
827 339 974 364 commendo
986 339 1108 371 spiritum

1006 383 1107 414 [meum.

294 424 328 450 Et
346 424 471 450 inclinato
493 425 590 456 capite,
610 425 674 450 fixus
693 425 719 449 in
738 426 818 450 crucis
837 425 938 457 stipite,

292 467 391 493 Acriter
410 468 536 493 cruciante
555 468 591 498 te,
612 468 721 499 turpiter
740 468 765 493 et
783 468 905 498 indebite,

292 511 330 535 Tu
348 510 454 536 emisisti
473 511 603 542 spiritum,
624 511 649 536 et
668 511 735 536 orbis
754 511 830 536 talem
849 511 991 541 fremitum,

294 553 363 584 Quod
382 555 486 586 quisque
506 562 550 586 per
568 554 698 580 circuitum
720 554 791 579 tuum
811 555 922 586 percepit
940 554 1048 584 obitum,

292 597 327 622 Ut
345 597 435 622 cuneta
455 597 541 622 fletum
561 597 684 626 facerent,
704 597 729 622 et
748 597 870 622 elementa
889 597 1039 627 tremerent,

291 639 327 664 Ut
345 647 405 665 saxa
425 647 450 665 se
469 640 653 672 dirumperent,
674 640 699 665 et
718 640 833 672 sepulcra
852 648 877 665 se
897 640 1049 672 panderent,

290 682 326 707 Ut
344 683 510 708 terraemotus
530 683 614 713 fieret,
634 684 717 708 velum
736 684 824 715 templi
843 691 868 709 se
887 683 1023 714 scinderet,

291 725 326 750 Ut
344 726 405 751 luna
424 719 603 755 retrocederet,
624 726 708 757 solque
727 726 970 756 contenebresceret,

290 768 326 793 Ut
344 769 452 794 mundus
471 769 658 801 ingemisceret,
678 769 703 794 et
722 769 814 794 natura
832 769 895 794 flens
914 769 1018 794 diceret:

293 811 347 844 Ego
366 811 458 844 lugens
476 812 575 842 deficio,
596 813 634 837 vel
654 813 705 837 Deo
725 813 791 838 inest
810 811 920 844 passio2.

1537 297 1642 322 ORATIO.

1201 339 1221 364 O
1240 346 1320 369 mors,
1340 347 1407 365 mors
1425 340 1607 371 lacrymabilis!
1628 347 1703 371 super
1716 348 1790 371 quam
1804 341 1905 372 plorant
1918 341 2013 371 omnia,

1200 381 1220 407 O
1239 389 1320 411 mors,
1340 389 1407 407 mors
1424 383 1607 408 lamentabilis!
1629 391 1704 415 super
1723 391 1798 415 quam
1816 383 1878 408 flent
1900 384 2013 414 innoxia,

1200 424 1221 450 Ο
1240 432 1321 454 mors,
1340 432 1407 450 mors
1426 425 1594 450 admirabilis!
1614 434 1665 458 qua
1684 426 1842 451 suscitantur
1861 427 1966 456 mortui,

1200 468 1220 493 O
1240 475 1321 497 mors,
1341 475 1407 493 mors
1426 469 1576 494 amicabilis!
1596 477 1645 501 qua
1664 470 1808 495 exaltantur
1827 470 1937 499 strenui,

1201 510 1221 536 O
1240 517 1307 536 mors
1328 518 1412 540 sacra,
1431 518 1498 536 mors
1518 511 1621 536 nobilis!
1636 520 1680 543 per
1693 520 1768 544 quam
1781 512 1897 537 delentur
1910 512 2015 542 scelera,

1155 558 1160 561 “
1201 553 1221 578 O
1240 561 1307 579 mors
1327 554 1381 585 pia,
1402 561 1469 579 mors
1488 554 1572 579 utilis!
1594 562 1637 585 per
1656 563 1730 586 quam
1750 555 1876 581 donantur
1890 555 2014 587 praemia,

1200 596 1321 625 Praesta,
1340 596 1369 621 ut
1388 596 1448 621 haec
1467 597 1584 622 memoria
1603 604 1648 622 nos
1666 597 1750 622 teneat
1768 598 1883 623 continue

1201 639 1234 664 Et
1253 639 1367 665 stimulet
1386 640 1530 671 praecordia
1548 647 1637 672 corque
1657 641 1755 672 pungat
1773 641 1886 671 assidue,

1202 682 1236 706 Ut
1255 682 1333 707 menti
1350 682 1435 707 lumen
1453 682 1544 708 influat
1562 683 1587 708 et
1606 684 1631 708 in
1650 683 1753 715 agendis
1771 683 1897 713 instruat,

1201 725 1236 750 Ut
1254 732 1300 751 nos
1318 733 1333 750 a
1352 726 1432 757 culpis
1453 726 1528 751 exuat
1547 726 1571 751 et
1590 727 1656 751 vitae
1676 726 1767 752 donum
1787 726 1892 751 tribuat.
1906 726 1986 751 Amen
1996 724 2015 751 ³.

1206 811 1326 837 EXPLICIT
1346 820 1448 838 Hssmus
1466 820 1497 838 DE
1517 820 1614 837 SEPTEM
1632 820 1720 838 VERBIS
1738 820 1827 838 DOMINI
1845 820 1872 838 IN
1890 819 1976 838 CRUCE.

758 947 799 975 IV.
823 946 1004 975 MEDITATIO
1026 946 1069 975 DE
1092 945 1247 975 PASSIONE
1269 946 1340 975 lESU
1362 947 1520 975 CHRIST14.

417 1069 441 1095 1.
460 1071 567 1103 Plange,
588 1071 668 1096 fidelis
687 1072 781 1099 anima,

506 1114 592 1139 Amica
611 1115 691 1140 crucis
711 1115 810 1143 intima,

507 1157 585 1182 Cerne
604 1158 663 1183 Iesu
681 1158 831 1190 gravissima

506 1200 654 1230 Tormenta,
674 1200 853 1225 crudelissima.
878 1209 880 1211 ’

416 1244 441 1268 2.
462 1243 548 1273 Geme,
568 1243 630 1273 dole,
651 1243 803 1275 paupercula

507 1287 624 1312 Crucifixi
643 1287 776 1318 discipula,

489 1330 602 1362 &Plange
621 1331 695 1355 nimis
714 1330 739 1355 et
758 1330 823 1355 eiula

506 1374 600 1399 Christi
619 1373 745 1399 tormenta
764 1373 870 1405 singula.

415 1417 440 1442 3.
455 1417 538 1448 ¹Cerne
558 1418 616 1442 Iesu
634 1417 743 1442 convitia

506 1460 539 1485 Et
559 1460 642 1485 valida
662 1460 798 1492 supplicia,

508 1503 580 1528 Inter
599 1504 678 1535 ipsius
697 1503 798 1528 brachia

445 1570 449 1573 .
506 1547 601 1577 Quaere
620 1548 665 1572 tua
685 1547 783 1572 solatia.

402 1590 441 1615 24.
462 1590 570 1615 Attende
590 1590 667 1622 caput
679 1590 811 1622 inclytum,

508 1634 613 1659 Caesum
632 1634 657 1659 et
676 1634 758 1665 sputis
777 1633 886 1663 illitum,

508 1677 557 1702 Pro
577 1677 601 1702 te
620 1677 728 1709 flagellis
748 1676 887 1706 subditum,

507 1720 583 1745 Morti
602 1721 682 1745 erucis
701 1720 849 1751 expositum.

418 1763 440 1788 5.
463 1763 546 1788 Iesum
568 1763 698 1795 plagatum
718 1763 802 1788 videas

507 1806 540 1831 Et
559 1814 614 1831 cum
634 1806 732 1831 dolente
751 1806 849 1835 doleas,

506 1850 545 1875 Ibi
565 1857 607 1875 cor
626 1849 707 1875 totum
726 1849 833 1878 habeas,

509 1893 544 1918 Ut
562 1894 587 1918 in
606 1893 734 1918 aeternum
754 1893 872 1925 gaudeas.

436 1937 460 1962 6.
481 1937 521 1962 Ad
540 1937 690 1962 Crucifixum
709 1943 829 1968 propera,

507 1981 585 2005 Cerne
604 1981 688 2006 clavos
706 1980 732 2005 et
750 1980 869 2009 vulnera,

508 2024 605 2049 Nervos
625 2024 650 2049 et
669 2024 741 2049 tensa
760 2024 869 2052 viscera,

507 2068 605 2097 Venas,
626 2075 682 2093 ossa
701 2074 851 2093 connumera
865 2065 883 2090 ⁵.

441 2110 464 2135 7.
484 2110 580 2142 Plange
599 2110 710 2135 membra
730 2109 874 2141 pendentia,

508 2154 539 2179 In
559 2161 630 2178 cruce
648 2154 701 2178 tam
721 2153 845 2182 dolentia,

509 2197 559 2222 Pro
578 2197 603 2221 te
622 2204 715 2228 poenas
734 2196 840 2221 ferentia

507 2239 539 2264 In
558 2239 631 2264 tanta
650 2238 780 2270 patientia.

440 2283 464 2307 8.
484 2283 593 2308 Attende
613 2283 658 2307 Dei
677 2282 768 2307 Filium

508 2326 540 2351 Iu
559 2333 630 2351 cruce
650 2326 702 2350 tam
723 2325 872 2357 propitium,

508 2369 585 2394 Fudit
604 2376 715 2394 cruorem
735 2369 865 2400 proprium

507 2413 560 2438 Nec
579 2413 664 2438 timuit
681 2412 850 2444 opprobrium.

437 2456 463 2481 9.
483 2456 594 2481 Attende
614 2457 681 2481 rivos
701 2455 844 2487 sanguinis,

511 2499 577 2529 Quos
596 2499 661 2524 fudit
680 2499 768 2524 Proles
786 2498 913 2529 Virginis,

508 2543 594 2572 Iesus,
614 2543 670 2568 fons
690 2543 742 2567 veri
760 2542 871 2570 luminis,

509 2586 595 2611 Dulcis
608 2586 711 2611 'amator
730 2585 845 2611 hominis.

1330 1069 1372 1095 10.
1391 1070 1487 1102 Plange
1507 1071 1580 1102 pedes
1599 1070 1730 1100 amabiles,

1417 1113 1522 1143 Fossos,
1542 1114 1568 1138 in
1587 1121 1657 1139 cruce
1677 1113 1780 1138 stabiles

1418 1157 1451 1181 Et
1470 1164 1559 1182 manus
1578 1157 1732 1182 venerabiles

1417 1200 1476 1225 Iesu
1495 1200 1679 1225 desiderabiles.

1330 1242 1371 1268 11.
1392 1243 1486 1268 Pedum
1505 1243 1599 1268 fixuras
1618 1244 1700 1275 aspice

1419 1286 1453 1311 Et
1471 1294 1590 1311 manuum
1609 1294 1659 1312 non
1673 1285 1683 1298 ⁶
1702 1286 1806 1316 modice,

1417 1329 1450 1354 Te
1470 1329 1592 1355 Crucifixo
1610 1330 1700 1360 adiice,

1417 1373 1510 1397 Bibens
1529 1373 1612 1398 eodem
1631 1373 1715 1398 calice.

1332 1415 1374 1441 12.
1394 1416 1490 1448 Plange
1508 1416 1577 1441 latus
1595 1416 1743 1442 dominicum

1418 1459 1548 1489 Crucifixi,
1567 1459 1712 1489 mirificum,

1418 1502 1467 1527 Pro
1486 1502 1511 1527 te
1530 1510 1632 1534 passum
1652 1510 1701 1527 non
1721 1502 1844 1527 modicum

1418 1545 1494 1569 Fudit
1509 1543 1517 1557 ⁷
1541 1552 1622 1570 rorem
1642 1544 1792 1569 salvificum.

1333 1587 1374 1612 13.
1394 1588 1419 1613 Si
1439 1588 1588 1613 Orucifixum
1608 1588 1732 1620 sequeriS,

1419 1632 1469 1657 Cur
1490 1632 1537 1657 sibi
1556 1639 1605 1657 non
1625 1631 1793 1663 compateris?

1418 1675 1497 1707 Surge
1516 1675 1577 1705 cito,
1597 1682 1627 1699 ne
1647 1675 1761 1704 steteris,

1419 1718 1512 1743 Curras
1531 1718 1562 1743 ad
1582 1718 1684 1750 plagam
1702 1717 1798 1742 lateris.

1333 1760 1374 1787 14.
1394 1761 1433 1787 Ibi
1452 1761 1534 1787 latens
1554 1761 1711 1791 abscondere,

1419 1805 1444 1829 Si
1462 1805 1500 1830 vis
1520 1805 1624 1830 mortem
1644 1804 1755 1833 evadere,

1420 1848 1455 1872 Ut
1474 1849 1554 1880 possis
1573 1848 1670 1873 hostem
1689 1848 1786 1873 vincere

1418 1890 1454 1916 Et
1472 1892 1497 1916 in
1517 1891 1645 1916 aeternum
1665 1891 1756 1916 vivere.

1331 1933 1373 1959 15.
1392 1934 1424 1959 In
1443 1935 1495 1959 tam
1514 1934 1698 1960 venerabilibus

1421 1977 1538 2002 Crucifixi
1556 1977 1702 2002 vulneribus

1420 2021 1495 2046 Stude
1515 2021 1561 2045 tibi
1580 2028 1625 2052 pro
1644 2020 1754 2050 viribus,

1418 2065 1443 2089 Si
1462 2065 1500 2089 vis
1520 2065 1568 2090 frui
1586 2064 1744 2090 caelestibus.

1335 2106 1376 2132 16.
1396 2108 1506 2133 Attende
1526 2108 1653 2133 Christum
1672 2107 1781 2133 nobilem
1795 2105 1812 2137 ⁸,

1422 2151 1571 2176 Crucifixum
1591 2151 1743 2179 mirabilem,

1420 2194 1534 2219 Stantem
1552 2195 1578 2219 in
1597 2201 1667 2219 cruce
1687 2193 1807 2223 flebilem,

1420 2237 1495 2266 Quasi
1514 2237 1612 2268 leproso
1633 2237 1746 2261 similem.

1333 2278 1375 2304 17.
1395 2279 1472 2305 Cerne
1492 2280 1591 2305 vultum
1611 2280 1636 2304 et
1655 2280 1738 2305 oculos

1419 2323 1453 2348 Et
1470 2324 1638 2355 lacrymarum
1658 2323 1764 2359 rivulOS,

1419 2367 1444 2391 Si
1462 2367 1501 2391 vis
1520 2367 1584 2392 ferre
1602 2367 1743 2398 manipulos

1419 2410 1453 2434 Et
1471 2410 1647 2435 thesaurorum
1667 2410 1787 2435 cumulos.

1332 2452 1373 2478 18.
1393 2453 1455 2479 Vide
1473 2453 1586 2485 linguam
1605 2453 1719 2478 totaliter

1419 2497 1589 2522 Amaricatam
1607 2497 1733 2528 graviter,

1420 2540 1499 2569 Quam
1518 2540 1604 2565 teneas
1623 2540 1765 2565 memoriter

1417 2583 1451 2607 Et
1470 2591 1552 2608 secum
1570 2583 1625 2608 dole
1644 2583 1746 2614 pariter.

323 2715 331 2728 ¹
349 2717 405 2739 Luc.
423 2717 465 2743 23,
483 2716 520 2738 46.
537 2729 567 2732 -
588 2716 640 2739 Post
661 2716 731 2739 Pater
751 2722 777 2738 ex
798 2715 863 2738 Sbar.
884 2716 1046 2744 supplevimus
1065 2714 1114 2744 νηί,-

261 2747 345 2770 deinde
356 2748 478 2776 respicitur
495 2749 555 2770 loan.
575 2748 616 2774 119,
635 2748 676 2769 30:
695 2748 721 2769 Et
738 2747 844 2769 inclinato
862 2747 937 2775 capite
954 2750 996 2769 etc.
1012 2759 1043 2763 ——
1056 2747 1114 2769 lnfra

261 2785 288 2802 ex
304 2779 389 2801 Bonelli
406 2779 568 2802 substituimus
586 2779 706 2802 cruciante
723 2785 766 2807 pro
784 2780 914 2801 cruentato.

324 2810 333 2823 ²
351 2810 428 2833 Verba
447 2811 529 2833 similia
547 2810 630 2833 dixisse
648 2812 719 2833 fertur
737 2810 860 2838 Dionysius
878 2810 1024 2838 Areopagita.
1037 2810 1112 2838 Supra

317 2842 321 2845 ·
339 2842 343 2846 ·
411 2849 416 2854 .
475 2849 479 2854 .
537 2842 547 2853 r·
617 2851 621 2855 .
728 2843 732 2848 ⁴
774 2841 799 2859 tl

260 2845 411 2896 resmgnggtgi
425 2843 564 2902 sstsslcmt‘e'h
576 2842 844 2903 ῐῗέὖθῑιιυὲῖέῗίὲἰίῒριιε
856 2872 935 2896 sancti
946 2873 1113 2896 Bonaventure

261 2903 329 2928 valde
346 2907 389 2927 etc.
408 2910 431 2928 ui
448 2911 527 2933 supra.

324 2934 334 2947 ⁴¹
351 2936 393 2958 Hic
410 2937 510 2964 hymnus
523 2937 544 2958 in
558 2935 750 2964 praecedentibus
761 2935 900 2958 editionibus
918 2935 1021 2964 Operum
1038 2935 1060 2957 S.
1072 2935 1112 2957 Bo-

261 2969 405 2990 naventurae
420 2968 573 2990 desideratur.
586 2968 692 2990 inventus
704 2970 737 2990 cst
749 2967 772 2989 in
786 2967 866 2989 codice
877 2968 982 2989 Romano
995 2966 1113 2989 bibliothe-

262 3004 303 3021 cae
320 2997 477 3021 Corsiniorum
494 3005 554 3021 saec.
572 2999 632 3021 XIV.
655 2999 755 3021 membr.
780 2998 803 3021 in
829 2998 850 3020 4.
876 3005 960 3026 parvo,
982 2998 1042 3026 sign.
1065 2997 1112 3021 Col.

264 3029 301 3052 41.
318 3030 341 3052 Ε.
360 3031 402 3057 28,
419 3030 458 3052 ubi
476 3033 510 3053 est
528 3031 565 3053 sol.
585 3030 637 3052 114.
654 3037 676 3052 v.
695 3029 794 3053 Collatus
815 3032 849 3052 est
867 3036 921 3053 cum
942 3036 969 3052 eo
992 3030 1051 3052 alius
1067 3030 1111 3052 Ro-

1171 2721 1255 2738 manus
1267 2714 1318 2737 cod.
1336 2713 1429 2742 Collegii
1443 2714 1465 2736 S.
1483 2713 1573 2741 lsidori,
1592 2713 1642 2736 cod.
1657 2713 1724 2742 ilSS,
1741 2714 1812 2735 chart.
1828 2713 1851 2735 in
1863 2713 1902 2735 fol.
1920 2712 1973 2735 404.
1989 2719 2021 2741 r.,

1170 2746 1210 2775 qui
1228 2751 1315 2774 paucas
1331 2745 1440 2768 lectiones
1464 2745 1540 2767 varias
1560 2744 1667 2773 praebuit
1691 2747 1713 2767 et
1730 2745 1844 2772 hymnum
1866 2743 1945 2766 tribuit
1970 2744 2023 2767 Ber-

1171 2778 1252 2800 nardo.
1269 2778 1360 2800 Primus
1388 2777 1492 2805 signatus
1520 2779 1553 2799 est
1581 2776 1653 2799 littera
1671 2777 1701 2803 A,
1726 2776 1783 2798 alter
1799 2776 1824 2797 B.
1846 2787 1877 2792 —
1894 2776 2022 2798 Annotatus

1170 2812 1205 2832 est
1221 2809 1258 2832 hie
1275 2810 1375 2837 hymnus
1401 2809 1424 2830 in
1441 2808 1595 2836 praeallegato
1616 2808 1735 2835 Repertor.
1761 2807 1896 2835 hymnolog.
1918 2809 1974 2829 tom.
1997 2807 2020 2830 n.

1170 2847 1225 2869 pag.
1238 2841 1283 2863 3⁴8
1297 2847 1319 2863 n.
1333 2839 1420 2868 44954,
1438 2839 1569 2862 secundum
1587 2845 1642 2861 msc.
1660 2838 1833 2866 Gratianopolit.
1850 2841 1872 2861 et
1888 2838 2021 2866 massilien„

1170 2875 1193 2895 et
1210 2872 1340 2900 assignatur
1357 2877 1418 2894 saec.
1438 2871 1498 2899 XIV,
1515 2871 1557 2893 sed
1574 2870 1642 2893 tacito
1658 2869 1752 2892 nomine
1768 2870 1878 2892 auctoris.

1234 2904 1258 2926 ln
1278 2903 1297 2926 A
1322 2904 1424 2931 hymnus
1448 2901 1593 2925 inscribitur:
1619 2901 1704 2931 Incipit
1724 2900 1844 2925 meditatio
1867 2900 1958 2924 domim*
1976 2901 2022 2925 Bo-

1169 2935 1301 2958 navemure
1317 2934 1344 2957 de
1357 2933 1470 2964 passione
1489 2932 1583 2956 Domini
1598 2932 1676 2956 nostri
1692 2933 1745 2956 Iesu
1760 2932 1854 2956 Christi.

1232 2965 1242 2978 ⁶
1259 2965 1315 2989 Cod
1333 2966 1349 2988 Β
1367 2965 1498 2988 considera.
1708 2963 1718 2976 ⁶
1735 2965 1766 2986 lta
1783 2964 1812 2992 B,
1830 2964 1848 2987 A
1865 2963 1948 2987 omittit
1964 2969 2020 2987 non.

1233 2996 1242 3010 ⁷
1259 2997 1315 3020 Cod.
1332 2997 1349 3019 B
1365 2996 1475 3026 fundens.

1232 3027 1241 3041 Β
1259 3028 1315 3051 Cod.
1333 3029 1350 3051 B
1366 3027 1489 3051 humilem.
