2133 3317
532 210 727 239 OPUSCULUM
750 210 767 237 l.
790 209 961 238 SPECULUM
982 209 1189 238 DISCIPLINAE.
1211 209 1290 238 PARS
1311 209 1417 238 PRIMA.

106 290 242 317 constituit.
267 289 396 314 Beneficiis
424 289 539 320 ingratus
567 288 682 312 exhibitis
708 287 808 318 ineptus
837 286 944 312 efficitur

106 333 247 359 exhibendis
258 331 275 358 ¹.
293 346 329 349 —
352 331 450 356 «Valet
474 338 569 362 quoque
596 330 721 354 interdum
745 330 871 354 conversis
899 336 944 360 pro

105 378 200 402 animae
219 375 300 400 salute
318 374 424 399 mutatio
450 373 505 398 loci.
524 373 673 403 Plerumque
691 373 769 401 enim,
789 372 847 396 dum
866 372 944 396 muta-

105 420 148 445 tur
164 419 246 447 100113,
265 417 379 442 mutatur
397 416 422 441 et
440 415 530 440 mentis
549 414 671 440 affectus²
682 425 706 439 ›>.
726 415 800 439 Valet
819 422 863 446 pro
876 422 944 439 11100-

105 463 138 487 tis
156 460 337 486 tentationibus
354 459 476 490 impulsae
495 458 630 489 praesidio,
650 458 718 482 valet
737 464 781 488 pro
800 464 896 482 morum
911 457 945 481 ci-

105 505 155 530 tius
173 511 201 528 ac
220 502 352 534 perfectius
370 501 521 532 assequendo
541 501 635 531 peculio
654 500 724 525 extra
736 500 907 532 cognationem
920 499 945 524 et

105 547 212 579 patriam
231 546 271 570 vel
289 545 320 569 ad
339 545 437 575 tempus
457 543 575 569 secedere.

174 589 199 613 4.
218 588 324 617 Verum,
343 587 401 618 quia
420 594 463 617 per
482 594 507 611 se
526 586 595 611 nullo
614 586 684 611 modo
698 585 839 610 sufficerent
851 585 882 609 ad
895 592 944 610 ma—

84 646 89 652 ·
105 631 262 659 chiuamenta
280 630 371 655 diaboli
388 629 543 661 repellenda,
557 629 588 654 ad
602 629 740 657 Christum,
758 628 860 660 propter
873 635 944 659 quem

105 675 187 702 omnia
204 673 419 704 contempserunt,
439 673 481 704 qui
499 672 538 696 est
556 671 709 696 tentatorum
728 670 851 703 refugium
870 670 895 695 et
907 670 945 695 de-

105 718 190 744 bilium
210 716 343 745 fortitudo,
363 716 405 747 qui
423 723 448 740 se
476 715 583 739 fideliter
609 714 782 739 invocantibus
804 713 869 744 facit
886 720 943 738 cam

106 760 242 786 tentatione
257 759 424 789 proventum,
443 759 472 782 ut
485 758 589 789 possint
606 757 732 782 sustinere
742 755 760 787 ⁸,
779 756 871 781 crebris
888 763 945 787 sup—

105 802 279 836 plicationibus
292 802 316 827 et
329 801 423 826 devotis
441 800 584 829 recurrant,
598 800 635 829 ut,
649 800 690 831 qui
708 806 749 824 eos
768 799 886 830 dignatus
907 798 946 823 est

105 847 134 872 de
152 846 250 871 fornace
269 844 402 876 Babylonis
421 844 528 874 eripere,
549 843 642 867 bonum
654 843 680 867 in
694 843 728 866 eis
736 841 864 873 perficiat,
878 841 947 872 quod

104 888 206 920 incepit.
225 888 351 919 Frequens
369 887 394 911 et
412 886 509 911 fervens
528 885 607 910 oratio
627 885 733 916 dissipat
751 891 822 909 omne
843 884 944 909 malum.

105 931 175 957 Ollae
193 930 298 955 ferventi
317 936 414 953 muscae
433 935 482 953 1100
501 927 609 952 insident
620 926 636 952 ⁴.

416 1013 564 1038 (immun
583 1013 634 1038 ΙΠ.

243 1100 373 1132 Quomodo
392 1099 536 1123 necessaria
553 1099 588 1123 sit
607 1097 642 1122 ad
659 1097 811 1128 disciplinae

351 1142 533 1172 susceptionem
553 1140 695 1165 humilitas.

176 1228 200 1254 1.
219 1228 343 1259 Denique,
367 1237 380 1249 α
392 1227 521 1258 quoniam,
541 1226 570 1251 ut
597 1226 634 1250 ait
661 1224 762 1257 Hugo⁵,
782 1225 847 1250 sicut
873 1232 944 1254 cera,

105 1273 155 1298 11131
173 1272 242 1304 prius
260 1271 370 1296 emollita
387 1270 476 1299 fuerit,
490 1270 594 1295 formam
607 1277 656 1294 non
673 1269 774 1300 recipit,
788 1270 823 1294 sic
835 1269 860 1293 et
872 1269 945 1294 homo

106 1315 202 1348 quidem
230 1315 261 1339 ad
288 1314 392 1339 formam
420 1313 523 1338 virtutis
547 1320 595 1338 non
621 1312 743 1341 flectitur,
762 1313 810 1336 nisi
829 1312 860 1336 ab
879 1312 945 1337 omni

106 1358 220 1384 elationis
239 1357 264 1382 et
281 1356 482 1382 contradictionis
501 1356 582 1387 rigore
601 1363 644 1386 per
662 1354 829 1379 humilitatem
849 1355 946 1379 mollia-

106 1401 148 1427 tur
157 1410 182 1431 ”3
200 1407 298 1425 necesse
316 1399 410 1424 habent
437 1399 479 1430 qui
497 1398 641 1429 disciplinae
660 1397 764 1428 cupiunt
782 1397 891 1422 moribus
911 1397 946 1421 in-

83 1452 88 1458 ·
107 1443 222 1472 formari,
239 1442 268 1467 ut
286 1441 436 1466 humilitatis
460 1440 566 1465 radicem
593 1441 619 1465 in
644 1439 715 1464 corde
733 1439 808 1471 figere
828 1439 947 1464 studeant

107 1487 132 1512 et
150 1487 274 1511 tumorem
287 1484 412 1516 propriae
439 1483 596 1514 voluntatis,
612 1483 813 1514 praesumtionis
842 1483 865 1507 et
882 1482 945 1507 irre-

106 1528 230 1555 verentiae
247 1528 322 1558 vitia,
342 1534 404 1558 quae
422 1534 437 1551 a
456 1526 572 1557 superbia
591 1526 720 1557 procedere
739 1525 834 1555 solent,
853 1525 905 1550 tam
918 1526 946 1550 in

106 1579 135 1597 re
152 1579 227 1604 quam
244 1571 274 1595 in
290 1571 365 1602 siyno
392 1570 538 1601 vigilantius
566 1569 683 1598 caveant,
703 1569 732 1593 ut
755 1568 884 1593 humilitas
903 1576 946 1593 an—

107 1615 178 1640 cillae
196 1621 263 1639 more
281 1614 361 1639 locum
379 1612 512 1644 praeparet
530 1612 683 1643 disciplinae.

425 1698 572 1723 cfflwmu
590 1697 635 1724 IV.

260 1785 300 1809 De
319 1784 488 1815 captivatione
503 1784 628 1814 propriae
645 1783 792 1808 voluntatis.

179 1869 202 1896 1.
227 1870 391 1896 Voluntatem
409 1869 492 1900 itaque
507 1869 644 1900 propriam
671 1868 766 1900 ingenti
791 1868 879 1893 curent
897 1868 948 1893 stu-

109 1914 148 1939 dio
166 1913 302 1945 captivare.
324 1922 337 1935 «
350 1912 413 1942 Quid
430 1913 494 1937 euim
514 1912 616 1943 prodest
635 1912 681 1936 sub
699 1913 773 1937 unius
792 1912 948 1937 ordinatione

107 1956 262 1986 viventibus,
281 1956 346 1987 quod
363 1955 495 1980 facultates
515 1962 573 1979 suas
591 1955 723 1984 abiiciunt,
743 1955 763 1979 si
782 1955 897 1986 proprias
909 1962 949 1980 vo-

107 1999 220 2025 luntates
237 2006 287 2024 non
305 1997 462 2030 relinquunt,
482 2005 536 2023 cum
565 1998 598 2022 sit
623 1998 697 2029 longe
715 1998 886 2029 praestantius
905 2005 948 2023 vo-

85 2055 90 2061 ·
107 2042 249 2068 luntatibus
266 2042 409 2067 renuntiare
427 2049 501 2073 quam
521 2039 613 2066 rebus*³
624 2041 654 2065 »Ρ
672 2041 734 2066 Tota
746 2040 881 2072 Religionis
895 2048 947 2072 per-

108 2085 180 2110 fectio
198 2085 224 2110 in
252 2084 389 2110 voluntatis
414 2084 528 2115 propriae
553 2083 705 2109 abdicatione
723 2083 851 2113 consistit,
871 2091 947 2115 quare

109 2128 264 2160 potissimum
284 2127 441 2159 perfectionis
459 2127 484 2151 et
501 2127 645 2158 disciplinae
663 2126 802 2151 industrius
821 2126 948 2157 appetitor

109 2170 282 2196 voluntatibus
299 2170 406 2201 propriis
433 2169 574 2194 edomandis
602 2169 627 2194 et
655 2168 848 2200 praesidentium
874 2168 948 2194 nutui

81 2212 95 2227 “·
110 2213 272 2245 subiugandis
295 2212 417 2244 invigilat.
444 2211 556 2237 Profecto
582 2212 608 2236 in
636 2211 730 2236 duobus
758 2211 806 2236 erit
824 2211 948 2236 subiectae

109 2256 222 2288 probatio
240 2255 392 2285 voluntatis,
411 2254 524 2280 videlicet
542 2255 562 2280 si
580 2255 609 2279 in
627 2255 749 2279 iniunctis
760 2253 768 2267 ⁷
788 2254 874 2280 devote
893 2255 949 2280 obe-

1784 209 1838 237 585

1000 287 1070 311 diant
1088 287 1113 311 et
1131 287 1159 311 in
1179 287 1284 318 aqendis
1302 287 1353 312 suis
1372 294 1468 318 semper
1487 287 1577 312 habere
1596 287 1770 312 auctoritatem
1789 287 1841 311 obe—

1000 329 1105 354 dientiae
1124 337 1173 354 non
1193 329 1318 354 omittant.

1071 373 1094 397 2.
1116 373 1206 402 Primi,
1226 373 1271 398 hoc
1289 373 1328 398 est
1346 373 1497 398 obedientiae
1516 373 1544 398 in
1562 373 1692 399 iniunctis.
1713 373 1782 404 patet
1800 379 1841 397 ne-

1001 415 1118 444 cessitas,
1138 415 1209 446 patet
1227 416 1252 440 et
1270 416 1355 440 meriti
1373 415 1530 447 maynitiido.
1551 415 1616 440 Nam
1634 425 1646 437 «ι
1659 415 1777 446 quidquid
1790 416 1841 439 vice

1000 457 1046 482 Dei
1065 458 1186 489 praecipit
1203 457 1288 489 homo,
1307 458 1371 489 quod
1390 466 1439 483 non
1458 459 1492 482 sit
1509 459 1591 482 tamen
1605 458 1699 482 certum
1712 458 1841 488 displicere

1000 500 1059 529 Deo,
1079 500 1145 525 haud
1164 508 1234 525 secus
1247 501 1345 526 omnino
1364 501 1529 532 accipiendum
1550 501 1596 532 est,
1616 501 1687 532 qnasi
1706 500 1842 531 praecipiat

1001 543 1067 568 Deus
1078 542 1087 555 ⁸
1101 554 1126 567 n.
1145 543 1183 568 Ad
1201 544 1321 568 meritum
1339 544 1414 568 etiam
1433 544 1524 568 melior
1547 545 1584 568 est
1602 543 1744 568 obedientia
1764 551 1842 574 quam

1000 586 1116 610 victimae
1127 585 1145 617 ⁹,
1174 586 1321 617 sanctaeque
1352 587 1504 611 obedientiae
1531 585 1673 611 holocausto
1702 586 1763 611 nihil
1791 586 1842 611 Deo

1000 629 1098 660 gratius
1117 629 1253 654 exhibetur.
1275 629 1352 654 Nemo
1380 629 1411 654 ad
1439 629 1595 660 perfectionis
1614 630 1727 654 semitam
1746 637 1843 654 curren-

1001 672 1058 696 dam
1077 673 1157 704 magis
1175 672 1303 703 expeditus
1330 680 1404 703 quam
1432 680 1505 697 verus
1533 672 1655 697 obediens.
1680 672 1842 702 Quamobrem

1001 715 1152 740 obedientiae
1170 715 1215 740 filii
1234 722 1260 739 se
1279 715 1344 740 totos
1363 715 1394 739 ad
1413 715 1572 740 obediendum
1591 715 1730 746 exponant,
1754 725 1766 737 ‹<
1779 722 1842 740 mox-

1001 765 1048 789 que
1066 758 1095 782 ut
1114 758 1220 789 praelati
1240 765 1322 783 vocem
1349 758 1487 787 audierint,
1507 758 1579 789 quasi
1603 758 1723 782 divinitus
1742 758 1842 789 impere-

1001 800 1052 830 tur,
1071 807 1165 825 moraui
1184 800 1237 831 pati
1255 800 1380 829 nesciant,
1400 800 1441 825 sed
1460 800 1552 824 reliCtis
1572 799 1692 829 omnibus,
1712 799 1743 823 ad
1762 800 1843 824 iniun-

1001 843 1042 868 cta
1060 850 1170 874 quaeque
1188 843 1294 868 fideliter
1307 843 1460 874 exsequenda
1473 843 1589 874 prompta
1602 842 1729 868 devotione
1742 850 1844 868 consur-

1001 886 1077 918 gant,
1097 886 1126 910 ut
1144 887 1224 911 vicino
1242 886 1393 911 obedientiae
1422 886 1481 917 pede
1509 886 1578 910 velut
1597 893 1645 910 uno
1664 886 1787 910 momento
1806 886 1844 910 iu-

1001 929 1083 954 bentis
1095 936 1176 954 vocem
1194 929 1253 953 facti
1272 929 1419 954 exhibitione
1439 929 1575 960 sequantur
1587 928 1607 941 ²⁰
1621 939 1645 954 ».
1659 928 1772 953 Perfecta
1791 929 1843 953 obe-

1001 971 1094 996 dientia
1113 979 1158 996 sua
1176 972 1320 1002 imperfecta
1347 972 1482 1002 relinquit,
1511 972 1570 1003 quin
1591 972 1664 996 immo
1692 979 1736 996 nec
1764 972 1842 996 bonus

1001 1014 1115 1039 obediens
1134 1014 1236 1038 verbnm
1255 1014 1396 1045 exspectat,
1416 1014 1457 1038 ubi
1482 1014 1511 1038 de
1537 1015 1671 1045 superioris
1689 1014 1735 1038 sibi
1754 1014 1843 1039 consti-

1001 1056 1061 1081 terit
1079 1056 1216 1081 voluntate.

1073 1099 1097 1124 3.
1115 1109 1127 1121 «
1136 1099 1212 1124 Illum
1226 1099 1309 1123 autem
1322 1099 1442 1130 optimum
1453 1099 1554 1123 dixerim
1565 1099 1715 1124 obedientiae
1728 1100 1842 1130 gradum,

1001 1149 1056 1174 qum
1076 1149 1102 1166 eo
1121 1142 1202 1166 animo
1222 1148 1284 1172 opus
1302 1141 1440 1166 iniunctum
1465 1142 1595 1172 recipitur,
1616 1149 1663 1173 quo
1682 1142 1707 1166 et
1725 1142 1842 1173 praecipi-

1001 1184 1057 1213 tur,
1076 1191 1131 1209 cum
1151 1192 1179 1209 ex
1196 1184 1326 1209 voluntate
1345 1184 1453 1209 iubentis
1479 1184 1569 1215 pendet
1588 1184 1692 1209 intentio
1710 1192 1843 1215 exsequen-

1002 1227 1035 1252 tis
1046 1226 1065 1239 ¹¹
1077 1237 1101 1252 ».
1125 1237 1137 1249 <e
1147 1227 1280 1258 Nunquam
1294 1227 1322 1251 de
1339 1227 1458 1252 maiorum
1478 1227 1601 1252 sententia
1620 1227 1727 1251 iudicent
1740 1234 1843 1258 quorum

1002 1270 1074 1295 officii
1093 1270 1131 1294 est
1150 1270 1246 1294 obedire
1264 1270 1289 1294 et
1307 1270 1409 1301 implere
1428 1277 1490 1301 quae
1505 1270 1572 1294 iussa
1591 1269 1651 1294 sunt
1663 1268 1716 1295 ¹2».
1737 1269 1842 1300 Deinde,

1003 1313 1023 1337 si
1042 1313 1072 1337 ad
1092 1312 1228 1344 profectum
1257 1313 1345 1337 volunt
1371 1312 1522 1337 obedientiae
1552 1313 1693 1344 pervenire,
1719 1313 1844 1337 constanti

1003 1363 1084 1380 secum
1110 1355 1285 1380 deliberatione
1310 1356 1451 1386 proponant
1474 1355 1559 1380 devote
1590 1363 1685 1386 semper
1713 1355 1743 1379 ad
1762 1356 1843 1380 omnia

1002 1398 1106 1423 obedire.
1131 1408 1143 1420 c<
1156 1398 1179 1423 Si
1199 1398 1257 1429 quid
1275 1398 1353 1429 igitur
1371 1405 1447 1429 grave
1467 1399 1505 1423 vel
1519 1398 1670 1429 impossibile
1684 1398 1746 1423 forte
1765 1399 1843 1423 iniun-

1002 1441 1086 1473 gitur,
1104 1441 1242 1472 suscipiant
1261 1441 1358 1472 quidem
1377 1449 1431 1466 eum
1451 1441 1517 1466 omni
1535 1440 1723 1465 mansuetudine
1737 1441 1845 1465 iubentis

1003 1485 1140 1515 imperium.
1161 1483 1252 1513 Quodsi
1270 1484 1368 1509 omnino
1388 1491 1489 1508 suarum
1509 1491 1650 1508 mensuram
1670 1484 1760 1508 virium
1784 1491 1845 1514 pon-

1003 1527 1049 1552 dus
1068 1527 1175 1556 excedat,
1197 1526 1407 1558 impossibilitatis
1435 1534 1494 1551 suae
1523 1534 1611 1551 causas
1630 1527 1651 1551 ei
1671 1527 1712 1558 qui
1732 1526 1844 1557 praeest,

1003 1570 1128 1601 patienter
1156 1570 1181 1594 et
1206 1570 1344 1601 opportune
1371 1570 1512 1597 insinuent,
1532 1577 1581 1594 non
1609 1569 1786 1600 superbiendo,
1806 1569 1845 1593 vel

1003 1613 1205 1643 contradicendo,
1226 1613 1264 1638 vel
1283 1614 1346 1638 alias
1363 1613 1412 1638 levi
1431 1621 1557 1638 murmure
1570 1612 1714 1637 resistendo.
1728 1612 1753 1637 Si
1766 1612 1845 1637 adhuc

1004 1656 1116 1687 superior
1134 1656 1159 1680 iu
1179 1663 1224 1680 sua
1252 1656 1372 1680 manserit
1398 1655 1536 1685 sententia,
1554 1655 1591 1680 ita
1610 1655 1656 1679 sibi
1674 1655 1789 1680 noverint
1808 1662 1845 1679 ex·

1004 1699 1087 1729 pedire
1105 1698 1130 1723 et
1143 1706 1171 1723 ex
1186 1698 1301 1726 caritate,
1316 1698 1345 1722 de
1357 1698 1479 1723 adiutorio
1492 1697 1536 1722 Dei
1550 1697 1648 1727 confisi,
1663 1697 1778 1722 obediant
1789 1696 1809 1709 ¹³
1820 1707 1844 1720 ».

1008 1740 1125 1766 Christus
1144 1740 1227 1770 faetus
1246 1742 1283 1765 cst
1296 1748 1347 1771 pro
1365 1740 1438 1765 nobis
1458 1740 1573 1765 obediens
1586 1747 1665 1771 usque
1678 1740 1713 1765 acl
1725 1742 1844 1771 mortem,

1003 1785 1108 1808 mortem
1133 1785 1216 1808 autem
1240 1784 1339 1814 crucis:
1362 1785 1403 1815 qui
1427 1784 1485 1808 licet
1509 1784 1540 1808 ad
1568 1783 1669 1808 Patrem
1698 1791 1742 1814 pro
1761 1783 1843 1808 ‹alicis

1004 1826 1169 1852 translatione
1187 1826 1344 1856 clamaverit,
1364 1826 1480 1851 continuo
1493 1826 1576 1851 tamen
1590 1826 1714 1850 adiunxit:
1742 1826 1845 1851 Verum-

1005 1871 1104 1901 tamen,
1122 1877 1174 1894 non
1192 1876 1249 1894 mea
1275 1869 1410 1900 volzmtas,
1428 1870 1473 1894 seri
1498 1871 1543 1893 tua
1561 1868 1616 1899 fiat.
1635 1883 1670 1886 —-
1688 1868 1744 1893 Non
1765 1869 1844 1893 solnm

1005 1913 1152 1942 maioribus,
1171 1912 1212 1936 sed
1236 1922 1248 1934 α
1262 1912 1307 1936 sibi
1326 1912 1400 1937 etiam
1428 1913 1530 1937 invicem
1550 1912 1711 1936 obedientiam
1731 1912 1845 1936 certatim

1004 1954 1149 1986 impendant
1163 1953 1218 1984 ¹⁴»,
1238 1954 1358 1979 incumbit
1376 1955 1441 1979 enim
1463 1954 1556 1979 Christi
1575 1954 1709 1985 discipulo,
1728 1954 1757 1978 ut
1776 1954 1846 1978 omni

1001 1998 1098 2029 petenti
1110 2004 1135 2022 se
1148 1997 1253 2022 tribuat.
1264 1998 1382 2028 Exemplo
1396 1997 1510 2028 Apostoli
1523 1997 1678 2022 voluntarios
1691 2004 1717 2021 se
1732 1997 1845 2021 omnium

1004 2047 1089 2065 servos
1107 2040 1262 2066 constituant
1280 2040 1393 2071 sintque,
1412 2040 1442 2065 ut
1460 2040 1580 2071 scriptum
1599 2040 1651 2068 est,
1677 2039 1783 2064 subiecti
1810 2039 1846 2063 in—

1004 2084 1082 2108 vicem
1101 2083 1130 2108 in
1148 2083 1237 2108 timore
1259 2082 1364 2108 Christi.

1075 2126 1100 2150 4.
1119 2125 1221 2150 Secundi
1240 2126 1387 2155 necessitas,
1407 2125 1452 2151 hoc
1471 2126 1509 2150 est
1527 2125 1678 2150 obedientiae
1691 2125 1719 2150 in
1732 2125 1845 2156 offendis,

1005 2176 1035 2193 ne
1054 2168 1112 2200 quid
1131 2168 1244 2193 videlicet
1271 2169 1323 2193 3100
1348 2168 1486 2193 obedientia
1506 2168 1694 2199 praesumatur,
1714 2168 1772 2199 quia
1791 2168 1846 2192 sim-

1005 2211 1148 2243 plicioribus
1172 2211 1236 2236 forte
1263 2211 1387 2243 aliquibus
1414 2212 1496 2236 minus
1522 2211 1604 2242 patet,
1624 2210 1754 2242 aliquanta
1781 2210 1847 2235 vide-

1005 2255 1048 2279 tur
1067 2254 1236 2286 prosecutione
1255 2254 1388 2286 tangenda.
1407 2254 1528 2279 Habenda
1547 2254 1585 2279 est
1604 2254 1677 2285 plane
1695 2254 1720 2278 in
1746 2253 1847 2285 agendis

173 2431 181 2444 ¹
199 2432 316 2458 Bernard„
334 2432 406 2454 Serm.
425 2431 445 2454 4.
471 2432 492 2453 in
511 2432 544 2454 Ps.
569 2430 616 2458 Qui
631 2430 730 2459 lzabital,
748 2437 772 2453 n.
793 2432 815 2453 l:
832 2431 948 2459 Accipien-

111 2463 147 2487 dis
163 2463 272 2491 indignus
289 2466 323 2485 est
339 2463 379 2491 qui
397 2463 463 2485 ruerit
480 2463 508 2485 de
531 2462 631 2490 acceptis
648 2462 757 2489 ingratus.
774 2462 817 2484 Csr.
835 2463 908 2485 Ser-m.
927 2463 947 2484 2.

115 2495 231 2518 Dominica
249 2495 270 2517 6.
287 2496 340 2522 post
356 2494 417 2516 Pent.
435 2500 458 2516 0.
478 2494 495 2516 l.
513 2499 561 2522 seq.
583 2496 605 2516 et
622 2494 695 2515 Scrm.
713 2493 748 2515 27.
767 2493 788 2515 in
806 2493 870 2516 Cant.
887 2500 909 2516 n.
928 2494 948 2516 6.

112 2532 182 2569 ΜΝΞ
199 2557 285 2583 lsidor.,
303 2557 327 2578 ll.
344 2557 405 2578 Sent.
422 2561 441 2578 c.
461 2556 497 2578 lo.
518 2562 540 2578 0.
556 2556 578 2577 7.
595 2555 641 2578 clv.
658 2555 725 2577 Liber
750 2555 780 2577 de
801 2555 867 2578 Modo
891 2555 948 2578 bene

112 2587 206 2611 vivendi
224 2587 291 2616 (inter
307 2593 376 2615 opera
394 2587 522 2615 Bernardi),
539 2592 558 2608 c.
577 2586 598 2608 6.
616 2593 636 2608 n.
659 2587 692 2608 l6.

174 2618 184 2632 ⁸
201 2619 269 2647 Epist.
286 2619 301 2641 l.
318 2618 369 2641 Cor.
390 2618 423 2645 10,
445 2618 478 2640 13.
495 2618 538 2640 Pro
551 2618 577 2640 ut
588 2616 678 2646 possint
690 2617 728 2645 (ita
742 2618 759 2639 Α
780 2620 801 2640 et
812 2618 849 2640 ed.
862 2618 884 2646 2)
898 2618 949 2640 Vnt.

113 2656 165 2673 cum
183 2650 219 2672 ed.
238 2650 245 2672 11
267 2650 293 2673 ui
309 2649 411 2672 valeant.
430 2661 461 2665 —
477 2649 581 2671 Subinde
597 2649 705 2676 allegatur
726 2649 779 2670 Phil.
801 2649 823 2676 l,
841 2649 861 2670 6.

173 2680 184 2693 ⁴
201 2682 229 2704 lta
247 2680 317 2703 CDE
334 2683 356 2703 et
372 2680 425 2702 edd.
444 2680 468 2708 t,
486 2681 512 2707 2;
531 2681 580 2702 Vat.
598 2679 705 2703 incident.

174 2711 184 2725 ⁵
201 2712 232 2734 De
249 2712 344 2734 institut.
360 2711 466 2733 novitior.
483 2718 503 2733 c.
523 2711 545 2733 7.
558 2711 615 2733 Cum
628 2714 687 2733 textu
710 2710 813 2739 originali
835 2710 953 2733 substitui-

113 2749 165 2766 mus
180 2742 274 2766 virtutz's
291 2742 330 2770 (ita
347 2743 415 2765 etiam
433 2741 449 2764 C
459 2742 477 2764 D
487 2743 502 2764 E
519 2745 541 2764 et
557 2742 610 2764 edd.
630 2743 651 2768 l,
664 2742 687 2769 2)
705 2745 728 2764 et
744 2741 866 2764 molliatur
879 2741 918 2770 (ita
931 2745 953 2764 et

114 2775 131 2797 Α
143 2776 165 2797 et
175 2774 211 2796 ed.
224 2774 247 2803 2)
260 2780 302 2802 pro
320 2773 433 2797 virtutum
445 2776 466 2796 et
480 2772 618 2796 humilietur
635 2772 673 2801 (ita
692 2773 740 2795 Vat.
758 2775 780 2795 et
796 2773 832 2795 ed.
854 2773 871 2799 l,
883 2772 900 2795 C
911 2773 928 2795 D
939 2773 954 2794 E

113 2805 310 2864 humzhffitrfgssser,
327 2836 363 2858 vel
389 2835 464 2863 potius
489 2835 615 2862 Pomerius,
632 2836 654 2857 ll.
672 2835 701 2857 dc
720 2828 769 2857 Vita
791 2835 914 2863 contempl.
931 2841 951 2857 c.

117 2867 152 2890 17.
163 2873 186 2890 n.
198 2868 219 2890 2.
233 2867 281 2889 Vat.
298 2869 321 2889 et
337 2867 373 2889 ed.
388 2867 394 2888 1
417 2872 470 2888 cum
488 2865 504 2889 C
515 2867 531 2888 D
542 2867 568 2893 E,
586 2865 753 2894 refragantibus
770 2869 829 2888 textu
847 2866 950 2894 originali

115 2900 137 2921 et
152 2898 196 2920 ΑΒ
213 2904 265 2920 curn
282 2898 318 2920 ed.
336 2898 363 2924 2,
380 2897 487 2920 omittunt
503 2896 579 2926 lonae.

176 2928 185 2941 ⁷
203 2929 252 2951 Vat.
265 2935 317 2951 cum
329 2929 366 2951 ed.
381 2929 386 2950 1
404 2927 428 2951 in
444 2927 488 2951 sibi
503 2927 625 2956 iniunctis,
638 2934 697 2956 quac
709 2927 777 2950 etiarn
789 2927 887 2950 subinde
899 2927 954 2950 sub-

115 2960 210 2982 stituunt
226 2959 315 2983 obediat
332 2963 354 2982 et
370 2959 461 2982 omittat
477 2965 519 2987 pro
536 2958 645 2982 obediant
660 2962 682 2981 et
698 2959 814 2981 omittant.

177 2989 186 3003 ⁸
204 2991 320 3017 Bernard„
337 2991 366 3013 de
383 2991 506 3018 Praecepto
523 2993 544 3012 et
561 2990 742 3018 dispensatione,
754 2996 774 3012 0.
791 2990 813 3012 9.
824 2996 845 3012 0.
859 2990 895 3012 2l.
908 2990 951 3012 Pro

208 3037 331 3061 S.Bonav.
348 3049 378 3053 —
395 3037 463 3059 Torn.
475 3037 533 3059 Vlll.

1006 2430 1071 2454 haud
1088 2437 1155 2454 secus
1174 2431 1212 2457 (ita
1231 2431 1247 2453 Α
1265 2436 1317 2452 curn
1336 2431 1373 2453 ed.
1386 2431 1399 2452 -2
1411 2433 1433 2452 et
1451 2433 1510 2452 {extu
1528 2430 1641 2458 originali)
1660 2429 1702 2451 (ΖΕ
1713 2428 1756 2451 hoc
1768 2430 1845 2451 autem

1005 2462 1047 2490 sic,
1066 2462 1115 2484 Vatv
1134 2464 1156 2484 et
1173 2462 1210 2484 ed.
1231 2463 1235 2483 1
1258 2461 1308 2484 hoc.

1070 2491 1079 2505 ⁹
1097 2493 1157 2515 Libr.
1175 2494 1189 2515 l.
1214 2493 1270 2520 neg.
1300 2493 1333 2519 15,
1358 2493 1400 2519 22,
1425 2498 1495 2521 quem
1521 2492 1596 2514 locum
1622 2491 1718 2519 explicat
1742 2492 1845 2518 Gregor.,

1006 2524 1103 2547 XXXV.
1122 2524 1198 2546 liloral.
1215 2530 1234 2546 c.
1253 2523 1288 2546 114.
1306 2531 1329 2545 11.
1347 2524 1384 2545 28.
1401 2526 1423 2545 et
1440 2523 1467 2545 V.
1485 2523 1508 2545 in
1521 2524 1535 2545 l.
1548 2523 1604 2550 lteg.
1617 2529 1636 2544 c.
1649 2523 1670 2544 2.
1683 2528 1705 2544 0.
1717 2523 1753 2544 22.
1767 2528 1846 2550 seqq.;

1007 2556 1046 2577 cfr.
1064 2561 1133 2583 supra
1152 2562 1206 2590 pag.
1223 2554 1276 2581 394,
1293 2558 1345 2577 nota
1363 2554 1396 2590 7‘..
1834 2583 1837 2588 Ι

1071 2585 1090 2598 ¹⁰
1108 2587 1229 2613 Benedict,
1247 2586 1326 2613 Regul.
1344 2592 1364 2607 c.
1384 2593 1404 2607 a.
1422 2585 1467 2607 Csr.
1485 2585 1601 2612 Bernard.,
1623 2585 1696 2607 Serin.
1715 2583 1750 2606 41.
1768 2584 1796 2606 tle
1815 2584 1850 2605 [lr-

1009 2617 1092 2642 versis,
1111 2624 1133 2639 0.
1150 2617 1172 2639 7.
1189 2623 1258 2645 supra
1277 2623 1330 2645 pag.
1351 2616 1402 2643 488,
1420 2619 1470 2638 nota
1490 2617 1526 2638 112.
1543 2617 1661 2643 allegatus.

1072 2648 1089 2660 ¹¹
1107 2648 1223 2675 Bernmd„
1241 2648 1269 2670 dc
1287 2649 1409 2675 Praecepto
1426 2651 1448 2670 et
1465 2647 1645 2675 dispensatione,
1662 2653 1681 2669 c.
1699 2646 1721 2668 7.
1738 2652 1762 2668 0.
1782 2647 1816 2667 16.

1071 2678 1091 2692 ¹²
1107 2679 1207 2706 Hieron„
1225 2679 1293 2707 Epist.
1312 2679 1362 2701 125.
1376 2678 1439 2706 (alias
1457 2678 1487 2706 4.)
1500 2684 1523 2700 n.
1542 2678 1575 2700 15.
1591 2678 1632 2700 Pro
1644 2677 1764 2700 maiorum
1780 2677 1849 2699 CDE

1009 2713 1031 2733 et
1047 2710 1084 2733 ed.
1102 2711 1114 2732 2
1132 2709 1237 2733 maioris.
1255 2722 1283 2725 —
1301 2710 1394 2732 interius
1415 2716 1456 2737 pro
1476 2709 1608 2738 profectum
1626 2709 1663 2731 ed.
1682 2709 1695 2730 2
1709 2707 1848 2737 perfectum.

1072 2740 1092 2753 ¹³
1109 2741 1232 2767 Benefflct„
1249 2741 1329 2768 negul.
1351 2747 1371 2763 c.
1397 2741 1433 2762 68.
1452 2741 1474 2762 10
1499 2740 1612 2768 principio
1635 2739 1758 2762 sententiae
1781 2738 1849 2760 CDE

1010 2775 1032 2795 et
1048 2772 1084 2794 ed.
1102 2773 1116 2795 2
1133 2772 1240 2794 omittunt
1257 2771 1345 2801 iyicro·;
1362 2771 1446 2794 deinde
1463 2771 1507 2793 fide
1524 2772 1542 2793 A
1567 2774 1588 2793 et
1605 2771 1640 2793 ed.
1659 2772 1685 2797 2,
1706 2770 1746 2799 qui
1768 2775 1850 2792 conve-

1011 2804 1076 2825 niunt
1092 2809 1144 2825 curn
1157 2805 1216 2825 textu
1230 2803 1346 2830 originali,
1363 2803 1523 2830 supplevimus
1534 2808 1683 2827 mensuram,
1699 2801 1793 2823 demum
1807 2807 1848 2828 pro

1011 2833 1126 2857 manserit
1142 2835 1160 2856 Α
1175 2837 1196 2856 et
1207 2834 1244 2856 cd.
1258 2835 1271 2855 2
1284 2833 1424 2856 substituunt
1440 2832 1567 2863 peram-at,
1585 2836 1658 2855 textus
1669 2832 1784 2860 originalis
1798 2838 1849 2861 per-

1012 2864 1141 2888 duraverit.
1158 2877 1189 2881 —
1206 2865 1255 2887 Duo
1272 2871 1336 2893 seqq.
1354 2864 1395 2887 loci
1413 2867 1465 2887 sunt
1482 2865 1538 2886 Phil.
1558 2866 1583 2891 2,
1601 2865 1622 2886 8.
1640 2866 1662 2886 et
1681 2864 1734 2885 Luc.
1753 2864 1794 2891 22,
1814 2862 1848 2884 42.

1012 2897 1054 2919 Pro
1072 2895 1150 2919 calicis
1168 2896 1211 2918 ΑΒ
1229 2899 1251 2918 et
1266 2896 1303 2918 ed.
1321 2897 1334 2918 2
1351 2895 1441 2918 mortis.

1075 2926 1094 2939 ¹⁴
1113 2927 1233 2954 Benedict,
1250 2927 1329 2954 [legul.
1347 2933 1366 2949 c.
1384 2927 1422 2948 72.
1439 2938 1469 2942 —
1487 2925 1588 2948 Subinde
1605 2927 1731 2953 allegantur
1753 2926 1806 2947 Luc.
1823 2925 1849 2951 6,

1013 2959 1055 2985 30;
1073 2959 1088 2980 l.
1104 2957 1155 2980 Cor.
1173 2958 1198 2984 9,
1215 2958 1248 2980 19.
1260 2961 1281 2980 et
1299 2958 1355 2985 Epli.
1372 2958 1398 2984 5,
1412 2958 1449 2979 2l.
1460 2970 1491 2973 —
1504 2958 1554 2980 Post
1566 2956 1677 2980 incumbit
1694 2957 1763 2979 CDE
1780 2960 1801 2979 et
1813 2956 1848 2978 ed.

1014 2990 1027 3011 2
1044 2989 1150 3011 omittunt
1166 2988 1235 3012 enim.

1724 3035 1753 3056 74

1855 379 1882 397 De
1891 379 1946 405 primi
1955 384 1986 398 00-

1871 404 1966 421 censuale.

1859 545 1882 564 Et
1894 545 1968 564 merito.

1865 1103 1968 1126 Qualilates

1872 1127 1966 1150 perfectae

1856 1150 1981 1169 obedientiae.

1864 2127 1890 2154 Qe
1903 2126 1992 2154 011011100-

1864 2153 1890 2169 tia
1902 2156 1922 2169 in
1937 2155 1992 2174 agen-

1864 2174 1899 2193 dis.
