2133 3317
161 356 217 374 Error
229 355 246 374 2.

137 587 236 607 Excusatio

160 617 213 638 VR-na-

140 774 229 797 Arguitur

125 799 189 816 contra
201 803 248 816 eam.

118 2099 203 2118 Alterius
213 2104 252 2125 selj-

126 2127 201 2141 monem
206 2127 253 2141 3011-

126 2147 169 2169 ptor
192 2146 253 2170 impu-

125 2171 177 2192 guas.

119 2380 142 2399 Et
157 2380 204 2398 salsa
221 2384 250 2398 re-

166 2404 209 2422 fert.

265 226 321 254 ⁶266

265 303 431 336 noluerunt,
454 302 519 338 quia
542 305 607 330 tunc
628 309 679 338 pro
702 303 825 337 tempore
846 301 987 338 prohibito
1008 309 1062 330 non
1084 301 1115 329 li-

265 349 384 378 001131».
407 365 444 368 -—
466 347 592 376 Secundo
613 347 702 381 addit,
724 347 797 384 quod
824 347 977 376 «Christus
1002 347 1044 376 his
1066 347 1115 376 tri-

264 397 317 425 bus
339 395 426 424 modis
447 394 623 428 abstinuit»;
645 394 672 422 in
701 403 757 431 quo
785 403 839 422 non
871 394 960 423 solum
989 394 1114 429 oberrat,

262 443 310 472 sed
331 442 410 471 solito
431 449 508 470 more
531 441 711 477 blasphemat.
734 441 802 469 Cum
825 441 897 469 enim
921 441 1029 478 primus
1056 450 1115 470 mo-

262 489 314 518 dus
335 489 385 522 sit,
407 490 439 516 ut
453 488 531 521 dicit,
547 491 661 524 propter
676 487 855 517 refrenandas
878 488 1114 525 concupiscentias

263 535 354 564 carnis
370 535 390 569 ¹,
412 535 464 563 hoc
485 534 595 563 Christo
616 535 771 564 attribuere
792 543 846 563 non
868 538 909 564 est
930 535 1004 563 aliud
1030 543 1112 572 quam

264 582 473 618 blasphemare,
494 581 545 610 nisi
568 581 639 610 forte
661 590 709 618 per
731 582 784 611 hoc
812 590 949 611 excusare
974 590 1003 611 se
1032 583 1113 617 velit,

263 628 338 665 quod
358 631 421 657 ante
443 628 597 665 praedixit,
619 628 760 657 Christum
789 637 843 657 non
872 633 985 666 propter
1013 638 1114 658 concu-

262 675 410 712 piscentias
432 675 559 712 proprias
580 675 758 711 abstinuisse,
781 676 847 712 quia
879 676 969 704 nullas
1000 676 1114 710 habuit,

262 722 309 751 sed
330 725 362 751 ut
383 722 545 751 abstinendo
566 723 727 759 exemplum
748 723 827 751 daret
845 723 906 752 aliis
924 731 989 751 suas
1014 731 1115 752 concu-

264 769 411 806 piscentias
433 769 600 798 refrenandi.
623 786 660 790 -
682 770 801 804 Verum,
824 770 846 798 si
868 770 940 798 hanc
961 770 1115 807 intelligen-

263 817 327 844 tiam
350 816 449 850 habet,
472 824 583 845 sensum
606 817 780 845 rectitudinis
803 820 905 851 teneat,
927 817 974 846 sed
996 818 1113 846 verbum

262 863 368 892 erroris
388 863 517 892 immutet
532 863 551 891 2.
574 863 740 899 Quaerimus
761 866 850 892 tamen
880 863 915 892 ab
943 872 988 898 eo,
1013 864 1115 900 quibus

263 910 424 946 exemplum
448 910 500 938 hoc
522 910 651 947 praebuit
672 910 815 945 Christus,
837 914 934 939 utrum
959 910 1114 948 perfectis,

262 957 296 985 de
317 957 420 993 quibus
442 957 513 986 idem
535 957 613 991 dicit,
636 957 710 994 quod
731 957 784 985 iam
810 958 1047 994 concupiscentias
1067 958 1115 987 do-

262 1007 408 1039 muerunt,
430 1012 465 1032 an
487 1003 681 1042 imperfectis,
703 1004 751 1041 qui
773 1005 864 1033 adhuc
886 1005 1116 1042 concupiscentiis

263 1051 423 1088 agitantur?
445 1051 573 1085 Constat,
596 1051 670 1088 quod
692 1050 877 1088 imperfectis.
894 1052 919 1080 Si
936 1052 1021 1089 igitur
1036 1052 1116 1080 Chri-

263 1101 323 1127 stus
344 1101 476 1135 tanquam
492 1098 616 1127 medicus
631 1098 749 1126 infirmis
764 1098 1006 1127 condescendendo
1020 1106 1115 1127 exem-

263 1145 339 1182 plum
363 1145 491 1182 praebuit
512 1148 540 1174 et
561 1145 638 1182 quasi
661 1145 695 1174 de
716 1145 874 1174 huiusmodi
890 1145 1044 1174 medicinali
1068 1154 1115 1182 po-

263 1191 337 1220 tione
358 1192 480 1228 gustavit
505 1191 610 1228 absque
635 1191 801 1220 detrimento
832 1192 1008 1228 perfectionis
1033 1199 1115 1226 suae,

263 1242 294 1267 ut
316 1239 383 1276 quid
405 1242 445 1267 tot
467 1239 494 1267 in
516 1246 617 1267 vanum
652 1238 736 1267 verba
767 1238 883 1275 protulit
904 1241 931 1267 et
952 1239 1116 1275 conscripsit

741 223 940 252 OPUSCULUM
961 223 1003 251 XI.
1027 223 1188 252 APOLOGIA
1211 224 1391 254 PAUPERUM.
1414 225 1482 254 CAP.
1505 226 1546 254 vl.

1171 302 1305 332 adversus
1319 303 1390 331 hanc
1406 304 1565 338 veritatem,
1581 313 1664 341 quam
1680 304 1713 333 de
1728 305 1815 341 ipsius
1834 305 2020 342 impugnantis

1171 356 1220 376 ore
1241 349 1363 378 elusdem
1386 350 1552 379 invincibilis
1574 350 1697 379 veritatis
1719 350 1808 379 virtus
1830 351 1964 379 extorsit?

1250 396 1296 425 31.
1319 397 1411 425 Tertio
1426 397 1534 431 subdit,
1550 398 1623 434 quod
1643 409 1656 423 «
1672 398 1715 426 his
1730 398 1820 426 tribus
1836 398 1923 426 modis
1937 398 2021 427 absti-

1171 450 1238 471 nere
1262 442 1401 480 perfectis
1435 443 1563 472 Christus
1595 444 1734 481 praecepit
1765 452 1815 473 nec
1850 445 2020 473 contrarium

1171 490 1312 526 praecepit
1332 489 1526 527 imperfectis,
1549 491 1596 519 sed
1617 491 1720 527 quibus
1740 491 1844 527 placuit
1865 492 2021 520 misericor-

1170 536 1241 565 diter
1262 536 1377 565 indulsit
1391 548 1418 564 ».
1441 537 1510 565 Haec
1525 537 1610 565 verba
1624 537 1726 574 ipsius;
1742 538 1769 566 in
1785 538 1888 574 quibus
1902 540 1929 566 et
1947 538 2020 567 veri-

1172 583 1226 611 tati
1245 583 1408 612 contradicit
1429 586 1456 612 et
1476 583 1534 612 sibi
1561 584 1633 620 ipsi:
1663 585 1782 613 veritati
1809 585 1930 621 quidem,
1956 586 2022 623 quia

1172 630 1293 658 maxime
1304 630 1498 666 astringuntur
1514 630 1666 667 imperfecti
1682 631 1715 659 ad
1730 631 1882 668 idolothyta
1897 632 2021 667 vitanda;

1173 684 1222 705 nec
1243 676 1282 705 eis
1303 676 1479 713 indulgetur,
1502 677 1576 713 quod
1597 677 1665 706 alios
1680 677 1876 712 scandalizent,
1891 682 1939 707 aut
1958 686 2022 708 suas

1172 723 1409 759 concupiscentias
1430 731 1485 751 non
1507 723 1656 752 refrenent.
1680 724 1742 752 Sibi
1762 724 1821 761 ipsi
1847 725 1929 753 etiam
1957 733 2022 753 con-

1172 770 1297 804 tradicit,
1313 770 1391 806 quia,
1407 778 1469 798 cum
1486 778 1572 806 supra
1587 770 1597 787 ³
1612 770 1752 805 docuerit,
1768 771 1960 800 abstinentiam
1975 772 2023 800 im-

2036 409 2090 429 Error
2101 411 2116 431 3.

2034 549 2116 570 contradi
2122 559 2127 574 ›

2058 573 2118 598 duplex

2119 680 2121 747 l

2119 750 2121 758 l

1171 817 1300 854 perfectis
1320 817 1407 853 magis
1422 820 1579 853 competere
1591 826 1675 854 quam
1697 818 1826 854 perfectis
1847 835 1885 838 —
1906 821 2020 855 propter
2050 847 2061 848 1

1172 864 1246 901 quod
1264 864 1346 897 dixit,
1369 864 1561 892 abstinentiam
1584 864 1640 893 vini
1663 864 1813 893 iniunctam
1833 865 2022 894 sacerdotibus

1172 911 1274 939 veteris
1295 911 1466 945 testamenti,
1489 919 1543 939 non
1566 911 1628 939 novi
1648 928 1686 931 —
1704 919 1779 940 nunc
1800 919 1829 940 se
1850 912 1941 948 ipsum
1960 912 2022 941 red-

1172 965 1292 994 arguens
1307 957 1387 991 dicit,
1403 957 1477 994 quod
1504 969 1517 982 «
1532 957 1699 986 abstinentia
1719 957 1787 986 viris
1801 957 1929 994 perfectis
1944 966 2022 995 prae-

1171 1004 1273 1041 cipitur
1295 1007 1322 1033 et
1343 1004 1511 1040 imperfectis
1533 1004 1693 1041 indulgetur
1708 1016 1735 1032 ».
1756 1005 1783 1032 In
1800 1013 1868 1041 quo,
1883 1004 1949 1033 dum
1966 1013 2022 1034 uno

1172 1051 1291 1080 destruit
1312 1051 1389 1080 brevi
1412 1059 1540 1080 sermone
1562 1051 1698 1088 quidquid
1717 1060 1802 1088 supra
1817 1054 2022 1087 construxerat,

1172 1098 1316 1127 manifeste
1337 1098 1471 1132 declarat,
1494 1098 1568 1135 quod
1590 1098 1637 1135 qui
1660 1098 1751 1127 studio
1773 1099 1956 1128 contentionis
1976 1099 2023 1128 (10-

1173 1145 1273 1179 301νί1,
1295 1145 1360 1173 (10111
1383 1153 1451 1173 arcu
1473 1148 1551 1173 tenso
1579 1145 1673 1174 doloso
1688 1147 1700 1161 4
1728 1153 1777 1182 per
1809 1145 1934 1182 sagittam
1965 1154 2023 1175 ser-

1172 1192 1261 1220 monis
1283 1192 1410 1220 emissam
1432 1192 1551 1220 alterum
1574 1192 1722 1221 vulnerare
1744 1193 1854 1229 satagit,
1876 1192 1949 1221 iusto
1975 1193 2022 1222 Dei

1172 1238 1274 1267 iudicio
1295 1238 1473 1274 semetipsum
1496 1238 1575 1274 prius
1596 1238 1655 1275 ipse
1676 1238 1795 1275 configit.

1069 1372 1231 1400 CAPITULUM
1253 1372 1295 1400 vl.

308 1496 457 1525 Secundae
479 1495 678 1532 responsionis
700 1495 787 1523 tertia.
805 1494 959 1532 particula
980 1497 1149 1532 sextumque
1171 1494 1351 1531 capitulum,
1374 1494 1406 1522 in
1427 1502 1483 1532 quo
1504 1494 1609 1522 ieiunii
1629 1494 1778 1523 arctituclo
1799 1498 1832 1523 ut
1852 1503 1979 1524 consona

578 1545 752 1583 perfectioni
772 1545 956 1583 defenditur,
978 1548 1002 1573 et
1024 1545 1086 1574 eius
1108 1545 1258 1582 multiplex
1280 1545 1491 1573 commendatio
1512 1544 1706 1583 subinfertur.

345 1671 369 1697 1.
392 1669 462 1697 Satis
484 1669 625 1697 evidenter
641 1677 690 1705 per
705 1668 956 1705 praedeterminata
972 1670 1059 1705 patet,
1082 1670 1114 1696 ut

263 1717 419 1750 credimus,
453 1716 547 1744 ieiunii
579 1715 795 1749 arctitudinem,
827 1715 904 1743 velut
934 1714 1115 1743 abstinentiae

263 1764 387 1797 culmen,
409 1763 581 1799 evangelicae
602 1762 778 1799 perfectionis
800 1764 958 1790 structurae
980 1770 1033 1789 non
1057 1769 1115 1789 mo-

263 1811 355 1840 dicum
380 1813 521 1847 praestare
542 1810 693 1838 munimen.
710 1809 830 1842 Verum,
852 1809 918 1846 quia
932 1809 1115 1838 contentionis

263 1861 370 1887 amator
396 1857 531 1886 adversus
563 1856 650 1894 ipsius
672 1856 893 1893 praerogativam
922 1864 1009 1885 novae
1024 1856 1034 1873 ⁵
1060 1856 1115 1885 dis-

263 1905 414 1942 putationis
436 1907 577 1933 certamen
605 1903 782 1940 aggreditur,
812 1903 946 1932 stultitiae
977 1911 1043 1932 suae
1072 1910 1116 1931 re-

264 1951 400 1988 spondere
421 1950 624 1987 compellimur,
646 1954 677 1978 ut
697 1950 834 1986 simplices
848 1958 864 1978 a
878 1949 1046 1986 perfectione
1060 1958 1115 1978 non

264 2000 375 2027 revocet
395 2006 446 2026 nec
467 1997 518 2026 sibi
540 1997 649 2034 sapiens
670 2005 730 2026 esse
751 1997 887 2026 videatur.
917 1996 1022 2025 Etenim
1052 2004 1114 2025 cum

264 2045 303 2079 is,
325 2048 421 2073 contra
443 2052 526 2081 quem
549 2044 660 2078 scribit,
682 2044 787 2073 nullam
809 2044 843 2072 de
870 2043 972 2072 ieiunio
999 2043 1116 2072 mentio-

264 2100 328 2121 nem
350 2092 461 2125 fecerit,
483 2091 555 2120 sicut
576 2091 692 2128 ipsemet
713 2091 900 2127 recognoscit3
929 2091 995 2127 quia
1023 2094 1116 2119 tamen

265 2139 336 2167 alius
358 2138 541 2175 praedicans⁶
563 2137 616 2166 fuit
636 2137 669 2166 de
691 2137 784 2166 ieiunii
807 2137 975 2174 perfectione
990 2137 1114 2170 locutus,

265 2193 337 2213 nova
358 2192 421 2213 eum
443 2184 641 2220 disceptatione
662 2183 806 2212 confutare
825 2186 951 2217 conatur,
966 2183 1045 2220 quasi
1060 2190 1115 2211 non

265 2231 288 2260 ei
312 2231 431 2260 sufficiat
451 2238 534 2267 agere
556 2233 652 2259 contra
673 2238 778 2264 unum,
800 2230 868 2267 quin
896 2230 988 2267 potius
1017 2230 1116 2258 Ismae-

266 2278 340 2306 111100
362 2286 439 2306 more
462 2286 586 2305 picenum
606 2277 692 2314 eripit
713 2280 816 2305 contra
842 2285 955 2310 0111003,
984 2280 1016 2305 111
1043 2276 1116 2305 iusto

266 2324 315 2353 Dei
336 2324 438 2353 iudicio
468 2332 577 2352 manus
597 2324 635 2352 sit
666 2324 799 2352 omnium
830 2327 934 2352 contra
965 2323 1062 2352 eum7.
1085 2323 1117 2351 Et

267 2371 394 2409 quidem,
417 2371 491 2408 quod
512 2371 555 2399 vir
576 2371 698 2407 peritus,
720 2373 752 2399 ut
773 2371 823 2399 iste
844 2370 962 2405 fatetur,
977 2370 1115 2404 docuerit,

268 2419 410 2447 Christum
432 2418 581 2447 ieiunando
603 2418 667 2447 solis
688 2418 818 2455 perfectis
839 2420 866 2447 et
886 2417 1052 2447 comedendo
1074 2425 1116 2446 so-

268 2466 302 2495 lis
323 2466 491 2503 imperfectis
513 2466 674 2502 exemplum
695 2465 818 2499 dedisse,
833 2465 992 2493 nullatenus
1008 2464 1116 2493 videtur

269 2520 328 2542 0330
349 2512 497 2547 credibile,
520 2520 583 2541 cum
605 2512 734 2540 omnibus
755 2514 876 2545 constet,
892 2511 966 2548 quod
981 2513 1036 2539 tam
1051 2511 1117 2540 ieiu-

266 2568 333 2588 nare
355 2567 439 2597 quam
461 2558 605 2588 comedere
625 2559 686 2587 fieri
707 2562 797 2596 potest
818 2566 873 2587 non
892 2558 981 2586 30111111
996 2557 1117 2595 perfecte

267 2610 294 2636 et
314 2606 490 2644 imperfecte,
513 2614 610 2635 verum
632 2605 714 2635 etiam
736 2605 806 2634 bene
828 2608 855 2634 et
876 2605 962 2639 male,
982 2607 1075 2634 sancte
1089 2607 1117 2634 et

1172 1667 1271 1704 impie,
1294 1667 1447 1696 secundum
1469 1667 1604 1696 rationem
1623 1667 1798 1697 diversorum
1814 1668 1912 1697 finium
1927 1671 1954 1697 et
1969 1669 2023 1698 cir-

1172 1714 1403 1743 cumstantiarum
1416 1714 1435 1742 ⁸.

1251 1763 1277 1790 Ξ).
1301 1761 1329 1789 10
1352 1761 1403 1790 1100
1425 1764 1517 1790 tamen
1537 1761 1692 1790 differentia
1732 1765 1774 1790 est
1805 1762 1877 1791 inter
1908 1763 2022 1792 ieiunia

1172 1817 1292 1837 servare
1313 1812 1340 1837 et
1361 1809 1474 1837 ieiunia
1494 1808 1617 1842 solvere,
1640 1808 1714 1845 quod
1736 1809 1859 1845 primum
1881 1809 1914 1838 de
1936 1818 1965 1838 se
1979 1813 2021 1838 est

1172 1855 1283 1884 difficile
1304 1857 1330 1883 et
1351 1855 1470 1884 arduum
1493 1863 1524 1884 ac
1545 1855 1578 1884 de
1599 1863 1628 1884 se
1650 1855 1749 1884 efficax
1770 1855 1804 1884 ad
1819 1856 2021 1893 repressionem

1173 1902 1292 1931 carnalis
1313 1902 1434 1931 libidinis
1455 1905 1481 1931 et
1503 1902 1729 1931 exercitationem
1755 1902 1907 1939 spiritualis
1934 1903 2023 1932 virtu-

1174 1949 1223 1983 tis,
1246 1952 1273 1978 et
1293 1949 1354 1977 ideo
1375 1949 1409 1978 de
1430 1950 1537 1978 1311000
1557 1949 1606 1977 sui
1622 1949 1737 1987 generis
1752 1949 1855 1978 bonum
1871 1953 1898 1978 et
1912 1950 1945 1979 ad
1960 1958 2024 1987 per-

1174 1996 1318 2025 fectionem
1340 1996 1508 2024 ordinatum.
1531 1996 1689 2025 Secundum
1710 1999 1819 2031 autem,
1834 1997 1937 2026 scilicet
1951 1997 2024 2026 ieiu—

1173 2044 1226 2070 oiia
1247 2042 1371 2076 solvere,
1393 2042 1471 2070 facile
1492 2046 1534 2071 est
1548 2044 1575 2070 et
1590 2042 1665 2070 carni
1687 2050 1787 2077 suave,
1803 2045 1830 2071 et
1845 2043 1879 2071 ad
1894 2043 1967 2080 quod
1982 2043 2023 2072 in-

1174 2089 1293 2117 clinatur
1315 2089 1443 2117 mentalis
1464 2089 1627 2123 infirmitas,
1650 2092 1677 2117 et
1698 2089 1758 2118 ideo
1780 2089 1972 2126 imperfectum
1990 2089 2024 2119 (10

1174 2143 1218 2169 30,
1241 2135 1369 2171 quamvis
1390 2138 1417 2163 et
1438 2135 1559 2171 perfecte
1580 2135 1640 2164 fieri
1663 2135 1749 2172 possit
1770 2135 1877 2164 ratione
1904 2136 2024 2165 circum-

1174 2182 1290 2210 stantiae
1311 2181 1521 2218 superadditae,
1543 2184 1639 2218 utpote
1661 2189 1723 2210 cum
1746 2190 1762 2210 a
1782 2182 1843 2210 viro
1856 2182 1979 2219 perfecto
1993 2182 2025 2211 fit

1174 2228 1280 2257 ratione
1301 2228 1450 2257 debilitatis
1470 2228 1615 2265 propriae,
1637 2229 1681 2257 vel
1705 2228 1943 2258 condescensionis
1969 2229 2024 2258 fra—

1174 2278 1279 2304 ternae.
1301 2275 1430 2304 Fatemur
1452 2275 1537 2312 igitur
1558 2284 1614 2304 una
1635 2283 1699 2304 011111
1724 2275 1787 2310 1110,
1816 2279 1912 2304 contra
1939 2284 2023 2313 quem

1173 2322 1284 2356 scribit,
1308 2322 1381 2359 quod
1404 2322 1542 2359 loquendo
1563 2322 1597 2351 de
1618 2325 1719 2351 natura
1734 2322 1893 2351 huiusmodi
1908 2327 2023 2353 actuum

1174 2369 1323 2406 perfectius
1344 2371 1386 2398 est
1407 2369 1509 2398 ieiunia
1530 2377 1643 2398 servare
1664 2377 1748 2406 quam
1770 2369 1892 2405 solvere,
1908 2373 1935 2399 et
1949 2370 2024 2408 quod

1174 2415 1301 2444 Christus
1322 2415 1410 2443 omnis
1432 2415 1544 2444 virtutis
1565 2416 1709 2452 exemplar
1730 2419 1757 2444 et
1777 2424 1829 2452 pro
1847 2419 1971 2453 tempore
1985 2416 2024 2445 ie-

1174 2463 1281 2492 iunavit
1301 2466 1328 2492 et
1349 2471 1400 2500 pro
1423 2467 1547 2500 tempore
1568 2463 1671 2492 ieiunia
1691 2463 1788 2497 solvit,
1816 2467 1848 2492 ut
1876 2464 1904 2492 in
1932 2464 2024 2501 primo

1174 2510 1344 2539 austeritatis
1365 2510 1437 2539 vitae
1457 2510 1604 2547 praeberet
1624 2511 1784 2547 exemplum
1806 2514 1833 2539 et
1854 2511 1881 2539 in
1903 2511 2024 2540 secundo

1175 2558 1312 2586 humanae
1330 2557 1483 2586 infirmitati
1500 2560 1653 2594 praestaret
1667 2558 1803 2587 solatium.
1820 2558 1935 2595 Propter
1949 2558 2024 2596 quod

1175 2606 1202 2633 et
1222 2604 1344 2642 primum
1366 2604 1418 2633 fuit
1444 2604 1558 2641 rigoris,
1587 2604 1741 2633 secundum
1769 2604 2022 2640 condescensionis,

333 2785 341 2798 ¹
360 2786 433 2809 Codd.
450 2786 468 2808 Α
479 2786 521 2809 BC
539 2786 647 2808 omittunt
663 2785 752 2809 cui-iiis.

333 2824 341 2837 ²
359 2824 405 2847 Cl'r.
422 2825 531 2853 August,
550 2825 577 2847 V.
596 2825 625 2847 de
642 2824 739 2847 Civitate
756 2825 810 2852 Dei,
828 2831 847 2847 0.
870 2826 886 2847 Ι.
904 2828 926 2847 01
943 2825 964 2846 8.

332 2863 341 2875 ³
359 2864 425 2886 Num.
444 2864 481 2885 18.
498 2870 546 2892 seq.

333 2902 343 2914 ⁴²
360 2903 418 2925 Osee
435 2903 461 2930 7,
483 2903 521 2925 lss:
540 2903 601 2925 Facti
618 2906 671 2925 sunt
687 2903 753 2932 quasi
771 2909 839 2925 arcus
856 2903 957 2925 dolosus.

335 2941 344 2954 ⁵
362 2943 391 2964 lta
409 2943 427 2964 Α
438 2942 478 2965 BC
490 2943 544 2969 DE;
563 2943 617 2965 edd.
633 2949 730 2966 novum.

334 2980 343 2993 ‘⁵
362 2981 493 3003 Secundum
506 2981 523 3003 A
536 2981 577 3003 suit
588 2981 625 3003 vel
642 2982 677 3004 Fr.
695 2980 810 3004 Robertus
824 2981 853 3004 de
866 2982 930 3009 Vegli
943 2982 979 3003 rel
992 2982 1026 3003 Fr.
1040 2981 1119 3003 Petrus

271 3020 300 3043 de
324 3020 470 3047 Tarantasia3
493 3021 533 3042 cfr.
556 3026 626 3048 supra
650 3027 704 3048 pag.
721 3021 780 3048 235,
798 3023 852 3043 nola
869 3022 890 3043 8.
908 3034 938 3037 —
956 3020 1059 3043 Subinde
1076 3027 1118 3048 pro

1176 2785 1342 2815 disceptatione
1359 2785 1484 2815 confutare
1501 2785 1541 2814 (ita
1558 2787 1575 2807 A
1586 2785 1627 2808 BC
1638 2784 1662 2814 E)
1681 2785 1735 2807 edd.
1757 2784 1899 2807 substituunt
1920 2784 2024 2814 disputa·

1176 2824 1238 2848 tione
1255 2825 1386 2854 confutare.

1239 2863 1247 2876 ⁷
1265 2865 1320 2886 Gen.
1339 2865 1380 2892 le,
1399 2864 1440 2886 112;
1458 2864 1498 2886 Hic
1516 2863 1614 2892 [lsmael]
1633 2863 1675 2885 erit
1691 2864 1753 2885 serus
1770 2864 1853 2890 homo,
1871 2869 1954 2885 manus
1973 2863 2023 2885 eius

1175 2906 1254 2926 contra
1271 2910 1364 2931 010003,
1382 2906 1403 2925 et
1420 2909 1503 2925 manus
1519 2903 1624 2925 omnium
1643 2905 1720 2925 contra
1739 2909 1801 2925 eum.

1238 2941 1247 2954 ὃ
1264 2942 1311 2965 Csr.
1328 2948 1398 2970 snpra
1411 2948 1436 2965 ,0.
1454 2943 1474 2964 1.
1491 2949 1514 2964 n.
1531 2942 1554 2964 7.
1571 2948 1636 2971 seqq.
1654 2945 1676 2964 et
1693 2948 1713 2964 c.
1731 2942 1752 2964 5.
1776 2948 1798 2964 n.
1816 2941 1836 2964 4.
1858 2955 1888 2957 —
1911 2941 2022 2969 Superius

1175 2987 1218 3009 pro
1236 2981 1344 3004 docuerit
1359 2981 1375 3004 C
1388 2982 1404 3003 E
1421 2980 1507 3004 docuit.

2040 1109 2056 1128 N
2057 1091 2122 1131 otanrlui

2071 1773 2114 1796 Quoi
2124 1772 2133 1792 lt

2038 1795 2113 1815 differ-an
2124 1800 2133 1816 ³⁸

2037 1819 2089 1838 iunia
2107 1824 2133 1845 re·

2037 1848 2058 1861 re
2072 1845 2091 1862 et
2106 1848 2113 1861 s
2122 1847 2133 1863 ,1¹

2038 1871 2066 1885 re.
2086 1865 2092 1870 “

2039 2283 2114 2303 Assertil
2121 2278 2122 2298 Ῐ
