2133 3317
137 531 227 558 Doctrina

145 557 216 574 mortis.

127 1304 155 1322 De
168 1306 241 1328 quarto.

128 2083 158 2102 De
172 2082 244 2107 quinto.

256 238 311 266 656

255 323 285 341 ao
303 316 442 340 novissima
450 314 616 345 providerent
629 312 636 325 ¹
647 313 655 338 ,Ι
675 312 812 344 Sapereut,
827 313 920 337 scilicet
932 312 1107 337 damnatorum

256 358 455 386 multitudinem,
476 356 651 381 salvandorum
672 355 824 387 paucitatem
837 356 862 380 et
880 355 1055 386 temporalium
1069 362 1108 379 re-

257 409 312 426 rum
333 400 488 430 vanitatem3
507 399 692 431 intelliyerent,
712 398 805 423 scilicet
818 398 976 429 peccatorum
994 397 1107 422 multitu-

256 444 349 473 dinem,
369 443 489 468 bonorum
503 442 670 467 dimissionem
690 442 716 466 et
727 442 848 472 temporis
866 442 1038 470 amissionem,
1047 448 1108 472 pro-

255 486 386 518 viderent,
413 486 506 511 scilicet
524 485 613 510 mortis
626 485 776 516 periculum,
797 484 934 509 extremum
954 484 1070 508 iudiciuin
1083 483 1108 507 et

256 529 384 554 aeternum
399 528 557 560 supplicium.
567 542 602 545 —
612 528 680 552 Mors
693 527 765 559 quasi
784 527 815 551 ad
827 527 925 551 oculum
938 525 1107 555 demonstrat,

257 580 309 598 csse
329 571 509 597 contemnenda
536 578 703 603 quaecumque
722 571 747 595 in
775 570 821 595 hoc
847 570 938 594 mundo
967 569 998 594 ab
1025 569 1108 600 impiis

255 615 422 647 quaeruntur,
442 614 536 640 scilicet
560 614 675 643 divitias,
705 613 810 638 delicias
829 613 854 637 et
881 613 998 638 honores.
1018 612 1108 637 Labor

255 659 434 690 quaerentium
447 658 552 683 divitias
565 665 645 682 vanus
658 656 813 685 ostenditur,
827 664 881 681 011111
894 656 967 681 homo
981 655 1066 680 nudus
1081 655 1108 679 iu

256 703 352 726 terram
370 699 540 731 re=r⁷ertitur²;
558 700 583 725 et
603 700 677 724 labor
696 699 851 724 deliciarum
863 699 961 723 inutilis
977 698 1108 730 probatur,

255 745 313 776 quia
332 751 422 775 corpus
441 743 566 768 nutritum
585 743 679 767 deliciis
691 742 817 767 vermibus
837 749 892 767 esca
911 742 1034 773 paratur,
1055 748 1109 765 am-

255 787 317 812 bitio
337 787 443 811 lionoris
455 786 611 811 infructuosa
630 785 798 817 cognoscitur,
818 786 876 817 quia
889 785 962 810 homo
982 783 1109 809 subterra

255 830 378 859 conditur,
392 830 417 854 et
435 830 548 855 homines
567 829 592 854 et
609 829 721 854 iumenta
739 829 836 853 vadunt
849 836 924 859 super
943 835 1005 852 oum.
1026 827 1110 858 Augu-

257 873 338 898 stinus
352 872 375 897 ³:
398 873 488 898 Nolite
510 880 580 904 ergo,
601 873 736 901 carissimi,
757 872 863 903 diliyere
881 871 1006 896 muudum
1028 877 1109 901 neque

256 923 285 941 ea
303 923 369 947 quae
388 916 415 940 iu
431 915 527 940 mundo
546 917 622 940 sunt:
645 925 657 937 κ
671 915 834 939 Dimittamus
852 914 912 939 haec
931 921 996 939 vana
1015 913 1040 938 et
1058 914 1109 938 ina-

256 960 306 984 nia.
326 959 488 984 Conferamus
507 966 552 984 nos
575 959 607 983 ad
626 959 704 984 solam
729 958 915 989 inquisitionem
938 964 1022 982 eorum
1048 964 1110 988 quae

256 1002 331 1027 finem
350 1010 399 1027 non
418 1002 520 1027 habent.
540 1001 600 1027 Vita
618 1002 679 1026 haec
692 1002 782 1026 misera
795 1001 846 1031 est,
860 1008 927 1026 mors
940 1000 1048 1029 incerta,
1069 1007 1111 1024 su-

256 1045 308 1070 bito
335 1045 446 1076 obrepit,
476 1045 501 1069 et
529 1044 586 1076 post
612 1044 672 1069 11380
702 1044 840 1076 negligenti
869 1044 992 1075 supplicia
1019 1043 1110 1068 luenda

258 1088 353 1113 sunt».
378 1098 390 1109 ‹<
403 1088 495 1113 Redite
514 1095 586 1119 erqo,
601 1087 842 1119 praevaricatores,
858 1086 892 1111 acl
904 1094 956 1118 eor,
977 1086 1001 1111 et
1019 1086 1111 1111 adhae-

257 1131 309 1156 rete
322 1131 360 1156 illi
373 1132 415 1162 qui
428 1138 472 1156 vos
485 1131 551 1156 fecit.
564 1130 634 1155 State
648 1138 703 1155 cum
717 1131 760 1156 illo
774 1130 799 1155 et
818 1130 918 1155 stabitis
932 1140 944 1152 »
959 1128 983 1160 ‘¹3
1007 1140 1019 1151 «
1032 1129 1110 1154 fallax

258 1174 283 1199 et
295 1182 376 1199 vanus
395 1174 433 1199 est
452 1174 569 1205 mundus,
582 1174 640 1198 finis
659 1174 761 1203 dubius,
781 1174 862 1198 exitus
878 1173 1019 1202 horribilis,
1038 1172 1111 1197 iudex

258 1217 378 1242 terribilis
397 1217 422 1242 et
441 1224 520 1248 poena
538 1216 668 1241 infinibilis
681 1227 705 1241 ».

331 1260 355 1284 5.
375 1259 497 1289 Quartum
516 1267 562 1284 nos
581 1259 612 1283 ad
631 1259 717 1284 mundi
730 1259 899 1290 contemptum
921 1258 1059 1284 sollicitans
1072 1258 1111 1283 est

258 1302 390 1335 fuqacitas
407 1303 508 1334 qloriae
526 1303 682 1327 mundanae.
706 1312 718 1324 «
735 1302 801 1326 Dum
820 1303 884 1327 enim
903 1302 1010 1326 libenter
1029 1309 1057 1326 ac
1076 1302 1110 1326 iu-

259 1346 407 1371 cundissime
431 1346 544 1371 moratur
569 1345 642 1370 homo
661 1346 687 1370 in
712 1345 803 1370 mundo
823 1345 912 1376 diuque
934 1345 1059 1370 victurum
1085 1352 1110 1370 se

258 1389 411 1419 arbitratur,
432 1388 514 1414 subito
533 1388 632 1419 rapitur
648 1396 663 1413 a
682 1389 769 1418 morte,
783 1388 808 1413 et
826 1388 910 1413 anima
929 1388 1077 1419 segregatur
1095 1395 1110 1412 a

258 1440 359 1463 corpore
379 1432 510 1463 pergitque
539 1432 644 1456 miseriis
673 1432 759 1462 plena,
784 1431 894 1456 tremens
922 1438 950 1456 ac
973 1431 1058 1456 dolens
1084 1432 1109 1456 in

257 1476 382 1507 regionem
412 1475 512 1506 penitus
540 1474 666 1506 ignotam,
696 1475 884 1500 occursantibus
913 1474 960 1499 sibi
987 1474 1111 1499 daemoni—

257 1519 304 1543 bus
319 1518 327 1530 ⁵
341 1528 366 1542 s.
393 1528 405 1540 «
416 1518 463 1542 Ubi
483 1517 543 1542 sunt
561 1518 686 1542 amatores
704 1517 779 1542 huius
793 1518 898 1547 saeculi,
918 1518 960 1549 qui
979 1518 1037 1542 ante
1052 1525 1110 1549 pau-

259 1569 299 1587 cos
318 1562 370 1586 dies
389 1561 517 1586 nobiscum
536 1560 657 1585 fuerunt?
676 1560 746 1585 Nihil
766 1568 795 1585 ex
815 1561 850 1585 eis
869 1560 991 1585 remansit
1009 1561 1057 1585 nisi
1081 1561 1111 1585 ci-

257 1612 329 1630 neres
348 1605 373 1629 et
392 1612 496 1629 vermes.
516 1604 625 1628 Attende
642 1604 786 1635 diligenter,
801 1604 844 1635 qui
863 1604 923 1628 suut
935 1604 975 1628 vel
994 1603 1109 1628 fuerunt:

258 1648 370 1673 homines
390 1648 505 1677 fuerunt,
526 1648 590 1672 sicut
619 1648 644 1672 et
671 1647 711 1676 tu,
740 1647 899 1672 comederunt
927 1647 952 1671 et
979 1647 1110 1677 biberunt,

259 1692 388 1717 (luxerunt
408 1692 435 1715 in
455 1691 527 1716 bonis
540 1691 592 1715 dies
605 1698 665 1715 suos
685 1691 709 1715 et
729 1691 756 1715 iu
764 1692 863 1722 puncto
883 1690 1066 1715 descenderunt
1078 1690 1113 1715 acl

258 1734 396 1764 infernum.
416 1734 463 1759 Hic
482 1741 539 1758 caro
558 1733 696 1763 vermibus,
716 1733 767 1758 illic
786 1734 869 1757 anima
895 1733 1053 1764 sempiternis
1074 1733 1111 1757 de-

258 1777 364 1809 putatur
377 1777 496 1802 incendiis
507 1787 532 1801 ».
544 1776 633 1802 Nolite
646 1784 712 1809 ergo,
726 1776 827 1806 fratres,
838 1776 944 1808 diliqere
956 1776 1082 1800 muudum
1093 1774 1110 1806 ⁸,

259 1821 302 1845 sed
320 1821 451 1852 sequimini
479 1820 621 1850 Christum,
645 1820 687 1851 qui
712 1819 791 1844 dixit:
815 1820 935 1851 Reynum
956 1826 1040 1844 meum
1059 1826 1112 1844 uon

260 1865 297 1889 est
315 1864 345 1889 cle
365 1864 410 1888 hoc
428 1864 534 1888 mundo.
554 1863 593 1888 Ad
611 1863 742 1888 caelestem
762 1863 871 1894 patriam
890 1863 943 1888 toto
963 1863 1053 1888 mentis
1073 1863 1110 1887 de-

260 1907 348 1932 siderio
368 1907 509 1937 suspirate,
528 1907 558 1931 ut
579 1907 660 1938 ipsam
678 1906 791 1931 finaliter
810 1906 1003 1938 consequamini.
1027 1916 1040 1928 ‹<
1054 1905 1112 1931 Non

260 1951 320 1975 sunt
338 1950 378 1976 hic
396 1958 455 1975 vera
474 1950 578 1980 solatia,
598 1950 640 1975 sed
653 1950 686 1974 ibi
700 1950 784 1981 potius
803 1949 842 1974 est
858 1957 916 1974 vera
935 1950 988 1974 vita
1003 1948 1011 1961 ⁷
1025 1960 1050 1979 >›,
1069 1949 1111 1974 ubi

259 2001 388 2025 nunquam
407 2001 474 2019 mors
493 1993 630 2019 timebitur.

333 2037 357 2061 6.
377 2037 511 2066 Quintum,
540 2036 605 2068 quod
633 2044 678 2061 nos
701 2036 732 2061 ab
760 2044 842 2061 amore
870 2036 956 2061 mundi
984 2036 1112 2061 retrahere

262 2080 345 2109 debet,
365 2081 404 2105 est
418 2080 580 2111 perieulum,
600 2080 625 2104 in
644 2087 692 2111 quo
717 2080 777 2104 sunt
798 2079 911 2105 homines
930 2079 1064 2104 existentes
1086 2080 1112 2104 111

262 2124 361 2148 mundo.
382 2123 445 2152 Quid
463 2124 527 2148 enim
547 2123 642 2148 faciunt
660 2123 773 2148 homines
798 2123 952 2153 saeculares,
978 2123 1112 2148 secundum

261 2166 380 2190 mundum
399 2166 525 2195 viventes,
551 2173 625 2197 quam
651 2166 715 2196 quod
743 2165 874 2196 implicant
902 2173 928 2190 se
956 2165 1063 2196 peccatis
1088 2165 1113 2190 et

261 2208 405 2234 confodiunt
418 2209 514 2233 animas
528 2216 586 2233 suas
605 2209 703 2240 magnis
722 2208 868 2233 vulneribus
884 2215 985 2233 suorum
1004 2208 1112 2239 peccato-

262 2259 317 2276 rum
336 2252 362 2276 in
382 2251 496 2282 tantum,
516 2251 580 2282 quod
593 2258 643 2275 non
657 2251 763 2282 possunt
782 2258 810 2275 ea
829 2250 921 2275 sentire
933 2248 949 2274 Β.
965 2250 1110 2279 Adulteria,

262 2295 376 2324 fraudes,
404 2295 485 2324 furta,
514 2294 641 2319 mendacia
666 2294 691 2319 et
718 2294 807 2319 cuncta
834 2294 901 2318 mala
929 2293 1020 2318 diffusa
1044 2294 1112 2318 sunt.

684 234 880 263 OPUSCULUM
903 234 944 263 lV.
966 233 1128 262 COLLATIO
1149 233 1193 262 DE
1215 233 1416 262 CONTEMPTU
1437 233 1580 261 SAECULI.

1164 311 1190 337 A
1208 312 1321 336 maocimo
1340 319 1420 343 usque
1445 312 1480 336 aol
1497 311 1633 336 minimum
1652 317 1738 336 omues
1762 312 1904 341 sequuntur
1928 312 2013 336 avari—

1166 355 1229 378 tiam
1242 353 1260 378 ⁹.
1286 353 1467 385 Unusquisque
1487 354 1522 379 acl
1539 361 1645 379 uxorem
1668 353 1786 384 proximi
1803 353 1845 378 sui
1872 353 2012 380 hinniebat.

1165 397 1286 427 Quilibet,
1307 397 1427 428 quomodo
1452 397 1620 422 substantiam
1649 404 1719 421 suam
1748 396 1824 421 faciat
1851 397 2012 427 ampliorem,

1165 440 1300 472 excogitat3
1320 440 1405 464 nullus
1434 440 1473 464 vel
1493 441 1579 471 pauci,
1608 440 1716 471 qualiter
1737 440 1845 464 animam
1875 447 1945 464 suam
1965 440 2014 464 sal-

1164 483 1231 507 vent.
1244 483 1263 508 O
1277 483 1397 514 quantum
1412 490 1478 507 nunc
1497 483 1607 507 exsultat
1619 483 1744 508 diabolus!
1760 482 1850 507 Omnes
1862 483 1888 507 in
1905 482 2013 513 proclivo

1165 527 1283 551 vitiorum
1303 526 1379 556 sunt,
1398 527 1484 551 nullus
1502 527 1543 551 vel
1562 527 1633 557 pauci
1651 526 1846 556 convertuntur,
1866 525 1955 551 cuncta
1973 533 2014 551 no-

1165 569 1203 594 bis
1222 569 1349 600 superflua
1378 569 1437 594 sunt
1462 577 1583 600 expensa,
1612 569 1718 594 terrenis
1745 569 1885 599 inhiamus,
1914 569 2014 594 terrena

1166 613 1289 644 sapimus,
1309 613 1387 637 Deum
1411 613 1436 637 et
1454 613 1506 637 eius
1532 612 1651 636 mandata
1669 612 1863 643 contemnimus,
1893 612 2015 637 terribilia

1165 656 1255 681 iudicia
1274 656 1318 680 Dei
1337 655 1478 685 audientes,
1492 663 1542 680 non
1555 655 1760 686 obstupescimus.
1779 655 1869 680 Nolite
1887 662 1959 686 ergo,
1978 662 2015 680 ca-

1165 699 1272 728 rissimi,
1286 699 1391 730 diliqere
1406 698 1530 723 muudum
1546 705 1626 729 neque
1639 705 1668 722 ea
1682 705 1747 729 quae
1761 698 1787 722 in
1806 698 1902 723 munclo
1915 699 1976 723 sunt
1986 697 2014 728 ¹⁰,

1166 743 1224 774 quia
1242 742 1323 767 iacula
1342 742 1433 767 diaboli
1451 741 1522 770 sunt,
1543 741 1585 765 sed
1603 741 1740 766 serviamus
1760 741 1877 771 Christ0;
1896 741 1959 766 nihil
1978 742 2016 766 est

1166 786 1254 810 melius
1273 785 1298 810 et
1316 785 1404 809 utilius
1422 785 1488 810 bona
1506 784 1567 808 vita.

1238 828 1262 852 7.
1282 828 1382 852 Sextum
1401 834 1446 852 nos
1459 827 1597 852 sollicitans
1610 827 1641 851 ad
1660 827 1804 858 fugiendum
1823 827 1852 852 de
1871 827 1962 852 mundo
1977 827 2016 852 est

1166 871 1329 896 mutabilitas
1346 877 1434 895 rerum
1460 870 1649 901 temporalium.
1668 870 1739 895 Unde
1761 871 1866 902 legitur,
1893 871 2015 902 quendam

1166 914 1346 945 Philosophum
1365 914 1472 938 dixisse:
1496 923 1509 935 ‹<
1522 913 1624 942 Quando
1643 913 1723 944 cogito
1742 913 1771 937 de.
1794 920 1853 944 pace
1872 912 1897 938 et
1918 913 2015 944 quiete,

1167 965 1229 988 quae
1248 957 1287 981 est
1305 957 1331 981 in
1350 956 1421 981 corde
1447 963 1523 987 puro,
1544 956 1568 980 et
1593 956 1622 980 de
1641 956 1815 985 delectatione,
1836 964 1898 987 quae
1926 956 1965 981 est
1989 957 2015 981 in

1166 1000 1296 1025 intellectu
1316 1000 1394 1024 Deum
1423 999 1621 1030 contemplante,
1650 999 1679 1024 de
1699 999 1832 1024 securitate
1859 1000 1884 1024 et
1911 999 1940 1024 de
1960 1007 2016 1031 spe,

1167 1051 1229 1075 quae
1248 1044 1286 1068 est
1305 1044 1331 1068 111
1349 1043 1420 1068 001(18
1440 1042 1519 1067 Deum
1538 1042 1673 1074 diligente3
1694 1042 1754 1067 tunc
1766 1042 1859 1072 iudico,
1880 1042 1944 1074 quod
1963 1042 2018 1067 tali-

1167 1087 1214 1111 bus
1242 1086 1370 1111 intendere
1398 1085 1461 1110 nihil
1483 1085 1551 1110 aliud
1579 1085 1617 1110 est
1645 1093 1719 1117 quam
1747 1085 1899 1110 deiformiter
1925 1086 2016 1112 vivere.

1168 1130 1261 1155 Caecus
1280 1129 1318 1154 est
1337 1130 1379 1161 qui
1398 1129 1454 1153 aliis
1472 1129 1571 1153 deditus
1589 1128 1641 1158 est,
1661 1129 1719 1160 quia
1738 1128 1851 1153 deificum
1873 1129 1912 1153 est
1930 1136 2017 1159 omne,

1167 1173 1232 1205 quod
1250 1172 1361 1197 creatum
1381 1172 1419 1197 est
1431 1182 1456 1196 ».
1480 1182 1492 1194 (ι
1505 1171 1572 1201 Quae
1589 1171 1628 1196 est
1640 1171 1690 1196 ista
1703 1171 1756 1196 vita
1768 1171 1856 1197 nostra
1868 1172 1917 1196 nisi
1930 1179 2018 1197 cursus

1168 1216 1199 1241 ad
1218 1216 1335 1245 mortem,
1353 1215 1378 1240 et
1397 1215 1456 1247 quid
1474 1214 1513 1239 est
1531 1215 1614 1239 vivere
1631 1215 1680 1239 nisi
1699 1214 1741 1239 diu
1760 1214 1871 1246 torqueri
1881 1213 1901 1226 ¹¹
1915 1215 1949 1239 »5³
1969 1224 1982 1237 ‹<
1994 1215 2019 1240 Si

1168 1260 1232 1284 enim
1253 1259 1383 1284 subtiliter
1403 1258 1533 1290 pensetur,
1554 1265 1639 1288 omne,
1658 1258 1723 1289 quod
1740 1258 1839 1289 agitur,
1861 1265 1939 1289 poena
1967 1258 2017 1288 est,

1168 1303 1267 1327 miseria
1280 1302 1319 1327 est
1331 1312 1357 1326 >›.
1374 1301 1394 1327 O
1407 1302 1532 1326 amatores
1545 1301 1643 1330 mundi,
1657 1301 1688 1325 ad
1702 1309 1774 1332 quem
1785 1301 1907 1326 laboratis
1925 1301 2018 1326 finem?

1169 1345 1219 1370 Cur
1249 1345 1413 1376 vosmetipsos
1444 1344 1557 1376 affligitis
1586 1344 1650 1368 circa
1679 1343 1758 1373 nihil,
1790 1351 1845 1368 cum
1876 1343 2016 1369 Creatorem

1168 1389 1277 1414 omnium
1296 1389 1422 1420 possidere
1441 1388 1569 1413 valeatis?
1588 1387 1651 1417 Quid
1669 1387 1777 1418 amplius
1797 1387 1938 1418 quaeritis?
1955 1387 2018 1417 911111

1167 1432 1261 1457 homini
1281 1431 1386 1461 sufficit,
1416 1431 1454 1456 cui
1484 1430 1601 1455 Conditor
1629 1431 1682 1461 ipse
1701 1437 1751 1455 non
1776 1429 1890 1455 sufficit?
1922 1429 1942 1455 O
1970 1430 2020 1461 filii

1168 1475 1310 1506 hominum,
1329 1481 1459 1505 usquequo
1477 1474 1554 1505 yravi
1567 1473 1641 1498 corde
1650 1474 1658 1498 l
1676 1474 1706 1497 ut
1721 1473 1785 1504 quid
1797 1473 1907 1505 diligitis
1921 1473 2019 1498 vanita-

1168 1519 1218 1543 tem
1237 1519 1260 1542 et
1279 1518 1404 1548 quaeritis
1422 1517 1585 1542 mendacium
1599 1515 1619 1529 ¹²
1631 1516 1644 1540 .?
1662 1516 1752 1541 Nolite
1771 1516 1876 1548 diliqere
1893 1516 2019 1541 muudum

1167 1568 1248 1592 neque
1266 1568 1297 1585 ea
1315 1567 1380 1591 quae
1399 1561 1428 1585 iu
1447 1560 1543 1584 mundo
1563 1560 1631 1584 sunt.
1657 1559 1808 1591 Quicumque
1828 1566 1886 1591 ergo
1914 1554 2020 1584 vult'ad

1168 1604 1262 1629 terram
1283 1604 1455 1635 promissionis
1468 1603 1609 1634 pervenire,
1628 1602 1653 1627 id
1669 1602 1707 1627 est
1719 1603 1826 1634 gloriam
1843 1610 1965 1634 supernae
1978 1610 2019 1634 pa-

1168 1647 1231 1672 triae
1251 1647 1375 1676 obtinere,
1395 1654 1494 1671 necesse
1513 1646 1563 1676 est,
1582 1646 1612 1670 ut
1630 1653 1675 1677 per
1690 1646 1788 1677 virgam
1807 1646 1887 1671 crucis
1905 1645 2020 1671 transeat

1168 1699 1236 1716 mare
1255 1691 1374 1722 rubrum,
1393 1690 1425 1715 ab
1444 1689 1559 1721 Aegypto
1578 1689 1677 1714 intrans
1697 1689 1834 1719 desertum,
1854 1689 1932 1714 vitam
1960 1689 2021 1714 deli-

1168 1735 1259 1759 ciosam
1283 1734 1308 1758 et
1331 1733 1447 1758 tenebras
1475 1733 1631 1764 peccatorum
1658 1733 1787 1762 deserens,
1807 1732 1921 1757 assumat
1942 1732 2019 1758 vitam

1168 1777 1317 1802 laboriosam
1341 1776 1366 1801 et
1385 1776 1506 1801 moriatur
1520 1784 1575 1801 cum
1594 1776 1693 1801 Christo
1709 1776 1735 1801 in
1751 1783 1821 1801 cruce
1841 1775 2020 1807 poenitentiae,

1168 1820 1198 1845 ut
1218 1820 1252 1844 510
1271 1820 1297 1844 111
1325 1819 1387 1845 hora
1406 1819 1494 1844 mortis
1522 1827 1581 1844 suae
1601 1820 1725 1844 mereatur
1753 1819 1838 1844 audire
1865 1819 1928 1844 illud
1950 1819 2025 1844 11111081

1169 1863 1284 1893 verbum,
1303 1863 1368 1894 quod
1387 1863 1482 1888 dictum
1495 1863 1534 1887 est
1552 1863 1662 1888 latroni:
1681 1861 1781 1894 Amen,
1795 1862 1849 1887 dico
1868 1862 1927 1893 tibi,
1947 1861 2020 1887 hodie

1168 1913 1265 1931 mecum
1284 1907 1335 1931 eris
1350 1907 1380 1931 in
1388 1906 1515 1937 paradiso
1530 1905 1559 1930 ¹⁴³.

1241 1948 1266 1973 8.
1285 1949 1423 1980 Septimum
1442 1949 1467 1973 et
1479 1949 1610 1978 ultimum,
1631 1949 1695 1980 quod
1714 1956 1760 1974 nos
1777 1948 1849 1973 debet
1868 1956 2020 1980 compescere

1169 1993 1200 2017 ab
1225 1999 1308 2017 amore
1328 2000 1411 2017 rerum
1435 1992 1614 2021 mundialium,
1635 1992 1673 2017 est
1698 1992 1826 2017 oecultum
1850 1991 1946 2017 vulnus
1960 1999 2020 2022 pec-

1169 2036 1231 2067 eati,
1252 2035 1317 2067 quod
1335 2035 1400 2060 bona
1427 2035 1513 2060 mundi
1541 2035 1592 2060 suis
1618 2035 1771 2060 amatoribus
1796 2034 1923 2066 infligunt.
1951 2034 2020 2060 Diffi-

1169 2079 1214 2103 cile
1239 2079 1304 2103 enim
1323 2078 1375 2108 est,
1394 2078 1424 2103 ut
1451 2078 1517 2103 inter
1540 2078 1666 2103 vanitates
1691 2078 1783 2103 saeculi
1807 2078 1863 2109 quis
1890 2077 1987 2109 positus
2005 2085 2020 2103 a

1169 2122 1238 2146 vitiis
1256 2121 1357 2146 maneat
1383 2121 1510 2151 illibatus,
1536 2122 1663 2152 proximus
1685 2121 1794 2152 periculo
1813 2121 1854 2145 diu
1880 2120 1951 2145 tutus
1970 2128 2018 2146 non

1169 2165 1218 2189 eris
1232 2163 1261 2188 ¹⁴.

1240 2207 1264 2231 9.
1284 2207 1353 2231 Felix
1372 2207 1411 2232 est
1438 2214 1496 2238 ergo
1515 2207 1560 2231 illa
1585 2207 1680 2236 anima,
1704 2214 1766 2238 quae
1788 2207 1930 2232 huiusmodi
1959 2207 2020 2232 dele-

1169 2250 1321 2275 ctationibus
1344 2249 1496 2279 oblectatur,
1520 2249 1563 2274 ubi
1581 2249 1737 2281 turpitudine
1761 2250 1833 2274 nulla
1856 2249 2019 2281 inquinatur,

1170 2293 1213 2318 sed
1226 2293 1341 2318 veritatis
1355 2292 1488 2318 securitate
1507 2292 1643 2324 purgatur,
1657 2300 1732 2324 quam
1742 2292 1778 2317 ita
1790 2292 1898 2318 delectat
1910 2293 1950 2318 lex
1962 2293 2019 2324 Dei,

326 2472 334 2484 ¹
353 2473 419 2494 Deus.
436 2473 478 2499 32,
496 2472 533 2494 29.
545 2478 594 2500 seq.
609 2471 654 2494 Cir.
672 2472 795 2499 Speculum
815 2472 941 2499 peccatoris
960 2472 1027 2499 (inter
1043 2478 1113 2499 opera

264 2505 382 2532 August,);
400 2504 524 2529 Bernarsl.,
541 2503 610 2531 Epist.
628 2503 680 2524 292.
699 2509 720 2525 n.
743 2504 764 2525 2.
781 2506 803 2525 et
820 2504 893 2525 serm.
913 2504 933 2525 2.
952 2503 973 2525 111
997 2504 1061 2525 Festo
1079 2504 1113 2525 Ss.

265 2536 321 2557 Petri
340 2538 362 2557 et
381 2535 453 2562 Pauli,
470 2541 495 2557 n.
511 2535 533 2556 7.
551 2541 599 2563 seq.
616 2547 647 2550 —
665 2534 759 2556 lnserius
780 2537 831 2562 post
848 2534 1004 2564 intelligerent
1021 2537 1043 2556 ct
1058 2540 1114 2563 pro-

265 2567 436 2620 z‘s[li¹1}*n'{ss}'a=.
453 2572 507 2619 0111111
524 2566 560 2588 erl.
583 2567 587 2587 l
610 2566 674 2588 addit
691 2566 746 2588 tria.

396 2616 399 2619 .
438 2615 443 2624 ,
463 2615 474 2619 -
495 2615 499 2619 ,

327 2628 336 2641 ³
354 2629 414 2651 Libr.
433 2629 470 2651 Vl.
487 2629 587 2651 consess.
605 2635 624 2650 0.
647 2629 681 2650 11.
693 2635 715 2650 n.
732 2628 770 2650 19:
785 2628 881 2650 Pereunt
892 2629 981 2655 omnia,
998 2631 1020 2650 et
1037 2628 1113 2651 dimit-

264 2663 340 2683 tamus
358 2662 414 2682 liaec
432 2666 491 2682 vona
509 2663 531 2682 et
548 2660 636 2685 inania3
653 2661 798 2681 conseramus
815 2666 857 2682 nos
877 2660 905 2682 ad
923 2660 995 2682 solam
1019 2660 1113 2689 inquisi-

265 2692 349 2714 tionem
367 2692 477 2713 veritatis.
495 2692 544 2713 Vita
564 2692 620 2713 haec
638 2691 721 2713 misera
739 2694 784 2717 851,
802 2697 865 2713 mors
882 2691 974 2713 incerta.
993 2692 1015 2714 Si
1036 2691 1112 2714 subito

264 2723 374 2750 obrepat,
392 2723 511 2751 quomodo
530 2723 582 2744 111110
599 2722 726 2749 exibimus,
743 2725 765 2744 et
782 2722 822 2744 ubi
842 2722 909 2745 nobis
927 2723 1036 2745 discenda
1060 2725 1113 2745 sunt

264 2761 324 2783 quae
342 2755 378 2776 hic
396 2754 558 2781 negleximus?
576 2754 609 2775 An
623 2760 667 2776 non
687 2754 764 2781 potius
778 2754 846 2776 110105
858 2754 1010 2782 negligentiae
1027 2754 1113 2782 suppli-

265 2786 298 2807 cia
316 2786 399 2807 luenda
416 2786 485 2807 sunt?
502 2798 532 2801 —
549 2785 664 2812 Allegatur
683 2786 697 2807 l.
715 2785 774 2807 loan.
792 2786 819 2811 2,
842 2786 874 2807 15.

328 2815 337 2828 ⁴
355 2818 463 2844 August„
482 2816 518 2838 lV.
537 2816 638 2839 Consess.
656 2822 675 2838 c.
695 2817 730 2837 11.
748 2822 770 2837 n.
793 2817 825 2838 18.
844 2817 959 2844 Allegatur
974 2816 1022 2838 lsai.
1037 2816 1078 2844 46,
1091 2817 1111 2838 8.

265 2860 295 2864 -
313 2848 365 2876 Seq.
383 2848 495 2870 5801811ιί3
518 2850 552 2869 est
575 2848 631 2869 Petri
654 2848 753 2870 Blesens.
775 2847 800 2876 (†
823 2848 901 2876 1200),
924 2848 994 2875 Epist.
1018 2847 1069 2869 Ἰ134.
1090 2848 1112 2870 in

266 2879 323 2906 fine;
349 2881 422 2901 scrin.
441 2879 477 2901 49.
497 2879 519 2901 in
537 2879 596 2906 sine,
614 2880 688 2901 Serm.
708 2879 745 2901 56.
763 2879 822 2900 circa
845 2879 964 2906 111811111οη
983 2880 1056 2902 Serm.
1075 2879 1113 2900 62.

266 2913 318 2937 post
335 2910 446 2932 medium.

329 2940 338 2952 ⁵
355 2941 454 2963 Meditat.
471 2941 567 2968 piissim.
585 2941 614 2963 de
631 2941 762 2969 cognitione
779 2942 893 2963 humanae
911 2941 1046 2963 conditionis
1067 2941 1113 2967 (in-

266 2974 299 2993 ter
317 2978 385 2999 opera
405 2972 539 3000 Bernardi),
556 2978 575 2994 0.
589 2974 610 2994 2.
622 2979 645 2994 n.
658 2972 679 2994 5.
692 2976 714 2994 el
726 2973 747 2994 6.
761 2972 799 3000 (de
812 2972 889 2994 ultima
902 2975 967 3000 parte
978 2973 1032 2994 vide
1043 2972 1111 2994 etiam

268 3003 387 3027 Uernard..
405 3004 479 3025 Serm.
496 3004 533 3025 28.
550 3004 580 3025 (18
596 3003 708 3030 Diversis,
721 3010 744 3026 n.
755 3004 796 3032 6.).
810 3003 864 3026 ibid.
878 3009 896 3026 c.
911 3004 931 3025 3.
944 3010 965 3026 u.
979 3004 1001 3026 9.
1012 3006 1047 3026 est
1062 3009 1110 3032 seq.

265 3034 390 3060 sententio,
409 3034 431 3055 in
449 3040 494 3062 qua
512 3035 622 3062 allegatur
639 3034 678 3057 lob
696 3036 738 3062 21,
757 3035 793 3057 13,

1233 2469 1242 2482 ‘³
1260 2471 1330 2499 Epist.
1348 2471 1362 2493 l.
1381 2471 1439 2493 loun.
1458 2471 1484 2498 2,
1507 2470 1539 2492 15.
1553 2483 1582 2485 -
1595 2469 1698 2492 Subinde
1715 2470 1825 2498 allegatur
1843 2471 1901 2492 loun.
1921 2470 1963 2497 18,
1982 2470 2019 2493 36.

1233 2501 1241 2513 ἵ
1259 2503 1369 2530 August,
1388 2502 1458 2530 Epist.
1479 2502 1527 2524 130,
1547 2501 1610 2529 (alias
1631 2502 1689 2530 121.)
1707 2507 1727 2523 e.
1745 2502 1766 2523 2.
1783 2507 1807 2523 n.
1825 2501 1845 2523 3.

1233 2532 1242 2545 ⁶
1260 2533 1305 2556 Cir.
1322 2535 1430 2561 Gregon,
1449 2533 1476 2554 V.
1495 2533 1571 2555 Morul.
1590 2539 1608 2554 0.
1627 2533 1664 2554 38.
1688 2539 1709 2555 n.
1733 2533 1770 2554 69.
1796 2545 1823 2548 —
1847 2533 1959 2560 Superius
1976 2539 2018 2560 pro

1170 2564 1287 2588 mundum
1306 2565 1356 2587 Vat.
1375 2571 1428 2587 cum
1446 2564 1483 2586 ed.
1505 2565 1509 2585 l
1531 2563 1661 2587 saeculum.

1232 2597 1241 2610 ⁹
1259 2597 1299 2618 ler.
1319 2597 1345 2623 3,
1364 2596 1400 2618 10.
1420 2598 1442 2617 et
1458 2595 1542 2618 deinde
1559 2596 1584 2623 5,
1603 2596 1626 2617 8.

1234 2627 1252 2641 ¹⁰
1270 2628 1338 2655 Epist.
1357 2628 1371 2649 l.
1390 2628 1449 2649 loan.
1467 2628 1492 2654 2,
1514 2626 1547 2648 15.
1564 2639 1595 2642 -
1613 2626 1724 2654 Superius
1736 2628 1787 2653 post
1799 2625 1914 2648 terribilia
1932 2625 2017 2649 iudicia

1170 2659 1221 2681 Vat.
1238 2659 1322 2681 omittit
1339 2658 1395 2687 Dez,
1412 2658 1464 2681 cod.
1482 2658 1574 2680 inferius
1587 2657 1668 2680 utilius
1680 2657 1723 2680 illa
1734 2657 1783 2680 vita
1800 2663 1843 2685 pro
1860 2656 1942 2680 utilius
1958 2656 2018 2680 bona

1169 2690 1224 2713 ¹vila.

1232 2721 1250 2734 ¹¹
1269 2723 1378 2749 August,
1396 2721 1450 2743 Xlll.
1469 2721 1498 2743 de
1514 2719 1563 2743 Civ.
1582 2720 1633 2746 Dei,
1651 2726 1669 2742 c.
1696 2720 1732 2746 10,
1751 2719 1789 2742 11111
1804 2720 1879 2747 prima
1894 2720 2018 2742 sententiae

1169 2759 1223 2781 pars
1241 2752 1346 2775 liabetur.
1364 2752 1409 2774 Csr.
1427 2753 1501 2774 Scrm.
1526 2752 1574 2773 los.
1593 2751 1656 2779 (alias
1674 2752 1711 2773 39.
1725 2751 1755 2773 de
1773 2751 1855 2773 Verbis
1873 2750 1976 2779 Domini)
1995 2757 2015 2773 0.

1169 2785 1190 2806 3.
1208 2791 1234 2806 n.
1250 2785 1274 2806 3:
1296 2784 1372 2811 lpsum
1390 2786 1466 2805 autem
1485 2783 1523 2805 (1111
1542 2783 1622 2805 vivere
1639 2782 1693 2811 quid
1720 2785 1754 2804 est
1774 2782 1815 2804 nisi
1834 2782 1863 2804 ad
1881 2782 1951 2804 finem
1968 2788 2017 2805 cur—

1169 2816 1238 2838 rere?
1257 2816 1330 2838 Serm.
1349 2815 1387 2837 84,
1408 2815 1472 2843 (alias
1494 2815 1526 2836 17.
1545 2814 1574 2836 (18
1593 2814 1674 2836 Verbis
1691 2813 1796 2842 Domini)
1814 2820 1835 2835 n.
1854 2814 1883 2835 2:
1904 2813 1963 2841 Quid
1984 2816 2017 2836 est

1169 2850 1246 2869 autem
1264 2847 1303 2869 diu
1321 2846 1403 2868 vivere
1420 2846 1462 2868 nisi
1479 2846 1518 2868 diu
1537 2845 1655 2873 torqueri?
1672 2857 1703 2860 —
1720 2845 1772 2873 Seq.
1790 2845 1902 2867 sententia
1915 2848 1949 2867 est
1966 2845 2018 2867 Gre-

1169 2884 1232 2906 gor.,
1250 2878 1287 2900 Xl.
1305 2878 1383 2900 Moral.
1400 2883 1419 2899 c.
1438 2877 1475 2899 49.
1492 2883 1514 2899 n.
1532 2877 1569 2898 66.

1234 2908 1251 2923 ¹²
1268 2909 1352 2931 Psalm.
1370 2908 1394 2935 4,
1413 2909 1438 2936 3,
1456 2910 1508 2936 post
1524 2914 1595 2936 quem
1613 2908 1627 2929 1.
1645 2908 1704 2929 loan.
1723 2908 1749 2934 2,
1766 2907 1799 2929 15.
1814 2907 1923 2935 August„
1942 2907 2015 2929 Serm.

1174 2940 1207 2962 19.
1226 2940 1289 2968 (alias
1307 2940 1328 2962 11.
1346 2946 1373 2961 ex
1391 2939 1515 2968 Sirmond.)
1528 2945 1550 2960 n.
1569 2938 1590 2960 5.
1608 2939 1631 2960 in
1650 2938 1706 2960 fine:
1719 2938 1799 2965 Avari,
1817 2938 1873 2967 quid
1890 2937 1958 2960 vobis
1974 2938 2018 2960 suf-

1170 2972 1229 2998 ficit,
1246 2972 1265 2994 51
1284 2972 1344 2993 Deus
1360 2971 1410 2998 ipse
1427 2977 1472 2993 non
1490 2970 1557 2992 vobis
1574 2970 1673 2992 sufficit?

1233 3001 1252 3014 ¹³
1269 3003 1324 3024 Luc.
1337 3002 1378 3029 23,
1392 3002 1428 3024 43.
1441 3014 1470 3018 —
1484 3002 1525 3024 Pro
1538 3000 1627 3024 (lictum
1638 3002 1672 3024 est
1683 3001 1736 3023 cod.
1751 3003 1773 3023 et
1784 3001 1820 3023 ed.
1837 3001 1841 3022 l
1858 2999 1946 3023 <lictum
1957 3001 2015 3022 erat.

1233 3033 1252 3046 ¹4
1270 3033 1337 3056 Eccli.
1355 3033 1376 3061 3,
1394 3033 1436 3055 27:
1454 3033 1498 3061 Qui
1515 3035 1577 3055 amat
1593 3032 1722 3060 periculum
1740 3032 1762 3054 in
1780 3032 1815 3054 illo
1833 3031 1924 3060 peribit.

2033 824 2059 844 De
2071 828 2124 846 sexto.

2037 1948 2065 1967 De
2077 1950 2111 1972 sep!
2119 1935 2132 1968 1.

2118 1984 2119 1996 l
