2133 3317
430 214 627 243 OPUSCULUM
648 213 736 242 xxm.
758 213 906 242 LEGENDA
929 214 1043 243 SANCTI
1064 215 1238 244 FRANClSCl.
1261 216 1423 245 MlRACULA
1445 217 1462 251 ἓ
1484 216 1513 244 tl.

100 293 248 322 valentium
284 300 396 321 suavem
428 295 600 325 contactum,
630 291 747 328 expulsa
779 291 941 328 putredine,

98 339 225 369 restituta
245 347 329 368 carne
349 343 376 368 et
397 338 560 367 vulneribus
581 338 717 372 solidatis,
740 338 886 367 restitutus
900 340 942 367 est

98 387 203 423 integre
231 386 362 422 pristinae
393 385 525 422 sospitati.
557 385 617 421 Quo
639 385 722 418 sacto,
744 385 841 413 beatus
860 385 941 413 Pater

97 432 235 462 abscessit.
259 432 290 460 Et
310 432 368 468 ipse
389 432 509 460 sentiens
530 439 558 460 se
579 435 704 460 sanatum
735 434 762 460 et
792 431 820 459 in
847 439 940 460 vocem

97 478 205 508 divinae
227 478 315 507 laudis
335 481 364 507 et
384 478 455 507 beati
477 478 611 506 Francisci
635 478 768 506 laetanter
782 485 940 514 erumpens,

97 525 204 555 vocavit
225 533 352 554 uxorem.
374 526 406 553 At
426 525 471 553 illa
492 524 611 554 celerius
625 532 742 553 currens
756 527 784 553 et
798 527 871 552 stare
886 524 939 552 iam

97 572 191 601 videns
212 580 294 609 quem
317 572 503 608 sepeliendum
526 571 655 600 credebat
676 571 703 599 in
724 571 854 605 crastino,
877 578 940 599 cum

96 622 167 648 esset
188 622 301 656 stupore
315 619 493 647 vehementer
504 619 514 635 ¹
531 619 691 655 perterrita,
707 618 833 646 viciniam
855 620 939 646 totam

96 666 216 694 clamore
237 665 393 702 complevit.
415 665 598 694 Accurrentes
628 667 720 693 autem
743 664 801 698 sui,
824 671 886 692 cum
909 663 939 691 il-

96 713 153 741 lum
175 712 332 741 niterentur
353 715 483 749 tanquam
506 711 698 748 phreneticum
721 711 748 739 in
770 710 840 739 lecto
861 718 940 747 repo—

96 766 178 793 nere,
199 762 226 788 et
247 759 292 787 ille
313 762 425 787 econtra
447 759 568 787 renitens
588 760 724 787 assereret
738 760 766 786 et
783 757 941 786 ostenderet

96 814 125 835 se
145 809 285 840 sanatum;
315 808 390 834 tanto
420 809 485 834 sunt
513 808 627 841 stupore
657 804 782 838 attoniti,
808 807 840 833 ut
861 804 939 841 quasi

96 853 153 882 sine
175 856 265 881 mente
286 860 382 881 omnes
402 852 507 886 effecti,
529 852 732 888 phantasticum
764 859 824 879 esse
846 850 940 880 crede-

96 903 158 928 rent
179 899 253 936 quod
274 899 419 932 videbant,
441 899 505 936 quia
527 906 610 935 quem
639 898 721 935 paulo
742 901 805 926 ante
826 905 940 934 conspe-

97 950 196 975 xerant
224 946 311 983 plagis
337 946 516 974 atrocissimis
545 945 677 973 laniatum
709 948 736 974 et
765 947 852 973 totum
885 945 939 973 iam

95 993 248 1022 marcidum
276 993 357 1029 plena
383 992 533 1021 cernebant
563 991 750 1020 incolumitate
775 991 938 1020 iucundum.

96 1039 132 1068 Ad
153 1047 223 1076 quos
254 1039 299 1068 ille
333 1039 380 1076 qui
409 1039 499 1067 factus
526 1038 617 1067 fuerat
645 1046 744 1067 sanus:
770 1038 885 1066 «Nolite
906 1037 940 1066 ti-

96 1094 187 1120 mere,
209 1086 314 1123 inquit,
347 1085 430 1114 nolite
457 1085 571 1114 credere
599 1085 679 1114 inane
707 1085 779 1122 quod
812 1084 939 1118 cernitis,

96 1133 161 1171 quia
182 1136 293 1162 sanctus
314 1133 475 1161 Franciscus
496 1132 577 1160 modo
602 1140 618 1160 a
646 1132 704 1160 loco
727 1132 840 1160 recessit
859 1135 887 1159 et
908 1131 939 1159 il—

95 1180 185 1209 larum
207 1187 351 1208 sacrarum
373 1187 505 1208 manuum
528 1182 603 1207 tactu
625 1187 669 1208 me
690 1179 797 1215 integre
811 1179 845 1207 ab
864 1178 938 1206 omni

96 1227 174 1264 plaga
195 1227 304 1255 curavit
318 1237 344 1253 ».
366 1226 563 1255 Crebresceute
578 1225 688 1254 tandem
704 1226 789 1254 liuius
803 1225 875 1253 fama
888 1225 940 1253 mi-

94 1274 197 1308 raculi,
219 1273 354 1302 accelerat
375 1273 495 1310 populus
515 1273 606 1301 omnis
633 1276 660 1301 et
691 1272 814 1301 videntes
835 1272 862 1300 in
884 1275 939 1300 tam

95 1324 190 1358 aperto
212 1320 336 1357 prodigio
358 1319 517 1356 stigmatum
540 1319 610 1348 beati
633 1319 767 1347 Francisci
790 1318 938 1352 virtutem,

95 1367 276 1396 admiratione
296 1367 378 1395 simul
400 1369 428 1395 et
448 1366 548 1403 gaudio
570 1365 749 1402 replebantur
781 1365 939 1402 Christique

95 1414 255 1452 signiferum
278 1414 384 1450 magnis
405 1413 518 1441 laudum
540 1412 693 1449 praeconiis
707 1412 884 1441 extollebant.
902 1428 937 1432 —

76 1461 181 1498 ·Digne
202 1461 313 1498 quidem
335 1460 433 1489 beatus
454 1460 548 1493 Pater,
570 1467 654 1488 carne
675 1459 727 1487 iam
756 1462 885 1487 mortuus
912 1462 939 1487 et

93 1508 188 1537 vivens
209 1515 272 1536 cum
293 1507 416 1541 Christo,
438 1506 609 1543 praesentiae
630 1513 696 1535 suae
717 1505 872 1534 ostensione
887 1505 938 1533 mi-

94 1555 173 1584 rabili
194 1557 222 1583 et
242 1562 375 1583 manuum
397 1561 539 1582 sacrarum
562 1552 717 1590 palpatione
742 1552 819 1581 suavi
842 1552 939 1581 vulne—

96 1604 156 1630 rato
184 1601 302 1630 letaliter
329 1601 390 1629 viro
417 1600 561 1629 sanitatem
590 1600 740 1634 concessit,
772 1607 835 1628 cum
864 1599 939 1628 illius

93 1649 122 1677 in
143 1656 172 1677 se
192 1648 319 1685 stigmata
340 1647 451 1681 tulerit,
466 1647 528 1684 qui,
543 1646 759 1676 misericorditer
777 1646 898 1675 moriens
912 1649 939 1675 et

95 1695 258 1724 mirabiliter
279 1702 413 1731 surgens,
436 1694 612 1723 vulneratum
634 1701 722 1730 genus
744 1693 896 1722 humanum
912 1695 938 1722 et

93 1742 265 1772 semivivum
286 1741 419 1770 relictum
441 1742 584 1778 plagarum
616 1748 731 1769 suarum
763 1740 867 1769 virtute
895 1748 938 1769 sa-

94 1789 170 1818 navit
181 1789 201 1817 ².

173 1837 198 1864 6.
220 1835 296 1873 Apud
319 1835 486 1869 Potentiam,
506 1834 617 1872 Apuliae
632 1834 787 1868 civitatem,
803 1836 863 1863 erat
877 1833 939 1871 qui-

23 1885 28 1890 “
73 1895 80 1900 ·
94 1883 156 1912 dam
188 1883 306 1912 clericus
336 1881 482 1919 Rogerus³
510 1881 636 1915 nomine,
658 1881 701 1909 vir
722 1881 891 1909 honorabilis
911 1884 938 1909 et

73 1918 224 1959 :ecclesiae
255 1929 367 1958 maioris
398 1928 554 1957 canonicus.
587 1928 648 1962 Hic,
680 1935 743 1957 cum
780 1927 938 1956 infirmitate

95 1979 257 2014 quassatus,
278 1976 322 2005 die
343 1975 462 2013 quadam
483 1975 625 2004 ecclesiam
646 1978 779 2003 oraturus
793 1974 937 2009 intrasset,

94 2024 123 2053 iu
144 2032 199 2061 qua
220 2026 280 2052 erat
300 2023 390 2060 imago
411 2022 481 2051 beati
504 2022 638 2051 Francisci
667 2021 790 2058 depicta,
819 2022 938 2058 gloriosa

94 2071 221 2108 stigmata
242 2073 468 2107 repraesentans,
489 2069 579 2106 coepit
606 2069 640 2097 de
668 2069 742 2097 illius
770 2068 938 2098 sublimitate

94 2117 220 2146 miraculi
243 2120 374 2154 tanquam
395 2116 429 2145 de
450 2124 481 2145 re
501 2116 613 2144 omnino
635 2116 743 2144 insolita
764 2119 791 2144 et
812 2115 937 2153 impossi-

94 2164 140 2193 bili
161 2164 298 2193 dubitare.
321 2163 417 2192 Subito
437 2163 532 2200 igitur,
551 2163 617 2191 dum
633 2165 724 2191 mente
739 2163 880 2200 plagatus,
896 2163 937 2191 in-

93 2211 180 2241 terius
201 2211 331 2248 cogitaret
353 2210 459 2244 inania,
481 2210 508 2238 in
524 2210 615 2247 palma
630 2209 756 2238 sinistrae
771 2217 870 2238 manus
885 2209 937 2238 sub

94 2257 253 2287 chirotheca
273 2257 395 2294 graviter
416 2265 445 2286 se
466 2257 551 2285 sensit
571 2263 631 2285 esse
655 2264 835 2293 percussum,
864 2256 937 2285 soni-

93 2307 152 2334 tum
173 2304 288 2334 audiens
309 2311 509 2341 percussurae,
531 2303 615 2331 veluti
638 2311 700 2331 cum
720 2303 857 2340 spiculum
873 2311 937 2340 pro-

94 2351 148 2380 silit
168 2351 202 2381 de
223 2351 336 2385 balista,
357 2358 489 2387 moxque,
505 2353 559 2378 tam
575 2350 690 2378 vulnere
705 2350 839 2378 saucius⁴
853 2358 936 2387 quam

94 2398 185 2427 sonitu
206 2398 392 2435 stupefactus,
413 2397 601 2426 chirothecam
622 2396 655 2425 de
676 2404 760 2425 manu
782 2390 884 2430 traxit]
906 2399 938 2425 ut

93 2444 155 2473 visu
175 2444 363 2481 dignosceret,
384 2444 458 2481 quod
480 2446 554 2472 tactu
583 2445 745 2480 perceperat
770 2446 799 2471 et
830 2442 936 2471 auditu.

94 2490 218 2528 Cumque
240 2491 316 2520 nulla
336 2491 433 2520 fuisset
455 2491 533 2528 prius
553 2490 581 2519 in
597 2490 686 2527 palma
700 2489 857 2526 percussio,
873 2497 937 2518 con-

95 2538 186 2574 spexit
206 2538 233 2566 in
255 2538 345 2567 medio
365 2545 463 2566 manus
484 2537 591 2574 plagam
619 2537 697 2574 quasi
730 2536 843 2573 sagittae
874 2544 937 2573 per-

95 2584 219 2614 cussione
240 2585 388 2619 inflictam,
409 2592 447 2613 ex
468 2592 523 2621 qua
544 2586 620 2612 tanta
640 2583 681 2612 vis
702 2583 868 2620 procedebat
892 2591 937 2612 ar-

94 2630 182 2666 doris,
205 2634 236 2660 ut
257 2631 399 2660 videretur
420 2639 455 2660 ex
478 2631 524 2659 illo
545 2630 671 2659 deficere.
693 2630 815 2659 Mirabile
843 2629 934 2658 dictu!

1787 217 1838 245 551

998 292 1109 320 Nullum
1132 292 1157 320 in
1180 292 1340 322 chirotheca
1361 294 1506 331 vestigium
1520 294 1686 331 apparebat,
1702 298 1733 323 ut
1747 294 1842 322 latenti

998 339 1094 375 plagae
1115 339 1206 367 cordis
1228 340 1344 368 latenter
1365 340 1459 369 inssicti
1483 349 1570 377 poena
1590 341 1714 369 vulneris
1729 349 1842 378 respon-

997 385 1083 413 deret.
1106 385 1209 414 Clamat
1230 386 1331 415 exinde
1353 395 1402 423 per
1422 387 1492 416 duos
1512 388 1570 416 dies
1591 391 1618 416 et
1639 388 1729 424 rugit,
1748 388 1842 417 dolore

997 431 1160 468 gravissimo
1181 432 1356 466 stimulatus,
1377 437 1404 461 et
1436 434 1569 462 increduli
1599 434 1689 462 cordis
1717 434 1841 463 velamen

998 477 1119 514 explicat
1133 478 1279 507 universis.
1295 479 1413 508 Credere
1428 487 1457 508 se
1471 480 1607 509 veraciter
1622 488 1700 509 sacra
1715 481 1841 517 stigmata

998 524 1024 552 in
1046 527 1141 553 sancto
1162 525 1246 553 fuisse
1265 526 1408 554 Francisco
1423 526 1525 554 fatetur
1539 530 1566 555 et
1581 527 1670 561 iurat,
1686 530 1842 556 contestans

997 571 1088 599 omnis
1109 571 1287 600 dubitationis
1301 572 1465 601 abscessisse
1480 573 1679 609 phantasmata.
1695 574 1762 602 Orat
1777 582 1842 611 sup-

997 618 1105 654 pliciter
1127 619 1256 647 Sanctum
1278 619 1325 647 Dei
1348 627 1398 656 per
1419 627 1497 648 sacra
1518 620 1568 648 sibi
1591 621 1717 657 stigmata
1742 621 1842 650 subve-

997 664 1057 692 nire
1078 668 1105 693 et
1126 665 1228 693 multas
1248 665 1339 694 cordis
1361 673 1456 702 preces
1481 667 1569 695 multo
1596 667 1750 704 impinguat
1779 675 1842 704 pro-

997 710 1082 739 fluvio
1103 711 1298 747 lacrymarum.
1320 712 1420 740 Mirum
1441 715 1531 741 certe!
1559 713 1750 742 lncredulitate
1780 722 1842 750 pro-

996 758 1081 792 iecta,
1103 758 1271 786 sanationem
1293 759 1393 787 mentis
1414 759 1518 787 sanatio
1539 760 1666 796 sequitur
1681 761 1840 797 corporalis.

996 804 1093 833 Omnis
1113 805 1230 841 quiescit
1250 805 1337 839 dolor,
1359 805 1480 842 frigescit
1501 806 1593 840 ardor,
1616 807 1723 835 nullum
1753 815 1841 835 rema—

997 854 1044 880 net
1068 851 1213 888 vestigium
1237 860 1436 888 percussurae,
1459 852 1553 889 sicque
1567 853 1670 881 sactum
1685 857 1742 887 est,
1758 857 1788 882 ut
1804 854 1841 882 la-

997 901 1057 927 tens
1078 899 1177 927 mentis
1198 899 1344 927 infirmitas
1365 907 1414 935 per
1442 902 1538 936 patens
1565 900 1656 928 carnis
1687 901 1841 929 cauterium

997 953 1119 982 superna
1140 945 1301 982 providente
1329 946 1473 975 clementia
1501 950 1662 981 curaretur,
1694 950 1841 984 menteque

997 995 1106 1026 sanata,
1128 995 1155 1020 et
1176 992 1235 1029 ipsa
1255 1000 1320 1021 caro
1341 993 1445 1029 pariter
1467 996 1621 1021 sanaretur.
1637 993 1677 1022 Fit
1691 994 1773 1022 homo
1789 994 1841 1022 hu—

997 1039 1086 1074 milis,
1108 1039 1163 1068 Deo
1183 1039 1315 1073 devotus,
1338 1040 1436 1069 Sancto
1457 1043 1483 1069 et
1505 1041 1632 1069 Fratrum
1661 1040 1755 1069 Ordini
1779 1048 1842 1077 per-

997 1088 1081 1122 petua
1101 1086 1286 1115 familiaritate
1308 1087 1457 1116 subiectus.
1481 1087 1566 1116 Huius
1587 1087 1626 1116 rei
1649 1091 1704 1116 tam
1720 1088 1841 1116 solemne

997 1132 1164 1161 miraculum
1187 1133 1350 1161 iuramentis
1371 1134 1511 1162 firmatum
1527 1134 1592 1168 fuit,
1607 1137 1634 1162 et
1649 1134 1747 1162 litteris
1761 1133 1841 1170 sigilli

997 1179 1116 1216 episcopi
1139 1180 1290 1208 munimine
1312 1180 1449 1209 roboratis
1471 1181 1558 1217 ipsius
1572 1181 1605 1209 ad
1620 1189 1670 1209 nos
1685 1181 1781 1209 notitia
1795 1181 1841 1209 de-

998 1226 1051 1254 lata
1072 1226 1206 1263 pervenit.
1229 1243 1265 1246 —
1287 1227 1325 1255 De
1346 1227 1432 1255 sacris
1452 1235 1518 1264 ergo
1533 1227 1707 1264 stigmatibus
1722 1228 1789 1256 nulli
1806 1227 1841 1256 sit

996 1273 1167 1310 ambiguitati
1190 1274 1281 1308 locus,
1303 1274 1408 1302 nullius
1429 1275 1455 1302 in
1479 1275 1546 1308 hoc,
1568 1275 1633 1311 quia
1655 1275 1728 1303 Deus
1750 1274 1841 1302 bouus

996 1323 1051 1355 est,
1073 1329 1197 1359 nequam
1220 1321 1258 1349 sit
1278 1321 1411 1355 oculns⁵‚
1434 1322 1511 1358 quasi
1534 1322 1692 1350 huiusmodi
1709 1321 1771 1350 doni
1788 1322 1841 1350 lar-

995 1367 1062 1404 gitio
1084 1367 1267 1404 sempiternae
1288 1368 1402 1396 bonitati
1425 1376 1478 1396 non
1501 1371 1643 1405 congruat.
1667 1369 1691 1397 Si
1708 1368 1780 1397 enim
1796 1368 1841 1396 illo

996 1421 1089 1442 amore
1110 1414 1255 1450 seraphico
1276 1415 1363 1443 multa
1395 1415 1519 1443 membra
1547 1415 1627 1451 capiti
1661 1415 1842 1443 cohaererent

996 1460 1120 1494 Christo,
1143 1463 1174 1489 ut
1195 1464 1222 1489 et
1243 1461 1270 1489 in
1293 1461 1364 1489 bello
1385 1461 1465 1489 simili
1488 1464 1631 1489 armatura
1650 1461 1841 1489 invenirentur

996 1507 1130 1544 condigna
1151 1510 1178 1536 et
1199 1507 1225 1535 in
1248 1516 1333 1544 regno
1354 1508 1387 1536 ad
1410 1508 1526 1536 similem
1541 1508 1631 1537 forent
1645 1508 1759 1545 gloriam
1776 1508 1841 1536 sub—

995 1553 1135 1588 vehenda,
1157 1554 1251 1583 nullus
1272 1555 1323 1583 hoc
1343 1562 1425 1583 sanae
1440 1555 1538 1583 mentis
1553 1555 1603 1583 nisi
1619 1555 1652 1583 ad
1668 1555 1767 1583 Christi
1784 1555 1841 1591 glo-

995 1601 1064 1630 riam
1086 1601 1191 1630 diceret
1212 1601 1359 1638 pertinere.

1179 1696 1196 1730 §
1219 1694 1247 1722 ll.
1271 1695 1311 1723 De
1331 1695 1456 1723 mortuis
1477 1695 1627 1724 suscitatis
1639 1696 1658 1723 ⁶.

1076 1789 1099 1815 l.
1123 1788 1150 1816 ln
1177 1791 1269 1817 castro
1290 1789 1390 1817 montis
1411 1789 1512 1817 lilarani
1539 1797 1624 1826 prope
1653 1789 1839 1818 Beneventum

994 1834 1096 1863 mulier
1117 1835 1252 1872 quaedam
1275 1839 1369 1864 sancto
1390 1836 1533 1864 Francisco
1548 1836 1681 1872 peculiari
1695 1836 1840 1865 devotione

996 1882 1147 1911 cohaerens
1169 1882 1239 1910 viam
1262 1882 1408 1911 universae
1432 1883 1523 1911 carnis
1538 1883 1658 1911 intravit.
1676 1883 1841 1911 Convenien-

998 1928 1072 1957 tibus
1093 1932 1186 1957 autem
1206 1929 1313 1958 clericis
1334 1932 1413 1958 nocte
1434 1930 1466 1958 ad
1498 1930 1646 1967 exsequias
1676 1933 1704 1958 et
1734 1929 1840 1967 vigilias

995 1983 1059 2004 cum
1083 1976 1221 2005 Psalteriis
1241 1976 1439 2011 decantandas,
1462 1977 1569 2011 subito,
1591 1977 1697 2006 cunctis
1725 1984 1840 2006 cernen—

995 2023 1086 2057 tibus,
1108 2023 1199 2051 erexit
1219 2031 1248 2052 se
1280 2023 1380 2052 mulier
1401 2031 1486 2060 super
1518 2024 1618 2052 lectum
1641 2026 1667 2052 et
1697 2032 1784 2052 unum
1807 2023 1839 2052 de

997 2070 1151 2099 astantibus
1171 2070 1357 2105 sacerdotem,
1380 2071 1520 2107 patrinum
1541 2070 1667 2099 videlicet
1681 2079 1777 2105 suum,
1793 2078 1839 2099 vo-

995 2117 1090 2146 cavit⁷
1111 2117 1220 2146 dicens:
1247 2128 1261 2141 «τ
1275 2117 1342 2145 Volo
1373 2117 1514 2151 confiteri,
1536 2121 1630 2154 pater;
1652 2117 1715 2146 audi
1744 2125 1839 2154 pecca—

994 2166 1054 2192 tum
1075 2172 1176 2192 meum.
1199 2164 1253 2200 Ego
1280 2164 1353 2193 enim
1384 2167 1495 2193 mortua
1525 2164 1596 2193 duro
1626 2172 1702 2193 eram
1734 2164 1838 2193 carceri

996 2211 1192 2248 mancipanda,
1213 2211 1343 2247 quoniam
1365 2214 1524 2248 peccatum,
1546 2211 1619 2248 quod
1641 2211 1689 2240 tibi
1704 2211 1838 2248 pandam,

996 2258 1113 2286 necdum
1135 2257 1259 2286 confessa
1279 2257 1395 2286 fueram.
1417 2257 1468 2286 Sed
1483 2261 1594 2292 orante,
1609 2258 1714 2295 inquit,
1730 2266 1780 2295 pro
1795 2266 1838 2287 me

995 2307 1089 2333 sancto
1110 2304 1269 2338 Francisc0‚
1291 2304 1351 2339 cui,
1373 2304 1439 2333 dum
1462 2305 1600 2339 viverem,
1621 2305 1719 2333 devota
1747 2307 1838 2333 mente

994 2351 1113 2385 servivi,
1135 2351 1226 2380 redire
1247 2359 1321 2380 nunc
1341 2351 1375 2380 ad
1396 2359 1498 2388 corpus
1520 2351 1657 2380 indultum
1685 2355 1726 2380 est
1753 2352 1836 2386 mihi,

993 2400 1041 2432 ut,
1063 2397 1110 2426 illo
1131 2398 1252 2426 revelato
1271 2401 1398 2434 peccato,
1413 2398 1608 2434 sempiternam
1623 2406 1783 2435 promerear
1798 2398 1837 2426 vi-

994 2447 1061 2472 tam.
1084 2444 1116 2472 Et
1136 2451 1215 2478 ecce,
1237 2444 1315 2473 vobis
1336 2444 1508 2479 videntibus,
1530 2447 1675 2481 postquam
1703 2445 1771 2474 illud
1790 2445 1836 2474 de-

994 2492 1107 2525 texem,
1128 2490 1162 2519 ad
1176 2491 1339 2527 promissam
1355 2491 1479 2528 requiem
1495 2491 1650 2528 properabo
1663 2503 1690 2519 ».
1706 2492 1836 2520 Tremen—

994 2540 1036 2565 ter
1058 2544 1124 2573 ergo
1146 2537 1280 2566 sacerdoti
1302 2537 1430 2566 trementi
1452 2537 1590 2572 consessa,
1612 2541 1673 2575 post
1687 2538 1835 2567 absolutio-

992 2591 1055 2612 nem
1078 2586 1216 2620 receptam
1239 2583 1331 2620 quiete
1346 2591 1374 2612 se
1389 2583 1417 2612 in
1431 2583 1501 2612 lecto
1515 2584 1624 2621 collegit
1637 2586 1664 2613 et
1678 2584 1705 2612 in
1720 2584 1835 2613 Domino

991 2629 1107 2658 feliciter
1128 2630 1301 2659 obdormivit.

155 2847 162 2860 ¹
182 2848 236 2870 rzdd.
254 2853 306 2871 cum
325 2849 384 2871 esset
399 2849 496 2877 stupere
514 2847 648 2870 sollempnes.

154 2885 163 2899 ²
181 2887 308 2915 Respa-inn-
331 2887 439 2915 parabola
463 2887 492 2909 de
515 2887 657 2909 Samaritano
680 2887 732 2908 Luc.
754 2887 792 2912 10,
811 2887 848 2907 30.
866 2892 931 2915 seqq.

94 2937 124 2941 —-
140 2926 250 2954 Superius
267 2929 317 2954 post
334 2932 388 2949 cutm
406 2926 470 2948 illius
487 2926 540 2947 cdd.
558 2926 645 2947 addunt
662 2925 740 2947 emim.

155 2963 164 2977 ³
181 2965 232 2987 Vnt.
249 2972 301 2988 cuni
320 2966 356 2988 cd.
375 2966 382 2987 l
406 2964 526 2994 lloslrm'us.

155 3003 164 3016 '¹
182 3005 238 3027 Edd.
255 3004 384 3028 sauciatus.

1052 2845 1062 2858 ⁵
1079 2847 1155 2869 Manli.
1173 2847 1213 2874 20,
1236 2847 1272 2868 155:
1291 2848 1323 2869 An
1342 2848 1421 2869 ocnlns
1438 2850 1490 2869 tuns
1516 2854 1615 2876 nequam
1641 2852 1687 2874 cst,
1713 2848 1765 2876 quia
1788 2854 1832 2876 ego

991 2885 1066 2908 bonus
1083 2888 1152 2908 suni?
1169 2898 1199 2902 —
1217 2886 1328 2914 Superius
1345 2893 1386 2914 pro
1404 2886 1465 2908 nulli
1481 2886 1511 2909 sit
1527 2887 1580 2909 cdd.
1597 2886 1680 2909 vultus
1696 2887 1734 2910 sit.

1052 2924 1061 2936 ⁴³
1079 2925 1181 2947 Nonnulli
1200 2925 1279 2951 codd„
1298 2928 1321 2947 nt
1340 2926 1417 2951 DHF,
1436 2927 1493 2947 lianc
1509 2925 1624 2947 rubricam
1638 2926 1756 2954 ominium
1770 2926 1830 2949 idem

989 2965 1087 2987 occurrit
1106 2964 1127 2986 in
1145 2970 1210 2993 seqq.

1051 3001 1059 3014 ⁷
1078 3003 1132 3025 Edit.
1152 3003 1286 3030 mli-ocavit,
1299 3010 1358 3032 quac
1370 3007 1391 3026 et
1407 3004 1514 3026 omittunt
1530 3003 1589 3026 nucis
1601 3005 1724 3033 permitam
1742 3010 1829 3027 inmun.

1862 1089 1974 1107 Notandum.

1859 1229 1952 1252 Epilogus

1861 1792 1971 1819 miraculum

1871 1821 1958 1840 primum.
