2133 3317
17 578 106 599 naitanus.

7 995 103 1021 agustinus.

0 1229 105 1252 tammus.

593 212 789 241 OPUSCULUM
810 213 851 240 xl.
874 212 1034 241 APOLOGIA
1054 212 1236 241 PAUPERUM.
1257 212 1325 240 CAP.
1348 211 1387 239 111.

120 299 218 328 magna
238 293 265 319 et
295 290 408 327 pulcra,
437 289 576 318 difficilius
603 289 745 317 continere
772 289 799 317 in
825 289 964 318 consortio

119 337 292 367 feminarum.
315 336 347 364 Et
368 336 435 364 haec
449 335 597 364 difficultas
618 343 667 372 per
688 335 814 363 accidens
842 338 869 363 et
895 335 965 363 indi-

119 386 194 413 recte
223 385 305 419 auget
336 382 483 418 aliquando
510 381 658 415 meritum,
686 389 750 409 cum
779 381 869 409 virtus
893 381 965 410 inter

120 431 187 459 haec
206 429 300 457 illaesa
321 428 491 465 triumpliat;
513 427 560 456 sed
581 427 685 456 directe
705 431 732 456 61
760 430 896 464 quantum
924 431 965 456 est

119 476 153 504 de
173 482 217 509 se,
238 474 325 511 magis
345 478 386 503 est
407 474 451 503 via
470 474 504 502 ad
525 474 653 507 ruinam,
685 476 712 502 et
738 473 799 502 ideo
826 473 963 510 fugienda.

121 522 195 552 Unde
215 529 300 558 super
320 521 388 550 illud
410 521 537 550 Matthaei
555 521 577 548 ¹:
600 521 683 549 Dices
704 520 819 558 difficile
844 520 965 548 intrabit

122 569 153 598 iu
179 577 303 605 reynum
330 567 495 602 caelorum,
524 567 590 596 dicit
617 568 760 596 Rabanus:
788 567 889 600 «Non,
910 567 964 600 ait,

120 614 296 651 impossibile,
311 614 358 642 sed
373 613 497 652 difficile,
514 614 565 642 1106
580 616 621 642 651
635 614 749 642 maximi
766 613 876 647 laboris,
891 620 963 647 esse,

119 661 250 699 pecunias
270 661 403 690 habentes
423 663 450 689 et
471 661 499 689 in
521 661 644 697 pecuniis
665 660 849 694 confidentes,
870 659 964 688 exutis

119 707 305 745 philargyriae
336 707 511 741 retinaculis,
543 707 634 736 aulam
662 707 740 744 regni
771 707 895 735 caelestis
923 706 964 734 in-

119 758 193 783 trare
208 766 234 782 ».
257 754 310 783 Ν66
332 757 421 783 tamen
444 762 479 783 ex
501 754 553 782 hoc
575 753 670 782 inferri
692 756 795 790 potest,
824 753 899 790 quod
923 753 963 781 di-

117 801 187 830 vites
217 801 272 830 sint
303 801 473 838 pauperibus
505 801 701 837 perfectiores,
733 808 796 829 cum
829 800 963 829 Dominus

118 847 282 876 adolescenti
303 847 378 876 diviti
401 847 545 876 consilium
561 847 682 881 dederit,
698 850 729 875 ut
745 855 850 883 pauper
869 847 963 880 fieret,

119 894 141 923 si
162 894 244 923 vellet
265 902 325 923 esse
345 894 485 931 perfectus
499 894 519 921 2.
543 894 659 930 Expedit
674 894 757 930 igitur
772 894 805 922 ad
820 893 964 930 perfectio-

119 948 181 969 nem
204 941 315 969 virtutis
336 943 363 969 et
389 941 477 969 meriti
507 940 696 969 difficultatem
723 940 880 969 huiusmodi
909 948 964 968 non

119 987 259 1024 amplecti,
274 987 321 1016 sed
335 987 439 1024 fugere.
455 1004 492 1008 ——
507 987 582 1016 Unde
596 990 623 1015 et
637 987 805 1023 Augustinus
819 987 852 1015 de
867 987 964 1023 Singu-

118 1033 226 1062 laritate
246 1033 449 1062 clericorum3:
476 1045 488 1058 «
505 1034 621 1062 Lubrica
642 1042 704 1070 spes
725 1037 781 1067 est,
803 1041 874 1070 quae
892 1033 964 1062 inter

117 1079 237 1108 fomenta
258 1079 360 1116 peccati
376 1080 482 1108 salvare
504 1087 532 1108 se
552 1083 658 1116 sperat;
675 1080 779 1108 incerta
794 1079 908 1108 victoria
923 1079 963 1107 in-

118 1129 161 1155 ter
183 1126 291 1154 hostilia
311 1134 388 1154 arma
408 1134 548 1163 pugnare,
576 1129 603 1155 et
630 1126 806 1163 impossibilis
836 1125 962 1154 liberatio

118 1172 236 1201 flammis
250 1172 415 1201 circumdari
431 1180 481 1201 nec
495 1173 592 1201 ardere
607 1184 633 1200 n.
650 1173 718 1201 Haec
734 1172 910 1209 Augustinus.
928 1189 962 1192 —

119 1219 169 1248 Cui
190 1223 217 1248 et
237 1223 368 1248 consonat
383 1219 564 1256 Hieronymus
579 1222 675 1248 contra
690 1219 866 1256 Vigilantium
879 1220 899 1253 4,
915 1219 962 1256 qui

119 1268 221 1294 statum
242 1266 412 1294 saecularem
433 1266 516 1294 statui
538 1266 677 1302 religionis
692 1266 832 1302 praeferre
847 1266 963 1294 conaba-

118 1316 174 1341 tur.
200 1324 214 1337 «
228 1312 293 1346 Cur,
315 1313 422 1349 inquis,
444 1312 536 1349 pergis
556 1313 590 1341 ad
611 1316 757 1341 eremum?
780 1313 909 1341 Videlicet
933 1316 965 1341 ut

118 1362 145 1388 te
165 1367 219 1388 non
241 1360 368 1393 audiam,
390 1368 444 1388 non
466 1359 589 1393 videam,
612 1363 643 1388 111
664 1363 712 1388 1110
727 1360 822 1388 1111016
837 1368 891 1388 11011
907 1368 963 1388 1110-

119 1414 193 1441 vear,
215 1409 246 1434 ut
267 1409 314 1435 tua
335 1406 406 1435 bella
427 1414 481 1434 non
503 1406 604 1443 patiar,
626 1414 660 1435 ne
682 1414 726 1435 me
750 1407 839 1443 capiat
866 1407 964 1435 oculus

117 1453 287 1487 meretricis,
309 1461 343 1482 ne
364 1461 408 1482 me
429 1453 517 1481 forma
539 1453 727 1489 pulcherrima
741 1453 774 1481 ad
791 1453 898 1482 illicitos
912 1453 963 1481 du-

118 1502 161 1528 cat
181 1500 335 1536 amplexus.
358 1516 396 1521 —-
417 1499 614 1536 Respondebis:
631 1500 684 1528 Hoc
698 1508 752 1528 non
767 1503 808 1528 est
823 1508 963 1537 pugnare,

118 1546 165 1576 sed
186 1547 290 1583 fugere.
312 1547 358 1575 Sta
378 1547 405 1575 in
427 1547 500 1580 acie,
522 1546 688 1575 adversariis
709 1549 834 1575 armatus
848 1547 962 1581 obsiste,

117 1596 150 1622 ut
164 1596 308 1630 postquam
330 1593 444 1627 viceris,
466 1593 615 1622 coroneris.
631 1610 669 1614 -
683 1594 778 1622 Fateor
794 1593 963 1622 imbecillita-

117 1640 210 1669 alitem
224 1648 331 1674 meam,
354 1640 415 1668 nolo
430 1648 477 1677 spe
493 1648 616 1677 pugnare
637 1640 783 1675 victoriae,
799 1648 833 1669 ne
848 1640 961 1677 perdam

118 1687 228 1724 quando
249 1687 400 1716 victoriam.
424 1687 448 1715 Si
478 1687 590 1724 fugero,
622 1687 742 1723 gladium
774 1687 907 1721 devitavi;
940 1687 962 1716 si

118 1736 235 1768 stetero,
256 1736 304 1762 aut
335 1733 501 1762 vincendum
533 1736 574 1762 est
605 1734 689 1767 mihi,
720 1737 769 1762 aut
800 1734 961 1762 cadendum.

118 1780 189 1817 Quid
209 1788 320 1809 necesse
341 1783 382 1809 est
403 1783 478 1809 certa
499 1780 637 1809 dimittere
658 1784 685 1809 et
710 1780 814 1809 incerta
842 1781 962 1809 sectari?

117 1827 197 1856 Nulla
219 1827 354 1856 securitas
374 1830 416 1856 est
441 1827 530 1855 vicino
559 1830 686 1864 serpente
713 1827 844 1856 dormire.
874 1828 963 1856 Potest

117 1873 194 1908 fieri,
217 1877 248 1902 ut
267 1881 312 1902 me
332 1882 387 1902 non
408 1874 548 1907 mordeat,
570 1877 597 1903 et
619 1876 709 1903 tamen
730 1877 819 1911 potest
840 1874 916 1908 fieri,
931 1878 963 1903 ut

118 1920 265 1958 aliquando
285 1928 329 1949 me
350 1920 482 1949 mordeat.
511 1921 589 1957 Quod
617 1920 650 1949 de
681 1920 793 1949 libidine
823 1921 962 1955 diximus,

118 1967 273 1996 referamus
293 1967 326 1996 ad
348 1967 492 1996 avaritiam
513 1971 540 1996 et
561 1967 595 1996 ad
615 1967 707 1996 omnia
728 1967 808 2001 vitia,
831 1976 902 2004 quae
923 1968 962 1996 vi-

119 2016 213 2043 tantur
235 2014 389 2043 solitudine.
412 2015 444 2043 Et
465 2014 524 2043 ideo
545 2014 658 2043 urbium
684 2014 853 2051 frequentias
880 2015 963 2043 decli-

118 2068 233 2095 namus,
255 2069 289 2089 ne
309 2060 399 2089 facere
420 2061 620 2098 compellamur
648 2068 720 2098 quae
747 2069 797 2089 nos
825 2069 879 2089 non
908 2064 962 2089 tam

119 2111 219 2136 natura
239 2107 311 2145 cogit
331 2107 421 2136 facere
442 2116 525 2145 quam
547 2108 674 2144 voluptas
688 2119 716 2135 n.
738 2108 807 2136 Haec
833 2107 963 2144 Hierony-

119 2162 190 2183 mus.
212 2154 318 2191 Quibus
339 2162 419 2183 error
440 2154 599 2183 confutatur
627 2154 763 2191 Vigilantii
792 2162 964 2192 suorumque

120 2201 295 2238 sequacium,
316 2209 413 2230 eorum
435 2201 576 2235 videlicet,
598 2201 646 2238 qui
667 2204 769 2230 statum
795 2201 964 2230 saecularem

120 2251 256 2285 quantum
278 2248 310 2276 ad
334 2248 508 2285 perfectionis
522 2248 638 2285 gradum
660 2248 742 2277 statui
762 2248 907 2285 Religionis
921 2248 965 2277 vel

185 2448 192 2461 ¹
210 2449 264 2476 Cap.
287 2449 325 2476 19,
344 2449 380 2470 23.
398 2449 511 2471 Sententia
531 2449 616 2471 {tabani
635 2449 731 2471 liabetur
749 2450 784 2471 Vl.
801 2449 931 2471 Comincnt.
944 2449 964 2471 iu

124 2488 199 2509 Manli.
222 2488 261 2514 19,
279 2488 320 2514 23,
337 2494 363 2510 ex
381 2488 455 2515 Beda,
474 2488 505 2509 lll.
523 2488 545 2509 in
563 2488 630 2509 Marc.
652 2488 690 2515 10,
708 2487 800 2510 21.(“,11.
815 2488 964 2515 lueron.‚t1t.

122 2526 145 2548 in
163 2527 238 2548 Mattli.
261 2526 297 2553 19,
316 2527 353 2547 23.

185 2564 194 2577 ²
211 2565 286 2586 11101111.
309 2565 347 2591 19,
365 2565 406 2586 21:
425 2565 447 2586 Si
466 2565 500 2587 vis
517 2570 568 2586 esse
585 2566 711 2592 perfectus,
728 2565 796 2591 vade,
814 2564 889 2587 vende
906 2568 949 2587 etc.

185 2603 194 2616 ³
212 2604 270 2625 Vide
287 2603 362 2631 Opera
380 2603 488 2631 Cypriani
506 2604 543 2626 erl.
561 2604 648 2631 Migne,
667 2604 747 2625 l’atrol.
759 2604 805 2625 Lat.
819 2608 875 2626 tom.
889 2603 909 2626 t.
920 2604 963 2626 col.

123 2643 180 2669 835,
199 2642 237 2664 ubi
256 2642 291 2664 liic
309 2645 416 2665 tractatus
433 2643 516 2665 dicitur
537 2642 672 2670 «Cym-iano
690 2648 812 2670 perperam
825 2642 966 2670 adscriptus,

123 2688 164 2704 nec
182 2688 226 2703 non
245 2681 378 2709 :lituu-stin«)
395 2685 417 2704 ct
434 2681 526 2709 Origeni
539 2682 599 2703 iuxta
612 2681 725 2709 quosdam
739 2690 759 2707 ιη
776 2684 797 2703 61
810 2681 829 2703 111
843 2685 894 2703 nota
907 2682 966 2703 adic-

123 2724 157 2743 cta
175 2721 301 2748 profertur:
323 2728 333 2740 11
347 2720 441 2742 Videtur
458 2720 516 2742 ciri-a
535 2721 610 2742 Bcdac
627 2720 744 2748 popularis
761 2720 831 2742 nostri
849 2723 965 2748 tempora,

122 2759 216 2789 quando
233 2759 262 2781 de
279 2759 391 2781 coelibatu
409 2759 543 2781 clericorum
562 2760 661 2781 maxime
674 2758 784 2785 fervebat,
796 2759 930 2787 praesertiin
944 2761 965 2781 in

123 2798 248 2827 occidente,
260 2798 414 2821 controversia
423 2815 428 2825 ,
440 2798 583 2826 conscriptus
595 2798 651 2820 liber
661 2807 670 2817 n
683 2802 726 2820 etc.
739 2798 852 2820 Sententia
871 2799 965 2826 allegata

124 2837 220 2860 nabetur
237 2837 291 2859 ibid.
309 2838 350 2860 col.
369 2837 424 2864 837,
442 2837 481 2859 ubi
499 2844 541 2866 pro
561 2837 655 2860 salvare
679 2837 717 2866 (ita
736 2837 752 2859 A
764 2837 870 2865 BCDG)
893 2840 966 2859 textus

123 2876 240 2904 originalis
257 2876 304 2904 (cui
321 2876 460 2898 concordant
478 2876 528 2898 Vat.
546 2879 568 2898 et
585 2876 638 2898 edd.
659 2876 680 2902 l,
700 2877 723 2903 2)
741 2875 838 2898 salt-ari.

186 2913 195 2926 ⁴
212 2915 278 2937 Num.
300 2914 337 2936 17:
355 2914 408 2941 Cur,
426 2914 516 2943 inquies
533 2915 594 2942 [cod.
611 2914 627 2937 C
645 2914 736 2944 inquis,
753 2921 823 2943 quem
841 2915 911 2937 secuti
930 2921 965 2937 su-

124 2959 188 2980 mus;
205 2953 256 2975 Vat.
275 2952 373 2982 i'nqnitL
392 2953 470 2981 pergis
486 2957 529 2975 etc.
542 2954 627 2976 Textus
641 2953 756 2981 originalis
769 2953 821 2975 binc
833 2953 886 2976 inde
899 2954 963 2982 plura

125 2992 237 3015 interserit
253 2995 275 3015 et
292 2993 313 3014 in
331 2992 375 3014 11116
393 2998 435 3020 pro
454 2992 561 3021 voluptas
579 2992 694 3015 substituit
712 2992 829 3015 voluntas.

217 3038 243 3062 S.
256 3039 347 3062 Bomw.
357 3051 388 3056 —
400 3039 469 3061 Tom.
481 3039 535 3061 Vlll.

1807 210 1862 239 0249

1022 289 1178 325 praeferre,
1200 289 1243 318 vel
1264 295 1384 326 aequare
1405 292 1549 317 conantur.
1577 288 1715 316 Adversus
1741 295 1812 324 quos
1839 289 1866 316 et

1021 335 1104 371 paulo
1124 336 1210 364 ante⁵
1232 335 1397 372 praemittit:
1424 347 1437 360 α
1452 335 1530 371 Quod
1551 338 1645 363 autem
1671 334 1770 362 asserit
1791 333 1864 369 Vigi-

1021 381 1138 415 lantius,
1159 390 1205 410 eos
1227 382 1325 410 melius
1346 382 1451 415 facere,
1473 382 1521 418 qui
1546 384 1666 410 utuntur
1695 381 1779 409 rebus
1807 381 1865 410 suis

1021 431 1047 456 et
1068 428 1199 464 paulatim
1223 429 1332 457 111161115
1347 429 1550 465 possessionum
1565 436 1679 457 suarum
1695 427 1865 465 pauperibus

1020 473 1162 507 dividunt,
1184 483 1268 511 quam
1289 475 1350 503 illos
1371 475 1434 512 qui,
1451 475 1669 512 possessionibus
1684 474 1864 508 venundatis,

1021 521 1105 549 semel
1125 521 1217 549 onmia
1237 522 1404 557 largiuntur,
1420 530 1473 550 non
1488 530 1505 550 a
1520 530 1563 551 me
1578 522 1642 556 sibi,
1657 522 1704 551 sed
1718 530 1734 550 a
1748 521 1865 550 Domino

1021 567 1249 603 respondebitur:
1273 568 1306 595 Si
1325 568 1369 596 vis
1388 567 1535 605 perfectus
1556 577 1630 602 esse,
1654 569 1725 597 ocule
1739 572 1765 597 61
1780 568 1865 597 vende

1021 613 1137 647 omnia,
1159 622 1233 651 quae
1255 618 1286 642 tit
1307 613 1410 648 liabes,
1432 619 1456 642 61
1477 615 1517 643 [la
1537 615 1726 652 pauperibus.
1749 615 1786 643 Ad
1801 622 1864 643 eum

1021 659 1154 696 loquitur,
1176 660 1223 697 qui
1247 660 1307 688 vult
1327 668 1386 689 esse
1408 661 1561 697 perfectus,
1583 662 1631 698 qui
1654 670 1717 690 cum
1732 661 1865 698 Apostolis

1020 710 1143 743 patrem,
1165 707 1320 735 naviculam
1335 710 1362 735 et
1376 710 1434 735 rete
1449 707 1568 735 dimittit.
1592 708 1642 736 [ste
1663 715 1745 744 quem
1763 708 1864 736 11111111-

1020 753 1083 787 das,
1106 753 1244 781 secundus
1272 756 1320 781 aut
1343 753 1441 781 tertius
1462 753 1564 789 gradus
1585 757 1641 788 est,
1663 762 1746 791 quem
1768 758 1795 783 et
1815 762 1865 783 nos

1020 799 1185 836 recipimus,
1206 799 1357 828 dummodo
1378 800 1497 828 sciamus
1518 800 1607 836 prima
1627 801 1755 829 secundis
1769 804 1796 829 et
1810 804 1865 829 ter-

1020 846 1065 875 tiis
1086 845 1266 883 praeferenda
1279 858 1306 873 21.

1102 893 1144 920 18.
1171 892 1295 929 Denique
1326 892 1359 921 de
1390 893 1595 929 comparatione
1626 893 1800 930 perfectiouis
1831 894 1864 922 ad

1021 939 1215 975 perfectionem
1238 939 1389 967 secundum
1406 939 1636 975 praeeminentiae
1662 940 1796 968 rationem
1818 948 1864 976 pa-

1020 988 1110 1014 tenter
1131 986 1237 1020 elucet,
1259 986 1332 1022 quod
1354 986 1454 1023 aliquis
1469 986 1644 1023 perfectionis
1659 986 1756 1015 modus
1770 990 1797 1015 et
1811 990 1865 1016 sta-

1020 1035 1066 1061 tus
1086 1033 1121 1061 511
1142 1033 1305 1061 eminentior
1326 1033 1421 1061 altero.
1449 1033 1518 1061 Cum
1546 1033 1619 1061 enim
1647 1041 1676 1061 se
1704 1033 1794 1069 ipsum
1822 1041 1865 1062 ca-

1020 1083 1109 1109 strare
1128 1083 1249 1116 propter
1271 1088 1394 1117 regynum
1415 1079 1584 1108 caelorumss
1607 1087 1656 1117 per
1679 1083 1773 1108 votum
1801 1088 1865 1108 con-

1020 1126 1150 1155 tinentiae
1170 1127 1324 1163 perfectum
1345 1127 1395 1161 sit,
1417 1130 1524 1155 certum
1546 1130 1599 1160 est,
1621 1127 1694 1163 quod
1710 1127 1866 1163 perfectiori

1021 1173 1101 1202 modo
1122 1173 1152 1201 fit
1173 1173 1241 1202 illud
1256 1181 1305 1210 per
1320 1173 1480 1211 virginalem
1496 1174 1706 1208 continentiam,
1722 1181 1794 1210 quae
1808 1174 1866 1202 fru-

1021 1219 1077 1248 ctui
1092 1222 1269 1256 comparatur
1284 1220 1448 1253 centesimo,
1464 1227 1546 1256 quam
1562 1227 1611 1256 per
1626 1220 1780 1253 vidualem,
1795 1228 1866 1256 quae

1021 1274 1071 1302 per
1093 1266 1296 1303 sexagesimum
1318 1266 1344 1294 in
1367 1266 1524 1303 evangelica
1545 1267 1675 1303 parabola
1695 1266 1863 1303 designatur.

1021 1313 1078 1341 Non
1099 1316 1140 1341 est
1161 1321 1227 1349 ergo
1249 1316 1344 1341 contra
1365 1313 1540 1349 perfectionis
1561 1316 1706 1345 naturam,
1732 1313 1805 1350 quod
1833 1314 1866 1342 de

1020 1358 1160 1396 aliquibus
1187 1359 1311 1393 duobus,
1338 1367 1409 1396 quae
1431 1363 1505 1388 16616
1526 1359 1658 1388 111611111111·
1679 1359 1815 1396 perfecta,
1838 1360 1865 1388 in

1020 1410 1098 1434 statii
1120 1407 1184 1435 viae
1205 1414 1292 1434 unum
1313 1406 1422 1434 dicatur
1437 1406 1585 1443 perfectius
1599 1407 1701 1440 altero,
1718 1407 1783 1443 quia
1797 1409 1824 1435 et
1838 1407 1865 1435 in

1019 1456 1099 1481 statii
1119 1453 1251 1490 patricie,
1275 1453 1321 1481 ubi
1343 1452 1377 1480 ad
1398 1452 1551 1481 ultimatam
1580 1453 1774 1489 perfectionem
1804 1453 1866 1481 bea-

1020 1499 1113 1528 tificati
1136 1499 1317 1536 perveniunt,
1339 1508 1413 1528 unus
1427 1500 1505 1528 alteri
1521 1499 1674 1528 secundum
1689 1499 1865 1536 apostolicam

1019 1546 1196 1575 doctrinam⁷
1218 1547 1408 1584 praeponitur,
1430 1547 1516 1575 instar
1541 1547 1700 1575 caelestium
1730 1547 1865 1575 luminum

1019 1594 1205 1623 differentium
1228 1594 1360 1622 claritate.

1101 1641 1144 1669 19.
1167 1640 1366 1669 Attendendum
1388 1644 1429 1669 cst
1451 1640 1548 1677 igitur,
1570 1641 1643 1677 quod
1665 1649 1728 1669 cum
1757 1648 1865 1676 compa-

1019 1695 1115 1716 ramus
1135 1687 1331 1724 perfectionem
1354 1687 1529 1724 perfectioni,
1554 1691 1644 1724 potest
1672 1688 1723 1716 hoc
1752 1695 1811 1716 esse
1838 1687 1864 1715 in

1019 1734 1113 1763 eodem
1134 1742 1252 1771 gyenere,
1274 1734 1317 1762 vel
1339 1734 1365 1762 iu
1387 1734 1509 1762 diverso.
1532 1734 1612 1768 Nam,
1638 1735 1709 1762 sicut
1730 1742 1766 1762 ex
1787 1742 1866 1770 prae-

1019 1780 1204 1810 cedentibus8
1226 1780 1328 1817 liquet,
1351 1780 1483 1816 perfectio
1503 1781 1755 1817 supererogationis
1780 1789 1865 1817 quae—

1019 1828 1082 1856 dam
1104 1827 1199 1856 existit
1220 1827 1248 1855 in
1269 1827 1404 1856 exercitio
1425 1827 1562 1861 virtutis,
1584 1828 1718 1864 quaedam
1748 1828 1774 1856 in
1805 1831 1865 1856 voto

1019 1874 1185 1912 religionis,
1214 1874 1348 1911 quaedam
1374 1874 1401 1902 in
1423 1873 1515 1912 officio
1534 1874 1736 1910 praelationis.
1759 1891 1796 1894 —
1817 1875 1864 1902 Fa-

1019 1924 1062 1950 cta
1089 1929 1155 1958 ergo
1186 1921 1390 1957 comparatione
1417 1920 1450 1949 ad
1482 1921 1658 1949 consimilem
1689 1921 1864 1957 perfectionis

1019 1968 1147 2001 modum,
1168 1967 1258 2004 primo
1273 1967 1425 1996 secundum
1441 1967 1611 1996 exercitium
1622 1967 1767 2005 perlectae
1778 1968 1789 1985 ‘³
1804 1968 1863 1996 vir-

1020 2015 1091 2043 tutis
1112 2014 1157 2042 illa
1179 2014 1309 2050 perfectio
1330 2017 1371 2042 est
1392 2014 1565 2048 eminentior,
1587 2014 1614 2042 in
1636 2023 1692 2051 qua
1714 2015 1803 2043 radim
1818 2023 1864 2043 ect-

1020 2061 1119 2089 ritatis
1140 2064 1181 2090 est
1202 2061 1331 2097 pinguior
1352 2064 1378 2089 et
1399 2060 1565 2089 sublimitas
1579 2061 1757 2098 operationis
1771 2062 1863 2090 excel-

1020 2108 1076 2136 sior
1107 2110 1135 2136 et
1164 2106 1317 2144 fraternae
1348 2107 1562 2144 aedificationis
1592 2107 1710 2144 fructus
1741 2108 1863 2137 uberior.

1020 2155 1193 2191 Quamquam
1214 2154 1287 2182 enim
1309 2154 1393 2182 totius
1415 2154 1499 2182 huius
1525 2153 1699 2190 perfectionis
1726 2155 1803 2191 origo
1831 2154 1865 2183 sit

1021 2201 1137 2235 caritas,
1159 2200 1277 2229 multum
1300 2204 1389 2229 tamen
1412 2200 1476 2229 facit
1497 2200 1530 2229 ad
1551 2200 1611 2229 eius
1632 2201 1864 2237 complementum

1022 2247 1088 2285 ipsa
1109 2247 1255 2284 operatio,
1277 2247 1408 2284 Gregorio
1429 2250 1590 2281 attestante,
1611 2248 1659 2284 qui
1684 2247 1723 2276 ait
1733 2247 1772 2275 1⁰:
1799 2259 1812 2272 α
1828 2248 1866 2276 Do

1084 2448 1093 2461 ⁵
1111 2449 1177 2470 Num.
1199 2449 1233 2470 155.
1250 2449 1365 2475 Alte-gutur
1383 2448 1458 2469 Manu.
1480 2448 1517 2475 11),
1537 2448 1572 2469 21.
1586 2451 1607 2469 ct
1620 2448 1739 2475 respicitur
1753 2448 1827 2469 naun.
1845 2448 1863 2474 1,

1022 2488 1064 2509 22:
1082 2488 1111 2509 llli
1128 2490 1204 2509 autem
1218 2487 1302 2512 statim,
1315 2486 1396 2508 relictis
1414 2485 1500 2508 retibus
1518 2491 1539 2507 ct
1557 2489 1628 2513 patre,
1641 2486 1711 2508 set-uti
1729 2489 1781 2508 sunt
1799 2492 1863 2512 etum

1022 2527 1062 2548 cfr.
1080 2526 1135 2548 ibid.
1154 2532 1175 2548 v.
1193 2526 1235 2552 ‘203
1254 2526 1321 2547 Mare.
1343 2526 1364 2551 l,
1386 2526 1418 2546 18.
1437 2528 1456 2546 et
1475 2526 1513 2546 20.
1532 2526 1553 2547 ln
1572 2525 1617 2546 tine
1638 2531 1691 2546 cum
1716 2528 1774 2547 textu
1798 2525 1864 2552 origi-

1022 2565 1064 2587 nali
1082 2568 1104 2587 et
1121 2565 1158 2587 ed.
1175 2566 1188 2587 2
1205 2564 1366 2587 substituimus
1389 2564 1517 2593 recipimus
1541 2571 1582 2591 pro
1604 2564 1779 2593 praecipimus,
1802 2565 1863 2593 quud

1022 2603 1106 2626 liabent
1124 2604 1174 2625 Vat.
1187 2607 1209 2626 ct
1220 2604 1256 2625 ecl.
1274 2604 1278 2625 1
1290 2622 1294 2629 ,
1308 2605 1323 2625 Α
1336 2604 1350 2625 B
1360 2603 1375 2626 C
1387 2604 1404 2625 D
1413 2604 1428 2625 F
1440 2604 1547 2625 omittunt
1559 2609 1627 2632 quem
1639 2604 1714 2626 111105
1726 2603 1862 2632 recipimus.

1085 2642 1094 2654 ¹''
1111 2643 1187 2665 Mattli.
1210 2644 1247 2669 19,
1270 2643 1301 2664 ta.
1319 2655 1349 2658 —
1367 2642 1470 2664 Subinde
1482 2642 1603 2669 respicitur
1615 2643 1690 2664 tttaun.
1707 2642 1745 2670 13,
1758 2643 1779 2663 8.
1792 2646 1813 2664 et
1826 2643 1862 2664 23.

1023 2681 1131 2709 parabola
1157 2681 1289 2703 seminantis
1311 2682 1340 2703 de
1365 2682 1438 2703 fructu
1464 2681 1588 2703 millesimo
1605 2680 1806 2710 ctst·;1·(iglrsinio;
1824 2682 1864 2703 rfr.

1022 2726 1091 2748 supra
1110 2726 1163 2748 pag.
1186 2721 1239 2746 196,
1258 2723 1309 2742 nota
1328 2721 1349 2742 3.

1085 2757 1092 2770 ⁷
1111 2759 1179 2786 Epist.
1197 2759 1211 2780 l.
1228 2758 1279 2781 Cor.
1300 2759 1339 2784 15,
1358 2758 1394 2781 41.
1408 2764 1469 2786 serp:
1483 2758 1530 2780 Alia
1542 2758 1631 2780 claritas
1643 2758 1708 2785 solis,
1721 2758 1763 2780 alia
1776 2758 1865 2780 claritas

1022 2798 1088 2819 lunae
1105 2802 1127 2819 ct
1143 2797 1185 2819 alia
1204 2797 1292 2819 claritas
1303 2798 1418 2819 stellarum
1432 2801 1474 2818 ctr.
1487 2797 1530 2819 Cir.
1543 2803 1612 2824 supra
1626 2803 1679 2824 pag.
1691 2798 1748 2823 ⁴213,
1761 2801 1813 2819 nota
1831 2797 1863 2818 11.

1021 2840 1043 2858 ct
1061 2837 1096 2858 12.
1113 2848 1144 2853 -
1162 2836 1272 2863 Superius
1289 2842 1331 2863 pro
1349 2835 1484 2858 mamalum
1502 2835 1540 2863 (ita
1558 2836 1662 2863 BCDG)
1681 2836 1734 2858 odd.
1747 2835 1863 2859 ultimum.

1083 2874 1092 2887 Β
1110 2876 1177 2897 Num.
1198 2875 1231 2897 ll.

1083 2913 1092 2926 ‘¹
1109 2914 1163 2936 Fide
1181 2911 1251 2937 AB'C
1263 2915 1305 2937 Dti
1324 2915 1485 2942 supplevimus
1499 2915 1632 2944 Jwrl'rclrtr‘s
1654 2916 1694 2937 (11,
1717 2921 1785 2942 supra
1811 2921 1864 2942 pag.

1021 2953 1079 2980 240,
1097 2957 1148 2975 uota
1166 2954 1188 2976 7.
1206 2958 1228 2976 et
1245 2960 1298 2981 pag.
1317 2954 1374 2980 2255,
1393 2958 1443 2976 unta
1464 2954 1484 2976 1.

1083 2992 1102 3005 ¹⁰
1120 2992 1180 3015 Libr.
1197 2993 1220 3015 11.
1237 2993 1318 3015 11011111.
1336 2993 1359 3015 111
1378 2994 1463 3021 Evang.
1481 2993 1558 3015 homil.
1577 2994 1614 3015 30.
1631 2999 1653 3015 n.
1672 2994 1692 3015 Ξ.

1741 3041 1769 3063 32

1879 340 2008 364 Hieronymus.

1878 903 1927 921 nodi
1941 904 1959 922 et
1974 905 2010 921 sta-

1895 929 1923 944 tus
1938 927 1999 949 perfe-

1876 953 1943 968 61101115
1950 950 2008 972 gradu

1897 973 1992 991 differunt.

1894 1649 2011 1672 Comparatio

1884 1672 1923 1690 lieri
1951 1674 2011 1695 potest

1883 1695 1989 1719 dupliciter.

1878 1882 2012 1904 Comparantur

1880 1905 2014 1928 grndusperfe-

1881 1929 1948 1947 ctionis
1955 1934 1972 1946 111
1982 1933 2012 1946 60-

1881 1952 1922 1970 dem
1945 1957 2011 1974 genere

1881 1976 1940 1998 primo
1950 1976 2011 1998 quoad

1891 2001 1999 2017 exercitium

1882 2022 1961 2040 111-1111151
1976 2022 1999 2040 de

1896 2051 1932 2068 quo
1946 2048 1987 2063 tria.
