2133 3317
548 233 744 262 OPUSCULUM
767 232 794 260 11.
817 231 986 260 SPECULUM
1007 231 1250 260 CONSClENTlAE.
1272 232 1340 261 CAP.
1363 233 1402 261 111.

104 313 146 338 ubi
165 312 237 337 dicit:
262 322 274 334 α
287 312 363 337 Ρ3500
382 312 446 336 fame
475 311 633 340 morientem3
653 311 672 335 si
700 317 750 335 non
770 311 870 341 pavisti,
891 310 948 335 occi-

105 355 198 380 disti».
217 368 253 373 —
270 354 327 379 Non
347 355 426 379 solum
445 353 528 378 autem
547 354 586 378 est
603 353 629 378 in
658 354 790 384 praecepto
809 353 947 384 proximum

104 399 189 423 iuvare
208 398 233 422 in
252 397 350 422 datione
369 396 557 427 temporalium,
577 396 619 420 sed
638 396 712 420 etiam
731 396 757 420 in
776 396 832 420 aliis
850 395 948 420 actibus

105 440 298 469 misericordiae,
318 440 382 464 sicut
401 439 471 470 patet
489 439 513 463 in
533 438 655 464 Matthaei
673 439 792 470 vigesimo
811 439 906 470 quinto.

175 483 218 507 29.
237 483 336 507 Tertius
354 481 454 511 fructus
473 482 511 506 est
530 482 703 507 restitutionis
727 481 827 506 dilatio.
847 482 878 506 In
897 481 948 506 illis

0 532 89 554 retortio.
106 526 170 551 euim
189 525 300 554 casibus,
319 525 344 549 in
364 525 453 556 quibus
472 532 520 549 non
540 524 693 549 transfertur
718 524 864 553 dominium,
884 524 948 549 sicut

105 569 131 593 in
149 568 230 596 furto,
249 575 335 597 usura,
354 568 443 598 rapina
461 568 487 592 et
505 567 642 595 similibus.
661 574 758 598 semper
777 568 815 591 est
833 567 948 592 detentor

105 611 130 636 in
149 618 219 635 mora
244 611 268 635 et
296 611 380 642 peccat
405 610 545 635 mortaliter
572 609 720 641 retinendo,
744 610 803 634 licet
822 610 949 641 poeniteat

105 653 242 684 accepisse,
262 654 283 678 si
301 653 385 678 tamen
409 653 475 677 adsit
493 653 609 678 reddendi
632 653 785 684 possibilitas
804 653 843 677 vel
862 659 949 684 oppor-

105 696 210 721 tunitas.
230 696 300 720 Unde
319 696 344 720 et
362 696 520 727 Augustinus
538 696 631 720 dicit¹:
651 705 663 717 <1
676 695 733 720 Non
746 695 882 720 dimittitur
897 702 949 726 pec-

105 740 203 769 catum,
222 739 270 763 nisi
289 739 439 763 restituatur
457 739 569 763 ablatum
581 749 605 762 υ.
625 739 655 763 Iu
675 738 714 763 his
733 738 832 769 autem,
851 739 876 763 in
896 739 947 769 qui-

105 781 151 806 bus
169 781 304 806 dominium
322 782 416 806 transit
434 782 459 806 in
478 782 651 812 accipientem,
671 782 735 806 sicut
753 782 778 805 in
792 782 886 810 mutuo,
900 788 949 806 non

105 825 144 849 est
161 825 217 856 quis
236 825 262 849 in
281 832 349 849 mora
374 825 422 849 nisi
441 824 575 849 secundum
594 824 746 849 conditiones
764 825 901 855 appositas,
924 824 949 849 et

16 900 18 902 Ι
105 867 140 892 510
158 868 243 899 posset
262 875 314 892 esse
333 868 419 892 tantae
437 867 584 892 conditionis
611 867 781 898 transgressio
800 868 824 891 in
845 867 949 898 proximi

14 903 31 933 ¹¹¹1
103 910 250 940 laesionem,
269 911 334 942 quod
353 911 437 941 posset
455 910 545 934 habere
564 910 683 935 rationem
703 910 825 934 mortalis,

175 953 218 978 30.
238 954 348 983 Quartus
366 952 465 982 fructus
492 952 627 978 inordinati
655 953 746 977 amoris
774 953 949 983 temporalium

0 1003 90 1027 aquai-to.
106 996 145 1021 est
164 996 403 1026 irrecommnsatio,
423 1003 478 1020 eum
497 995 590 1020 scilicet
609 995 664 1026 quis
683 995 763 1019 multa
782 995 846 1019 bona
859 995 950 1026 accipit

106 1038 137 1063 ab
156 1039 204 1063 alio
223 1038 248 1063 et
266 1046 295 1063 ex
319 1038 460 1063 inordinato
484 1045 567 1062 amore
595 1038 770 1068 temporalium
797 1038 891 1069 aliquid
911 1045 950 1062 re-

105 1088 263 1113 compensare
281 1081 399 1110 dimittit,
419 1081 483 1112 quod
502 1080 633 1105 manifeste
658 1081 697 1105 est
715 1080 802 1105 contra
821 1081 859 1105 ius
878 1080 949 1105 natu-

105 1125 165 1150 rale.
184 1124 220 1149 De
239 1124 284 1149 hoc
308 1124 392 1149 tamen
420 1124 554 1149 secundum
581 1123 695 1148 radicem
719 1123 876 1148 iudicandum
897 1124 949 1154 est,

105 1167 198 1192 scilicet
215 1167 301 1192 utrum
319 1167 365 1192 hoc
383 1174 412 1192 ex
435 1167 543 1191 avaritia
568 1166 698 1198 procedat,
717 1174 780 1198 quae
798 1166 890 1191 habeat
912 1174 950 1192 ra-

105 1210 196 1236 tionem
215 1210 343 1239 mortalis3
363 1210 444 1241 qualis
462 1210 546 1234 autem
570 1209 678 1234 avaritia
697 1209 789 1234 habeat
807 1209 928 1235 rationem
939 1208 948 1222 ²

0 1258 89 1285 equium.
105 1253 232 1282 mortalis,
251 1253 342 1278 dictum
363 1254 408 1277 est.
421 1267 457 1270 —
468 1253 537 1277 Sicut
554 1252 637 1277 autem
651 1252 680 1277 de
692 1253 949 1283 irrecompensatione,

105 1296 142 1321 ita
160 1296 185 1321 et
203 1296 232 1321 de
259 1295 435 1321 ‘illiberalitate
459 1296 587 1321 dicendum
616 1295 666 1325 est,
686 1303 740 1320 cum
760 1296 815 1327 quis
838 1303 887 1321 non
912 1296 951 1320 est

104 1339 216 1364 liberalis
234 1339 260 1364 in
278 1339 367 1364 dando.

417 1424 564 1449 03111111,οΜ
582 1425 634 1449 HJ.

143 1510 244 1535 Tertius
263 1517 352 1535 ramus
366 1509 526 1541 principalis
544 1511 581 1534 est
599 1510 804 1541 concupiscentia
817 1510 912 1535 carnis.

176 1596 200 1621 1.
220 1596 319 1621 Tertius
337 1596 483 1627 principalis
502 1603 599 1625 13111115,
619 1597 661 1627 qui
680 1603 709 1621 ex
727 1596 815 1621 radice
834 1597 950 1627 concupi-

105 1639 213 1665 scentiae
237 1639 262 1664 et
281 1640 370 1664 &unco
390 1639 470 1663 malae
488 1639 627 1664 voluntatis
654 1639 775 1670 procedit,
801 1639 840 1663 est
866 1639 949 1664 carnis

104 1682 316 1714 concupiscentia,
336 1682 470 1707 secundum
488 1682 606 1707 Ioannem
625 1682 650 1706 in
670 1682 793 1706 Canonica
813 1689 858 1707 sua
869 1681 887 1711 ⁵,
907 1683 950 1707 sei-

65 1725 164 1750 '.licet
187 1726 213 1750 in
241 1724 385 1756 quaerendo
405 1725 595 1750 delectationem
623 1725 648 1749 et
671 1725 777 1750 vitando
796 1725 948 1750 molestiam.

105 1768 140 1793 Et
158 1768 291 1793 secundum
310 1768 355 1793 hoc
373 1769 398 1792 in
418 1768 479 1793 (11105
504 1775 586 1793 ramos
615 1768 765 1799 principales
789 1768 837 1793 iste
864 1776 949 1793 ramus

105 1811 232 1836 dividitur.
251 1811 351 1835 Primus
369 1811 452 1835 autem
471 1818 569 1839 ramus,
583 1811 625 1842 qui
642 1811 668 1835 in
681 1812 789 1842 quaestu
807 1811 949 1836 delectatio-

105 1861 169 1879 nwm
186 1854 314 1884 consistit,
327 1854 353 1878 in
366 1853 427 1879 duos
446 1861 528 1879 ramos
546 1853 679 1883 dividitur,
696 1854 754 1885 quia
773 1854 892 1885 quaedam
910 1855 950 1879 est

47 1901 67 1906 '¹
82 1915 86 1921 .
104 1896 235 1922 delectatio
254 1896 382 1928 pertinens
394 1896 426 1921 ad
437 1896 649 1922 conservationem
664 1896 794 1922 individui
809 1904 852 1928 per
864 1897 948 1922 actum

105 1939 258 1969 refectionis,
283 1940 334 1964 alia
351 1939 390 1964 est
408 1939 536 1970 pertinens
560 1939 591 1964 ad
618 1940 829 1965 conservationem
856 1941 948 1971 speciei

105 1990 150 2015 per
177 1982 382 2015 propagationem
401 1983 510 2008 seminis.

176 2026 201 2051 2.
220 2026 346 2055 Quantum
365 2025 448 2050 autem
467 2025 498 2050 ad
526 2025 634 2056 primum
662 2025 803 2056 specialiter
821 2026 948 2057 peccatum

85 2069 182 2101 -9ulae
199 2068 322 2095 consistit.
341 2068 388 2093 Est
415 2069 498 2093 autem
515 2068 593 2100 qula,
622 2069 756 2093 secundum
784 2069 849 2100 quod
873 2068 950 2094 habet

106 2112 228 2138 rationem
246 2111 340 2143 peccati
358 2111 485 2141 mortalis,
503 2111 661 2136 inordinatus
678 2111 807 2142 appetitus
830 2112 870 2136 vel
888 2119 950 2137 usus

104 2155 271 2184 nutrimenti,
290 2154 411 2180 rationem
434 2154 582 2179 subvertens
608 2154 634 2179 et
657 2154 774 2179 avertens
802 2161 818 2179 a
837 2154 904 2185 Deo3
923 2155 949 2179 et

105 2198 151 2224 hoc
169 2198 240 2230 patet
257 2198 284 2223 in
301 2198 362 2229 gula
380 2198 518 2229 praecipue,
541 2205 591 2229 qua
609 2198 665 2229 quis
684 2197 817 2228 praecepta
835 2197 881 2222 Dei
899 2205 949 2223 non

105 2240 177 2266 timet
194 2240 372 2272 praetergredi,
391 2240 421 2264 ut
447 2239 627 2264 delectamenta
645 2239 756 2265 ciborum
778 2239 906 2271 sequatur,
923 2239 950 2265 et

105 2283 150 2308 illa
172 2283 261 2312 etiam,
280 2290 329 2314 qua
356 2282 421 2308 ratio
449 2282 619 2312 subvertitur,
638 2289 693 2307 cum
718 2290 747 2307 ex
774 2282 950 2308 deliberatione

106 2333 149 2352 seu
167 2326 311 2352 adversione
329 2326 434 2351 rationis
453 2325 576 2357 procedit,
595 2325 626 2350 ut
642 2333 698 2350 cum
725 2326 781 2357 quis
800 2326 906 2351 scienter
924 2333 950 2351 se

105 2369 226 2399 inebriat,
245 2369 285 2394 vel
303 2368 420 2394 naturam
448 2369 574 2400 propriam
602 2368 702 2400 gravat.
727 2368 797 2393 Unde
816 2368 950 2401 Gregorius

105 2412 234 2445 trigesimo
251 2410 404 2438 Moralium⁴
424 2412 459 2437 sic
484 2411 596 2443 loquitur
620 2411 649 2437 de
671 2411 732 2443 gula
755 2412 852 2442 dicens,
871 2412 950 2444 quod,

106 2455 249 2481 dominante
267 2455 341 2487 gulae
359 2455 434 2485 vitio,
457 2464 470 2477 «
482 2461 568 2484 0111110,
586 2454 652 2486 qnod
670 2454 767 2486 egerint
779 2454 891 2480 homines
904 2454 951 2480 for-

107 2497 175 2528 titer,
194 2498 302 2529 perdunt
313 2507 339 2522 2.
357 2497 426 2523 Sicut
453 2497 536 2522 autem
564 2497 614 2522 alia
632 2496 695 2522 vitia
720 2504 766 2522 sua
783 2497 891 2522 venialia
909 2497 951 2522 ha-

107 2539 180 2570 bent,
198 2540 236 2565 ita
252 2541 279 2565 in
297 2541 365 2572 gula,
383 2541 414 2566 ut
430 2548 486 2566 cum
496 2539 506 2553 ⁵
520 2540 585 2565 01103
602 2540 685 2565 actum
703 2539 850 2565 nutritionis
867 2539 893 2565 et
910 2539 952 2565 de-

109 2583 226 2609 siderium
243 2590 293 2609 non
312 2583 350 2609 est
367 2583 518 2609 inordinatio
536 2583 624 2608 contra
636 2582 715 2608 Deum
733 2589 778 2608 nec
797 2583 893 2608 aversio
911 2589 952 2607 ra-

173 2770 181 2784 ¹
199 2771 268 2799 Epist.
288 2771 340 2794 153.
359 2771 422 2800 (alios
439 2771 486 2800 54.)
504 2771 533 2793 311
551 2771 637 2794 Maced.
653 2777 674 2794 c.
692 2772 713 2793 8.
730 2777 752 2793 n.
770 2771 808 2793 20.
830 2783 861 2788 -
877 2772 951 2799 Supra

112 2804 164 2831 post
180 2802 245 2832 farlo
262 2802 284 2824 in
303 2803 355 2826 Vnt.
371 2803 435 2825 deest
451 2808 537 2825 usura.

173 2832 183 2846 ²
200 2834 252 2856 Vat.
267 2833 345 2862 inepte
361 2833 466 2857 radicem
491 2840 533 2862 pro
557 2833 683 2856 rationem.
699 2845 731 2850 —
756 2833 787 2855 De
805 2834 849 2855 hoc
865 2833 952 2855 dictum

112 2867 146 2887 εει
161 2870 272 2924 sgpigssisrt'.
289 2866 311 2918 11..
321 2896 382 2918 10311.
399 2897 426 2923 2,
444 2896 480 2918 46.
499 2907 529 2912 —-
546 2896 604 2918 intra
621 2901 664 2924 pro
688 2894 714 2918 in
730 2896 830 2924 quaesta
853 2895 906 2918 Vat.
922 2901 953 2918 ea:

113 2928 222 2956 quaestu.
719 2925 729 2938 ¹
745 2925 802 2954 Cap.
820 2926 856 2948 18.
874 2932 897 2948 n.
915 2926 952 2948 5⁹.

175 2956 185 2970 ⁶
201 2958 252 2980 Vat.
269 2958 374 2981 diffusius
389 2958 433 2981 sic:
458 2957 492 2981 ila
507 2957 578 2980 etiam
602 2956 661 2987 qula
685 2956 788 2980 venialia
808 2956 883 2980 habet.
903 2956 953 2980 Utri.

113 2989 231 3043 llpgzaispro
247 2989 339 3012 aversio
355 2988 456 3012 rationis
472 2988 658 3011 substituendum
675 2988 767 3011 videtur
784 2987 904 3011 subversio
915 2994 953 3011 ra-

1790 233 1846 262 635

1005 310 1094 339 tionis,
1115 311 1172 341 quia
1191 310 1255 335 tales
1274 311 1345 336 actus
1364 312 1509 343 quandoque
1528 318 1576 336 non
1594 312 1653 336 sunt
1676 312 1700 335 in
1720 312 1845 342 potestate

1004 352 1119 377 hominis.
1138 367 1173 370 —
1200 353 1237 378 Ex
1265 354 1310 379 hoc
1337 355 1419 379 autem
1450 361 1517 379 ramo
1542 355 1672 385 praecipue
1701 355 1751 379 tres
1778 354 1846 378 rami
1864 360 1986 379 Habetsra-

1005 396 1095 420 exeunt
1107 396 1271 426 principales,
1286 396 1378 421 scilicet
1391 397 1577 421 incontinentia
1587 397 1672 428 quiae,
1687 397 1847 421 immodestia
1900 389 1946 402 ¹⁰⁰³*

1005 438 1030 462 et
1048 437 1189 462 delectatio.

1075 480 1099 505 3.
1126 480 1197 505 Circa
1225 481 1346 511 primum⁷
1370 482 1464 506 scilicet
1491 482 1520 506 de
1548 482 1731 506 incontinentia
1756 482 1846 513 quiae,
1861 484 1943 526 bpfiffis
1955 484 1987 526 ¹21³-

1005 523 1141 548 notandum
1160 524 1211 553 est,
1231 524 1294 555 quod
1314 525 1376 549 istos
1394 524 1491 549 fructus
1510 524 1585 549 habet
1604 532 1697 550 secum:
1718 525 1847 556 anticipa·
1874 512 1883 526 e
1923 512 1955 526 ¹⁰⁰
1965 512 1993 526 us.

1006 566 1112 597 tionem,
1131 565 1360 600 frequentationem
1380 568 1405 592 et
1431 568 1521 592 ieiunii
1538 567 1699 597 fractionem.
1718 582 1754 586 -—
1772 568 1847 593 Anti·
1865 565 1892 584 ⁰³
1905 565 1971 589 primo.

1005 609 1100 640 cipatio
1119 610 1169 638 est,
1189 617 1243 634 cum
1263 611 1318 641 quis
1346 610 1432 635 horam
1461 611 1600 636 comedendi
1625 611 1760 642 anticipat,
1784 611 1848 642 quod

1005 652 1089 683 potest
1107 651 1160 677 fieri
1179 652 1289 683 ternpore
1309 653 1413 684 ieiunii,
1433 653 1472 678 vel
1498 653 1550 678 alio
1578 654 1696 685 tempore.
1721 654 1746 678 Si
1764 654 1847 679 autem

1005 695 1115 726 tempore
1136 696 1238 727 ieiunii,
1258 696 1323 727 quod
1347 697 1385 721 est
1410 697 1435 721 in
1456 697 1599 728 praecepto,
1619 704 1674 722 cum
1693 697 1754 722 hora
1772 705 1849 722 come-

1005 738 1077 763 dendi
1106 738 1239 763 secundum
1264 739 1319 763 iura
1346 740 1371 764 et
1396 739 1596 764 consuetudinem
1624 740 1767 771 assignetur
1792 741 1849 771 post

1005 781 1138 810 meridiem,
1153 782 1194 813 qui
1207 781 1294 807 horam
1308 782 1452 807 notabiliter
1465 783 1587 813 anticipat
1599 783 1651 807 sine
1664 790 1739 808 031153
1752 784 1819 808 iusta
1829 782 1847 813 ὅ,

1006 824 1058 849 5013
1076 824 1217 849 comedendi
1234 824 1348 853 libidine,
1369 825 1479 849 fraudem
1498 825 1569 854 facit,
1589 833 1633 850 1100
1660 826 1710 851 tale
1732 827 1848 851 ieiunium

1006 867 1150 898 reputatur,
1170 867 1199 891 ut
1217 867 1238 892 si
1257 868 1312 899 quis
1336 867 1400 892 forte
1424 868 1486 893 hora
1514 868 1589 893 tertia
1611 869 1748 893 comederet
1772 869 1797 893 et
1815 870 1849 894 sic

1006 917 1031 935 se
1050 910 1176 941 impleret,
1196 910 1261 941 quod
1289 911 1445 941 postmodum
1473 911 1517 935 illa
1544 911 1582 936 die
1602 918 1650 936 non
1669 912 1783 936 esuriret.
1803 912 1849 941 Qui

1005 953 1087 977 autem
1107 952 1219 976 fraudem
1237 952 1297 976 facit
1315 952 1364 983 legi
1383 953 1516 977 committit
1535 954 1560 977 in
1579 953 1672 984 legem:
1692 954 1757 978 unde
1776 954 1850 979 Chal-

1005 994 1139 1019 cedonense
1159 993 1328 1019 Concilium⁷:
1353 995 1527 1019 «Nullatenns
1555 996 1678 1020 iudicandi
1706 998 1766 1021 sunt
1790 997 1850 1021 ieiu-

1005 1044 1065 1062 nare
1090 1037 1131 1068 qui
1159 1037 1218 1061 ante
1245 1037 1389 1066 comedunt,
1413 1045 1487 1068 quam
1515 1038 1684 1069 vespertinum
1712 1039 1850 1064 celebretur

1006 1079 1131 1109 Officium,
1150 1080 1214 1111 quod
1242 1080 1352 1111 tempore
1377 1080 1585 1112 quadragesimali
1604 1081 1708 1111 dicitur,
1727 1083 1790 1107 alias
1809 1090 1849 1107 au-

1006 1123 1055 1148 tem
1070 1123 1127 1154 post
1140 1123 1165 1147 N
1167 1130 1239 1148 onam
1249 1133 1274 1147 ».
1293 1137 1328 1141 —
1340 1122 1419 1152 Item,
1439 1124 1488 1148 ista
1507 1124 1652 1156 anticipatio
1667 1125 1696 1149 fit
1709 1125 1783 1150 etiam
1797 1126 1849 1151 alio

1005 1166 1128 1197 tempore,
1148 1166 1177 1191 ut
1196 1166 1276 1196 multi,
1296 1167 1338 1197 qui
1357 1166 1446 1191 volunt
1469 1167 1593 1192 comedere
1621 1168 1723 1198 statim,
1752 1170 1849 1200 qnando

1006 1209 1035 1233 de
1052 1209 1116 1234 lecto
1144 1209 1248 1239 exeunt,
1268 1210 1332 1234 sicut
1359 1209 1434 1234 bruta
1452 1210 1584 1240 animalia3
1604 1211 1678 1236 etiam
1704 1213 1849 1244 quandoque

1006 1252 1098 1283 absque
1117 1252 1200 1283 aliquo
1218 1252 1332 1283 appetitu
1361 1260 1389 1277 ex
1418 1260 1496 1283 prava
1515 1254 1706 1285 consuetudine,
1729 1255 1794 1286 quod
1812 1256 1850 1280 est

1006 1302 1082 1326 grave
1101 1295 1228 1326 peccatum
1248 1295 1272 1320 et
1290 1296 1331 1319 vix
1360 1295 1442 1326 potest
1470 1296 1624 1327 contingere,
1644 1297 1703 1328 quin
1730 1305 1745 1322 a
1764 1298 1850 1323 radice

1007 1338 1107 1363 mortali
1125 1338 1250 1369 procedat.

1076 1382 1101 1407 4.
1121 1381 1247 1406 Secundus
1273 1380 1374 1411 fructus
1401 1381 1440 1406 est
1466 1380 1611 1412 frequentia
1633 1382 1683 1407 cibi
1701 1383 1738 1407 vel
1756 1385 1850 1415 potus,
1868 1385 1994 1404 Desecundo.

1006 1425 1079 1456 quod,
1098 1425 1146 1449 nisi
1164 1424 1237 1455 cogat
1255 1424 1325 1449 aetas
1342 1424 1380 1449 vel
1398 1424 1533 1449 infirmitas
1556 1425 1595 1449 vel
1616 1425 1683 1450 iusta
1702 1427 1849 1457 necessitas,

1006 1468 1136 1492 manifeste
1161 1468 1248 1492 contra
1272 1467 1394 1492 rationem
1419 1468 1457 1492 est
1482 1468 1623 1498 peccatum3
1643 1476 1716 1499 quam
1737 1469 1851 1500 prohibet

1006 1511 1143 1542 Apostolus
1162 1510 1194 1535 ad
1212 1510 1317 1535 Galatas
1335 1510 1422 1542 quinto
1433 1509 1451 1540 Β,
1470 1510 1535 1542 quod
1560 1511 1631 1542 ponit
1648 1512 1849 1538 comessationem

1005 1554 1071 1578 inter
1089 1561 1168 1585 opera
1187 1554 1288 1584 carnis,
1307 1553 1336 1578 de
1355 1553 1445 1585 quibus
1464 1553 1536 1583 dicit,
1550 1554 1614 1585 quod
1634 1555 1680 1585 qni
1693 1554 1758 1579 talia
1771 1557 1851 1587 ayunt

1006 1604 1113 1628 reynum
1132 1597 1183 1621 Dei
1200 1604 1253 1621 non
1268 1596 1443 1627 possidebunt.
1462 1596 1510 1621 Per
1533 1597 1597 1628 quod
1617 1597 1688 1628 patet
1706 1598 1849 1628 manifeste,

1006 1639 1070 1671 quod
1088 1640 1172 1671 aliqua
1190 1639 1335 1664 comessatio
1355 1639 1431 1664 habet
1448 1639 1570 1664 rationem
1589 1640 1717 1669 mortalis,
1736 1648 1791 1666 cum
1808 1642 1850 1666 sci-

1005 1683 1063 1707 licet
1076 1682 1186 1713 procedit
1199 1690 1228 1707 011
1239 1682 1300 1714 gula
1311 1689 1339 1707 eo
1352 1682 1430 1712 modo,
1444 1689 1492 1714 quo
1505 1682 1580 1707 habet
1593 1683 1714 1708 rationem
1727 1684 1849 1709 mortalis.

1006 1725 1108 1755 Quando
1121 1725 1205 1749 autem
1218 1724 1309 1750 habeat
1322 1725 1443 1750 rationem
1456 1725 1533 1754 hanc,
1547 1725 1639 1750 dictum
1653 1726 1691 1750 est
1708 1727 1822 1758 superius
1833 1726 1850 1752 ⁹.

1076 1767 1100 1792 5.
1120 1768 1219 1792 Tertius
1246 1766 1346 1797 fructus
1374 1768 1566 1793 incontinentiae
1593 1769 1667 1799 gulae
1695 1769 1733 1794 est
1756 1769 1849 1799 fractio
1868 1766 1895 1785 ΒΘ
1908 1766 1970 1785 tertio.

1006 1811 1095 1835 ieiunii
1113 1810 1145 1835 ab
1164 1810 1273 1835 Ecclesia
1297 1811 1408 1835 instituti
1434 1811 1473 1835 vel
1501 1811 1634 1836 secundum
1653 1811 1777 1837 Ecclesiae
1795 1820 1849 1838 con·

1005 1853 1160 1878 suetudinem
1179 1853 1274 1878 obtenti
1285 1852 1314 1883 ¹⁰,
1334 1853 1398 1885 quod
1417 1853 1446 1878 fit
1464 1854 1490 1878 in
1508 1861 1614 1878 numero
1627 1854 1652 1879 et
1665 1854 1807 1885 qualitate.-
1824 1856 1850 1880 in

1004 1902 1110 1920 numero
1128 1896 1317 1927 comestionum,
1337 1896 1431 1927 pluries
1444 1896 1602 1927 comedend03
1615 1897 1641 1922 in
1655 1897 1781 1928 qualitate
1793 1898 1849 1930 cibi,

1005 1938 1085 1963 cibum
1104 1939 1209 1963 vetitum
1228 1939 1388 1968 comedendo,
1407 1939 1436 1964 ut
1463 1939 1609 1965 comedendo
1633 1947 1734 1970 0311105,
1754 1941 1793 1965 vel
1817 1941 1851 1966 la-

1005 1981 1103 2006 cticinia
1127 1981 1153 2006 et
1170 1981 1310 2007 huiusmodi
1329 1982 1355 2006 in
1374 1981 1577 2014 Quadragesima.
1598 1982 1632 2007 Et
1650 1982 1679 2007 de
1697 1982 1743 2008 hoc
1761 1983 1850 2009 ieiunio

1005 2025 1044 2049 est
1062 2024 1201 2054 sciendum,
1220 2025 1285 2056 quod
1303 2025 1449 2056 quicumque
1468 2025 1513 2050 hoc
1531 2025 1647 2050 ieiunium
1666 2033 1715 2051 non
1735 2026 1851 2051 observat

1005 2067 1097 2098 absque
1116 2067 1299 2098 dispensatione
1319 2068 1468 2099 superioris,
1496 2068 1535 2093 vel
1563 2068 1630 2093 insta
1652 2069 1799 2094 necessitate
1817 2069 1851 2094 la-

1006 2109 1072 2135 boris
1094 2110 1240 2139 necessarii,
1268 2110 1307 2135 vel
1335 2110 1493 2141 paupertatis
1518 2111 1650 2141 notabilis,
1678 2111 1718 2136 vel
1745 2112 1850 2142 aetatis,

1005 2153 1045 2178 vel
1062 2153 1226 2183 infirmitatis,
1239 2153 1278 2178 est
1289 2153 1463 2185 transgressor
1481 2154 1619 2185 praecepti,
1632 2154 1657 2179 et
1671 2155 1706 2179 sic
1724 2155 1851 2186 peccatum

1006 2196 1111 2221 mortale
1129 2196 1271 2221 committit.
1299 2196 1369 2222 Unde
1387 2197 1553 2229 Hieronymus
1571 2197 1603 2222 ad
1630 2197 1759 2222 Lucinium
1771 2197 1800 2227 ¹¹,
1819 2198 1852 2224 10-

1006 2247 1084 2271 quens
1102 2239 1131 2264 de
1150 2239 1254 2269 ieiunio,
1273 2239 1346 2264 dicit:
1371 2249 1383 2262 α
1396 2240 1564 2272 Unaquaeque
1587 2241 1714 2272 provincia
1741 2240 1851 2266 abundet

1005 2283 1031 2307 in
1050 2289 1095 2308 suo
1114 2289 1188 2307 sensu
1207 2282 1233 2307 et
1251 2282 1384 2314 praecepta
1406 2283 1526 2308 maiorum
1539 2283 1607 2314 leges
1620 2283 1770 2314 apostolicas
1788 2283 1851 2308 arbi-

1006 2325 1123 2356 tretur-3
1142 2333 1186 2357 per
1205 2326 1270 2357 quod
1288 2326 1367 2357 patet,
1385 2326 1503 2351 ieiunium
1523 2333 1576 2351 esse
1594 2327 1620 2351 in
1639 2326 1780 2358 praecepto.

1077 2368 1102 2394 6.
1121 2368 1247 2394 Secundus
1274 2376 1365 2394 ramus
1385 2369 1543 2400 principalis
1570 2369 1644 2400 gulae
1668 2369 1707 2394 est
1733 2369 1850 2395 immode-
1863 2369 1996 2412 ξ-ξξῦῠξέἒὶῡέ

1005 2411 1071 2441 stia,
1092 2411 1187 2437 seilicet
1205 2419 1260 2437 cum
1279 2412 1305 2436 in
1322 2411 1454 2437 nutriendo
1473 2418 1563 2443 corpus
1581 2412 1668 2437 modus
1686 2412 1785 2437 debitus
1800 2419 1851 2438 non
1869 2399 1947 2435 srusstus.
1958 2398 1968 2413 θ

1006 2454 1137 2485 servatur;
1156 2454 1182 2479 et
1207 2454 1269 2480 duos
1296 2453 1395 2484 fructus
1413 2454 1504 2484 habet,
1530 2454 1624 2480 scilicet
1651 2455 1802 2480 aviditatem
1825 2455 1851 2480 et

1006 2497 1171 2522 nimietatem.
1190 2497 1238 2522 Est
1256 2497 1339 2522 autem
1358 2497 1470 2522 aviditas
1497 2497 1639 2523 inordinata
1661 2498 1687 2522 in
1705 2498 1851 2524 comedendo
1869 2498 1896 2517 ue
1909 2498 1976 2522 primo.

1006 2539 1130 2571 gulositas
1152 2539 1178 2564 et
1196 2539 1235 2564 est
1262 2539 1402 2571 peccatum,
1421 2547 1476 2565 cum
1504 2540 1586 2565 motus
1614 2539 1726 2565 brutales
1745 2540 1770 2565 et
1787 2541 1851 2566 inor-

1006 2582 1105 2608 dinatos
1125 2582 1213 2607 debeat
1231 2582 1369 2613 refrenare;
1388 2582 1510 2614 et-potest
1522 2583 1668 2614 quandoque
1681 2583 1733 2608 sine
1751 2582 1851 2614 peccato

1072 2770 1081 2783 ⁶
1098 2771 1120 2793 ln
1140 2771 1191 2793 Vat.
1207 2771 1272 2793 deest
1288 2770 1359 2793 insta.

1073 2801 1081 2814 ⁷
1098 2802 1202 2824 Fortasse
1219 2802 1343 2829 legendnm
1362 2801 1528 2830 Cabilonense;
1546 2803 1587 2824 cfr.
1603 2801 1711 2828 Gratian„
1722 2801 1750 2823 de
1767 2801 1850 2824 Consc-

1009 2836 1065 2856 0131.
1082 2833 1104 2855 d.
1126 2833 1144 2855 1.
1166 2833 1192 2855 C.

1009 2863 1132 2887 animalia.

1072 2894 1081 2907 ⁸
1098 2895 1165 2917 Vers.
1182 2895 1219 2917 21.

1072 2925 1082 2938 ¹³
1098 2927 1172 2954 Supra
1191 2933 1212 2948 n.
1230 2927 1251 2948 2.

1073 2956 1093 2969 ¹⁰
1110 2956 1185 2979 Verba
1204 2956 1239 2980 vel
1254 2956 1385 2980 secundum
1406 2963 1480 2986 nsque
1504 2957 1533 2979 ad
1559 2956 1645 2980 obtenti
1661 2957 1744 2980 desunt
1762 2957 1783 2979 in
1802 2957 1852 2979 Vat.

1010 2988 1051 3011 Ed.
1069 2988 1077 3010 Ι1
1099 2994 1143 3016 pro
1160 2987 1257 3016 obtenti,
1275 2987 1338 3017 quod
1355 2987 1423 3011 habet
1440 2988 1547 3016 instituti,
1565 2987 1634 3018 quod.

1073 3018 1091 3031 ¹¹
1110 3019 1179 3047 Epist.
1195 3020 1232 3042 Ἠ.
1251 3019 1315 3047 (31135
1332 3019 1378 3048 28.)
1397 3026 1418 3042 n.
1435 3020 1457 3041 6.

1216 2832 1298 2856 Solent
1322 2833 1387 2861 (50).
1404 2845 1434 2849 —
1456 2834 1511 2855 intra
1538 2835 1590 2861 post
1611 2832 1681 2856 bruta
1699 2833 1750 2855 Vat.
1768 2832 1850 2855 omittit
