<?xml version="1.0" encoding="UTF-8"?>
<!DOCTYPE html PUBLIC "-//W3C//DTD XHTML 1.0 Transitional//EN"
    "http://www.w3.org/TR/xhtml1/DTD/xhtml1-transitional.dtd">
<html xmlns="http://www.w3.org/1999/xhtml" xml:lang="en" lang="en">
 <head>
  <title>
</title>
<meta http-equiv="Content-Type" content="text/html;charset=utf-8" />
  <meta name='ocr-system' content='tesseract 3.04.00' />
  <meta name='ocr-capabilities' content='ocr_page ocr_carea ocr_par ocr_line ocrx_word'/>
</head>
<body>
  <div class='ocr_page' id='page_1' title='image "./doctorisseraphic08bona_0379.png"; bbox 0 0 2133 3317; ppageno 0'>
   <div class='ocr_carea' id='block_1_1' title="bbox 0 0 5 544">
    <p class='ocr_par' dir='ltr' id='par_1_1' title="bbox 0 0 5 544">
     <span class='ocr_line' id='line_1_1' title="bbox 0 0 5 544; baseline 0 0"><span class='ocrx_word' id='word_1_1' title='bbox 0 0 5 544; x_wconf 95' lang='lat' dir='ltr'><strong> </strong></span> 
     </span>
    </p>
   </div>
   <div class='ocr_carea' id='block_1_2' title="bbox 0 1653 79 1720">
    <p class='ocr_par' dir='ltr' id='par_1_2' title="bbox 0 1653 79 1720">
     <span class='ocr_line' id='line_1_2' title="bbox 0 1653 78 1681; baseline -0.013 -8"><span class='ocrx_word' id='word_1_2' title='bbox 0 1653 78 1681; x_wconf 69' lang='lat' dir='ltr'><strong>nituntur</strong></span> 
     </span>
     <span class='ocr_line' id='line_1_3' title="bbox 0 1682 79 1696; baseline 0 0"><span class='ocrx_word' id='word_1_3' title='bbox 0 1682 8 1696; x_wconf 83' lang='lat' dir='ltr'><strong>n</strong></span> <span class='ocrx_word' id='word_1_4' title='bbox 13 1682 79 1696; x_wconf 66' lang='lat' dir='ltr'><strong>aerci-</strong></span> 
     </span>
     <span class='ocr_line' id='line_1_4' title="bbox 0 1700 78 1720; baseline -0.013 0"><span class='ocrx_word' id='word_1_5' title='bbox 0 1700 78 1720; x_wconf 68' lang='lat' dir='ltr'><strong>immin.</strong></span> 
     </span>
    </p>
   </div>
   <div class='ocr_carea' id='block_1_3' title="bbox 0 1933 68 1977">
    <p class='ocr_par' dir='ltr' id='par_1_3' title="bbox 0 1933 68 1977">
     <span class='ocr_line' id='line_1_5' title="bbox 0 1933 68 1977; baseline 0.015 -1"><span class='ocrx_word' id='word_1_6' title='bbox 0 1933 68 1977; x_wconf 58' lang='lat' dir='ltr'><strong>{iffi}</strong></span> 
     </span>
    </p>
   </div>
   <div class='ocr_carea' id='block_1_4' title="bbox 0 2303 72 2323">
    <p class='ocr_par' dir='ltr' id='par_1_4' title="bbox 0 2303 72 2323">
     <span class='ocr_line' id='line_1_6' title="bbox 0 2303 72 2323; baseline 0 0"><span class='ocrx_word' id='word_1_7' title='bbox 0 2303 72 2323; x_wconf 72' lang='lat' dir='ltr'><strong>andum.</strong></span> 
     </span>
    </p>
   </div>
   <div class='ocr_carea' id='block_1_5' title="bbox 562 215 1357 247">
    <p class='ocr_par' dir='ltr' id='par_1_5' title="bbox 562 215 1357 247">
     <span class='ocr_line' id='line_1_7' title="bbox 562 215 1357 247; baseline 0.005 -4"><span class='ocrx_word' id='word_1_8' title='bbox 562 215 758 244; x_wconf 86' lang='lat' dir='ltr'>OPUSCULUM</span> <span class='ocrx_word' id='word_1_9' title='bbox 778 216 820 244; x_wconf 83' lang='lat' dir='ltr'><strong>XI.</strong></span> <span class='ocrx_word' id='word_1_10' title='bbox 842 216 1003 246; x_wconf 74' lang='lat' dir='ltr'><strong>APOLOGIA</strong></span> <span class='ocrx_word' id='word_1_11' title='bbox 1024 217 1205 246; x_wconf 78' lang='lat' dir='ltr'><strong>PAUPERUM.</strong></span> <span class='ocrx_word' id='word_1_12' title='bbox 1227 218 1294 247; x_wconf 65' lang='lat' dir='ltr'><strong>CAP.</strong></span> <span class='ocrx_word' id='word_1_13' title='bbox 1318 218 1357 247; x_wconf 79' lang='lat'><strong>111.</strong></span> 
     </span>
    </p>
   </div>
   <div class='ocr_carea' id='block_1_6' title="bbox 87 292 935 2336">
    <p class='ocr_par' dir='ltr' id='par_1_6' title="bbox 87 292 935 1581">
     <span class='ocr_line' id='line_1_8' title="bbox 87 292 930 333; baseline -0.004 -10"><span class='ocrx_word' id='word_1_14' title='bbox 87 294 176 333; x_wconf 90' lang='lat' dir='ltr'><strong>prima</strong></span> <span class='ocrx_word' id='word_1_15' title='bbox 206 293 335 330; x_wconf 78' lang='lat' dir='ltr'>proponit</span> <span class='ocrx_word' id='word_1_16' title='bbox 359 296 391 321; x_wconf 94' lang='lat' dir='ltr'><strong>ut</strong></span> <span class='ocrx_word' id='word_1_17' title='bbox 418 292 547 321; x_wconf 80' lang='lat' dir='ltr'><strong>vovenda</strong></span> <span class='ocrx_word' id='word_1_18' title='bbox 578 295 710 329; x_wconf 83' lang='lat' dir='ltr'><strong>tanquam</strong></span> <span class='ocrx_word' id='word_1_19' title='bbox 735 292 930 327; x_wconf 88' lang='lat' dir='ltr'><strong>fundamenta,</strong></span> 
     </span>
     <span class='ocr_line' id='line_1_9' title="bbox 87 338 931 376; baseline -0.002 -6"><span class='ocrx_word' id='word_1_20' title='bbox 87 342 179 371; x_wconf 88' lang='lat' dir='ltr'><strong>dicens</strong></span> <span class='ocrx_word' id='word_1_21' title='bbox 191 341 217 368; x_wconf 76' lang='lat'><strong>¹:</strong></span> <span class='ocrx_word' id='word_1_22' title='bbox 243 351 257 364; x_wconf 72' lang='grc' dir='ltr'>α</span> <span class='ocrx_word' id='word_1_23' title='bbox 269 339 371 376; x_wconf 83' lang='lat' dir='ltr'><strong>Regula</strong></span> <span class='ocrx_word' id='word_1_24' title='bbox 384 342 412 368; x_wconf 92' lang='lat' dir='ltr'><strong>et</strong></span> <span class='ocrx_word' id='word_1_25' title='bbox 426 339 482 367; x_wconf 90' lang='lat' dir='ltr'><strong>vita</strong></span> <span class='ocrx_word' id='word_1_26' title='bbox 502 339 639 367; x_wconf 91' lang='lat' dir='ltr'><strong>Minorum</strong></span> <span class='ocrx_word' id='word_1_27' title='bbox 654 338 779 367; x_wconf 80' lang='lat' dir='ltr'>Fratrum</span> <span class='ocrx_word' id='word_1_28' title='bbox 799 339 867 367; x_wconf 87' lang='lat' dir='ltr'><strong>haec</strong></span> <span class='ocrx_word' id='word_1_29' title='bbox 881 342 931 373; x_wconf 88' lang='lat' dir='ltr'><strong>est,</strong></span> 
     </span>
     <span class='ocr_line' id='line_1_10' title="bbox 88 385 931 422; baseline -0.005 -5"><span class='ocrx_word' id='word_1_30' title='bbox 88 387 190 418; x_wconf 89' lang='lat' dir='ltr'><strong>scilicet</strong></span> <span class='ocrx_word' id='word_1_31' title='bbox 201 386 306 415; x_wconf 88' lang='lat' dir='ltr'><strong>Domini</strong></span> <span class='ocrx_word' id='word_1_32' title='bbox 319 385 405 414; x_wconf 81' lang='lat' dir='ltr'>nostri</span> <span class='ocrx_word' id='word_1_33' title='bbox 422 385 481 414; x_wconf 89' lang='lat' dir='ltr'><strong>lesu</strong></span> <span class='ocrx_word' id='word_1_34' title='bbox 496 385 596 414; x_wconf 79' lang='lat' dir='ltr'><strong>Christi</strong></span> <span class='ocrx_word' id='word_1_35' title='bbox 613 387 739 413; x_wconf 87' lang='lat' dir='ltr'><strong>sanctum</strong></span> <span class='ocrx_word' id='word_1_36' title='bbox 754 385 931 422; x_wconf 88' lang='lat' dir='ltr'><strong>Evangelium</strong></span> 
     </span>
     <span class='ocr_line' id='line_1_11' title="bbox 87 431 933 468; baseline -0.006 -4"><span class='ocrx_word' id='word_1_37' title='bbox 87 435 250 466; x_wconf 91' lang='lat' dir='ltr'><strong>observare,</strong></span> <span class='ocrx_word' id='word_1_38' title='bbox 286 431 402 461; x_wconf 90' lang='lat' dir='ltr'><strong>vivendo</strong></span> <span class='ocrx_word' id='word_1_39' title='bbox 429 431 457 460; x_wconf 92' lang='lat' dir='ltr'><strong>in</strong></span> <span class='ocrx_word' id='word_1_40' title='bbox 485 431 651 465; x_wconf 78' lang='lat' dir='ltr'><strong>obedientia,</strong></span> <span class='ocrx_word' id='word_1_41' title='bbox 673 431 731 460; x_wconf 91' lang='lat' dir='ltr'><strong>sine</strong></span> <span class='ocrx_word' id='word_1_42' title='bbox 759 431 872 468; x_wconf 92' lang='lat' dir='ltr'><strong>proprio</strong></span> <span class='ocrx_word' id='word_1_43' title='bbox 905 434 933 460; x_wconf 90' lang='lat' dir='ltr'><strong>et</strong></span> 
     </span>
     <span class='ocr_line' id='line_1_12' title="bbox 87 477 932 515; baseline -0.006 -5"><span class='ocrx_word' id='word_1_44' title='bbox 87 482 115 511; x_wconf 93' lang='lat' dir='ltr'><strong>in</strong></span> <span class='ocrx_word' id='word_1_45' title='bbox 135 479 258 510; x_wconf 86' lang='lat' dir='ltr'><strong>castitate</strong></span> <span class='ocrx_word' id='word_1_46' title='bbox 272 490 299 507; x_wconf 82' lang='lat'><strong>».</strong></span> <span class='ocrx_word' id='word_1_47' title='bbox 322 478 378 507; x_wconf 73' lang='lat' dir='ltr'><strong>Alia</strong></span> <span class='ocrx_word' id='word_1_48' title='bbox 399 486 465 507; x_wconf 90' lang='lat' dir='ltr'><strong>vero</strong></span> <span class='ocrx_word' id='word_1_49' title='bbox 486 478 539 506; x_wconf 91' lang='lat' dir='ltr'><strong>tria</strong></span> <span class='ocrx_word' id='word_1_50' title='bbox 566 477 740 515; x_wconf 86' lang='lat' dir='ltr'><strong>postmodum</strong></span> <span class='ocrx_word' id='word_1_51' title='bbox 768 481 799 506; x_wconf 89' lang='lat' dir='ltr'><strong>ut</strong></span> <span class='ocrx_word' id='word_1_52' title='bbox 824 477 932 506; x_wconf 77' lang='lat' dir='ltr'><strong>deside-</strong></span> 
     </span>
     <span class='ocr_line' id='line_1_13' title="bbox 88 523 931 562; baseline -0.005 -6"><span class='ocrx_word' id='word_1_53' title='bbox 88 527 186 557; x_wconf 84' lang='lat' dir='ltr'><strong>randa</strong></span> <span class='ocrx_word' id='word_1_54' title='bbox 216 525 389 555; x_wconf 79' lang='lat' dir='ltr'>commendat</span> <span class='ocrx_word' id='word_1_55' title='bbox 420 528 552 562; x_wconf 80' lang='lat' dir='ltr'><strong>tanquam</strong></span> <span class='ocrx_word' id='word_1_56' title='bbox 584 524 795 561; x_wconf 87' lang='lat' dir='ltr'><strong>complementa,</strong></span> <span class='ocrx_word' id='word_1_57' title='bbox 823 523 931 552; x_wconf 84' lang='lat' dir='ltr'><strong>dicens:</strong></span> 
     </span>
     <span class='ocr_line' id='line_1_14' title="bbox 92 570 932 608; baseline -0.001 -9"><span class='ocrx_word' id='word_1_58' title='bbox 92 585 106 599; x_wconf 67' lang='grc' dir='ltr'><strong>α</strong></span> <span class='ocrx_word' id='word_1_59' title='bbox 120 572 264 602; x_wconf 81' lang='lat' dir='ltr'><strong>Attendant</strong></span> <span class='ocrx_word' id='word_1_60' title='bbox 291 572 404 605; x_wconf 88' lang='lat' dir='ltr'><strong>fratres,</strong></span> <span class='ocrx_word' id='word_1_61' title='bbox 432 570 507 608; x_wconf 88' lang='lat' dir='ltr'><strong>quod</strong></span> <span class='ocrx_word' id='word_1_62' title='bbox 538 578 622 607; x_wconf 89' lang='lat' dir='ltr'><strong>super</strong></span> <span class='ocrx_word' id='word_1_63' title='bbox 653 570 745 599; x_wconf 89' lang='lat' dir='ltr'><strong>omnia</strong></span> <span class='ocrx_word' id='word_1_64' title='bbox 775 570 932 599; x_wconf 89' lang='lat' dir='ltr'><strong>desiderare</strong></span> 
     </span>
     <span class='ocr_line' id='line_1_15' title="bbox 87 617 933 654; baseline -0.005 -5"><span class='ocrx_word' id='word_1_65' title='bbox 87 620 186 649; x_wconf 86' lang='lat' dir='ltr'><strong>debent</strong></span> <span class='ocrx_word' id='word_1_66' title='bbox 207 618 310 647; x_wconf 87' lang='lat' dir='ltr'><strong>habere</strong></span> <span class='ocrx_word' id='word_1_67' title='bbox 331 617 459 654; x_wconf 88' lang='lat' dir='ltr'><strong>spiritum</strong></span> <span class='ocrx_word' id='word_1_68' title='bbox 482 617 588 646; x_wconf 86' lang='lat' dir='ltr'><strong>Domini</strong></span> <span class='ocrx_word' id='word_1_69' title='bbox 610 620 638 646; x_wconf 89' lang='lat' dir='ltr'><strong>et</strong></span> <span class='ocrx_word' id='word_1_70' title='bbox 658 620 780 646; x_wconf 82' lang='lat' dir='ltr'><strong>sanctam</strong></span> <span class='ocrx_word' id='word_1_71' title='bbox 795 617 855 646; x_wconf 92' lang='lat' dir='ltr'><strong>eius</strong></span> <span class='ocrx_word' id='word_1_72' title='bbox 868 624 933 653; x_wconf 91' lang='lat' dir='ltr'><strong>ope-</strong></span> 
     </span>
     <span class='ocr_line' id='line_1_16' title="bbox 87 663 933 701; baseline -0.004 -6"><span class='ocrx_word' id='word_1_73' title='bbox 87 666 235 699; x_wconf 81' lang='lat' dir='ltr'><strong>rationem,</strong></span> <span class='ocrx_word' id='word_1_74' title='bbox 256 672 338 693; x_wconf 88' lang='lat' dir='ltr'><strong>orare</strong></span> <span class='ocrx_word' id='word_1_75' title='bbox 358 671 467 701; x_wconf 79' lang='lat' dir='ltr'>semper</span> <span class='ocrx_word' id='word_1_76' title='bbox 498 664 531 692; x_wconf 84' lang='lat' dir='ltr'><strong>ad</strong></span> <span class='ocrx_word' id='word_1_77' title='bbox 563 664 651 692; x_wconf 91' lang='lat' dir='ltr'><strong>Deum</strong></span> <span class='ocrx_word' id='word_1_78' title='bbox 678 671 750 700; x_wconf 90' lang='lat' dir='ltr'><strong>puro</strong></span> <span class='ocrx_word' id='word_1_79' title='bbox 777 663 875 698; x_wconf 91' lang='lat' dir='ltr'><strong>corde,</strong></span> <span class='ocrx_word' id='word_1_80' title='bbox 906 665 933 692; x_wconf 87' lang='lat' dir='ltr'><strong>et</strong></span> 
     </span>
     <span class='ocr_line' id='line_1_17' title="bbox 88 710 933 747; baseline -0.004 -6"><span class='ocrx_word' id='word_1_81' title='bbox 88 712 190 742; x_wconf 88' lang='lat' dir='ltr'><strong>habere</strong></span> <span class='ocrx_word' id='word_1_82' title='bbox 211 711 395 740; x_wconf 84' lang='lat' dir='ltr'><strong>humilitatem</strong></span> <span class='ocrx_word' id='word_1_83' title='bbox 422 714 450 739; x_wconf 86' lang='lat' dir='ltr'><strong>et</strong></span> <span class='ocrx_word' id='word_1_84' title='bbox 470 710 628 747; x_wconf 89' lang='lat' dir='ltr'><strong>patientiam</strong></span> <span class='ocrx_word' id='word_1_85' title='bbox 650 710 677 738; x_wconf 86' lang='lat' dir='ltr'><strong>in</strong></span> <span class='ocrx_word' id='word_1_86' title='bbox 693 710 885 747; x_wconf 88' lang='lat' dir='ltr'><strong>persecutione</strong></span> <span class='ocrx_word' id='word_1_87' title='bbox 906 713 933 738; x_wconf 88' lang='lat' dir='ltr'><strong>et</strong></span> 
     </span>
     <span class='ocr_line' id='line_1_18' title="bbox 88 757 933 794; baseline -0.004 -7"><span class='ocrx_word' id='word_1_88' title='bbox 88 758 260 792; x_wconf 86' lang='lat' dir='ltr'><strong>infirmitate,</strong></span> <span class='ocrx_word' id='word_1_89' title='bbox 282 761 309 786; x_wconf 90' lang='lat' dir='ltr'><strong>et</strong></span> <span class='ocrx_word' id='word_1_90' title='bbox 329 757 443 794; x_wconf 88' lang='lat' dir='ltr'><strong>diligere</strong></span> <span class='ocrx_word' id='word_1_91' title='bbox 463 765 510 786; x_wconf 93' lang='lat' dir='ltr'><strong>eos</strong></span> <span class='ocrx_word' id='word_1_92' title='bbox 531 757 578 794; x_wconf 89' lang='lat' dir='ltr'><strong>qui</strong></span> <span class='ocrx_word' id='word_1_93' title='bbox 599 764 649 786; x_wconf 92' lang='lat' dir='ltr'><strong>nos</strong></span> <span class='ocrx_word' id='word_1_94' title='bbox 671 759 880 794; x_wconf 89' lang='lat' dir='ltr'><strong>persequuntur</strong></span> <span class='ocrx_word' id='word_1_95' title='bbox 906 758 933 785; x_wconf 91' lang='lat' dir='ltr'><strong>et</strong></span> 
     </span>
     <span class='ocr_line' id='line_1_19' title="bbox 88 803 932 843; baseline -0.004 -9"><span class='ocrx_word' id='word_1_96' title='bbox 88 804 296 843; x_wconf 87' lang='lat' dir='ltr'><strong>reprehendunt</strong></span> <span class='ocrx_word' id='word_1_97' title='bbox 316 807 343 833; x_wconf 90' lang='lat' dir='ltr'><strong>et</strong></span> <span class='ocrx_word' id='word_1_98' title='bbox 363 807 486 841; x_wconf 87' lang='lat' dir='ltr'><strong>arguunt</strong></span> <span class='ocrx_word' id='word_1_99' title='bbox 500 814 527 838; x_wconf 75' lang='grc' dir='ltr'><strong>»ς</strong></span> <span class='ocrx_word' id='word_1_100' title='bbox 549 804 596 832; x_wconf 92' lang='lat' dir='ltr'><strong>ubi</strong></span> <span class='ocrx_word' id='word_1_101' title='bbox 612 803 658 832; x_wconf 92' lang='lat' dir='ltr'><strong>illa</strong></span> <span class='ocrx_word' id='word_1_102' title='bbox 679 803 731 832; x_wconf 91' lang='lat' dir='ltr'><strong>tria</strong></span> <span class='ocrx_word' id='word_1_103' title='bbox 749 803 844 840; x_wconf 87' lang='lat' dir='ltr'><strong>tangit.</strong></span> <span class='ocrx_word' id='word_1_104' title='bbox 866 803 932 831; x_wconf 89' lang='lat' dir='ltr'><strong>Nam</strong></span> 
     </span>
     <span class='ocr_line' id='line_1_20' title="bbox 87 850 933 889; baseline -0.002 -9"><span class='ocrx_word' id='word_1_105' title='bbox 87 851 237 889; x_wconf 88' lang='lat' dir='ltr'><strong>praemittit</strong></span> <span class='ocrx_word' id='word_1_106' title='bbox 258 851 523 880; x_wconf 78' lang='lat' dir='ltr'><strong>sursumactionem</strong></span> <span class='ocrx_word' id='word_1_107' title='bbox 545 850 576 878; x_wconf 89' lang='lat' dir='ltr'><strong>in</strong></span> <span class='ocrx_word' id='word_1_108' title='bbox 598 850 705 884; x_wconf 81' lang='lat' dir='ltr'><strong>Deum,</strong></span> <span class='ocrx_word' id='word_1_109' title='bbox 727 850 870 887; x_wconf 92' lang='lat' dir='ltr'><strong>subiungit</strong></span> <span class='ocrx_word' id='word_1_110' title='bbox 890 850 933 878; x_wconf 93' lang='lat' dir='ltr'><strong>ul-</strong></span> 
     </span>
     <span class='ocr_line' id='line_1_21' title="bbox 88 896 932 934; baseline -0.004 -6"><span class='ocrx_word' id='word_1_111' title='bbox 88 899 153 928; x_wconf 88' lang='lat' dir='ltr'><strong>timo</strong></span> <span class='ocrx_word' id='word_1_112' title='bbox 180 898 445 927; x_wconf 75' lang='lat' dir='ltr'><strong>condescensionem</strong></span> <span class='ocrx_word' id='word_1_113' title='bbox 468 898 509 926; x_wconf 76' lang='lat' dir='ltr'><strong>ad</strong></span> <span class='ocrx_word' id='word_1_114' title='bbox 526 897 712 934; x_wconf 75' lang='lat' dir='ltr'><strong>proximum,</strong></span> <span class='ocrx_word' id='word_1_115' title='bbox 734 896 884 934; x_wconf 84' lang='lat' dir='ltr'><strong>interponit</strong></span> <span class='ocrx_word' id='word_1_116' title='bbox 905 896 932 925; x_wconf 91' lang='lat' dir='ltr'><strong>in</strong></span> 
     </span>
     <span class='ocr_line' id='line_1_22' title="bbox 87 943 933 981; baseline -0.002 -7"><span class='ocrx_word' id='word_1_117' title='bbox 87 945 175 975; x_wconf 89' lang='lat' dir='ltr'><strong>medio</strong></span> <span class='ocrx_word' id='word_1_118' title='bbox 194 944 379 973; x_wconf 77' lang='lat' dir='ltr'><strong>tolerantiam</strong></span> <span class='ocrx_word' id='word_1_119' title='bbox 393 944 595 973; x_wconf 78' lang='lat' dir='ltr'><strong>adversorum.</strong></span> <span class='ocrx_word' id='word_1_120' title='bbox 611 944 697 981; x_wconf 82' lang='lat' dir='ltr'><strong>Igitur</strong></span> <span class='ocrx_word' id='word_1_121' title='bbox 718 944 744 972; x_wconf 91' lang='lat' dir='ltr'><strong>in</strong></span> <span class='ocrx_word' id='word_1_122' title='bbox 767 943 857 972; x_wconf 89' lang='lat' dir='ltr'><strong>tribus</strong></span> <span class='ocrx_word' id='word_1_123' title='bbox 876 943 933 980; x_wconf 91' lang='lat' dir='ltr'><strong>pri—</strong></span> 
     </span>
     <span class='ocr_line' id='line_1_23' title="bbox 87 990 932 1028; baseline -0.002 -8"><span class='ocrx_word' id='word_1_124' title='bbox 87 991 140 1021; x_wconf 89' lang='lat' dir='ltr'><strong>mis</strong></span> <span class='ocrx_word' id='word_1_125' title='bbox 160 991 203 1020; x_wconf 90' lang='lat' dir='ltr'><strong>vir</strong></span> <span class='ocrx_word' id='word_1_126' title='bbox 233 991 372 1028; x_wconf 88' lang='lat' dir='ltr'><strong>perfectus</strong></span> <span class='ocrx_word' id='word_1_127' title='bbox 402 990 575 1027; x_wconf 88' lang='lat' dir='ltr'><strong>crucifigitur</strong></span> <span class='ocrx_word' id='word_1_128' title='bbox 607 990 709 1019; x_wconf 90' lang='lat' dir='ltr'><strong>mundo</strong></span> <span class='ocrx_word' id='word_1_129' title='bbox 721 990 741 1024; x_wconf 74' lang='lat'><strong>2,</strong></span> <span class='ocrx_word' id='word_1_130' title='bbox 773 990 863 1019; x_wconf 88' lang='lat' dir='ltr'><strong>tribus</strong></span> <span class='ocrx_word' id='word_1_131' title='bbox 890 997 932 1018; x_wconf 91' lang='lat' dir='ltr'><strong>se-</strong></span> 
     </span>
     <span class='ocr_line' id='line_1_24' title="bbox 87 1036 933 1076; baseline -0.004 -9"><span class='ocrx_word' id='word_1_132' title='bbox 87 1037 236 1076; x_wconf 90' lang='lat' dir='ltr'><strong>quentibus</strong></span> <span class='ocrx_word' id='word_1_133' title='bbox 257 1037 405 1066; x_wconf 86' lang='lat' dir='ltr'><strong>conformis</strong></span> <span class='ocrx_word' id='word_1_134' title='bbox 425 1037 545 1066; x_wconf 86' lang='lat' dir='ltr'><strong>efficitur</strong></span> <span class='ocrx_word' id='word_1_135' title='bbox 566 1037 640 1070; x_wconf 89' lang='lat' dir='ltr'><strong>Deo,</strong></span> <span class='ocrx_word' id='word_1_136' title='bbox 661 1039 693 1065; x_wconf 91' lang='lat' dir='ltr'><strong>ut</strong></span> <span class='ocrx_word' id='word_1_137' title='bbox 714 1036 791 1073; x_wconf 85' lang='lat' dir='ltr'><strong>quasi</strong></span> <span class='ocrx_word' id='word_1_138' title='bbox 814 1044 864 1065; x_wconf 82' lang='lat' dir='ltr'><strong>sex</strong></span> <span class='ocrx_word' id='word_1_139' title='bbox 882 1036 933 1065; x_wconf 92' lang='lat' dir='ltr'><strong>alis</strong></span> 
     </span>
     <span class='ocr_line' id='line_1_25' title="bbox 87 1083 930 1122; baseline -0.005 -7"><span class='ocrx_word' id='word_1_140' title='bbox 87 1085 239 1122; x_wconf 90' lang='lat' dir='ltr'><strong>seraphicis</strong></span> <span class='ocrx_word' id='word_1_141' title='bbox 259 1093 275 1113; x_wconf 89' lang='lat' dir='ltr'><strong>a</strong></span> <span class='ocrx_word' id='word_1_142' title='bbox 288 1084 476 1113; x_wconf 85' lang='lat' dir='ltr'><strong>mundialibus</strong></span> <span class='ocrx_word' id='word_1_143' title='bbox 489 1083 614 1112; x_wconf 84' lang='lat' dir='ltr'><strong>elevetur</strong></span> <span class='ocrx_word' id='word_1_144' title='bbox 629 1086 656 1112; x_wconf 91' lang='lat' dir='ltr'><strong>et</strong></span> <span class='ocrx_word' id='word_1_145' title='bbox 670 1083 698 1112; x_wconf 90' lang='lat' dir='ltr'><strong>in</strong></span> <span class='ocrx_word' id='word_1_146' title='bbox 713 1083 805 1112; x_wconf 91' lang='lat' dir='ltr'><strong>divina</strong></span> <span class='ocrx_word' id='word_1_147' title='bbox 815 1083 930 1112; x_wconf 88' lang='lat' dir='ltr'><strong>feratur.</strong></span> 
     </span>
     <span class='ocr_line' id='line_1_26' title="bbox 87 1129 932 1169; baseline -0.004 -8"><span class='ocrx_word' id='word_1_148' title='bbox 87 1132 172 1169; x_wconf 83' lang='lat' dir='ltr'><strong>Digne</strong></span> <span class='ocrx_word' id='word_1_149' title='bbox 192 1131 308 1169; x_wconf 91' lang='lat' dir='ltr'><strong>proinde</strong></span> <span class='ocrx_word' id='word_1_150' title='bbox 328 1131 394 1160; x_wconf 88' lang='lat' dir='ltr'><strong>huic</strong></span> <span class='ocrx_word' id='word_1_151' title='bbox 414 1130 584 1168; x_wconf 90' lang='lat' dir='ltr'><strong>pauperculo</strong></span> <span class='ocrx_word' id='word_1_152' title='bbox 605 1138 699 1164; x_wconf 88' lang='lat' dir='ltr'><strong>sacr0‚</strong></span> <span class='ocrx_word' id='word_1_153' title='bbox 721 1130 768 1167; x_wconf 91' lang='lat' dir='ltr'><strong>qui</strong></span> <span class='ocrx_word' id='word_1_154' title='bbox 788 1129 932 1167; x_wconf 87' lang='lat' dir='ltr'><strong>perfectio-</strong></span> 
     </span>
     <span class='ocr_line' id='line_1_27' title="bbox 87 1177 932 1215; baseline -0.004 -8"><span class='ocrx_word' id='word_1_155' title='bbox 87 1186 150 1208; x_wconf 90' lang='lat' dir='ltr'><strong>nem</strong></span> <span class='ocrx_word' id='word_1_156' title='bbox 172 1177 308 1215; x_wconf 85' lang='lat' dir='ltr'><strong>Evangelii</strong></span> <span class='ocrx_word' id='word_1_157' title='bbox 329 1178 449 1215; x_wconf 85' lang='lat' dir='ltr'><strong>perfecte</strong></span> <span class='ocrx_word' id='word_1_158' title='bbox 470 1177 592 1206; x_wconf 87' lang='lat' dir='ltr'><strong>servavit</strong></span> <span class='ocrx_word' id='word_1_159' title='bbox 612 1180 640 1206; x_wconf 91' lang='lat' dir='ltr'><strong>et</strong></span> <span class='ocrx_word' id='word_1_160' title='bbox 659 1177 769 1210; x_wconf 89' lang='lat' dir='ltr'><strong>docuit,</strong></span> <span class='ocrx_word' id='word_1_161' title='bbox 791 1177 817 1205; x_wconf 91' lang='lat' dir='ltr'><strong>in</strong></span> <span class='ocrx_word' id='word_1_162' title='bbox 848 1184 932 1213; x_wconf 88' lang='lat' dir='ltr'><strong>appa-</strong></span> 
     </span>
     <span class='ocr_line' id='line_1_28' title="bbox 87 1223 932 1261; baseline -0.004 -7"><span class='ocrx_word' id='word_1_163' title='bbox 87 1225 186 1254; x_wconf 88' lang='lat' dir='ltr'><strong>ritione</strong></span> <span class='ocrx_word' id='word_1_164' title='bbox 207 1224 351 1261; x_wconf 86' lang='lat' dir='ltr'><strong>seraphica</strong></span> <span class='ocrx_word' id='word_1_165' title='bbox 371 1224 499 1261; x_wconf 89' lang='lat' dir='ltr'><strong>stigmata</strong></span> <span class='ocrx_word' id='word_1_166' title='bbox 519 1232 569 1252; x_wconf 90' lang='lat' dir='ltr'><strong>sua</strong></span> <span class='ocrx_word' id='word_1_167' title='bbox 591 1226 721 1261; x_wconf 86' lang='lat' dir='ltr'><strong>tanquam</strong></span> <span class='ocrx_word' id='word_1_168' title='bbox 743 1223 864 1260; x_wconf 89' lang='lat' dir='ltr'><strong>sigillum</strong></span> <span class='ocrx_word' id='word_1_169' title='bbox 884 1231 932 1260; x_wconf 90' lang='lat' dir='ltr'><strong>ap-</strong></span> 
     </span>
     <span class='ocr_line' id='line_1_29' title="bbox 88 1269 932 1309; baseline -0.004 -8"><span class='ocrx_word' id='word_1_170' title='bbox 88 1271 264 1309; x_wconf 89' lang='lat' dir='ltr'><strong>probativum</strong></span> <span class='ocrx_word' id='word_1_171' title='bbox 285 1271 412 1300; x_wconf 90' lang='lat' dir='ltr'><strong>Christus</strong></span> <span class='ocrx_word' id='word_1_172' title='bbox 433 1271 573 1307; x_wconf 83' lang='lat' dir='ltr'><strong>impressit</strong></span> <span class='ocrx_word' id='word_1_173' title='bbox 586 1270 606 1304; x_wconf 81' lang='lat'><strong>³,</strong></span> <span class='ocrx_word' id='word_1_174' title='bbox 628 1273 660 1299; x_wconf 87' lang='lat' dir='ltr'><strong>ut</strong></span> <span class='ocrx_word' id='word_1_175' title='bbox 681 1273 777 1299; x_wconf 89' lang='lat' dir='ltr'><strong>contra</strong></span> <span class='ocrx_word' id='word_1_176' title='bbox 808 1269 932 1298; x_wconf 85' lang='lat' dir='ltr'><strong>finalium</strong></span> 
     </span>
     <span class='ocr_line' id='line_1_30' title="bbox 88 1316 932 1355; baseline -0.004 -8"><span class='ocrx_word' id='word_1_177' title='bbox 88 1322 244 1355; x_wconf 89' lang='lat' dir='ltr'><strong>temporum</strong></span> <span class='ocrx_word' id='word_1_178' title='bbox 265 1318 450 1355; x_wconf 86' lang='lat' dir='ltr'><strong>periculosam</strong></span> <span class='ocrx_word' id='word_1_179' title='bbox 478 1317 621 1354; x_wconf 88' lang='lat' dir='ltr'><strong>caliginem</strong></span> <span class='ocrx_word' id='word_1_180' title='bbox 649 1316 824 1345; x_wconf 83' lang='lat' dir='ltr'><strong>manifestum</strong></span> <span class='ocrx_word' id='word_1_181' title='bbox 854 1316 932 1345; x_wconf 92' lang='lat' dir='ltr'><strong>nobis</strong></span> 
     </span>
     <span class='ocr_line' id='line_1_31' title="bbox 88 1363 933 1402; baseline -0.004 -8"><span class='ocrx_word' id='word_1_182' title='bbox 88 1365 116 1394; x_wconf 91' lang='lat' dir='ltr'><strong>in</strong></span> <span class='ocrx_word' id='word_1_183' title='bbox 136 1365 180 1394; x_wconf 81' lang='lat' dir='ltr'><strong>via</strong></span> <span class='ocrx_word' id='word_1_184' title='bbox 200 1364 375 1402; x_wconf 90' lang='lat' dir='ltr'><strong>perfectionis</strong></span> <span class='ocrx_word' id='word_1_185' title='bbox 404 1364 562 1393; x_wconf 88' lang='lat' dir='ltr'><strong>ostenderet</strong></span> <span class='ocrx_word' id='word_1_186' title='bbox 582 1364 707 1400; x_wconf 84' lang='lat' dir='ltr'><strong>signum,</strong></span> <span class='ocrx_word' id='word_1_187' title='bbox 735 1371 791 1400; x_wconf 91' lang='lat' dir='ltr'><strong>quo</strong></span> <span class='ocrx_word' id='word_1_188' title='bbox 818 1363 933 1392; x_wconf 91' lang='lat' dir='ltr'><strong>reduce-</strong></span> 
     </span>
     <span class='ocr_line' id='line_1_32' title="bbox 89 1410 935 1448; baseline -0.004 -7"><span class='ocrx_word' id='word_1_189' title='bbox 89 1419 185 1441; x_wconf 85' lang='lat' dir='ltr'><strong>remur</strong></span> <span class='ocrx_word' id='word_1_190' title='bbox 205 1411 233 1440; x_wconf 90' lang='lat' dir='ltr'><strong>in</strong></span> <span class='ocrx_word' id='word_1_191' title='bbox 262 1411 403 1440; x_wconf 85' lang='lat' dir='ltr'><strong>Christum</strong></span> <span class='ocrx_word' id='word_1_192' title='bbox 431 1410 568 1448; x_wconf 83' lang='lat' dir='ltr'><strong>perfectae</strong></span> <span class='ocrx_word' id='word_1_193' title='bbox 596 1410 708 1439; x_wconf 89' lang='lat' dir='ltr'><strong>virtutis</strong></span> <span class='ocrx_word' id='word_1_194' title='bbox 736 1410 879 1447; x_wconf 87' lang='lat' dir='ltr'><strong>exemplar</strong></span> <span class='ocrx_word' id='word_1_195' title='bbox 907 1412 935 1438; x_wconf 90' lang='lat' dir='ltr'><strong>et</strong></span> 
     </span>
     <span class='ocr_line' id='line_1_33' title="bbox 88 1456 933 1495; baseline -0.004 -7"><span class='ocrx_word' id='word_1_196' title='bbox 88 1459 170 1488; x_wconf 87' lang='lat' dir='ltr'><strong>finem</strong></span> <span class='ocrx_word' id='word_1_197' title='bbox 192 1466 223 1487; x_wconf 84' lang='lat' dir='ltr'><strong>ac</strong></span> <span class='ocrx_word' id='word_1_198' title='bbox 243 1466 293 1495; x_wconf 91' lang='lat' dir='ltr'><strong>per</strong></span> <span class='ocrx_word' id='word_1_199' title='bbox 315 1458 367 1486; x_wconf 93' lang='lat' dir='ltr'><strong>hoc</strong></span> <span class='ocrx_word' id='word_1_200' title='bbox 387 1457 551 1486; x_wconf 86' lang='lat' dir='ltr'><strong>doceremur</strong></span> <span class='ocrx_word' id='word_1_201' title='bbox 572 1457 606 1485; x_wconf 91' lang='lat' dir='ltr'><strong>ad</strong></span> <span class='ocrx_word' id='word_1_202' title='bbox 630 1456 825 1494; x_wconf 83' lang='lat' dir='ltr'><strong>perfectionem</strong></span> <span class='ocrx_word' id='word_1_203' title='bbox 851 1457 933 1485; x_wconf 87' lang='lat' dir='ltr'><strong>attin-</strong></span> 
     </span>
     <span class='ocr_line' id='line_1_34' title="bbox 88 1502 934 1543; baseline -0.002 -9"><span class='ocrx_word' id='word_1_204' title='bbox 88 1513 168 1543; x_wconf 86' lang='lat' dir='ltr'><strong>gere,</strong></span> <span class='ocrx_word' id='word_1_205' title='bbox 190 1504 212 1533; x_wconf 91' lang='lat' dir='ltr'><strong>si</strong></span> <span class='ocrx_word' id='word_1_206' title='bbox 234 1507 325 1533; x_wconf 88' lang='lat' dir='ltr'><strong>tamen</strong></span> <span class='ocrx_word' id='word_1_207' title='bbox 346 1504 484 1533; x_wconf 84' lang='lat' dir='ltr'><strong>discamus</strong></span> <span class='ocrx_word' id='word_1_208' title='bbox 504 1512 563 1532; x_wconf 82' lang='lat' dir='ltr'><strong>non</strong></span> <span class='ocrx_word' id='word_1_209' title='bbox 583 1503 646 1532; x_wconf 82' lang='lat' dir='ltr'><strong>alta</strong></span> <span class='ocrx_word' id='word_1_210' title='bbox 665 1512 784 1540; x_wconf 79' lang='lat' dir='ltr'><strong>sapere,</strong></span> <span class='ocrx_word' id='word_1_211' title='bbox 806 1503 856 1532; x_wconf 80' lang='lat' dir='ltr'><strong>sed</strong></span> <span class='ocrx_word' id='word_1_212' title='bbox 881 1502 934 1532; x_wconf 76' lang='lat' dir='ltr'><strong>hu-</strong></span> 
     </span>
     <span class='ocr_line' id='line_1_35' title="bbox 88 1551 418 1581; baseline -0.003 -1"><span class='ocrx_word' id='word_1_213' title='bbox 88 1551 206 1581; x_wconf 75' lang='lat' dir='ltr'><strong>milibus</strong></span> <span class='ocrx_word' id='word_1_214' title='bbox 226 1551 384 1580; x_wconf 73' lang='lat' dir='ltr'><strong>consentire</strong></span> <span class='ocrx_word' id='word_1_215' title='bbox 397 1552 418 1579; x_wconf 67' lang='lat'><strong>4.</strong></span> 
     </span>
    </p>

    <p class='ocr_par' dir='ltr' id='par_1_7' title="bbox 87 1597 935 2336">
     <span class='ocr_line' id='line_1_36' title="bbox 170 1597 934 1635; baseline -0.001 -8"><span class='ocrx_word' id='word_1_216' title='bbox 170 1600 213 1627; x_wconf 85' lang='grc'><strong>11.</strong></span> <span class='ocrx_word' id='word_1_217' title='bbox 236 1598 304 1627; x_wconf 92' lang='lat' dir='ltr'><strong>Cum</strong></span> <span class='ocrx_word' id='word_1_218' title='bbox 319 1601 412 1627; x_wconf 89' lang='lat' dir='ltr'><strong>autem</strong></span> <span class='ocrx_word' id='word_1_219' title='bbox 427 1598 559 1635; x_wconf 90' lang='lat' dir='ltr'><strong>perfectio</strong></span> <span class='ocrx_word' id='word_1_220' title='bbox 573 1598 744 1635; x_wconf 82' lang='lat' dir='ltr'><strong>evangelica,</strong></span> <span class='ocrx_word' id='word_1_221' title='bbox 764 1597 837 1626; x_wconf 80' lang='lat' dir='ltr'><strong>circa</strong></span> <span class='ocrx_word' id='word_1_222' title='bbox 851 1605 934 1635; x_wconf 88' lang='lat' dir='ltr'><strong>quam</strong></span> 
     </span>
     <span class='ocr_line' id='line_1_37' title="bbox 89 1644 935 1681; baseline -0.002 -6"><span class='ocrx_word' id='word_1_223' title='bbox 89 1653 164 1675; x_wconf 90' lang='lat' dir='ltr'><strong>nunc</strong></span> <span class='ocrx_word' id='word_1_224' title='bbox 185 1653 276 1674; x_wconf 89' lang='lat' dir='ltr'><strong>sermo</strong></span> <span class='ocrx_word' id='word_1_225' title='bbox 296 1647 438 1679; x_wconf 88' lang='lat' dir='ltr'><strong>versatur,</strong></span> <span class='ocrx_word' id='word_1_226' title='bbox 459 1644 486 1673; x_wconf 93' lang='lat' dir='ltr'><strong>in</strong></span> <span class='ocrx_word' id='word_1_227' title='bbox 508 1645 552 1673; x_wconf 89' lang='lat' dir='ltr'><strong>his</strong></span> <span class='ocrx_word' id='word_1_228' title='bbox 572 1652 644 1681; x_wconf 87' lang='lat' dir='ltr'><strong>quae</strong></span> <span class='ocrx_word' id='word_1_229' title='bbox 665 1647 730 1673; x_wconf 91' lang='lat' dir='ltr'><strong>sunt</strong></span> <span class='ocrx_word' id='word_1_230' title='bbox 754 1652 935 1681; x_wconf 87' lang='lat' dir='ltr'><strong>supereroga-</strong></span> 
     </span>
     <span class='ocr_line' id='line_1_38' title="bbox 90 1691 934 1729; baseline -0.002 -7"><span class='ocrx_word' id='word_1_231' title='bbox 90 1692 187 1727; x_wconf 86' lang='lat' dir='ltr'><strong>tionis,</strong></span> <span class='ocrx_word' id='word_1_232' title='bbox 209 1692 244 1721; x_wconf 90' lang='lat' dir='ltr'><strong>sit</strong></span> <span class='ocrx_word' id='word_1_233' title='bbox 264 1692 292 1720; x_wconf 91' lang='lat' dir='ltr'><strong>in</strong></span> <span class='ocrx_word' id='word_1_234' title='bbox 313 1691 542 1729; x_wconf 86' lang='lat' dir='ltr'><strong>praecedentibus</strong></span> <span class='ocrx_word' id='word_1_235' title='bbox 555 1691 566 1708; x_wconf 83' lang='lat'>⁵</span> <span class='ocrx_word' id='word_1_236' title='bbox 589 1694 742 1720; x_wconf 87' lang='lat' dir='ltr'><strong>monstrata</strong></span> <span class='ocrx_word' id='word_1_237' title='bbox 770 1691 934 1726; x_wconf 85' lang='lat' dir='ltr'><strong>consistere,</strong></span> 
     </span>
     <span class='ocr_line' id='line_1_39' title="bbox 89 1738 935 1776; baseline -0.004 -7"><span class='ocrx_word' id='word_1_238' title='bbox 89 1748 121 1770; x_wconf 91' lang='lat' dir='ltr'><strong>ea</strong></span> <span class='ocrx_word' id='word_1_239' title='bbox 141 1747 220 1774; x_wconf 89' lang='lat' dir='ltr'><strong>vero,</strong></span> <span class='ocrx_word' id='word_1_240' title='bbox 243 1747 314 1776; x_wconf 91' lang='lat' dir='ltr'><strong>quae</strong></span> <span class='ocrx_word' id='word_1_241' title='bbox 335 1738 588 1776; x_wconf 85' lang='lat' dir='ltr'><strong>supererogationis</strong></span> <span class='ocrx_word' id='word_1_242' title='bbox 608 1741 689 1773; x_wconf 89' lang='lat' dir='ltr'><strong>sunt,</strong></span> <span class='ocrx_word' id='word_1_243' title='bbox 704 1747 759 1767; x_wconf 93' lang='lat' dir='ltr'><strong>non</strong></span> <span class='ocrx_word' id='word_1_244' title='bbox 780 1739 869 1767; x_wconf 87' lang='lat' dir='ltr'><strong>solum</strong></span> <span class='ocrx_word' id='word_1_245' title='bbox 892 1746 935 1767; x_wconf 90' lang='lat' dir='ltr'><strong>re-</strong></span> 
     </span>
     <span class='ocr_line' id='line_1_40' title="bbox 89 1785 935 1824; baseline -0.002 -9"><span class='ocrx_word' id='word_1_246' title='bbox 89 1787 205 1824; x_wconf 89' lang='lat' dir='ltr'><strong>spiciant</strong></span> <span class='ocrx_word' id='word_1_247' title='bbox 224 1785 296 1814; x_wconf 90' lang='lat' dir='ltr'><strong>dona</strong></span> <span class='ocrx_word' id='word_1_248' title='bbox 320 1785 533 1819; x_wconf 86' lang='lat' dir='ltr'><strong>charismatum,</strong></span> <span class='ocrx_word' id='word_1_249' title='bbox 561 1793 660 1814; x_wconf 83' lang='lat' dir='ltr'><strong>verum</strong></span> <span class='ocrx_word' id='word_1_250' title='bbox 692 1785 773 1814; x_wconf 90' lang='lat' dir='ltr'><strong>etiam</strong></span> <span class='ocrx_word' id='word_1_251' title='bbox 802 1785 935 1814; x_wconf 85' lang='lat' dir='ltr'><strong>exercitia</strong></span> 
     </span>
     <span class='ocr_line' id='line_1_41' title="bbox 88 1831 935 1869; baseline -0.001 -8"><span class='ocrx_word' id='word_1_252' title='bbox 88 1833 242 1867; x_wconf 88' lang='lat' dir='ltr'><strong>virtutum;</strong></span> <span class='ocrx_word' id='word_1_253' title='bbox 263 1832 406 1861; x_wconf 90' lang='lat' dir='ltr'><strong>manifeste</strong></span> <span class='ocrx_word' id='word_1_254' title='bbox 426 1832 578 1869; x_wconf 83' lang='lat' dir='ltr'><strong>colligitur,</strong></span> <span class='ocrx_word' id='word_1_255' title='bbox 599 1831 673 1869; x_wconf 88' lang='lat' dir='ltr'><strong>quod</strong></span> <span class='ocrx_word' id='word_1_256' title='bbox 692 1832 850 1868; x_wconf 88' lang='lat' dir='ltr'><strong>hujusmodi</strong></span> <span class='ocrx_word' id='word_1_257' title='bbox 872 1839 935 1868; x_wconf 91' lang='lat' dir='ltr'><strong>per-</strong></span> 
     </span>
     <span class='ocr_line' id='line_1_42' title="bbox 87 1878 935 1908; baseline -0.002 0"><span class='ocrx_word' id='word_1_258' title='bbox 87 1879 168 1908; x_wconf 87' lang='lat' dir='ltr'><strong>fectio</strong></span> <span class='ocrx_word' id='word_1_259' title='bbox 189 1887 243 1907; x_wconf 91' lang='lat' dir='ltr'><strong>non</strong></span> <span class='ocrx_word' id='word_1_260' title='bbox 271 1879 329 1907; x_wconf 88' lang='lat' dir='ltr'><strong>sine</strong></span> <span class='ocrx_word' id='word_1_261' title='bbox 354 1878 543 1907; x_wconf 90' lang='lat' dir='ltr'><strong>virtuosorum</strong></span> <span class='ocrx_word' id='word_1_262' title='bbox 565 1878 711 1907; x_wconf 87' lang='lat' dir='ltr'><strong>habituum</strong></span> <span class='ocrx_word' id='word_1_263' title='bbox 737 1878 935 1907; x_wconf 85' lang='lat' dir='ltr'><strong>exercitatione</strong></span> 
     </span>
     <span class='ocr_line' id='line_1_43' title="bbox 88 1925 935 1963; baseline -0.002 -8"><span class='ocrx_word' id='word_1_264' title='bbox 88 1925 253 1963; x_wconf 88' lang='lat' dir='ltr'><strong>possidetur.</strong></span> <span class='ocrx_word' id='word_1_265' title='bbox 277 1925 437 1954; x_wconf 88' lang='lat' dir='ltr'><strong>Huiusmodi</strong></span> <span class='ocrx_word' id='word_1_266' title='bbox 463 1928 555 1954; x_wconf 88' lang='lat' dir='ltr'><strong>autem</strong></span> <span class='ocrx_word' id='word_1_267' title='bbox 576 1925 710 1954; x_wconf 89' lang='lat' dir='ltr'><strong>exercitia</strong></span> <span class='ocrx_word' id='word_1_268' title='bbox 730 1925 866 1954; x_wconf 89' lang='lat' dir='ltr'><strong>virtutum</strong></span> <span class='ocrx_word' id='word_1_269' title='bbox 888 1933 935 1954; x_wconf 89' lang='lat' dir='ltr'><strong>su-</strong></span> 
     </span>
     <span class='ocr_line' id='line_1_44' title="bbox 88 1971 934 2010; baseline -0.001 -9"><span class='ocrx_word' id='word_1_270' title='bbox 88 1972 313 2010; x_wconf 86' lang='lat' dir='ltr'><strong>pererogantium</strong></span> <span class='ocrx_word' id='word_1_271' title='bbox 334 1975 383 2001; x_wconf 90' lang='lat' dir='ltr'><strong>aut</strong></span> <span class='ocrx_word' id='word_1_272' title='bbox 403 1972 475 2000; x_wconf 89' lang='lat' dir='ltr'><strong>fiunt</strong></span> <span class='ocrx_word' id='word_1_273' title='bbox 495 1979 531 2000; x_wconf 83' lang='lat' dir='ltr'><strong>ex</strong></span> <span class='ocrx_word' id='word_1_274' title='bbox 553 1980 635 2000; x_wconf 79' lang='lat' dir='ltr'><strong>mera</strong></span> <span class='ocrx_word' id='word_1_275' title='bbox 656 1971 814 2006; x_wconf 73' lang='lat' dir='ltr'><strong>voluntate,</strong></span> <span class='ocrx_word' id='word_1_276' title='bbox 830 1972 934 2009; x_wconf 85' lang='lat' dir='ltr'><strong>absque</strong></span> 
     </span>
     <span class='ocr_line' id='line_1_45' title="bbox 88 2018 934 2056; baseline 0 -9"><span class='ocrx_word' id='word_1_277' title='bbox 88 2019 268 2056; x_wconf 87' lang='lat' dir='ltr'><strong>obligatione,</strong></span> <span class='ocrx_word' id='word_1_278' title='bbox 296 2021 324 2047; x_wconf 91' lang='lat' dir='ltr'><strong>et</strong></span> <span class='ocrx_word' id='word_1_279' title='bbox 351 2021 418 2047; x_wconf 90' lang='lat' dir='ltr'><strong>tunc</strong></span> <span class='ocrx_word' id='word_1_280' title='bbox 445 2018 583 2055; x_wconf 88' lang='lat' dir='ltr'><strong>quandam</strong></span> <span class='ocrx_word' id='word_1_281' title='bbox 614 2018 711 2047; x_wconf 91' lang='lat' dir='ltr'><strong>dicunt</strong></span> <span class='ocrx_word' id='word_1_282' title='bbox 738 2018 934 2055; x_wconf 82' lang='lat' dir='ltr'><strong>perfectionem</strong></span> 
     </span>
     <span class='ocr_line' id='line_1_46' title="bbox 87 2065 934 2102; baseline -0.002 -7"><span class='ocrx_word' id='word_1_283' title='bbox 87 2065 202 2095; x_wconf 89' lang='lat' dir='ltr'><strong>actionis</strong></span> <span class='ocrx_word' id='word_1_284' title='bbox 223 2068 250 2094; x_wconf 89' lang='lat' dir='ltr'><strong>et</strong></span> <span class='ocrx_word' id='word_1_285' title='bbox 270 2065 377 2100; x_wconf 89' lang='lat' dir='ltr'><strong>meriti;</strong></span> <span class='ocrx_word' id='word_1_286' title='bbox 398 2068 448 2094; x_wconf 89' lang='lat' dir='ltr'><strong>aut</strong></span> <span class='ocrx_word' id='word_1_287' title='bbox 468 2073 532 2094; x_wconf 87' lang='lat' dir='ltr'><strong>cum</strong></span> <span class='ocrx_word' id='word_1_288' title='bbox 553 2065 694 2094; x_wconf 88' lang='lat' dir='ltr'><strong>voluntate</strong></span> <span class='ocrx_word' id='word_1_289' title='bbox 714 2065 810 2094; x_wconf 89' lang='lat' dir='ltr'><strong>dicunt</strong></span> <span class='ocrx_word' id='word_1_290' title='bbox 830 2065 934 2102; x_wconf 88' lang='lat' dir='ltr'><strong>obliga-</strong></span> 
     </span>
     <span class='ocr_line' id='line_1_47' title="bbox 89 2111 934 2150; baseline -0.002 -8"><span class='ocrx_word' id='word_1_291' title='bbox 89 2113 189 2142; x_wconf 80' lang='lat' dir='ltr'><strong>tionem</strong></span> <span class='ocrx_word' id='word_1_292' title='bbox 209 2112 346 2150; x_wconf 83' lang='lat' dir='ltr'><strong>quandam</strong></span> <span class='ocrx_word' id='word_1_293' title='bbox 368 2112 595 2149; x_wconf 87' lang='lat' dir='ltr'><strong>superinductam</strong></span> <span class='ocrx_word' id='word_1_294' title='bbox 616 2119 652 2141; x_wconf 85' lang='lat' dir='ltr'><strong>ex</strong></span> <span class='ocrx_word' id='word_1_295' title='bbox 673 2115 736 2140; x_wconf 86' lang='lat' dir='ltr'><strong>voto</strong></span> <span class='ocrx_word' id='word_1_296' title='bbox 757 2111 874 2146; x_wconf 74' lang='lat' dir='ltr'><strong>emisso,</strong></span> <span class='ocrx_word' id='word_1_297' title='bbox 890 2112 934 2140; x_wconf 92' lang='lat' dir='ltr'><strong>vel</strong></span> 
     </span>
     <span class='ocr_line' id='line_1_48' title="bbox 87 2158 933 2198; baseline -0.002 -9"><span class='ocrx_word' id='word_1_298' title='bbox 87 2167 124 2189; x_wconf 82' lang='lat' dir='ltr'><strong>ex</strong></span> <span class='ocrx_word' id='word_1_299' title='bbox 138 2159 230 2198; x_wconf 82' lang='lat' dir='ltr'><strong>officio</strong></span> <span class='ocrx_word' id='word_1_300' title='bbox 245 2159 385 2193; x_wconf 78' lang='lat' dir='ltr'><strong>iniuncto,</strong></span> <span class='ocrx_word' id='word_1_301' title='bbox 400 2162 427 2188; x_wconf 89' lang='lat' dir='ltr'><strong>et</strong></span> <span class='ocrx_word' id='word_1_302' title='bbox 441 2162 507 2188; x_wconf 90' lang='lat' dir='ltr'><strong>tunc</strong></span> <span class='ocrx_word' id='word_1_303' title='bbox 522 2159 617 2188; x_wconf 89' lang='lat' dir='ltr'><strong>dicunt</strong></span> <span class='ocrx_word' id='word_1_304' title='bbox 631 2158 825 2195; x_wconf 85' lang='lat' dir='ltr'><strong>perfectionem</strong></span> <span class='ocrx_word' id='word_1_305' title='bbox 845 2161 933 2187; x_wconf 89' lang='lat' dir='ltr'><strong>status</strong></span> 
     </span>
     <span class='ocr_line' id='line_1_49' title="bbox 87 2205 932 2243; baseline -0.001 -8"><span class='ocrx_word' id='word_1_306' title='bbox 87 2209 115 2235; x_wconf 90' lang='lat' dir='ltr'><strong>et</strong></span> <span class='ocrx_word' id='word_1_307' title='bbox 128 2206 247 2240; x_wconf 88' lang='lat' dir='ltr'><strong>ordinis,</strong></span> <span class='ocrx_word' id='word_1_308' title='bbox 269 2206 296 2234; x_wconf 92' lang='lat' dir='ltr'><strong>in</strong></span> <span class='ocrx_word' id='word_1_309' title='bbox 317 2214 373 2243; x_wconf 92' lang='lat' dir='ltr'><strong>quo</strong></span> <span class='ocrx_word' id='word_1_310' title='bbox 388 2205 514 2234; x_wconf 87' lang='lat' dir='ltr'><strong>videlicet</strong></span> <span class='ocrx_word' id='word_1_311' title='bbox 527 2205 590 2242; x_wconf 91' lang='lat' dir='ltr'><strong>quis</strong></span> <span class='ocrx_word' id='word_1_312' title='bbox 610 2205 718 2234; x_wconf 88' lang='lat' dir='ltr'><strong>actibus</strong></span> <span class='ocrx_word' id='word_1_313' title='bbox 732 2205 861 2242; x_wconf 89' lang='lat' dir='ltr'><strong>perfectis</strong></span> <span class='ocrx_word' id='word_1_314' title='bbox 878 2213 932 2234; x_wconf 91' lang='lat' dir='ltr'><strong>non</strong></span> 
     </span>
     <span class='ocr_line' id='line_1_50' title="bbox 88 2252 933 2289; baseline -0.002 -7"><span class='ocrx_word' id='word_1_315' title='bbox 88 2253 178 2282; x_wconf 89' lang='lat' dir='ltr'><strong>solum</strong></span> <span class='ocrx_word' id='word_1_316' title='bbox 189 2256 231 2282; x_wconf 92' lang='lat' dir='ltr'><strong>est</strong></span> <span class='ocrx_word' id='word_1_317' title='bbox 244 2252 368 2287; x_wconf 90' lang='lat' dir='ltr'><strong>deditus,</strong></span> <span class='ocrx_word' id='word_1_318' title='bbox 384 2260 481 2281; x_wconf 92' lang='lat' dir='ltr'><strong>verum</strong></span> <span class='ocrx_word' id='word_1_319' title='bbox 503 2253 584 2281; x_wconf 90' lang='lat' dir='ltr'><strong>etiam</strong></span> <span class='ocrx_word' id='word_1_320' title='bbox 605 2252 639 2281; x_wconf 87' lang='lat' dir='ltr'><strong>ad</strong></span> <span class='ocrx_word' id='word_1_321' title='bbox 660 2255 738 2281; x_wconf 90' lang='lat' dir='ltr'><strong>actus</strong></span> <span class='ocrx_word' id='word_1_322' title='bbox 759 2252 933 2289; x_wconf 90' lang='lat' dir='ltr'><strong>perfectionis</strong></span> 
     </span>
     <span class='ocr_line' id='line_1_51' title="bbox 88 2298 932 2336; baseline 0 -8"><span class='ocrx_word' id='word_1_323' title='bbox 88 2299 234 2333; x_wconf 82' lang='lat' dir='ltr'><strong>astrictus3</strong></span> <span class='ocrx_word' id='word_1_324' title='bbox 249 2302 276 2328; x_wconf 91' lang='lat' dir='ltr'><strong>et</strong></span> <span class='ocrx_word' id='word_1_325' title='bbox 297 2299 365 2328; x_wconf 89' lang='lat' dir='ltr'><strong>haec</strong></span> <span class='ocrx_word' id='word_1_326' title='bbox 379 2299 491 2336; x_wconf 89' lang='lat' dir='ltr'><strong>quidem</strong></span> <span class='ocrx_word' id='word_1_327' title='bbox 506 2298 629 2327; x_wconf 85' lang='lat' dir='ltr'><strong>astrictio</strong></span> <span class='ocrx_word' id='word_1_328' title='bbox 643 2298 676 2327; x_wconf 94' lang='lat' dir='ltr'><strong>de</strong></span> <span class='ocrx_word' id='word_1_329' title='bbox 691 2298 857 2336; x_wconf 88' lang='lat' dir='ltr'><strong>perfectione</strong></span> <span class='ocrx_word' id='word_1_330' title='bbox 877 2307 932 2328; x_wconf 91' lang='lat' dir='ltr'><strong>non</strong></span> 
     </span>
    </p>
   </div>
   <div class='ocr_carea' id='block_1_7' title="bbox 89 2494 934 3029">
    <p class='ocr_par' dir='ltr' id='par_1_8' title="bbox 90 2494 933 2602">
     <span class='ocr_line' id='line_1_52' title="bbox 152 2494 933 2523; baseline 0.001 -6"><span class='ocrx_word' id='word_1_331' title='bbox 152 2494 159 2508; x_wconf 88' lang='lat'>¹</span> <span class='ocrx_word' id='word_1_332' title='bbox 178 2494 234 2523; x_wconf 85' lang='lat' dir='ltr'><strong>Cap.</strong></span> <span class='ocrx_word' id='word_1_333' title='bbox 255 2496 272 2517; x_wconf 85' lang='lat' dir='ltr'><strong>l.</strong></span> <span class='ocrx_word' id='word_1_334' title='bbox 290 2498 312 2517; x_wconf 90' lang='lat' dir='ltr'><strong>et</strong></span> <span class='ocrx_word' id='word_1_335' title='bbox 328 2495 411 2517; x_wconf 85' lang='lat' dir='ltr'><strong>deinde</strong></span> <span class='ocrx_word' id='word_1_336' title='bbox 428 2501 447 2517; x_wconf 83' lang='lat' dir='ltr'><strong>c.</strong></span> <span class='ocrx_word' id='word_1_337' title='bbox 466 2495 507 2517; x_wconf 76' lang='lat' dir='ltr'><strong>te:</strong></span> <span class='ocrx_word' id='word_1_338' title='bbox 524 2495 646 2517; x_wconf 85' lang='lat' dir='ltr'><strong>Attendant</strong></span> <span class='ocrx_word' id='word_1_339' title='bbox 662 2498 712 2523; x_wconf 76' lang='lat' dir='ltr'><strong>etc.,</strong></span> <span class='ocrx_word' id='word_1_340' title='bbox 726 2495 747 2517; x_wconf 96' lang='lat' dir='ltr'><strong>in</strong></span> <span class='ocrx_word' id='word_1_341' title='bbox 759 2496 825 2518; x_wconf 76' lang='lat' dir='ltr'><strong>cuius</strong></span> <span class='ocrx_word' id='word_1_342' title='bbox 842 2496 886 2518; x_wconf 84' lang='lat' dir='ltr'><strong>tine</strong></span> <span class='ocrx_word' id='word_1_343' title='bbox 898 2502 933 2518; x_wconf 88' lang='lat' dir='ltr'><strong>re-</strong></span> 
     </span>
     <span class='ocr_line' id='line_1_53' title="bbox 90 2534 932 2563; baseline 0 -6"><span class='ocrx_word' id='word_1_344' title='bbox 90 2534 185 2562; x_wconf 87' lang='lat' dir='ltr'><strong>spicitur</strong></span> <span class='ocrx_word' id='word_1_345' title='bbox 202 2534 278 2556; x_wconf 80' lang='lat' dir='ltr'><strong>Matth.</strong></span> <span class='ocrx_word' id='word_1_346' title='bbox 296 2534 323 2561; x_wconf 83' lang='lat'><strong>5,</strong></span> <span class='ocrx_word' id='word_1_347' title='bbox 342 2534 382 2556; x_wconf 75' lang='lat'><strong>44:</strong></span> <span class='ocrx_word' id='word_1_348' title='bbox 401 2534 491 2562; x_wconf 77' lang='lat' dir='ltr'><strong>Diligite</strong></span> <span class='ocrx_word' id='word_1_349' title='bbox 508 2534 612 2556; x_wconf 82' lang='lat' dir='ltr'><strong>inimicos</strong></span> <span class='ocrx_word' id='word_1_350' title='bbox 629 2538 741 2557; x_wconf 64' lang='lat' dir='ltr'><strong>vestros...</strong></span> <span class='ocrx_word' id='word_1_351' title='bbox 766 2537 788 2557; x_wconf 82' lang='lat' dir='ltr'><strong>et</strong></span> <span class='ocrx_word' id='word_1_352' title='bbox 805 2538 868 2557; x_wconf 78' lang='lat' dir='ltr'><strong>orate</strong></span> <span class='ocrx_word' id='word_1_353' title='bbox 889 2541 932 2563; x_wconf 88' lang='lat' dir='ltr'><strong>pro</strong></span> 
     </span>
     <span class='ocr_line' id='line_1_54' title="bbox 90 2572 589 2602; baseline 0 -6"><span class='ocrx_word' id='word_1_354' title='bbox 90 2572 282 2602; x_wconf 82' lang='lat' dir='ltr'><strong>persequentibus</strong></span> <span class='ocrx_word' id='word_1_355' title='bbox 298 2575 320 2595; x_wconf 88' lang='lat' dir='ltr'><strong>et</strong></span> <span class='ocrx_word' id='word_1_356' title='bbox 330 2572 523 2595; x_wconf 84' lang='lat' dir='ltr'><strong>calumniantibus</strong></span> <span class='ocrx_word' id='word_1_357' title='bbox 540 2579 589 2596; x_wconf 75' lang='lat' dir='ltr'><strong>vos.</strong></span> 
     </span>
    </p>

    <p class='ocr_par' dir='ltr' id='par_1_9' title="bbox 89 2611 933 2758">
     <span class='ocr_line' id='line_1_55' title="bbox 152 2611 933 2641; baseline 0.003 -7"><span class='ocrx_word' id='word_1_358' title='bbox 152 2611 161 2624; x_wconf 80' lang='lat'><em>²</em></span> <span class='ocrx_word' id='word_1_359' title='bbox 178 2612 226 2634; x_wconf 88' lang='lat' dir='ltr'><strong>Gal.</strong></span> <span class='ocrx_word' id='word_1_360' title='bbox 242 2612 269 2639; x_wconf 85' lang='lat'><strong>6,</strong></span> <span class='ocrx_word' id='word_1_361' title='bbox 291 2611 327 2634; x_wconf 76' lang='lat'><strong>¹4:</strong></span> <span class='ocrx_word' id='word_1_362' title='bbox 345 2612 386 2634; x_wconf 80' lang='lat' dir='ltr'><strong>Per</strong></span> <span class='ocrx_word' id='word_1_363' title='bbox 402 2618 473 2641; x_wconf 87' lang='lat' dir='ltr'><strong>quem</strong></span> <span class='ocrx_word' id='word_1_364' title='bbox 487 2612 619 2641; x_wconf 86' lang='lat' dir='ltr'><strong>[Christum]</strong></span> <span class='ocrx_word' id='word_1_365' title='bbox 633 2613 687 2635; x_wconf 88' lang='lat' dir='ltr'><strong>mihi</strong></span> <span class='ocrx_word' id='word_1_366' title='bbox 700 2613 801 2635; x_wconf 88' lang='lat' dir='ltr'><strong>mundus</strong></span> <span class='ocrx_word' id='word_1_367' title='bbox 812 2613 933 2636; x_wconf 77' lang='lat' dir='ltr'><strong>crucifixus</strong></span> 
     </span>
     <span class='ocr_line' id='line_1_56' title="bbox 89 2651 932 2680; baseline 0.001 -7"><span class='ocrx_word' id='word_1_368' title='bbox 89 2653 137 2678; x_wconf 88' lang='lat' dir='ltr'><strong>est,</strong></span> <span class='ocrx_word' id='word_1_369' title='bbox 154 2653 176 2673; x_wconf 90' lang='lat' dir='ltr'><strong>et</strong></span> <span class='ocrx_word' id='word_1_370' title='bbox 192 2657 237 2679; x_wconf 83' lang='lat' dir='ltr'><strong>ego</strong></span> <span class='ocrx_word' id='word_1_371' title='bbox 255 2651 350 2673; x_wconf 90' lang='lat' dir='ltr'><strong>mundo.</strong></span> <span class='ocrx_word' id='word_1_372' title='bbox 373 2651 477 2673; x_wconf 85' lang='lat' dir='ltr'><strong>Subinde</strong></span> <span class='ocrx_word' id='word_1_373' title='bbox 499 2651 620 2679; x_wconf 78' lang='lat' dir='ltr'><strong>respicitur</strong></span> <span class='ocrx_word' id='word_1_374' title='bbox 642 2652 691 2674; x_wconf 83' lang='lat' dir='ltr'><strong>lsai.</strong></span> <span class='ocrx_word' id='word_1_375' title='bbox 717 2652 742 2679; x_wconf 78' lang='lat'><strong>6,</strong></span> <span class='ocrx_word' id='word_1_376' title='bbox 760 2653 784 2674; x_wconf 81' lang='lat'><strong>2:</strong></span> <span class='ocrx_word' id='word_1_377' title='bbox 812 2652 932 2680; x_wconf 82' lang='lat' dir='ltr'><strong>Seraphim</strong></span> 
     </span>
     <span class='ocr_line' id='line_1_57' title="bbox 90 2689 932 2718; baseline 0.001 -6"><span class='ocrx_word' id='word_1_378' title='bbox 90 2689 180 2712; x_wconf 80' lang='lat' dir='ltr'><strong>stabant</strong></span> <span class='ocrx_word' id='word_1_379' title='bbox 201 2696 271 2718; x_wconf 87' lang='lat' dir='ltr'><strong>super</strong></span> <span class='ocrx_word' id='word_1_380' title='bbox 293 2689 361 2717; x_wconf 84' lang='lat' dir='ltr'><strong>illud,</strong></span> <span class='ocrx_word' id='word_1_381' title='bbox 382 2696 426 2713; x_wconf 70' lang='lat' dir='ltr'><strong>sea]</strong></span> <span class='ocrx_word' id='word_1_382' title='bbox 447 2689 501 2713; x_wconf 81' lang='lat' dir='ltr'><strong>alae</strong></span> <span class='ocrx_word' id='word_1_383' title='bbox 523 2691 561 2712; x_wconf 90' lang='lat' dir='ltr'><strong>uni</strong></span> <span class='ocrx_word' id='word_1_384' title='bbox 578 2692 621 2713; x_wconf 84' lang='lat' dir='ltr'><strong>etc.</strong></span> <span class='ocrx_word' id='word_1_385' title='bbox 643 2690 687 2713; x_wconf 90' lang='lat' dir='ltr'><strong>Cfr.</strong></span> <span class='ocrx_word' id='word_1_386' title='bbox 710 2690 785 2713; x_wconf 85' lang='lat' dir='ltr'><strong>itiner.</strong></span> <span class='ocrx_word' id='word_1_387' title='bbox 807 2691 888 2713; x_wconf 88' lang='lat' dir='ltr'><strong>mentis</strong></span> <span class='ocrx_word' id='word_1_388' title='bbox 910 2691 932 2714; x_wconf 94' lang='lat' dir='ltr'><strong>in</strong></span> 
     </span>
     <span class='ocr_line' id='line_1_58' title="bbox 90 2728 622 2758; baseline 0.002 -8"><span class='ocrx_word' id='word_1_389' title='bbox 90 2728 177 2755; x_wconf 84' lang='lat' dir='ltr'><strong>Deum,</strong></span> <span class='ocrx_word' id='word_1_390' title='bbox 194 2729 283 2756; x_wconf 77' lang='lat' dir='ltr'><strong>Prolog.</strong></span> <span class='ocrx_word' id='word_1_391' title='bbox 301 2735 324 2751; x_wconf 90' lang='lat' dir='ltr'><strong>n.</strong></span> <span class='ocrx_word' id='word_1_392' title='bbox 342 2729 363 2751; x_wconf 78' lang='lat'><strong>2.</strong></span> <span class='ocrx_word' id='word_1_393' title='bbox 381 2735 430 2758; x_wconf 86' lang='lat' dir='ltr'><strong>seq.</strong></span> <span class='ocrx_word' id='word_1_394' title='bbox 447 2732 468 2751; x_wconf 90' lang='lat' dir='ltr'><strong>et</strong></span> <span class='ocrx_word' id='word_1_395' title='bbox 485 2735 505 2751; x_wconf 90' lang='lat' dir='ltr'><strong>c.</strong></span> <span class='ocrx_word' id='word_1_396' title='bbox 524 2729 545 2751; x_wconf 78' lang='lat' dir='ltr'><strong>i.</strong></span> <span class='ocrx_word' id='word_1_397' title='bbox 561 2735 584 2751; x_wconf 90' lang='lat' dir='ltr'><strong>n.</strong></span> <span class='ocrx_word' id='word_1_398' title='bbox 601 2729 622 2751; x_wconf 79' lang='lat'><strong>5.</strong></span> 
     </span>
    </p>

    <p class='ocr_par' dir='ltr' id='par_1_10' title="bbox 152 2765 596 2795">
     <span class='ocr_line' id='line_1_59' title="bbox 152 2765 596 2795; baseline 0 -6"><span class='ocrx_word' id='word_1_399' title='bbox 152 2765 161 2779; x_wconf 74' lang='lat'>³</span> <span class='ocrx_word' id='word_1_400' title='bbox 178 2766 221 2789; x_wconf 88' lang='lat' dir='ltr'><strong>Cfr.</strong></span> <span class='ocrx_word' id='word_1_401' title='bbox 240 2771 295 2789; x_wconf 90' lang='lat' dir='ltr'><strong>tom.</strong></span> <span class='ocrx_word' id='word_1_402' title='bbox 314 2767 340 2790; x_wconf 95' lang='lat' dir='ltr'><strong>V.</strong></span> <span class='ocrx_word' id='word_1_403' title='bbox 358 2773 411 2795; x_wconf 83' lang='lat' dir='ltr'><strong>pag.</strong></span> <span class='ocrx_word' id='word_1_404' title='bbox 429 2768 487 2795; x_wconf 78' lang='lat'><strong>295,</strong></span> <span class='ocrx_word' id='word_1_405' title='bbox 505 2771 557 2790; x_wconf 85' lang='lat' dir='ltr'><strong>nota</strong></span> <span class='ocrx_word' id='word_1_406' title='bbox 576 2768 596 2789; x_wconf 80' lang='lat'><strong>6.</strong></span> 
     </span>
    </p>

    <p class='ocr_par' dir='ltr' id='par_1_11' title="bbox 91 2805 934 2868">
     <span class='ocr_line' id='line_1_60' title="bbox 152 2805 934 2835; baseline 0.003 -7"><span class='ocrx_word' id='word_1_407' title='bbox 152 2805 161 2818; x_wconf 72' lang='lat'>¹</span> <span class='ocrx_word' id='word_1_408' title='bbox 181 2806 246 2828; x_wconf 82' lang='lat' dir='ltr'><strong>Rom.</strong></span> <span class='ocrx_word' id='word_1_409' title='bbox 267 2807 304 2833; x_wconf 79' lang='lat'><strong>12,</strong></span> <span class='ocrx_word' id='word_1_410' title='bbox 323 2806 364 2828; x_wconf 59' lang='lat'><strong>¹¹6:</strong></span> <span class='ocrx_word' id='word_1_411' title='bbox 381 2807 430 2829; x_wconf 88' lang='lat' dir='ltr'><strong>Non</strong></span> <span class='ocrx_word' id='word_1_412' title='bbox 447 2807 490 2828; x_wconf 85' lang='lat' dir='ltr'><strong>alta</strong></span> <span class='ocrx_word' id='word_1_413' title='bbox 508 2807 634 2835; x_wconf 79' lang='lat' dir='ltr'><strong>sapientes,</strong></span> <span class='ocrx_word' id='word_1_414' title='bbox 652 2807 693 2829; x_wconf 87' lang='lat' dir='ltr'><strong>sed</strong></span> <span class='ocrx_word' id='word_1_415' title='bbox 706 2806 830 2829; x_wconf 83' lang='lat' dir='ltr'><strong>humilibus</strong></span> <span class='ocrx_word' id='word_1_416' title='bbox 841 2813 934 2830; x_wconf 85' lang='lat' dir='ltr'><strong>consen-</strong></span> 
     </span>
     <span class='ocr_line' id='line_1_61' title="bbox 91 2844 572 2868; baseline 0.004 -2"><span class='ocrx_word' id='word_1_417' title='bbox 91 2844 179 2867; x_wconf 85' lang='lat' dir='ltr'><strong>tientes.</strong></span> <span class='ocrx_word' id='word_1_418' title='bbox 195 2858 226 2861; x_wconf 89' lang='lat'>—</span> <span class='ocrx_word' id='word_1_419' title='bbox 243 2844 299 2868; x_wconf 88' lang='lat' dir='ltr'><strong>Cod.</strong></span> <span class='ocrx_word' id='word_1_420' title='bbox 317 2846 332 2867; x_wconf 89' lang='lat' dir='ltr'><strong>E</strong></span> <span class='ocrx_word' id='word_1_421' title='bbox 349 2852 370 2868; x_wconf 90' lang='lat' dir='ltr'><strong>n.</strong></span> <span class='ocrx_word' id='word_1_422' title='bbox 389 2845 465 2868; x_wconf 67' lang='lat' dir='ltr'><strong>il-M.</strong></span> <span class='ocrx_word' id='word_1_423' title='bbox 481 2846 572 2868; x_wconf 86' lang='lat' dir='ltr'><strong>omittit.</strong></span> 
     </span>
    </p>

    <p class='ocr_par' dir='ltr' id='par_1_12' title="bbox 153 2883 368 2913">
     <span class='ocr_line' id='line_1_62' title="bbox 153 2883 368 2913; baseline 0 -7"><span class='ocrx_word' id='word_1_424' title='bbox 153 2883 162 2896; x_wconf 85' lang='lat'><strong>⁶</strong></span> <span class='ocrx_word' id='word_1_425' title='bbox 179 2884 245 2906; x_wconf 81' lang='lat' dir='ltr'><strong>Num.</strong></span> <span class='ocrx_word' id='word_1_426' title='bbox 266 2883 286 2906; x_wconf 82' lang='lat'><strong>4.</strong></span> <span class='ocrx_word' id='word_1_427' title='bbox 303 2890 368 2913; x_wconf 82' lang='lat' dir='ltr'><strong>seqq.</strong></span> 
     </span>
    </p>

    <p class='ocr_par' dir='ltr' id='par_1_13' title="bbox 92 2921 933 2992">
     <span class='ocr_line' id='line_1_63' title="bbox 152 2921 933 2950; baseline 0.004 -6"><span class='ocrx_word' id='word_1_428' title='bbox 152 2921 162 2934; x_wconf 61' lang='grc' dir='ltr'><strong>Β</strong></span> <span class='ocrx_word' id='word_1_429' title='bbox 180 2923 259 2945; x_wconf 74' lang='lat' dir='ltr'><strong>Psalm.</strong></span> <span class='ocrx_word' id='word_1_430' title='bbox 278 2923 321 2950; x_wconf 84' lang='lat'><strong>65,</strong></span> <span class='ocrx_word' id='word_1_431' title='bbox 334 2923 375 2945; x_wconf 76' lang='lat'><strong>45:</strong></span> <span class='ocrx_word' id='word_1_432' title='bbox 387 2923 521 2946; x_wconf 72' lang='lat' dir='ltr'><strong>Holocausta</strong></span> <span class='ocrx_word' id='word_1_433' title='bbox 535 2923 656 2946; x_wconf 71' lang='lat' dir='ltr'><strong>medullata</strong></span> <span class='ocrx_word' id='word_1_434' title='bbox 669 2925 763 2946; x_wconf 77' lang='lat' dir='ltr'><strong>offeram</strong></span> <span class='ocrx_word' id='word_1_435' title='bbox 776 2924 824 2947; x_wconf 90' lang='lat' dir='ltr'><strong>tibi.</strong></span> <span class='ocrx_word' id='word_1_436' title='bbox 835 2937 865 2941; x_wconf 97' lang='lat'><strong>—</strong></span> <span class='ocrx_word' id='word_1_437' title='bbox 877 2924 933 2947; x_wconf 85' lang='lat' dir='ltr'><strong>Sub-</strong></span> 
     </span>
     <span class='ocr_line' id='line_1_64' title="bbox 92 2961 776 2992; baseline 0.003 -9"><span class='ocrx_word' id='word_1_438' title='bbox 92 2961 145 2984; x_wconf 85' lang='lat' dir='ltr'><strong>inde</strong></span> <span class='ocrx_word' id='word_1_439' title='bbox 163 2967 205 2989; x_wconf 88' lang='lat' dir='ltr'><strong>pro</strong></span> <span class='ocrx_word' id='word_1_440' title='bbox 222 2962 244 2984; x_wconf 86' lang='lat' dir='ltr'><strong>et</strong></span> <span class='ocrx_word' id='word_1_441' title='bbox 260 2961 347 2991; x_wconf 83' lang='lat' dir='ltr'><strong>optimo</strong></span> <span class='ocrx_word' id='word_1_442' title='bbox 365 2961 404 2989; x_wconf 82' lang='lat' dir='ltr'><strong>(ita</strong></span> <span class='ocrx_word' id='word_1_443' title='bbox 423 2961 528 2991; x_wconf 85' lang='lat' dir='ltr'><strong>BCDG)</strong></span> <span class='ocrx_word' id='word_1_444' title='bbox 546 2962 599 2985; x_wconf 82' lang='lat' dir='ltr'><strong>edd.</strong></span> <span class='ocrx_word' id='word_1_445' title='bbox 617 2964 639 2985; x_wconf 81' lang='lat' dir='ltr'><strong>et</strong></span> <span class='ocrx_word' id='word_1_446' title='bbox 654 2962 776 2992; x_wconf 79' lang='lat' dir='ltr'><strong>optimum.</strong></span> 
     </span>
    </p>

    <p class='ocr_par' dir='ltr' id='par_1_14' title="bbox 153 2999 931 3029">
     <span class='ocr_line' id='line_1_65' title="bbox 153 2999 931 3029; baseline 0.003 -7"><span class='ocrx_word' id='word_1_447' title='bbox 153 2999 162 3012; x_wconf 95' lang='lat'>⁷</span> <span class='ocrx_word' id='word_1_448' title='bbox 180 3000 262 3023; x_wconf 83' lang='lat' dir='ltr'><strong>Psalm.</strong></span> <span class='ocrx_word' id='word_1_449' title='bbox 281 3000 338 3027; x_wconf 71' lang='grc'>131,</span> <span class='ocrx_word' id='word_1_450' title='bbox 355 3001 376 3023; x_wconf 80' lang='lat'><strong>2.</strong></span> <span class='ocrx_word' id='word_1_451' title='bbox 394 3007 416 3023; x_wconf 93' lang='lat' dir='ltr'><strong>n.</strong></span> <span class='ocrx_word' id='word_1_452' title='bbox 434 3001 454 3023; x_wconf 91' lang='lat'><strong>3.</strong></span> <span class='ocrx_word' id='word_1_453' title='bbox 472 3001 494 3023; x_wconf 92' lang='lat' dir='ltr'><strong>ln</strong></span> <span class='ocrx_word' id='word_1_454' title='bbox 513 3001 558 3023; x_wconf 83' lang='lat' dir='ltr'><strong>nne</strong></span> <span class='ocrx_word' id='word_1_455' title='bbox 574 3002 685 3028; x_wconf 79' lang='lat' dir='ltr'><strong>allegatur</strong></span> <span class='ocrx_word' id='word_1_456' title='bbox 702 3002 750 3024; x_wconf 90' lang='lat' dir='ltr'><strong>lsai.</strong></span> <span class='ocrx_word' id='word_1_457' title='bbox 763 3002 805 3029; x_wconf 81' lang='lat'><strong>26,</strong></span> <span class='ocrx_word' id='word_1_458' title='bbox 824 3002 860 3024; x_wconf 73' lang='grc'><strong>13.</strong></span> <span class='ocrx_word' id='word_1_459' title='bbox 873 3002 931 3024; x_wconf 84' lang='lat' dir='ltr'><strong>iuxta</strong></span> 
     </span>
    </p>
   </div>
   <div class='ocr_carea' id='block_1_8' title="bbox 962 924 964 1596">
    <p class='ocr_par' dir='ltr' id='par_1_15' title="bbox 962 924 964 1596">
     <span class='ocr_line' id='line_1_66' title="bbox 962 924 964 1596; baseline 0 0"><span class='ocrx_word' id='word_1_460' title='bbox 962 924 964 1596; x_wconf 95' lang='lat' dir='ltr'><strong> </strong></span> 
     </span>
    </p>
   </div>
   <div class='ocr_carea' id='block_1_9' title="bbox 959 2496 962 3029">
    <p class='ocr_par' dir='ltr' id='par_1_16' title="bbox 959 2496 962 3029">
     <span class='ocr_line' id='line_1_67' title="bbox 959 2496 962 3029; baseline 0 0"><span class='ocrx_word' id='word_1_461' title='bbox 959 2496 962 3029; x_wconf 95' lang='lat' dir='ltr'><strong> </strong></span> 
     </span>
    </p>
   </div>
   <div class='ocr_carea' id='block_1_10' title="bbox 1777 219 1834 247">
    <p class='ocr_par' dir='ltr' id='par_1_17' title="bbox 1777 219 1834 247">
     <span class='ocr_line' id='line_1_68' title="bbox 1777 219 1834 247; baseline 0 0"><span class='ocrx_word' id='word_1_462' title='bbox 1777 219 1834 247; x_wconf 71' lang='lat'><strong>247</strong></span> 
     </span>
    </p>
   </div>
   <div class='ocr_carea' id='block_1_11' title="bbox 988 294 1839 2341">
    <p class='ocr_par' dir='ltr' id='par_1_18' title="bbox 988 294 1836 701">
     <span class='ocr_line' id='line_1_69' title="bbox 988 294 1834 333; baseline 0.002 -11"><span class='ocrx_word' id='word_1_463' title='bbox 988 294 1100 328; x_wconf 90' lang='lat' dir='ltr'><strong>minuit,</strong></span> <span class='ocrx_word' id='word_1_464' title='bbox 1116 295 1162 323; x_wconf 93' lang='lat' dir='ltr'><strong>sed</strong></span> <span class='ocrx_word' id='word_1_465' title='bbox 1178 296 1269 332; x_wconf 90' lang='lat' dir='ltr'><strong>potius</strong></span> <span class='ocrx_word' id='word_1_466' title='bbox 1283 296 1392 325; x_wconf 90' lang='lat' dir='ltr'><strong>culmen</strong></span> <span class='ocrx_word' id='word_1_467' title='bbox 1407 296 1612 333; x_wconf 89' lang='lat' dir='ltr'><strong>superinducit,</strong></span> <span class='ocrx_word' id='word_1_468' title='bbox 1627 296 1692 333; x_wconf 88' lang='lat' dir='ltr'><strong>quia</strong></span> <span class='ocrx_word' id='word_1_469' title='bbox 1713 296 1746 325; x_wconf 93' lang='lat' dir='ltr'><strong>de</strong></span> <span class='ocrx_word' id='word_1_470' title='bbox 1766 299 1834 324; x_wconf 92' lang='lat' dir='ltr'><strong>tem-</strong></span> 
     </span>
     <span class='ocr_line' id='line_1_70' title="bbox 989 340 1834 379; baseline 0.004 -11"><span class='ocrx_word' id='word_1_471' title='bbox 989 340 1075 376; x_wconf 90' lang='lat' dir='ltr'><strong>porali</strong></span> <span class='ocrx_word' id='word_1_472' title='bbox 1090 341 1154 369; x_wconf 84' lang='lat' dir='ltr'><strong>facit</strong></span> <span class='ocrx_word' id='word_1_473' title='bbox 1174 345 1331 379; x_wconf 87' lang='lat' dir='ltr'><strong>aeternum,</strong></span> <span class='ocrx_word' id='word_1_474' title='bbox 1352 342 1419 371; x_wconf 90' lang='lat' dir='ltr'><strong>dum</strong></span> <span class='ocrx_word' id='word_1_475' title='bbox 1440 351 1494 371; x_wconf 90' lang='lat' dir='ltr'><strong>non</strong></span> <span class='ocrx_word' id='word_1_476' title='bbox 1510 343 1572 372; x_wconf 91' lang='lat' dir='ltr'><strong>licet</strong></span> <span class='ocrx_word' id='word_1_477' title='bbox 1591 343 1698 372; x_wconf 89' lang='lat' dir='ltr'><strong>resilire</strong></span> <span class='ocrx_word' id='word_1_478' title='bbox 1718 351 1734 371; x_wconf 90' lang='lat' dir='ltr'><strong>a</strong></span> <span class='ocrx_word' id='word_1_479' title='bbox 1755 345 1834 377; x_wconf 89' lang='lat' dir='ltr'><strong>voto,</strong></span> 
     </span>
     <span class='ocr_line' id='line_1_71' title="bbox 989 386 1834 423; baseline 0.004 -9"><span class='ocrx_word' id='word_1_480' title='bbox 989 388 1016 414; x_wconf 88' lang='lat' dir='ltr'><strong>et</strong></span> <span class='ocrx_word' id='word_1_481' title='bbox 1030 386 1063 414; x_wconf 91' lang='lat' dir='ltr'><strong>de</strong></span> <span class='ocrx_word' id='word_1_482' title='bbox 1083 390 1178 415; x_wconf 89' lang='lat' dir='ltr'><strong>nostro</strong></span> <span class='ocrx_word' id='word_1_483' title='bbox 1192 387 1255 416; x_wconf 87' lang='lat' dir='ltr'><strong>facit</strong></span> <span class='ocrx_word' id='word_1_484' title='bbox 1276 388 1415 423; x_wconf 88' lang='lat' dir='ltr'><strong>divinum,</strong></span> <span class='ocrx_word' id='word_1_485' title='bbox 1437 389 1520 423; x_wconf 93' lang='lat' dir='ltr'><strong>dum,</strong></span> <span class='ocrx_word' id='word_1_486' title='bbox 1541 397 1594 417; x_wconf 93' lang='lat' dir='ltr'><strong>non</strong></span> <span class='ocrx_word' id='word_1_487' title='bbox 1614 389 1703 418; x_wconf 90' lang='lat' dir='ltr'><strong>solum</strong></span> <span class='ocrx_word' id='word_1_488' title='bbox 1725 392 1834 423; x_wconf 89' lang='lat' dir='ltr'><strong>actum,</strong></span> 
     </span>
     <span class='ocr_line' id='line_1_72' title="bbox 989 433 1832 470; baseline 0.005 -10"><span class='ocrx_word' id='word_1_489' title='bbox 989 433 1036 461; x_wconf 92' lang='lat' dir='ltr'><strong>sed</strong></span> <span class='ocrx_word' id='word_1_490' title='bbox 1058 436 1085 461; x_wconf 91' lang='lat' dir='ltr'><strong>et</strong></span> <span class='ocrx_word' id='word_1_491' title='bbox 1105 434 1274 463; x_wconf 90' lang='lat' dir='ltr'><strong>voluntatem</strong></span> <span class='ocrx_word' id='word_1_492' title='bbox 1296 435 1423 464; x_wconf 90' lang='lat' dir='ltr'><strong>dedicans</strong></span> <span class='ocrx_word' id='word_1_493' title='bbox 1444 436 1513 470; x_wconf 83' lang='lat' dir='ltr'><strong>Dee,</strong></span> <span class='ocrx_word' id='word_1_494' title='bbox 1535 439 1624 464; x_wconf 91' lang='lat' dir='ltr'><strong>totum</strong></span> <span class='ocrx_word' id='word_1_495' title='bbox 1645 435 1682 464; x_wconf 88' lang='lat' dir='ltr'><strong>illi</strong></span> <span class='ocrx_word' id='word_1_496' title='bbox 1705 435 1785 464; x_wconf 84' lang='lat' dir='ltr'><strong>offert</strong></span> <span class='ocrx_word' id='word_1_497' title='bbox 1806 438 1832 464; x_wconf 90' lang='lat' dir='ltr'><strong>et</strong></span> 
     </span>
     <span class='ocr_line' id='line_1_73' title="bbox 990 478 1836 520; baseline 0.006 -14"><span class='ocrx_word' id='word_1_498' title='bbox 990 478 1089 515; x_wconf 85' lang='lat' dir='ltr'><strong>redigit</strong></span> <span class='ocrx_word' id='word_1_499' title='bbox 1109 480 1162 508; x_wconf 91' lang='lat' dir='ltr'><strong>sub</strong></span> <span class='ocrx_word' id='word_1_500' title='bbox 1182 480 1243 509; x_wconf 88' lang='lat' dir='ltr'><strong>iure</strong></span> <span class='ocrx_word' id='word_1_501' title='bbox 1264 480 1371 515; x_wconf 83' lang='lat' dir='ltr'><strong>divino,</strong></span> <span class='ocrx_word' id='word_1_502' title='bbox 1393 481 1517 519; x_wconf 89' lang='lat' dir='ltr'><strong>dumque</strong></span> <span class='ocrx_word' id='word_1_503' title='bbox 1538 483 1679 520; x_wconf 85' lang='lat' dir='ltr'><strong>propriam</strong></span> <span class='ocrx_word' id='word_1_504' title='bbox 1700 482 1836 511; x_wconf 83' lang='lat' dir='ltr'><strong>sacrificat</strong></span> 
     </span>
     <span class='ocr_line' id='line_1_74' title="bbox 990 524 1835 564; baseline 0.007 -12"><span class='ocrx_word' id='word_1_505' title='bbox 990 524 1175 560; x_wconf 84' lang='lat' dir='ltr'><strong>voluntatem,</strong></span> <span class='ocrx_word' id='word_1_506' title='bbox 1197 534 1269 562; x_wconf 91' lang='lat' dir='ltr'><strong>quae</strong></span> <span class='ocrx_word' id='word_1_507' title='bbox 1283 530 1324 555; x_wconf 89' lang='lat' dir='ltr'><strong>est</strong></span> <span class='ocrx_word' id='word_1_508' title='bbox 1339 527 1520 564; x_wconf 88' lang='lat' dir='ltr'><strong>impretiabile</strong></span> <span class='ocrx_word' id='word_1_509' title='bbox 1544 529 1647 558; x_wconf 89' lang='lat' dir='ltr'><strong>bonum</strong></span> <span class='ocrx_word' id='word_1_510' title='bbox 1669 532 1695 558; x_wconf 88' lang='lat' dir='ltr'><strong>et</strong></span> <span class='ocrx_word' id='word_1_511' title='bbox 1714 529 1835 558; x_wconf 82' lang='lat' dir='ltr'><strong>maxime</strong></span> 
     </span>
     <span class='ocr_line' id='line_1_75' title="bbox 990 571 1835 606; baseline 0.007 -8"><span class='ocrx_word' id='word_1_512' title='bbox 990 577 1086 599; x_wconf 89' lang='lat' dir='ltr'><strong>carum</strong></span> <span class='ocrx_word' id='word_1_513' title='bbox 1108 574 1135 599; x_wconf 88' lang='lat' dir='ltr'><strong>et</strong></span> <span class='ocrx_word' id='word_1_514' title='bbox 1155 571 1301 606; x_wconf 88' lang='lat' dir='ltr'><strong>intimum,</strong></span> <span class='ocrx_word' id='word_1_515' title='bbox 1322 574 1403 602; x_wconf 80' lang='lat' dir='ltr'><strong>offert</strong></span> <span class='ocrx_word' id='word_1_516' title='bbox 1428 574 1483 602; x_wconf 89' lang='lat' dir='ltr'><strong>Deo</strong></span> <span class='ocrx_word' id='word_1_517' title='bbox 1509 575 1674 604; x_wconf 86' lang='lat' dir='ltr'><strong>sacrificium</strong></span> <span class='ocrx_word' id='word_1_518' title='bbox 1703 575 1835 604; x_wconf 87' lang='lat' dir='ltr'><strong>medulla—</strong></span> 
     </span>
     <span class='ocr_line' id='line_1_76' title="bbox 990 617 1836 658; baseline 0.008 -14"><span class='ocrx_word' id='word_1_519' title='bbox 990 619 1049 645; x_wconf 91' lang='lat' dir='ltr'><strong>tum</strong></span> <span class='ocrx_word' id='word_1_520' title='bbox 1061 617 1082 650; x_wconf 68' lang='grc' dir='ltr'><strong>θ,</strong></span> <span class='ocrx_word' id='word_1_521' title='bbox 1103 625 1135 645; x_wconf 84' lang='lat' dir='ltr'><strong>ac</strong></span> <span class='ocrx_word' id='word_1_522' title='bbox 1158 625 1207 653; x_wconf 92' lang='lat' dir='ltr'><strong>per</strong></span> <span class='ocrx_word' id='word_1_523' title='bbox 1228 618 1280 647; x_wconf 87' lang='lat' dir='ltr'><strong>hoc.</strong></span> <span class='ocrx_word' id='word_1_524' title='bbox 1304 619 1456 655; x_wconf 88' lang='lat' dir='ltr'><strong>perfectum</strong></span> <span class='ocrx_word' id='word_1_525' title='bbox 1480 624 1507 649; x_wconf 90' lang='lat' dir='ltr'><strong>et</strong></span> <span class='ocrx_word' id='word_1_526' title='bbox 1527 621 1666 658; x_wconf 83' lang='lat' dir='ltr'><strong>integrum</strong></span> <span class='ocrx_word' id='word_1_527' title='bbox 1686 625 1713 650; x_wconf 89' lang='lat' dir='ltr'><strong>et</strong></span> <span class='ocrx_word' id='word_1_528' title='bbox 1733 622 1836 658; x_wconf 91' lang='lat' dir='ltr'><strong>optimo</strong></span> 
     </span>
     <span class='ocr_line' id='line_1_77' title="bbox 990 663 1348 701; baseline 0.006 -10"><span class='ocrx_word' id='word_1_529' title='bbox 990 663 1046 692; x_wconf 92' lang='lat' dir='ltr'><strong>Deo</strong></span> <span class='ocrx_word' id='word_1_530' title='bbox 1067 671 1174 692; x_wconf 90' lang='lat' dir='ltr'><strong>summe</strong></span> <span class='ocrx_word' id='word_1_531' title='bbox 1195 667 1348 701; x_wconf 87' lang='lat' dir='ltr'><strong>acceptum.</strong></span> 
     </span>
    </p>

    <p class='ocr_par' dir='ltr' id='par_1_19' title="bbox 988 710 1839 2096">
     <span class='ocr_line' id='line_1_78' title="bbox 1072 710 1834 748; baseline 0.008 -11"><span class='ocrx_word' id='word_1_532' title='bbox 1072 711 1115 738; x_wconf 72' lang='lat'><strong>12.</strong></span> <span class='ocrx_word' id='word_1_533' title='bbox 1140 710 1214 739; x_wconf 86' lang='lat' dir='ltr'><strong>Unde</strong></span> <span class='ocrx_word' id='word_1_534' title='bbox 1235 712 1420 748; x_wconf 80' lang='lat' dir='ltr'><strong>Augustinus,</strong></span> <span class='ocrx_word' id='word_1_535' title='bbox 1452 716 1573 743; x_wconf 88' lang='lat' dir='ltr'><strong>tractans</strong></span> <span class='ocrx_word' id='word_1_536' title='bbox 1601 714 1669 743; x_wconf 89' lang='lat' dir='ltr'><strong>illud</strong></span> <span class='ocrx_word' id='word_1_537' title='bbox 1695 715 1792 743; x_wconf 86' lang='lat' dir='ltr'><strong>Psalmi</strong></span> <span class='ocrx_word' id='word_1_538' title='bbox 1808 715 1834 743; x_wconf 86' lang='lat'><strong>⁷:</strong></span> 
     </span>
     <span class='ocr_line' id='line_1_79' title="bbox 991 756 1837 795; baseline 0.007 -11"><span class='ocrx_word' id='word_1_539' title='bbox 991 756 1073 785; x_wconf 81' lang='lat' dir='ltr'><strong>Sicut</strong></span> <span class='ocrx_word' id='word_1_540' title='bbox 1093 757 1206 785; x_wconf 82' lang='lat' dir='ltr'><strong>iuravit</strong></span> <span class='ocrx_word' id='word_1_541' title='bbox 1229 758 1367 791; x_wconf 80' lang='lat' dir='ltr'><strong>Domino,</strong></span> <span class='ocrx_word' id='word_1_542' title='bbox 1388 763 1484 787; x_wconf 80' lang='lat' dir='ltr'><strong>votum</strong></span> <span class='ocrx_word' id='word_1_543' title='bbox 1507 761 1583 788; x_wconf 79' lang='lat' dir='ltr'><strong>vovit</strong></span> <span class='ocrx_word' id='word_1_544' title='bbox 1605 761 1660 789; x_wconf 80' lang='lat' dir='ltr'><strong>Deo</strong></span> <span class='ocrx_word' id='word_1_545' title='bbox 1683 761 1784 795; x_wconf 77' lang='lat' dir='ltr'><strong>Iacob,</strong></span> <span class='ocrx_word' id='word_1_546' title='bbox 1799 761 1837 790; x_wconf 84' lang='lat' dir='ltr'><strong>ait</strong></span> 
     </span>
     <span class='ocr_line' id='line_1_80' title="bbox 990 803 1835 844; baseline 0.007 -14"><span class='ocrx_word' id='word_1_547' title='bbox 990 803 1041 831; x_wconf 88' lang='lat' dir='ltr'><strong>sic:</strong></span> <span class='ocrx_word' id='word_1_548' title='bbox 1068 803 1167 839; x_wconf 74' lang='lat' dir='ltr'><strong>«Quid</strong></span> <span class='ocrx_word' id='word_1_549' title='bbox 1188 811 1322 833; x_wconf 89' lang='lat' dir='ltr'><strong>vovemus</strong></span> <span class='ocrx_word' id='word_1_550' title='bbox 1350 805 1420 839; x_wconf 91' lang='lat' dir='ltr'><strong>Deo,</strong></span> <span class='ocrx_word' id='word_1_551' title='bbox 1449 806 1499 834; x_wconf 92' lang='lat' dir='ltr'><strong>nisi</strong></span> <span class='ocrx_word' id='word_1_552' title='bbox 1528 809 1560 834; x_wconf 95' lang='lat' dir='ltr'><strong>ut</strong></span> <span class='ocrx_word' id='word_1_553' title='bbox 1588 807 1674 836; x_wconf 91' lang='lat' dir='ltr'><strong>simus</strong></span> <span class='ocrx_word' id='word_1_554' title='bbox 1701 808 1835 844; x_wconf 88' lang='lat' dir='ltr'><strong>templum</strong></span> 
     </span>
     <span class='ocr_line' id='line_1_81' title="bbox 990 849 1837 891; baseline 0.006 -13"><span class='ocrx_word' id='word_1_555' title='bbox 990 849 1061 878; x_wconf 83' lang='lat' dir='ltr'><strong>Dei?</strong></span> <span class='ocrx_word' id='word_1_556' title='bbox 1081 849 1154 878; x_wconf 90' lang='lat' dir='ltr'><strong>Nihil</strong></span> <span class='ocrx_word' id='word_1_557' title='bbox 1175 850 1247 878; x_wconf 90' lang='lat' dir='ltr'><strong>enim</strong></span> <span class='ocrx_word' id='word_1_558' title='bbox 1269 851 1376 887; x_wconf 85' lang='lat' dir='ltr'><strong>gratius</strong></span> <span class='ocrx_word' id='word_1_559' title='bbox 1396 860 1545 888; x_wconf 90' lang='lat' dir='ltr'><strong>possumus</strong></span> <span class='ocrx_word' id='word_1_560' title='bbox 1566 853 1589 881; x_wconf 82' lang='lat' dir='ltr'><strong>ei</strong></span> <span class='ocrx_word' id='word_1_561' title='bbox 1611 854 1728 888; x_wconf 74' lang='lat' dir='ltr'><strong>offerre,</strong></span> <span class='ocrx_word' id='word_1_562' title='bbox 1753 862 1837 891; x_wconf 87' lang='lat' dir='ltr'><strong>quam</strong></span> 
     </span>
     <span class='ocr_line' id='line_1_82' title="bbox 990 896 1835 934; baseline 0.006 -10"><span class='ocrx_word' id='word_1_563' title='bbox 990 899 1021 925; x_wconf 89' lang='lat' dir='ltr'><strong>ut</strong></span> <span class='ocrx_word' id='word_1_564' title='bbox 1041 896 1165 925; x_wconf 88' lang='lat' dir='ltr'><strong>dicamus</strong></span> <span class='ocrx_word' id='word_1_565' title='bbox 1186 897 1209 926; x_wconf 91' lang='lat' dir='ltr'><strong>ei</strong></span> <span class='ocrx_word' id='word_1_566' title='bbox 1232 897 1305 934; x_wconf 91' lang='lat' dir='ltr'><strong>quod</strong></span> <span class='ocrx_word' id='word_1_567' title='bbox 1326 897 1428 926; x_wconf 91' lang='lat' dir='ltr'><strong>dicitur</strong></span> <span class='ocrx_word' id='word_1_568' title='bbox 1449 898 1476 927; x_wconf 91' lang='lat' dir='ltr'><strong>in</strong></span> <span class='ocrx_word' id='word_1_569' title='bbox 1499 899 1580 927; x_wconf 85' lang='lat' dir='ltr'><strong>lsaia:</strong></span> <span class='ocrx_word' id='word_1_570' title='bbox 1602 900 1722 928; x_wconf 77' lang='lat' dir='ltr'><strong>Posside</strong></span> <span class='ocrx_word' id='word_1_571' title='bbox 1742 909 1794 928; x_wconf 78' lang='lat' dir='ltr'><strong>nos</strong></span> <span class='ocrx_word' id='word_1_572' title='bbox 1808 912 1835 928; x_wconf 85' lang='lat'><strong>».</strong></span> 
     </span>
     <span class='ocr_line' id='line_1_83' title="bbox 991 943 1835 983; baseline 0.005 -12"><span class='ocrx_word' id='word_1_573' title='bbox 991 943 1059 972; x_wconf 86' lang='lat' dir='ltr'><strong>Haec</strong></span> <span class='ocrx_word' id='word_1_574' title='bbox 1080 943 1257 980; x_wconf 85' lang='lat' dir='ltr'><strong>Augustinus.</strong></span> <span class='ocrx_word' id='word_1_575' title='bbox 1289 944 1314 972; x_wconf 87' lang='lat' dir='ltr'><strong>Si</strong></span> <span class='ocrx_word' id='word_1_576' title='bbox 1344 944 1429 981; x_wconf 90' lang='lat' dir='ltr'><strong>igitur</strong></span> <span class='ocrx_word' id='word_1_577' title='bbox 1456 945 1605 982; x_wconf 85' lang='lat' dir='ltr'><strong>perfectius</strong></span> <span class='ocrx_word' id='word_1_578' title='bbox 1632 946 1753 982; x_wconf 84' lang='lat' dir='ltr'><strong>possidet</strong></span> <span class='ocrx_word' id='word_1_579' title='bbox 1787 947 1835 983; x_wconf 90' lang='lat' dir='ltr'><strong>qui</strong></span> 
     </span>
     <span class='ocr_line' id='line_1_84' title="bbox 990 989 1837 1029; baseline 0.004 -11"><span class='ocrx_word' id='word_1_580' title='bbox 990 989 1109 1026; x_wconf 86' lang='lat' dir='ltr'><strong>possidet</strong></span> <span class='ocrx_word' id='word_1_581' title='bbox 1139 990 1231 1027; x_wconf 88' lang='lat' dir='ltr'><strong>quoad</strong></span> <span class='ocrx_word' id='word_1_582' title='bbox 1262 998 1345 1019; x_wconf 89' lang='lat' dir='ltr'><strong>usum</strong></span> <span class='ocrx_word' id='word_1_583' title='bbox 1380 994 1408 1020; x_wconf 87' lang='lat' dir='ltr'><strong>et</strong></span> <span class='ocrx_word' id='word_1_584' title='bbox 1435 992 1647 1028; x_wconf 89' lang='lat' dir='ltr'><strong>proprietatem,</strong></span> <span class='ocrx_word' id='word_1_585' title='bbox 1675 1001 1759 1029; x_wconf 86' lang='lat' dir='ltr'><strong>quam</strong></span> <span class='ocrx_word' id='word_1_586' title='bbox 1789 993 1837 1029; x_wconf 88' lang='lat' dir='ltr'><strong>qui</strong></span> 
     </span>
     <span class='ocr_line' id='line_1_85' title="bbox 989 1036 1837 1076; baseline 0.005 -12"><span class='ocrx_word' id='word_1_587' title='bbox 989 1036 1080 1073; x_wconf 89' lang='lat' dir='ltr'><strong>quoad</strong></span> <span class='ocrx_word' id='word_1_588' title='bbox 1101 1044 1184 1065; x_wconf 91' lang='lat' dir='ltr'><strong>usum</strong></span> <span class='ocrx_word' id='word_1_589' title='bbox 1206 1040 1326 1071; x_wconf 80' lang='lat' dir='ltr'><strong>tantum3</strong></span> <span class='ocrx_word' id='word_1_590' title='bbox 1352 1037 1501 1074; x_wconf 87' lang='lat' dir='ltr'><strong>perfectius</strong></span> <span class='ocrx_word' id='word_1_591' title='bbox 1525 1046 1554 1067; x_wconf 90' lang='lat' dir='ltr'><strong>se</strong></span> <span class='ocrx_word' id='word_1_592' title='bbox 1578 1039 1634 1067; x_wconf 88' lang='lat' dir='ltr'><strong>Deo</strong></span> <span class='ocrx_word' id='word_1_593' title='bbox 1658 1038 1764 1067; x_wconf 85' lang='lat' dir='ltr'><strong>dedicat</strong></span> <span class='ocrx_word' id='word_1_594' title='bbox 1789 1040 1837 1076; x_wconf 87' lang='lat' dir='ltr'><strong>qui</strong></span> 
     </span>
     <span class='ocr_line' id='line_1_86' title="bbox 989 1083 1837 1122; baseline 0.004 -11"><span class='ocrx_word' id='word_1_595' title='bbox 989 1083 1045 1112; x_wconf 91' lang='lat' dir='ltr'><strong>Deo</strong></span> <span class='ocrx_word' id='word_1_596' title='bbox 1067 1091 1096 1112; x_wconf 92' lang='lat' dir='ltr'><strong>se</strong></span> <span class='ocrx_word' id='word_1_597' title='bbox 1116 1084 1197 1112; x_wconf 81' lang='lat' dir='ltr'><strong>offert</strong></span> <span class='ocrx_word' id='word_1_598' title='bbox 1217 1087 1243 1112; x_wconf 92' lang='lat' dir='ltr'><strong>et</strong></span> <span class='ocrx_word' id='word_1_599' title='bbox 1265 1084 1356 1121; x_wconf 91' lang='lat' dir='ltr'><strong>quoad</strong></span> <span class='ocrx_word' id='word_1_600' title='bbox 1377 1092 1459 1113; x_wconf 90' lang='lat' dir='ltr'><strong>usum</strong></span> <span class='ocrx_word' id='word_1_601' title='bbox 1482 1085 1573 1121; x_wconf 89' lang='lat' dir='ltr'><strong>operis</strong></span> <span class='ocrx_word' id='word_1_602' title='bbox 1598 1088 1626 1114; x_wconf 92' lang='lat' dir='ltr'><strong>et</strong></span> <span class='ocrx_word' id='word_1_603' title='bbox 1653 1085 1741 1122; x_wconf 88' lang='lat' dir='ltr'><strong>quoad</strong></span> <span class='ocrx_word' id='word_1_604' title='bbox 1764 1086 1837 1114; x_wconf 84' lang='lat' dir='ltr'><strong>arbi-</strong></span> 
     </span>
     <span class='ocr_line' id='line_1_87' title="bbox 989 1129 1838 1167; baseline 0.002 -9"><span class='ocrx_word' id='word_1_605' title='bbox 989 1129 1074 1158; x_wconf 89' lang='lat' dir='ltr'><strong>trium</strong></span> <span class='ocrx_word' id='word_1_606' title='bbox 1089 1130 1247 1159; x_wconf 88' lang='lat' dir='ltr'><strong>voluntatis.</strong></span> <span class='ocrx_word' id='word_1_607' title='bbox 1260 1147 1297 1151; x_wconf 36' lang='grc' dir='ltr'><strong>ἡ</strong></span> <span class='ocrx_word' id='word_1_608' title='bbox 1309 1131 1546 1167; x_wconf 87' lang='lat' dir='ltr'><strong>Quemadmodum</strong></span> <span class='ocrx_word' id='word_1_609' title='bbox 1565 1132 1708 1161; x_wconf 84' lang='lat' dir='ltr'><strong>Anselmus</strong></span> <span class='ocrx_word' id='word_1_610' title='bbox 1726 1132 1752 1160; x_wconf 95' lang='lat' dir='ltr'><strong>in</strong></span> <span class='ocrx_word' id='word_1_611' title='bbox 1768 1132 1838 1161; x_wconf 88' lang='lat' dir='ltr'><strong>libro</strong></span> 
     </span>
     <span class='ocr_line' id='line_1_88' title="bbox 988 1176 1837 1215; baseline 0.002 -10"><span class='ocrx_word' id='word_1_612' title='bbox 988 1176 1022 1205; x_wconf 88' lang='lat' dir='ltr'><strong>de</strong></span> <span class='ocrx_word' id='word_1_613' title='bbox 1036 1176 1267 1206; x_wconf 86' lang='lat' dir='ltr'><strong>Similitudinibus</strong></span> <span class='ocrx_word' id='word_1_614' title='bbox 1281 1177 1292 1194; x_wconf 74' lang='lat'>⁸</span> <span class='ocrx_word' id='word_1_615' title='bbox 1313 1186 1363 1214; x_wconf 87' lang='lat' dir='ltr'><strong>per</strong></span> <span class='ocrx_word' id='word_1_616' title='bbox 1381 1178 1541 1214; x_wconf 88' lang='lat' dir='ltr'><strong>exemplum</strong></span> <span class='ocrx_word' id='word_1_617' title='bbox 1567 1178 1694 1207; x_wconf 87' lang='lat' dir='ltr'><strong>sensibile</strong></span> <span class='ocrx_word' id='word_1_618' title='bbox 1714 1181 1837 1215; x_wconf 85' lang='lat' dir='ltr'><strong>patenter</strong></span> 
     </span>
     <span class='ocr_line' id='line_1_89' title="bbox 988 1223 1837 1261; baseline 0.001 -9"><span class='ocrx_word' id='word_1_619' title='bbox 988 1223 1107 1252; x_wconf 87' lang='lat' dir='ltr'><strong>ostendit</strong></span> <span class='ocrx_word' id='word_1_620' title='bbox 1127 1224 1155 1252; x_wconf 93' lang='lat' dir='ltr'><strong>in</strong></span> <span class='ocrx_word' id='word_1_621' title='bbox 1176 1224 1301 1258; x_wconf 87' lang='lat' dir='ltr'><strong>duobus,</strong></span> <span class='ocrx_word' id='word_1_622' title='bbox 1323 1232 1443 1261; x_wconf 88' lang='lat' dir='ltr'><strong>quorum</strong></span> <span class='ocrx_word' id='word_1_623' title='bbox 1458 1232 1532 1253; x_wconf 89' lang='lat' dir='ltr'><strong>unus</strong></span> <span class='ocrx_word' id='word_1_624' title='bbox 1554 1233 1604 1261; x_wconf 90' lang='lat' dir='ltr'><strong>pro</strong></span> <span class='ocrx_word' id='word_1_625' title='bbox 1619 1227 1742 1261; x_wconf 87' lang='lat' dir='ltr'><strong>tempore</strong></span> <span class='ocrx_word' id='word_1_626' title='bbox 1756 1225 1837 1254; x_wconf 78' lang='lat' dir='ltr'><strong>offert</strong></span> 
     </span>
     <span class='ocr_line' id='line_1_90' title="bbox 989 1270 1837 1309; baseline 0.002 -11"><span class='ocrx_word' id='word_1_627' title='bbox 989 1270 1105 1299; x_wconf 91' lang='lat' dir='ltr'><strong>Domino</strong></span> <span class='ocrx_word' id='word_1_628' title='bbox 1124 1271 1233 1299; x_wconf 85' lang='lat' dir='ltr'><strong>arboris</strong></span> <span class='ocrx_word' id='word_1_629' title='bbox 1253 1270 1403 1309; x_wconf 74' lang='lat' dir='ltr'><strong>fructmn,</strong></span> <span class='ocrx_word' id='word_1_630' title='bbox 1424 1271 1471 1300; x_wconf 85' lang='lat' dir='ltr'><strong>sed</strong></span> <span class='ocrx_word' id='word_1_631' title='bbox 1493 1271 1593 1300; x_wconf 86' lang='lat' dir='ltr'><strong>relinet</strong></span> <span class='ocrx_word' id='word_1_632' title='bbox 1613 1272 1837 1309; x_wconf 80' lang='lat' dir='ltr'><strong>proprietatem;</strong></span> 
     </span>
     <span class='ocr_line' id='line_1_91' title="bbox 989 1317 1838 1356; baseline 0.001 -10"><span class='ocrx_word' id='word_1_633' title='bbox 989 1317 1059 1346; x_wconf 87' lang='lat' dir='ltr'><strong>alter</strong></span> <span class='ocrx_word' id='word_1_634' title='bbox 1077 1325 1144 1346; x_wconf 88' lang='lat' dir='ltr'><strong>vero</strong></span> <span class='ocrx_word' id='word_1_635' title='bbox 1164 1318 1283 1355; x_wconf 84' lang='lat' dir='ltr'><strong>largitur</strong></span> <span class='ocrx_word' id='word_1_636' title='bbox 1304 1321 1479 1356; x_wconf 76' lang='lat' dir='ltr'><strong>utrumque;</strong></span> <span class='ocrx_word' id='word_1_637' title='bbox 1500 1321 1527 1347; x_wconf 91' lang='lat' dir='ltr'><strong>et</strong></span> <span class='ocrx_word' id='word_1_638' title='bbox 1549 1318 1634 1347; x_wconf 92' lang='lat' dir='ltr'><strong>huius</strong></span> <span class='ocrx_word' id='word_1_639' title='bbox 1653 1318 1765 1347; x_wconf 89' lang='lat' dir='ltr'><strong>secundi</strong></span> <span class='ocrx_word' id='word_1_640' title='bbox 1790 1318 1838 1347; x_wconf 88' lang='lat' dir='ltr'><strong>do-</strong></span> 
     </span>
     <span class='ocr_line' id='line_1_92' title="bbox 989 1364 1838 1402; baseline 0.001 -10"><span class='ocrx_word' id='word_1_641' title='bbox 989 1372 1056 1393; x_wconf 91' lang='lat' dir='ltr'><strong>num</strong></span> <span class='ocrx_word' id='word_1_642' title='bbox 1079 1367 1106 1393; x_wconf 90' lang='lat' dir='ltr'><strong>et</strong></span> <span class='ocrx_word' id='word_1_643' title='bbox 1126 1364 1291 1393; x_wconf 89' lang='lat' dir='ltr'><strong>oblationem</strong></span> <span class='ocrx_word' id='word_1_644' title='bbox 1307 1368 1438 1402; x_wconf 84' lang='lat' dir='ltr'><strong>tanquam</strong></span> <span class='ocrx_word' id='word_1_645' title='bbox 1454 1364 1596 1393; x_wconf 87' lang='lat' dir='ltr'><strong>liberalius</strong></span> <span class='ocrx_word' id='word_1_646' title='bbox 1613 1365 1753 1393; x_wconf 80' lang='lat' dir='ltr'><strong>offerentis</strong></span> <span class='ocrx_word' id='word_1_647' title='bbox 1773 1364 1838 1393; x_wconf 81' lang='lat' dir='ltr'><strong>dicit</strong></span> 
     </span>
     <span class='ocr_line' id='line_1_93' title="bbox 990 1411 1839 1449; baseline 0.001 -10"><span class='ocrx_word' id='word_1_648' title='bbox 990 1419 1044 1440; x_wconf 92' lang='lat' dir='ltr'><strong>non</strong></span> <span class='ocrx_word' id='word_1_649' title='bbox 1065 1411 1203 1440; x_wconf 88' lang='lat' dir='ltr'><strong>immerito</strong></span> <span class='ocrx_word' id='word_1_650' title='bbox 1223 1411 1325 1440; x_wconf 88' lang='lat' dir='ltr'><strong>debere</strong></span> <span class='ocrx_word' id='word_1_651' title='bbox 1356 1411 1508 1449; x_wconf 89' lang='lat' dir='ltr'><strong>praeserri;</strong></span> <span class='ocrx_word' id='word_1_652' title='bbox 1535 1420 1566 1440; x_wconf 88' lang='lat' dir='ltr'><strong>ac</strong></span> <span class='ocrx_word' id='word_1_653' title='bbox 1592 1419 1641 1448; x_wconf 88' lang='lat' dir='ltr'><strong>per</strong></span> <span class='ocrx_word' id='word_1_654' title='bbox 1665 1412 1733 1446; x_wconf 86' lang='lat' dir='ltr'><strong>hoc,</strong></span> <span class='ocrx_word' id='word_1_655' title='bbox 1761 1411 1839 1440; x_wconf 82' lang='lat' dir='ltr'><strong>iuxta</strong></span> 
     </span>
     <span class='ocr_line' id='line_1_94' title="bbox 991 1458 1838 1496; baseline 0.002 -10"><span class='ocrx_word' id='word_1_656' title='bbox 991 1458 1149 1487; x_wconf 89' lang='lat' dir='ltr'><strong>huiusmodi</strong></span> <span class='ocrx_word' id='word_1_657' title='bbox 1175 1458 1398 1493; x_wconf 89' lang='lat' dir='ltr'><strong>similitudinem,</strong></span> <span class='ocrx_word' id='word_1_658' title='bbox 1419 1467 1490 1496; x_wconf 88' lang='lat' dir='ltr'><strong>opus</strong></span> <span class='ocrx_word' id='word_1_659' title='bbox 1520 1459 1645 1488; x_wconf 89' lang='lat' dir='ltr'><strong>voventis</strong></span> <span class='ocrx_word' id='word_1_660' title='bbox 1672 1467 1755 1496; x_wconf 91' lang='lat' dir='ltr'><strong>opere</strong></span> <span class='ocrx_word' id='word_1_661' title='bbox 1784 1468 1838 1488; x_wconf 93' lang='lat' dir='ltr'><strong>non</strong></span> 
     </span>
     <span class='ocr_line' id='line_1_95' title="bbox 991 1505 1838 1543; baseline 0.001 -10"><span class='ocrx_word' id='word_1_662' title='bbox 991 1505 1116 1534; x_wconf 87' lang='lat' dir='ltr'><strong>voventis</strong></span> <span class='ocrx_word' id='word_1_663' title='bbox 1147 1505 1203 1534; x_wconf 92' lang='lat' dir='ltr'><strong>Deo</strong></span> <span class='ocrx_word' id='word_1_664' title='bbox 1229 1505 1425 1542; x_wconf 85' lang='lat' dir='ltr'><strong>acceptabilius</strong></span> <span class='ocrx_word' id='word_1_665' title='bbox 1452 1514 1512 1535; x_wconf 87' lang='lat' dir='ltr'><strong>esse</strong></span> <span class='ocrx_word' id='word_1_666' title='bbox 1538 1506 1699 1540; x_wconf 88' lang='lat' dir='ltr'><strong>confirmat,</strong></span> <span class='ocrx_word' id='word_1_667' title='bbox 1727 1514 1778 1543; x_wconf 88' lang='lat' dir='ltr'><strong>pro</strong></span> <span class='ocrx_word' id='word_1_668' title='bbox 1806 1514 1838 1535; x_wconf 82' lang='lat' dir='ltr'><strong>eo</strong></span> 
     </span>
     <span class='ocr_line' id='line_1_96' title="bbox 991 1551 1838 1589; baseline 0.004 -9"><span class='ocrx_word' id='word_1_669' title='bbox 991 1551 1133 1586; x_wconf 83' lang='lat' dir='ltr'><strong>videlicet,</strong></span> <span class='ocrx_word' id='word_1_670' title='bbox 1155 1552 1227 1589; x_wconf 89' lang='lat' dir='ltr'><strong>quod</strong></span> <span class='ocrx_word' id='word_1_671' title='bbox 1251 1553 1289 1581; x_wconf 89' lang='lat' dir='ltr'><strong>sic</strong></span> <span class='ocrx_word' id='word_1_672' title='bbox 1309 1552 1466 1582; x_wconf 85' lang='lat' dir='ltr'><strong>introducta</strong></span> <span class='ocrx_word' id='word_1_673' title='bbox 1487 1553 1514 1581; x_wconf 91' lang='lat' dir='ltr'><strong>in</strong></span> <span class='ocrx_word' id='word_1_674' title='bbox 1536 1553 1677 1582; x_wconf 90' lang='lat' dir='ltr'><strong>voluntate</strong></span> <span class='ocrx_word' id='word_1_675' title='bbox 1705 1562 1740 1583; x_wconf 82' lang='lat' dir='ltr'><strong>ex</strong></span> <span class='ocrx_word' id='word_1_676' title='bbox 1762 1562 1838 1583; x_wconf 87' lang='lat' dir='ltr'><strong>mera</strong></span> 
     </span>
     <span class='ocr_line' id='line_1_97' title="bbox 993 1599 1837 1637; baseline 0.002 -10"><span class='ocrx_word' id='word_1_677' title='bbox 993 1599 1155 1628; x_wconf 84' lang='lat' dir='ltr'><strong>liberalitate</strong></span> <span class='ocrx_word' id='word_1_678' title='bbox 1170 1599 1181 1616; x_wconf 79' lang='lat'><strong>⁹</strong></span> <span class='ocrx_word' id='word_1_679' title='bbox 1202 1600 1350 1628; x_wconf 82' lang='lat' dir='ltr'><strong>necessitas</strong></span> <span class='ocrx_word' id='word_1_680' title='bbox 1370 1600 1568 1637; x_wconf 83' lang='lat' dir='ltr'><strong>gratiositatem</strong></span> <span class='ocrx_word' id='word_1_681' title='bbox 1589 1600 1714 1637; x_wconf 90' lang='lat' dir='ltr'><strong>obsequii</strong></span> <span class='ocrx_word' id='word_1_682' title='bbox 1729 1609 1782 1629; x_wconf 90' lang='lat' dir='ltr'><strong>non</strong></span> <span class='ocrx_word' id='word_1_683' title='bbox 1797 1601 1837 1629; x_wconf 92' lang='lat' dir='ltr'><strong>di-</strong></span> 
     </span>
     <span class='ocr_line' id='line_1_98' title="bbox 993 1646 1837 1686; baseline 0.002 -11"><span class='ocrx_word' id='word_1_684' title='bbox 993 1646 1108 1681; x_wconf 88' lang='lat' dir='ltr'><strong>minuit,</strong></span> <span class='ocrx_word' id='word_1_685' title='bbox 1130 1646 1177 1675; x_wconf 89' lang='lat' dir='ltr'><strong>sed</strong></span> <span class='ocrx_word' id='word_1_686' title='bbox 1199 1649 1382 1675; x_wconf 84' lang='lat' dir='ltr'><strong>consummat.</strong></span> <span class='ocrx_word' id='word_1_687' title='bbox 1405 1647 1476 1676; x_wconf 89' lang='lat' dir='ltr'><strong>ldem</strong></span> <span class='ocrx_word' id='word_1_688' title='bbox 1498 1656 1610 1685; x_wconf 88' lang='lat' dir='ltr'><strong>quoque</strong></span> <span class='ocrx_word' id='word_1_689' title='bbox 1631 1648 1754 1677; x_wconf 86' lang='lat' dir='ltr'><strong>scribens</strong></span> <span class='ocrx_word' id='word_1_690' title='bbox 1781 1649 1837 1686; x_wconf 90' lang='lat' dir='ltr'><strong>epi-</strong></span> 
     </span>
     <span class='ocr_line' id='line_1_99' title="bbox 992 1693 1837 1733; baseline 0.004 -11"><span class='ocrx_word' id='word_1_691' title='bbox 992 1701 1074 1730; x_wconf 90' lang='lat' dir='ltr'><strong>scopo</strong></span> <span class='ocrx_word' id='word_1_692' title='bbox 1095 1693 1239 1722; x_wconf 86' lang='lat' dir='ltr'><strong>Parisiensi</strong></span> <span class='ocrx_word' id='word_1_693' title='bbox 1250 1694 1274 1710; x_wconf 83' lang='lat'><strong>¹⁰</strong></span> <span class='ocrx_word' id='word_1_694' title='bbox 1288 1696 1316 1722; x_wconf 89' lang='lat' dir='ltr'><strong>et</strong></span> <span class='ocrx_word' id='word_1_695' title='bbox 1329 1701 1393 1722; x_wconf 86' lang='lat' dir='ltr'><strong>eum</strong></span> <span class='ocrx_word' id='word_1_696' title='bbox 1410 1694 1595 1731; x_wconf 89' lang='lat' dir='ltr'><strong>redarguens,</strong></span> <span class='ocrx_word' id='word_1_697' title='bbox 1610 1695 1684 1732; x_wconf 92' lang='lat' dir='ltr'><strong>quod</strong></span> <span class='ocrx_word' id='word_1_698' title='bbox 1699 1696 1837 1733; x_wconf 86' lang='lat' dir='ltr'><strong>quendam</strong></span> 
     </span>
     <span class='ocr_line' id='line_1_100' title="bbox 992 1740 1837 1779; baseline 0.005 -11"><span class='ocrx_word' id='word_1_699' title='bbox 992 1740 1123 1769; x_wconf 90' lang='lat' dir='ltr'><strong>clericum</strong></span> <span class='ocrx_word' id='word_1_700' title='bbox 1145 1740 1179 1769; x_wconf 93' lang='lat' dir='ltr'><strong>de</strong></span> <span class='ocrx_word' id='word_1_701' title='bbox 1199 1740 1366 1769; x_wconf 84' lang='lat' dir='ltr'><strong>monasterio</strong></span> <span class='ocrx_word' id='word_1_702' title='bbox 1387 1741 1472 1769; x_wconf 83' lang='lat' dir='ltr'><strong>sancti</strong></span> <span class='ocrx_word' id='word_1_703' title='bbox 1495 1742 1602 1770; x_wconf 87' lang='lat' dir='ltr'><strong>Martini</strong></span> <span class='ocrx_word' id='word_1_704' title='bbox 1620 1742 1653 1771; x_wconf 92' lang='lat' dir='ltr'><strong>de</strong></span> <span class='ocrx_word' id='word_1_705' title='bbox 1667 1742 1776 1779; x_wconf 86' lang='lat' dir='ltr'><strong>Campis</strong></span> <span class='ocrx_word' id='word_1_706' title='bbox 1791 1751 1837 1772; x_wconf 81' lang='lat' dir='ltr'><strong>ex-</strong></span> 
     </span>
     <span class='ocr_line' id='line_1_101' title="bbox 992 1786 1837 1825; baseline 0.004 -10"><span class='ocrx_word' id='word_1_707' title='bbox 992 1789 1132 1820; x_wconf 87' lang='lat' dir='ltr'><strong>traxerat,</strong></span> <span class='ocrx_word' id='word_1_708' title='bbox 1153 1786 1191 1815; x_wconf 92' lang='lat' dir='ltr'><strong>ait</strong></span> <span class='ocrx_word' id='word_1_709' title='bbox 1212 1787 1265 1815; x_wconf 89' lang='lat' dir='ltr'><strong>sic:</strong></span> <span class='ocrx_word' id='word_1_710' title='bbox 1292 1798 1306 1812; x_wconf 73' lang='lat' dir='ltr'><strong>&lt;r</strong></span> <span class='ocrx_word' id='word_1_711' title='bbox 1321 1787 1346 1815; x_wconf 91' lang='lat' dir='ltr'><strong>Si</strong></span> <span class='ocrx_word' id='word_1_712' title='bbox 1368 1787 1461 1816; x_wconf 90' lang='lat' dir='ltr'><strong>omnia</strong></span> <span class='ocrx_word' id='word_1_713' title='bbox 1481 1788 1586 1825; x_wconf 88' lang='lat' dir='ltr'><strong>agenda</strong></span> <span class='ocrx_word' id='word_1_714' title='bbox 1605 1792 1671 1817; x_wconf 88' lang='lat' dir='ltr'><strong>sunt</strong></span> <span class='ocrx_word' id='word_1_715' title='bbox 1691 1797 1754 1818; x_wconf 84' lang='lat' dir='ltr'><strong>cum</strong></span> <span class='ocrx_word' id='word_1_716' title='bbox 1777 1797 1837 1818; x_wconf 86' lang='lat' dir='ltr'><strong>con-</strong></span> 
     </span>
     <span class='ocr_line' id='line_1_102' title="bbox 992 1833 1836 1873; baseline 0.005 -12"><span class='ocrx_word' id='word_1_717' title='bbox 992 1833 1067 1867; x_wconf 92' lang='lat' dir='ltr'><strong>silio,</strong></span> <span class='ocrx_word' id='word_1_718' title='bbox 1089 1833 1169 1862; x_wconf 89' lang='lat' dir='ltr'><strong>cuius</strong></span> <span class='ocrx_word' id='word_1_719' title='bbox 1191 1834 1277 1870; x_wconf 87' lang='lat' dir='ltr'><strong>magis</strong></span> <span class='ocrx_word' id='word_1_720' title='bbox 1297 1834 1426 1869; x_wconf 90' lang='lat' dir='ltr'><strong>consilio,</strong></span> <span class='ocrx_word' id='word_1_721' title='bbox 1448 1843 1530 1872; x_wconf 87' lang='lat' dir='ltr'><strong>quam</strong></span> <span class='ocrx_word' id='word_1_722' title='bbox 1552 1836 1612 1864; x_wconf 91' lang='lat' dir='ltr'><strong>eius</strong></span> <span class='ocrx_word' id='word_1_723' title='bbox 1633 1836 1680 1873; x_wconf 90' lang='lat' dir='ltr'><strong>qui</strong></span> <span class='ocrx_word' id='word_1_724' title='bbox 1702 1836 1836 1865; x_wconf 71' lang='lat' dir='ltr'><strong>admira-</strong></span> 
     </span>
     <span class='ocr_line' id='line_1_103' title="bbox 992 1879 1836 1921; baseline 0.006 -14"><span class='ocrx_word' id='word_1_725' title='bbox 992 1879 1057 1908; x_wconf 73' lang='lat' dir='ltr'><strong>bilis</strong></span> <span class='ocrx_word' id='word_1_726' title='bbox 1078 1880 1282 1915; x_wconf 73' lang='lat' dir='ltr'><strong>consiliarius,</strong></span> <span class='ocrx_word' id='word_1_727' title='bbox 1306 1881 1382 1909; x_wconf 73' lang='lat' dir='ltr'><strong>Deus</strong></span> <span class='ocrx_word' id='word_1_728' title='bbox 1401 1880 1490 1918; x_wconf 74' lang='lat' dir='ltr'><strong>fortis</strong></span> <span class='ocrx_word' id='word_1_729' title='bbox 1510 1882 1633 1911; x_wconf 82' lang='lat' dir='ltr'><strong>dicitur?</strong></span> <span class='ocrx_word' id='word_1_730' title='bbox 1654 1883 1712 1920; x_wconf 91' lang='lat' dir='ltr'><strong>lpse</strong></span> <span class='ocrx_word' id='word_1_731' title='bbox 1734 1883 1836 1921; x_wconf 89' lang='lat' dir='ltr'><strong>quippe</strong></span> 
     </span>
     <span class='ocr_line' id='line_1_104' title="bbox 991 1926 1836 1964; baseline 0.005 -9"><span class='ocrx_word' id='word_1_732' title='bbox 991 1926 1110 1955; x_wconf 90' lang='lat' dir='ltr'><strong>consulit</strong></span> <span class='ocrx_word' id='word_1_733' title='bbox 1130 1927 1162 1955; x_wconf 88' lang='lat' dir='ltr'><strong>ad</strong></span> <span class='ocrx_word' id='word_1_734' title='bbox 1184 1927 1378 1964; x_wconf 88' lang='lat' dir='ltr'><strong>perfectionem</strong></span> <span class='ocrx_word' id='word_1_735' title='bbox 1400 1928 1568 1963; x_wconf 86' lang='lat' dir='ltr'><strong>nitentibus,</strong></span> <span class='ocrx_word' id='word_1_736' title='bbox 1589 1932 1621 1958; x_wconf 90' lang='lat' dir='ltr'><strong>ut</strong></span> <span class='ocrx_word' id='word_1_737' title='bbox 1641 1930 1732 1958; x_wconf 85' lang='lat' dir='ltr'><strong>omnia</strong></span> <span class='ocrx_word' id='word_1_738' title='bbox 1753 1930 1836 1959; x_wconf 89' lang='lat' dir='ltr'><strong>relin-</strong></span> 
     </span>
     <span class='ocr_line' id='line_1_105' title="bbox 991 1975 1836 2014; baseline 0.005 -12"><span class='ocrx_word' id='word_1_739' title='bbox 991 1976 1077 2010; x_wconf 92' lang='lat' dir='ltr'><strong>quant</strong></span> <span class='ocrx_word' id='word_1_740' title='bbox 1097 1976 1125 2002; x_wconf 89' lang='lat' dir='ltr'><strong>et</strong></span> <span class='ocrx_word' id='word_1_741' title='bbox 1145 1982 1174 2003; x_wconf 89' lang='lat' dir='ltr'><strong>se</strong></span> <span class='ocrx_word' id='word_1_742' title='bbox 1195 1977 1357 2011; x_wconf 88' lang='lat' dir='ltr'><strong>sequantur.</strong></span> <span class='ocrx_word' id='word_1_743' title='bbox 1379 1975 1433 2004; x_wconf 87' lang='lat' dir='ltr'><strong>Hoc</strong></span> <span class='ocrx_word' id='word_1_744' title='bbox 1453 1976 1598 2005; x_wconf 88' lang='lat' dir='ltr'><strong>consilium</strong></span> <span class='ocrx_word' id='word_1_745' title='bbox 1619 1977 1706 2014; x_wconf 85' lang='lat' dir='ltr'><strong>magis</strong></span> <span class='ocrx_word' id='word_1_746' title='bbox 1732 1977 1759 2005; x_wconf 94' lang='lat' dir='ltr'><strong>in</strong></span> <span class='ocrx_word' id='word_1_747' title='bbox 1782 1985 1836 2006; x_wconf 90' lang='lat' dir='ltr'><strong>mo-</strong></span> 
     </span>
     <span class='ocr_line' id='line_1_106' title="bbox 990 2020 1835 2061; baseline 0.006 -13"><span class='ocrx_word' id='word_1_748' title='bbox 990 2020 1095 2049; x_wconf 86' lang='lat' dir='ltr'><strong>nastico</strong></span> <span class='ocrx_word' id='word_1_749' title='bbox 1122 2029 1206 2057; x_wconf 87' lang='lat' dir='ltr'><strong>quam</strong></span> <span class='ocrx_word' id='word_1_750' title='bbox 1227 2021 1255 2049; x_wconf 95' lang='lat' dir='ltr'><strong>in</strong></span> <span class='ocrx_word' id='word_1_751' title='bbox 1275 2021 1328 2050; x_wconf 90' lang='lat' dir='ltr'><strong>alio</strong></span> <span class='ocrx_word' id='word_1_752' title='bbox 1350 2021 1421 2051; x_wconf 92' lang='lat' dir='ltr'><strong>vitae</strong></span> <span class='ocrx_word' id='word_1_753' title='bbox 1441 2023 1583 2060; x_wconf 89' lang='lat' dir='ltr'><strong>proposito</strong></span> <span class='ocrx_word' id='word_1_754' title='bbox 1613 2023 1721 2061; x_wconf 88' lang='lat' dir='ltr'><strong>impleri</strong></span> <span class='ocrx_word' id='word_1_755' title='bbox 1749 2025 1835 2053; x_wconf 88' lang='lat' dir='ltr'><strong>sancti</strong></span> 
     </span>
     <span class='ocr_line' id='line_1_107' title="bbox 990 2066 1344 2096; baseline 0.003 -1"><span class='ocrx_word' id='word_1_756' title='bbox 990 2066 1084 2095; x_wconf 87' lang='lat' dir='ltr'><strong>Patres</strong></span> <span class='ocrx_word' id='word_1_757' title='bbox 1105 2067 1344 2096; x_wconf 81' lang='lat' dir='ltr'><strong>intellexerunt».</strong></span> 
     </span>
    </p>

    <p class='ocr_par' dir='ltr' id='par_1_20' title="bbox 988 2113 1835 2341">
     <span class='ocr_line' id='line_1_108' title="bbox 1071 2113 1835 2154; baseline 0.007 -12"><span class='ocrx_word' id='word_1_758' title='bbox 1071 2113 1114 2142; x_wconf 81' lang='lat'><strong>13.</strong></span> <span class='ocrx_word' id='word_1_759' title='bbox 1130 2114 1184 2143; x_wconf 93' lang='lat' dir='ltr'><strong>Hoc</strong></span> <span class='ocrx_word' id='word_1_760' title='bbox 1206 2114 1295 2151; x_wconf 90' lang='lat' dir='ltr'><strong>ipsum</strong></span> <span class='ocrx_word' id='word_1_761' title='bbox 1317 2115 1467 2152; x_wconf 88' lang='lat' dir='ltr'><strong>Gregorius</strong></span> <span class='ocrx_word' id='word_1_762' title='bbox 1482 2116 1509 2144; x_wconf 94' lang='lat' dir='ltr'><strong>in</strong></span> <span class='ocrx_word' id='word_1_763' title='bbox 1524 2116 1648 2154; x_wconf 84' lang='lat' dir='ltr'><strong>Registro</strong></span> <span class='ocrx_word' id='word_1_764' title='bbox 1660 2118 1692 2152; x_wconf 81' lang='lat'><strong>1¹,</strong></span> <span class='ocrx_word' id='word_1_765' title='bbox 1711 2118 1835 2147; x_wconf 88' lang='lat' dir='ltr'><strong>scribens</strong></span> 
     </span>
     <span class='ocr_line' id='line_1_109' title="bbox 989 2160 1835 2202; baseline 0.007 -14"><span class='ocrx_word' id='word_1_766' title='bbox 989 2160 1130 2189; x_wconf 90' lang='lat' dir='ltr'><strong>Desiderio</strong></span> <span class='ocrx_word' id='word_1_767' title='bbox 1150 2161 1278 2198; x_wconf 84' lang='lat' dir='ltr'><strong>episcopo</strong></span> <span class='ocrx_word' id='word_1_768' title='bbox 1299 2170 1350 2199; x_wconf 90' lang='lat' dir='ltr'><strong>pro</strong></span> <span class='ocrx_word' id='word_1_769' title='bbox 1371 2163 1471 2191; x_wconf 87' lang='lat' dir='ltr'><strong>clerico</strong></span> <span class='ocrx_word' id='word_1_770' title='bbox 1492 2163 1600 2193; x_wconf 90' lang='lat' dir='ltr'><strong>volente</strong></span> <span class='ocrx_word' id='word_1_771' title='bbox 1614 2164 1779 2202; x_wconf 85' lang='lat' dir='ltr'><strong>Religionem</strong></span> <span class='ocrx_word' id='word_1_772' title='bbox 1795 2165 1835 2193; x_wconf 91' lang='lat' dir='ltr'><strong>in-</strong></span> 
     </span>
     <span class='ocr_line' id='line_1_110' title="bbox 989 2207 1835 2247; baseline 0.007 -13"><span class='ocrx_word' id='word_1_773' title='bbox 989 2209 1079 2241; x_wconf 83' lang='lat' dir='ltr'><strong>trare,</strong></span> <span class='ocrx_word' id='word_1_774' title='bbox 1100 2207 1180 2235; x_wconf 88' lang='lat' dir='ltr'><strong>dicit:</strong></span> <span class='ocrx_word' id='word_1_775' title='bbox 1208 2208 1341 2237; x_wconf 78' lang='lat' dir='ltr'><strong>«Minime</strong></span> <span class='ocrx_word' id='word_1_776' title='bbox 1362 2209 1385 2237; x_wconf 92' lang='lat' dir='ltr'><strong>ei</strong></span> <span class='ocrx_word' id='word_1_777' title='bbox 1404 2209 1439 2238; x_wconf 92' lang='lat' dir='ltr'><strong>sit</strong></span> <span class='ocrx_word' id='word_1_778' title='bbox 1459 2210 1654 2247; x_wconf 86' lang='lat' dir='ltr'><strong>impedimento</strong></span> <span class='ocrx_word' id='word_1_779' title='bbox 1669 2214 1761 2240; x_wconf 86' lang='lat' dir='ltr'><strong>vestra</strong></span> <span class='ocrx_word' id='word_1_780' title='bbox 1780 2211 1835 2240; x_wconf 89' lang='lat' dir='ltr'><strong>fra-</strong></span> 
     </span>
     <span class='ocr_line' id='line_1_111' title="bbox 989 2253 1835 2292; baseline 0.007 -11"><span class='ocrx_word' id='word_1_781' title='bbox 989 2253 1119 2288; x_wconf 82' lang='lat' dir='ltr'><strong>ternitas,</strong></span> <span class='ocrx_word' id='word_1_782' title='bbox 1141 2254 1227 2291; x_wconf 86' lang='lat' dir='ltr'><strong>magis</strong></span> <span class='ocrx_word' id='word_1_783' title='bbox 1248 2258 1340 2284; x_wconf 89' lang='lat' dir='ltr'><strong>autem</strong></span> <span class='ocrx_word' id='word_1_784' title='bbox 1362 2256 1491 2292; x_wconf 90' lang='lat' dir='ltr'><strong>pastorali</strong></span> <span class='ocrx_word' id='word_1_785' title='bbox 1512 2257 1697 2287; x_wconf 88' lang='lat' dir='ltr'><strong>admonitione</strong></span> <span class='ocrx_word' id='word_1_786' title='bbox 1722 2266 1835 2287; x_wconf 89' lang='lat' dir='ltr'><strong>succen-</strong></span> 
     </span>
     <span class='ocr_line' id='line_1_112' title="bbox 988 2300 1834 2341; baseline 0.007 -13"><span class='ocrx_word' id='word_1_787' title='bbox 988 2300 1059 2334; x_wconf 90' lang='lat' dir='ltr'><strong>dite,</strong></span> <span class='ocrx_word' id='word_1_788' title='bbox 1079 2303 1111 2329; x_wconf 89' lang='lat' dir='ltr'><strong>ut</strong></span> <span class='ocrx_word' id='word_1_789' title='bbox 1132 2300 1224 2330; x_wconf 88' lang='lat' dir='ltr'><strong>fervor</strong></span> <span class='ocrx_word' id='word_1_790' title='bbox 1246 2302 1330 2331; x_wconf 91' lang='lat' dir='ltr'><strong>huius</strong></span> <span class='ocrx_word' id='word_1_791' title='bbox 1350 2302 1477 2332; x_wconf 90' lang='lat' dir='ltr'><strong>desiderii</strong></span> <span class='ocrx_word' id='word_1_792' title='bbox 1506 2303 1533 2332; x_wconf 90' lang='lat' dir='ltr'><strong>in</strong></span> <span class='ocrx_word' id='word_1_793' title='bbox 1559 2311 1591 2332; x_wconf 92' lang='lat' dir='ltr'><strong>eo</strong></span> <span class='ocrx_word' id='word_1_794' title='bbox 1616 2312 1670 2332; x_wconf 91' lang='lat' dir='ltr'><strong>non</strong></span> <span class='ocrx_word' id='word_1_795' title='bbox 1698 2308 1834 2341; x_wconf 89' lang='lat' dir='ltr'><strong>tepescat;</strong></span> 
     </span>
    </p>
   </div>
   <div class='ocr_carea' id='block_1_12' title="bbox 988 2497 1834 2992">
    <p class='ocr_par' dir='ltr' id='par_1_21' title="bbox 988 2497 1834 2604">
     <span class='ocr_line' id='line_1_113' title="bbox 988 2497 1832 2528; baseline 0.006 -10"><span class='ocrx_word' id='word_1_796' title='bbox 988 2497 1149 2525; x_wconf 84' lang='lat' dir='ltr'><strong>Septuaginta:</strong></span> <span class='ocrx_word' id='word_1_797' title='bbox 1168 2498 1263 2520; x_wconf 86' lang='lat' dir='ltr'><strong>Domine</strong></span> <span class='ocrx_word' id='word_1_798' title='bbox 1281 2499 1341 2521; x_wconf 86' lang='lat' dir='ltr'><strong>Deus</strong></span> <span class='ocrx_word' id='word_1_799' title='bbox 1358 2502 1447 2526; x_wconf 86' lang='lat' dir='ltr'><strong>noster,</strong></span> <span class='ocrx_word' id='word_1_800' title='bbox 1462 2499 1557 2528; x_wconf 82' lang='lat' dir='ltr'><strong>posside</strong></span> <span class='ocrx_word' id='word_1_801' title='bbox 1572 2505 1628 2527; x_wconf 81' lang='lat' dir='ltr'><strong>nos,</strong></span> <span class='ocrx_word' id='word_1_802' title='bbox 1648 2500 1754 2527; x_wconf 88' lang='lat' dir='ltr'><strong>Domine,</strong></span> <span class='ocrx_word' id='word_1_803' title='bbox 1772 2503 1832 2523; x_wconf 74' lang='lat' dir='ltr'><strong>extra</strong></span> 
     </span>
     <span class='ocr_line' id='line_1_114' title="bbox 990 2535 1834 2567; baseline 0.006 -10"><span class='ocrx_word' id='word_1_804' title='bbox 990 2537 1011 2557; x_wconf 90' lang='lat' dir='ltr'><strong>te</strong></span> <span class='ocrx_word' id='word_1_805' title='bbox 1027 2535 1096 2557; x_wconf 85' lang='lat' dir='ltr'><strong>alium</strong></span> <span class='ocrx_word' id='word_1_806' title='bbox 1115 2536 1229 2558; x_wconf 85' lang='lat' dir='ltr'><strong>nescimus</strong></span> <span class='ocrx_word' id='word_1_807' title='bbox 1247 2536 1366 2565; x_wconf 81' lang='lat' dir='ltr'><strong>(Vulgatnz</strong></span> <span class='ocrx_word' id='word_1_808' title='bbox 1385 2538 1480 2560; x_wconf 85' lang='lat' dir='ltr'><strong>Domine</strong></span> <span class='ocrx_word' id='word_1_809' title='bbox 1499 2538 1558 2561; x_wconf 91' lang='lat' dir='ltr'><strong>Deus</strong></span> <span class='ocrx_word' id='word_1_810' title='bbox 1575 2541 1664 2566; x_wconf 84' lang='lat' dir='ltr'><strong>noster,</strong></span> <span class='ocrx_word' id='word_1_811' title='bbox 1681 2539 1834 2567; x_wconf 86' lang='lat' dir='ltr'><strong>possederunt</strong></span> 
     </span>
     <span class='ocr_line' id='line_1_115' title="bbox 989 2574 1296 2604; baseline 0.003 -8"><span class='ocrx_word' id='word_1_812' title='bbox 989 2580 1030 2596; x_wconf 89' lang='lat' dir='ltr'><strong>uos</strong></span> <span class='ocrx_word' id='word_1_813' title='bbox 1046 2574 1134 2596; x_wconf 85' lang='lat' dir='ltr'><strong>domini</strong></span> <span class='ocrx_word' id='word_1_814' title='bbox 1151 2574 1240 2604; x_wconf 87' lang='lat' dir='ltr'><strong>absque</strong></span> <span class='ocrx_word' id='word_1_815' title='bbox 1257 2576 1296 2604; x_wconf 88' lang='lat' dir='ltr'><strong>te).</strong></span> 
     </span>
    </p>

    <p class='ocr_par' dir='ltr' id='par_1_22' title="bbox 989 2612 1833 2680">
     <span class='ocr_line' id='line_1_116' title="bbox 1051 2612 1833 2645; baseline 0.005 -10"><span class='ocrx_word' id='word_1_816' title='bbox 1051 2612 1060 2627; x_wconf 82' lang='lat'>⁸</span> <span class='ocrx_word' id='word_1_817' title='bbox 1078 2612 1133 2641; x_wconf 82' lang='lat' dir='ltr'><strong>Cap.</strong></span> <span class='ocrx_word' id='word_1_818' title='bbox 1151 2613 1189 2636; x_wconf 77' lang='lat'><strong>34.</strong></span> <span class='ocrx_word' id='word_1_819' title='bbox 1206 2613 1273 2636; x_wconf 87' lang='lat' dir='ltr'><strong>Liber</strong></span> <span class='ocrx_word' id='word_1_820' title='bbox 1290 2614 1332 2636; x_wconf 87' lang='lat' dir='ltr'><strong>iste</strong></span> <span class='ocrx_word' id='word_1_821' title='bbox 1349 2621 1393 2637; x_wconf 92' lang='lat' dir='ltr'><strong>non</strong></span> <span class='ocrx_word' id='word_1_822' title='bbox 1411 2618 1445 2637; x_wconf 85' lang='lat' dir='ltr'><strong>est</strong></span> <span class='ocrx_word' id='word_1_823' title='bbox 1462 2616 1573 2643; x_wconf 84' lang='lat' dir='ltr'><strong>Anselmi,</strong></span> <span class='ocrx_word' id='word_1_824' title='bbox 1595 2616 1635 2638; x_wconf 86' lang='lat' dir='ltr'><strong>sed</strong></span> <span class='ocrx_word' id='word_1_825' title='bbox 1658 2616 1776 2645; x_wconf 78' lang='lat' dir='ltr'><strong>Eadmari,</strong></span> <span class='ocrx_word' id='word_1_826' title='bbox 1799 2617 1833 2639; x_wconf 90' lang='lat' dir='ltr'><strong>di-</strong></span> 
     </span>
     <span class='ocr_line' id='line_1_117' title="bbox 989 2652 1194 2680; baseline 0.01 -7"><span class='ocrx_word' id='word_1_827' title='bbox 989 2652 1070 2680; x_wconf 81' lang='lat' dir='ltr'><strong>scipuli</strong></span> <span class='ocrx_word' id='word_1_828' title='bbox 1087 2653 1194 2675; x_wconf 82' lang='lat' dir='ltr'><strong>Anselmi.</strong></span> 
     </span>
    </p>

    <p class='ocr_par' dir='ltr' id='par_1_23' title="bbox 1052 2690 1751 2719">
     <span class='ocr_line' id='line_1_118' title="bbox 1052 2690 1751 2719; baseline 0.007 -6"><span class='ocrx_word' id='word_1_829' title='bbox 1052 2690 1062 2703; x_wconf 84' lang='lat'>⁹</span> <span class='ocrx_word' id='word_1_830' title='bbox 1080 2692 1109 2713; x_wconf 91' lang='lat' dir='ltr'><strong>tta</strong></span> <span class='ocrx_word' id='word_1_831' title='bbox 1126 2691 1207 2719; x_wconf 83' lang='lat' dir='ltr'><strong>BCD;</strong></span> <span class='ocrx_word' id='word_1_832' title='bbox 1225 2692 1277 2714; x_wconf 89' lang='lat' dir='ltr'><strong>edd.</strong></span> <span class='ocrx_word' id='word_1_833' title='bbox 1296 2692 1407 2716; x_wconf 76' lang='lat' dir='ltr'><strong>libertale.</strong></span> <span class='ocrx_word' id='word_1_834' title='bbox 1747 2706 1751 2707; x_wconf 45' lang='lat'><em>⁷</em></span> 
     </span>
    </p>

    <p class='ocr_par' dir='ltr' id='par_1_24' title="bbox 989 2729 1832 2913">
     <span class='ocr_line' id='line_1_119' title="bbox 1053 2729 1830 2763; baseline 0.005 -11"><span class='ocrx_word' id='word_1_835' title='bbox 1053 2729 1072 2742; x_wconf 86' lang='lat'><strong>¹⁰</strong></span> <span class='ocrx_word' id='word_1_836' title='bbox 1088 2730 1202 2757; x_wconf 77' lang='lat' dir='ltr'><strong>Got&#39;frido;</strong></span> <span class='ocrx_word' id='word_1_837' title='bbox 1219 2731 1252 2753; x_wconf 90' lang='grc' dir='ltr'><strong>ΙΙΙ.</strong></span> <span class='ocrx_word' id='word_1_838' title='bbox 1269 2731 1338 2759; x_wconf 89' lang='lat' dir='ltr'><strong>Epist.</strong></span> <span class='ocrx_word' id='word_1_839' title='bbox 1354 2731 1419 2760; x_wconf 87' lang='lat' dir='ltr'><strong>epist.</strong></span> <span class='ocrx_word' id='word_1_840' title='bbox 1439 2732 1480 2759; x_wconf 76' lang='lat'><strong>42,</strong></span> <span class='ocrx_word' id='word_1_841' title='bbox 1496 2732 1517 2754; x_wconf 90' lang='lat' dir='ltr'><strong>in</strong></span> <span class='ocrx_word' id='word_1_842' title='bbox 1528 2739 1573 2761; x_wconf 79' lang='lat' dir='ltr'><strong>qna</strong></span> <span class='ocrx_word' id='word_1_843' title='bbox 1585 2733 1696 2761; x_wconf 85' lang='lat' dir='ltr'><strong>allegatur</strong></span> <span class='ocrx_word' id='word_1_844' title='bbox 1709 2733 1757 2755; x_wconf 89' lang='lat' dir='ltr'><strong>lsai.</strong></span> <span class='ocrx_word' id='word_1_845' title='bbox 1769 2736 1795 2763; x_wconf 76' lang='lat'><strong>9,</strong></span> <span class='ocrx_word' id='word_1_846' title='bbox 1808 2736 1830 2759; x_wconf 86' lang='grc'><strong>6,</strong></span> 
     </span>
     <span class='ocr_line' id='line_1_120' title="bbox 989 2769 1832 2802; baseline 0.008 -12"><span class='ocrx_word' id='word_1_847' title='bbox 989 2771 1011 2791; x_wconf 93' lang='lat' dir='ltr'><strong>et</strong></span> <span class='ocrx_word' id='word_1_848' title='bbox 1027 2769 1148 2797; x_wconf 86' lang='lat' dir='ltr'><strong>respicitur</strong></span> <span class='ocrx_word' id='word_1_849' title='bbox 1165 2769 1241 2791; x_wconf 86' lang='lat' dir='ltr'><strong>Matth.</strong></span> <span class='ocrx_word' id='word_1_850' title='bbox 1260 2770 1301 2797; x_wconf 70' lang='lat'><strong>49,</strong></span> <span class='ocrx_word' id='word_1_851' title='bbox 1319 2770 1361 2792; x_wconf 77' lang='lat'><strong>21:</strong></span> <span class='ocrx_word' id='word_1_852' title='bbox 1378 2771 1400 2793; x_wconf 87' lang='lat' dir='ltr'><strong>Si</strong></span> <span class='ocrx_word' id='word_1_853' title='bbox 1419 2771 1454 2793; x_wconf 81' lang='lat' dir='ltr'><strong>vis</strong></span> <span class='ocrx_word' id='word_1_854' title='bbox 1470 2772 1585 2799; x_wconf 84' lang='lat' dir='ltr'><strong>perfectus</strong></span> <span class='ocrx_word' id='word_1_855' title='bbox 1606 2778 1669 2801; x_wconf 77' lang='lat' dir='ltr'><strong>esse,</strong></span> <span class='ocrx_word' id='word_1_856' title='bbox 1690 2773 1761 2802; x_wconf 69' lang='lat' dir='ltr'><strong>vade,</strong></span> <span class='ocrx_word' id='word_1_857' title='bbox 1780 2780 1832 2797; x_wconf 88' lang='lat' dir='ltr'><strong>ven-</strong></span> 
     </span>
     <span class='ocr_line' id='line_1_121' title="bbox 989 2807 1832 2841; baseline 0.008 -12"><span class='ocrx_word' id='word_1_858' title='bbox 989 2807 1018 2830; x_wconf 91' lang='lat' dir='ltr'><strong>de</strong></span> <span class='ocrx_word' id='word_1_859' title='bbox 1032 2810 1075 2830; x_wconf 88' lang='lat' dir='ltr'><strong>etc.</strong></span> <span class='ocrx_word' id='word_1_860' title='bbox 1087 2808 1139 2830; x_wconf 89' lang='lat' dir='ltr'><strong>l¹ost</strong></span> <span class='ocrx_word' id='word_1_861' title='bbox 1156 2807 1244 2831; x_wconf 76' lang='lat' dir='ltr'><strong>dicitur</strong></span> <span class='ocrx_word' id='word_1_862' title='bbox 1260 2811 1333 2831; x_wconf 85' lang='lat' dir='ltr'><strong>textus</strong></span> <span class='ocrx_word' id='word_1_863' title='bbox 1350 2809 1467 2837; x_wconf 82' lang='lat' dir='ltr'><strong>originalis</strong></span> <span class='ocrx_word' id='word_1_864' title='bbox 1478 2811 1543 2838; x_wconf 87' lang='lat' dir='ltr'><strong>plura</strong></span> <span class='ocrx_word' id='word_1_865' title='bbox 1555 2811 1627 2834; x_wconf 85' lang='lat' dir='ltr'><strong>addit.</strong></span> <span class='ocrx_word' id='word_1_866' title='bbox 1639 2811 1661 2833; x_wconf 84' lang='lat' dir='ltr'><strong>ln</strong></span> <span class='ocrx_word' id='word_1_867' title='bbox 1673 2812 1755 2835; x_wconf 82' lang='lat' dir='ltr'><strong>eadem</strong></span> <span class='ocrx_word' id='word_1_868' title='bbox 1765 2814 1832 2841; x_wconf 85' lang='lat' dir='ltr'><strong>epist.</strong></span> 
     </span>
     <span class='ocr_line' id='line_1_122' title="bbox 989 2846 1831 2876; baseline 0.008 -9"><span class='ocrx_word' id='word_1_869' title='bbox 989 2846 1074 2868; x_wconf 87' lang='lat' dir='ltr'><strong>mentio</strong></span> <span class='ocrx_word' id='word_1_870' title='bbox 1091 2846 1115 2868; x_wconf 84' lang='lat' dir='ltr'><strong>fit</strong></span> <span class='ocrx_word' id='word_1_871' title='bbox 1129 2847 1255 2869; x_wconf 80' lang='lat' dir='ltr'><strong>sententiae</strong></span> <span class='ocrx_word' id='word_1_872' title='bbox 1271 2848 1376 2876; x_wconf 85' lang='lat' dir='ltr'><strong>Gregorii</strong></span> <span class='ocrx_word' id='word_1_873' title='bbox 1392 2851 1415 2871; x_wconf 91' lang='lat' dir='ltr'><strong>et</strong></span> <span class='ocrx_word' id='word_1_874' title='bbox 1431 2849 1518 2871; x_wconf 80' lang='lat' dir='ltr'><strong>concilii</strong></span> <span class='ocrx_word' id='word_1_875' title='bbox 1536 2849 1639 2872; x_wconf 86' lang='lat' dir='ltr'><strong>Toletani</strong></span> <span class='ocrx_word' id='word_1_876' title='bbox 1655 2850 1747 2873; x_wconf 86' lang='lat' dir='ltr'><strong>inferius</strong></span> <span class='ocrx_word' id='word_1_877' title='bbox 1759 2858 1780 2874; x_wconf 88' lang='lat' dir='ltr'><strong>n.</strong></span> <span class='ocrx_word' id='word_1_878' title='bbox 1795 2852 1831 2875; x_wconf 70' lang='lat' dir='ltr'><strong>Mi.</strong></span> 
     </span>
     <span class='ocr_line' id='line_1_123' title="bbox 989 2884 1198 2913; baseline 0 -6"><span class='ocrx_word' id='word_1_879' title='bbox 989 2887 1011 2907; x_wconf 84' lang='lat' dir='ltr'><strong>et</strong></span> <span class='ocrx_word' id='word_1_880' title='bbox 1028 2884 1065 2907; x_wconf 73' lang='lat'><strong>44.</strong></span> <span class='ocrx_word' id='word_1_881' title='bbox 1080 2885 1198 2913; x_wconf 79' lang='lat' dir='ltr'><strong>allegatae.</strong></span> 
     </span>
    </p>

    <p class='ocr_par' dir='ltr' id='par_1_25' title="bbox 989 2923 1832 2992">
     <span class='ocr_line' id='line_1_124' title="bbox 1052 2923 1832 2956; baseline 0.009 -10"><span class='ocrx_word' id='word_1_882' title='bbox 1052 2923 1069 2936; x_wconf 88' lang='lat'><strong>¹¹</strong></span> <span class='ocrx_word' id='word_1_883' title='bbox 1087 2924 1148 2947; x_wconf 84' lang='lat' dir='ltr'><strong>Libr.</strong></span> <span class='ocrx_word' id='word_1_884' title='bbox 1166 2924 1213 2947; x_wconf 83' lang='lat' dir='ltr'><strong>Xll.</strong></span> <span class='ocrx_word' id='word_1_885' title='bbox 1230 2925 1299 2953; x_wconf 86' lang='lat' dir='ltr'><strong>Epist.</strong></span> <span class='ocrx_word' id='word_1_886' title='bbox 1316 2926 1381 2954; x_wconf 83' lang='lat' dir='ltr'><strong>epist.</strong></span> <span class='ocrx_word' id='word_1_887' title='bbox 1398 2927 1435 2949; x_wconf 81' lang='lat'><strong>35.</strong></span> <span class='ocrx_word' id='word_1_888' title='bbox 1453 2926 1517 2955; x_wconf 84' lang='lat' dir='ltr'><strong>(alias</strong></span> <span class='ocrx_word' id='word_1_889' title='bbox 1532 2927 1587 2956; x_wconf 55' lang='lat'><strong>39).</strong></span> <span class='ocrx_word' id='word_1_890' title='bbox 1607 2928 1649 2950; x_wconf 81' lang='lat' dir='ltr'><strong>Pro</strong></span> <span class='ocrx_word' id='word_1_891' title='bbox 1669 2928 1832 2953; x_wconf 78' lang='lat' dir='ltr'><strong>saecularium</strong></span> 
     </span>
     <span class='ocr_line' id='line_1_125' title="bbox 989 2962 1659 2992; baseline 0.007 -7"><span class='ocrx_word' id='word_1_892' title='bbox 989 2962 1116 2986; x_wconf 71' lang='lat' dir='ltr'><strong>tui-[mrum</strong></span> <span class='ocrx_word' id='word_1_893' title='bbox 1134 2966 1207 2986; x_wconf 87' lang='lat' dir='ltr'><strong>textus</strong></span> <span class='ocrx_word' id='word_1_894' title='bbox 1223 2964 1339 2992; x_wconf 83' lang='lat' dir='ltr'><strong>originalis</strong></span> <span class='ocrx_word' id='word_1_895' title='bbox 1355 2970 1473 2988; x_wconf 76' lang='lat' dir='ltr'><strong>cui-urum</strong></span> <span class='ocrx_word' id='word_1_896' title='bbox 1488 2965 1659 2990; x_wconf 76' lang='lat' dir='ltr'><strong>saecularium.</strong></span> 
     </span>
    </p>
   </div>
   <div class='ocr_carea' id='block_1_13' title="bbox 1853 710 1977 746">
    <p class='ocr_par' dir='ltr' id='par_1_26' title="bbox 1853 710 1977 746">
     <span class='ocr_line' id='line_1_126' title="bbox 1853 710 1977 746; baseline 0 -6"><span class='ocrx_word' id='word_1_897' title='bbox 1853 710 1977 746; x_wconf 38' lang='lat' dir='ltr'><strong>Augustinus.-</strong></span> 
     </span>
    </p>
   </div>
   <div class='ocr_carea' id='block_1_14' title="bbox 1854 1139 1960 1159">
    <p class='ocr_par' dir='ltr' id='par_1_27' title="bbox 1854 1139 1960 1159">
     <span class='ocr_line' id='line_1_127' title="bbox 1854 1139 1960 1159; baseline 0 -1"><span class='ocrx_word' id='word_1_898' title='bbox 1854 1139 1960 1159; x_wconf 77' lang='lat' dir='ltr'><strong>Anselmus.</strong></span> 
     </span>
    </p>
   </div>
   <div class='ocr_carea' id='block_1_15' title="bbox 1851 2123 1960 2146">
    <p class='ocr_par' dir='ltr' id='par_1_28' title="bbox 1851 2123 1960 2146">
     <span class='ocr_line' id='line_1_128' title="bbox 1851 2123 1960 2146; baseline 0 -4"><span class='ocrx_word' id='word_1_899' title='bbox 1851 2123 1960 2146; x_wconf 75' lang='lat' dir='ltr'><strong>Gregorius.</strong></span> 
     </span>
    </p>
   </div>
  </div>
 </body>
</html>
