2133 3317
125 740 217 766 Officium,
225 739 259 757 Su-

147 767 234 787 pei-ioris.

126 1162 220 1185 Antiquus
227 1162 259 1181 Or·

140 1186 190 1204 diuis
199 1186 260 1209 splen-

140 1210 174 1228 dor
181 1223 185 1231 ,
211 1214 261 1228 nuuc

139 1233 234 1251 seandala.

127 1633 257 1651 Recensentur

127 1656 197 1675 abusus
211 1657 256 1674 tres.

268 234 325 262 470

592 308 747 337 EPISTOLA
770 308 799 335 ll.

331 405 378 433 Aci
399 411 496 433 omnes
520 402 640 431 Ordinis
662 402 813 430 Ministros
831 400 1029 438 provinciales
1045 401 1063 428 1.

352 499 375 526 l.
399 497 427 525 ln
448 496 558 525 Christo
579 495 630 524 sibi
653 495 795 524 carissimo
816 495 905 523 Fratri
932 494 959 522 Β.
982 494 1119 528 Saucelis,

271 544 429 573 Provinciae
444 544 473 572 N.
489 543 613 571 Ministro
625 542 649 577 2,
671 542 765 571 Frater
782 542 986 575 Bonaventura,
1008 540 1121 569 Ordinis

270 592 398 620 Fratrum
420 591 556 619 Minorum
580 590 702 618 Minister
730 588 866 626 generalis
887 591 914 617 et
936 596 1049 622 servus,
1078 596 1121 616 sa-

272 639 357 667 lutem
380 640 407 667 et
428 645 523 674 pacem
544 637 571 665 in
593 637 709 665 Domino
731 636 937 672 sempiternam.

350 684 486 721 Quoniam
516 684 550 712 ad
582 684 634 712 hoc
666 683 840 720 potissimum
869 682 1013 719 invigilare
1040 681 1121 710 debet

271 731 409 761 sollicita⁸
438 739 506 759 cura
534 730 663 764 rectoris,
686 733 717 758 ut
738 730 764 758 in
787 729 933 758 commisso
965 729 1015 758 sibi
1038 737 1121 766 grege

271 779 402 807 meritum
424 778 537 806 virtutis
557 780 712 810 accrescat,
734 777 882 805 claudatur
914 776 958 804 via
979 776 1065 810 vitiis,
1094 778 1122 804 et

271 825 353 854 detur
376 824 501 853 moribus
515 824 674 861 disciplina,
690 823 813 860 diligenti
828 822 1026 852 deliberatione
1042 830 1121 859 prae-

272 872 380 906 habita,
403 872 492 900 visum
515 874 556 900 est
579 874 632 899 tam
655 871 722 899 mihi
744 878 828 907 quam
850 869 1050 898 Definitoribus
1071 869 1120 897 Ca-

271 919 351 957 pituli
373 919 526 956 generalis,
549 921 580 946 ut
601 917 733 946 MiniSlris
761 917 877 954 singulis
904 917 998 953 aliqua
1019 916 1119 945 ibidem

271 966 430 995 examinata
451 968 478 994 et
498 965 623 994 discussa
644 964 807 993 litteratorie
822 964 1018 993 demandarem
1035 963 1121 1000 ipsos-

272 1022 326 1051 que
348 1013 478 1042 sollicitos
504 1012 648 1041 redderem
677 1011 710 1040 ad
743 1019 789 1040 eos
821 1011 994 1048 potissimum
1017 1011 1122 1039 abusus

272 1061 406 1090 tollendos
427 1060 460 1089 de
482 1060 586 1094 medio,
609 1059 712 1096 quihus
733 1059 878 1088 sinceritas
900 1058 1046 1095 Religionis
1061 1058 1123 1086 inti-

273 1108 361 1142 citur,
377 1107 553 1145 perfectionis
575 1107 709 1136 celsitudo
730 1106 912 1143 deprimitur,
928 1109 955 1134 et
971 1105 1123 1134 sanctitatis

272 1155 382 1184 claritas
404 1154 574 1183 obfuscatur.
594 1170 632 1174 —
653 1154 722 1182 Sane
744 1161 807 1182 cum
823 1153 972 1189 evangelici
995 1152 1123 1181 culminis

273 1202 419 1231 observata
440 1201 594 1238 perfecti04
616 1201 751 1229 hactenus
772 1200 935 1237 spectabiles
950 1203 977 1228 et
991 1199 1123 1228 amabiles

274 1257 323 1277 nos
344 1248 449 1277 mundo
472 1248 623 1277 reddiderit
643 1248 775 1284 omnique
796 1247 890 1275 favore
912 1255 943 1275 ac
965 1246 1122 1275 reverentia

273 1296 385 1332 dignos;
407 1303 486 1329 ecce,
509 1295 561 1323 iam
584 1303 658 1323 nunc
681 1294 900 1322 multitudinem
916 1293 1049 1330 proclivia
1065 1296 1123 1321 ten-

274 1343 364 1377 dente,
386 1345 413 1371 et
435 1342 578 1371 remissius
599 1342 744 1379 agentibus
767 1341 810 1370 his
834 1341 881 1378 qui
912 1343 1060 1378 praesunt,
1083 1341 1123 1369 vi-

273 1391 376 1419 tiorum
392 1389 526 1426 quaedam
549 1392 640 1417 sentes
662 1392 817 1417 cernuntur
833 1395 1019 1421 succrescere,
1035 1395 1123 1424 quae,

272 1437 338 1466 dum
350 1445 460 1465 sacrum
474 1437 525 1465 hoc
535 1436 779 1473 venerandumque
791 1435 935 1472 collegium
949 1435 1123 1471 despicabile,

272 1492 421 1513 onerosum
443 1487 470 1512 et
491 1483 591 1512 odibile
613 1483 733 1511 reddunt
755 1483 892 1519 plurimis,
914 1485 1080 1511 convertunt
1096 1483 1123 1510 in

273 1531 431 1560 scandalum
448 1530 520 1567 quod
537 1530 643 1559 cunctis
665 1537 724 1558 esse
745 1530 880 1558 debuerat
901 1529 928 1558 in
950 1530 1122 1566 exemplum.

352 1579 377 1606 Ξ.
405 1578 471 1606 Nam
504 1577 661 1614 frequentia
692 1577 837 1605 discursus
868 1580 894 1605 et
925 1576 1122 1613 importunitas

274 1628 408 1662 quaestus
429 1625 497 1653 viles
519 1632 568 1653 nos
590 1627 616 1652 et
638 1632 736 1661 graves
757 1624 897 1658 efficiunt,
920 1632 970 1660 pro
991 1631 1023 1652 eo
1050 1623 1123 1652 vide-

274 1672 352 1705 licet,
374 1671 446 1708 quod
470 1671 535 1700 dum
559 1671 676 1707 paucis⁵
708 1671 840 1699 nolumus
867 1678 928 1699 esse
953 1669 1073 1698 contenti
1096 1673 1123 1698 et

273 1718 397 1747 aedificia
429 1721 573 1757 sumtuosa
605 1725 739 1746 conamur
771 1718 894 1754 erigere,
928 1717 991 1745 vilia
1012 1724 1121 1745 summo

273 1765 365 1794 studio
386 1765 590 1802 quaeritantes,
613 1764 716 1793 nobilia
737 1772 787 1801 per
809 1764 946 1792 incuriam
968 1763 1121 1800 perdimus,

273 1820 337 1841 cum
358 1820 506 1841 murorum
530 1812 641 1841 curiosa
662 1811 832 1840 constructio
847 1811 1065 1840 destructionem
1080 1818 1124 1847 ge-

273 1862 351 1888 neret
373 1868 498 1893 morum,
521 1862 548 1888 et
569 1859 757 1888 aedificiorum
788 1858 821 1887 ad
853 1858 963 1887 excelsa
985 1857 1123 1894 porrectio

274 1906 486 1943 prostrationem
510 1906 599 1943 pariat
624 1906 790 1934 animarum.
814 1921 850 1926 —
873 1905 1027 1933 Perhorreo
1055 1912 1124 1941 quo-

274 1954 393 1982 rundam
416 1953 574 1990 procacium
596 1953 755 1987 audaciam,
771 1960 827 1989 qua
848 1955 945 1981 contra
966 1951 1053 1980 Patris
1074 1960 1123 1980 no-

274 2001 324 2030 stri
345 2001 497 2030 doctrinam
513 2001 523 2017 ⁶
546 2009 639 2029 coram
663 2000 738 2029 laicis
766 2000 950 2037 praedicando
978 1999 1005 2028 in
1035 1999 1125 2028 Eccle-

275 2049 331 2077 siae
363 2049 515 2085 praelatos,
547 2048 672 2084 ipsorum
701 2051 762 2076 acta
792 2047 980 2084 suggillando,
1010 2054 1124 2075 consur-

275 2097 361 2132 gunt,
383 2103 437 2123 non
459 2094 510 2123 nisi
534 2094 676 2128 scandala,
699 2094 788 2130 iurgia
811 2097 838 2122 et
858 2094 920 2122 odia
942 2093 1077 2122 seminant
1098 2096 1125 2122 et

276 2150 331 2170 non
363 2142 453 2170 solum
478 2141 619 2178 ipsorum,
648 2149 747 2169 verum
779 2141 861 2169 etiam
893 2141 941 2169 Dei
972 2143 1125 2177 provocant

276 2188 362 2222 iram,
384 2196 447 2217 cum
479 2188 571 2216 divina
602 2191 708 2216 constet
730 2188 788 2224 lege
820 2187 971 2220 sancitum,
998 2195 1032 2215 ne
1063 2187 1126 2223 quis

276 2235 433 2263 maledicat
464 2235 556 2263 surdo
587 2243 637 2263 nec
662 2239 756 2272 ponat
786 2233 992 2272 offendiculum
1024 2241 1126 2262 eoram

278 2290 361 2310 caeco
374 2282 392 2309 ⁷.
416 2298 453 2302 ——
475 2282 526 2310 Sed
547 2284 574 2310 et
599 2282 807 2318 sepulturarum
837 2289 868 2309 ac
897 2284 1125 2309 testamentorum

278 2329 395 2366 litigiosa
425 2332 453 2358 et
483 2328 562 2357 avida
590 2328 726 2366 quaedam
752 2328 856 2357 invasio
881 2336 944 2356 cum
966 2327 1127 2356 exclusione

683 229 881 259 OPUSCULUM
904 229 969 257 XIX.
993 227 1169 256 EPISTOLAE
1190 227 1383 256 OFFICIALES.
1406 226 1563 255 EPISTOLA
1585 226 1613 254 Il.

1178 305 1300 340 illorum,
1315 305 1348 334 ad
1364 313 1434 342 quos
1449 305 1605 333 animarum
1621 312 1690 333 cura
1708 307 1832 341 spectare
1846 304 2026 341 dignoscitur,

1178 360 1232 380 non
1255 352 1393 380 modicum
1416 359 1466 380 nos
1487 352 1561 380 clero
1583 352 1631 380 toti
1654 351 1718 380 fecit
1746 358 1862 385 exosos,
1884 351 1955 379 sicut
1977 358 2026 379 ex-

1177 398 1313 435 perientia
1343 399 1458 427 docente
1489 398 1674 435 percepimus,
1696 400 1723 426 et
1754 397 1813 434 ipse
1834 397 2025 426 sanctissimus

1178 446 1257 474 Pater
1273 445 1397 474 Pontifex
1413 446 1560 479 Summus,
1582 444 1711 473 dominus
1731 444 1856 473 Clemens
1871 444 1895 478 ⁸,
1918 444 2027 473 Fratres

1177 500 1274 521 omnes
1294 492 1329 520 ad
1350 491 1503 520 cavendum
1525 491 1684 520 huiusmodi
1713 492 1757 528 pia
1783 491 1956 528 providentia
1978 499 2027 528 per

1178 547 1222 568 me
1243 539 1331 567 voluit
1352 546 1538 567 commonere.

1258 586 1283 614 3.
1307 586 1409 613 Horum
1432 588 1524 613 autem
1547 584 1671 613 omnium
1688 585 1759 613 hanc
1774 588 1841 622 puto
1856 585 2026 622 potissimam

1179 633 1313 661 rationem
1336 636 1363 661 et
1384 640 1511 665 causam,
1534 631 1609 668 quod
1630 639 1661 660 ea
1676 640 1747 668 quae
1763 632 1878 669 provida
1893 640 1961 661 cura
1976 640 2025 670 per

1179 680 1264 708 totius
1285 679 1396 708 Ordinis
1418 679 1619 716 providentiam
1643 678 1669 706 in
1691 679 1811 715 generali
1834 679 1959 716 Capitulo
1974 683 2028 708 sta-

1179 729 1315 760 tuuntur,
1338 725 1579 763 parvipenduntur
1594 733 1609 754 a
1623 725 1766 754 Fratribus
1781 729 1808 754 et
1823 726 1962 755 habentur
1977 734 2028 763 pro

1179 773 1279 807 nihilo;
1296 780 1346 801 nec
1368 776 1459 801 tamen
1476 775 1696 809 transgressores
1711 772 1869 801 huiusmodi
1885 772 2029 809 disciplina

1178 820 1270 849 dehita
1291 820 1478 856 castigantur,
1500 819 1596 856 sicque
1617 819 1648 847 fit
1675 819 1758 847 divini
1787 820 1968 856 permissione
1989 820 2029 849 iu-

1179 867 1257 901 dicii,
1280 870 1311 895 ut
1331 870 1496 904 spernentes
1518 866 1634 895 modica
1656 866 1687 895 in
1707 866 1843 895 maxima
1857 867 2029 901 (leeiclctizt⁹;

1179 915 1259 952 quia,
1281 915 1347 943 dum
1369 914 1513 950 disciplina
1534 914 1699 951 negligitur,
1715 914 1875 943 insolentiae
1891 918 2028 949 crescunt,

1179 970 1210 990 ac
1232 970 1280 999 per
1303 962 1355 990 hoc
1376 961 1492 990 interior
1513 961 1679 998 negligentia
1701 961 1773 990 circa
1799 962 2027 991 exercitationem

1181 1009 1316 1037 virtutum
1339 1008 1466 1037 exterius
1488 1008 1612 1044 procedit
1634 1008 1661 1036 in
1683 1008 1843 1037 scandalum
1866 1017 1914 1045 per
1929 1017 2027 1038 eorum

1180 1058 1318 1092 patentem
1349 1055 1476 1089 ruinam,
1509 1055 1556 1092 qui
1589 1058 1663 1084 stare
1693 1055 1859 1084 videbantur
1880 1056 1907 1084 in
1940 1056 2028 1085 oculis

1179 1103 1307 1131 aliorum.
1332 1102 1370 1130 Ex
1393 1110 1449 1139 quo
1470 1102 1516 1136 fit,
1540 1106 1570 1130 ut
1591 1105 1701 1131 sanctae
1723 1102 1869 1139 Religionis
1898 1103 2028 1140 splendor

1180 1149 1370 1186 praefulgidus
1391 1149 1418 1177 in
1440 1149 1572 1185 pallorem
1604 1149 1767 1186 degeneret,
1790 1149 1942 1178 sanctitatis
1967 1150 2029 1187 pul-

1181 1196 1290 1225 critudo
1311 1196 1467 1230 sordescat,
1489 1196 1577 1224 bonae
1598 1196 1735 1233 opinionis
1756 1196 1824 1224 odor
1845 1199 2028 1233 computreat,

1180 1246 1208 1272 et
1229 1252 1332 1271 nomen
1349 1243 1467 1271 Domini
1481 1242 1693 1280 blasphemetur
1709 1244 1740 1271 1⁰.
1757 1260 1794 1263 —
1809 1244 1847 1272 Ne
1861 1244 1946 1280 igitur
1960 1252 2030 1272 san-

1179 1290 1248 1328 quis
1269 1290 1444 1318 animarum
1459 1298 1512 1318 non
1531 1290 1620 1318 solum
1637 1293 1748 1319 nostrae
1763 1290 1940 1319 sollicitudini
1956 1298 2029 1319 com-

1180 1337 1346 1371 missarum,
1368 1337 1415 1366 sed
1436 1337 1518 1366 etiam
1540 1337 1683 1371 omnium,
1705 1345 1777 1374 quae
1798 1337 1832 1365 ad
1855 1337 1947 1366 lumen
1967 1345 2029 1366 san-

1181 1388 1240 1413 ctae
1263 1384 1408 1421 Religionis
1430 1392 1479 1421 per
1501 1384 1572 1412 viam
1595 1384 1692 1413 salutis
1713 1384 1857 1418 incedunt,
1873 1384 1907 1413 cle
1921 1384 2030 1413 nostris

1181 1431 1319 1460 omnibns
1341 1432 1529 1469 requiratur,
1554 1431 1677 1460 caritatis
1692 1434 1755 1460 tuae
1770 1431 1877 1465 zelum,
1893 1434 2028 1468 quantum

1182 1487 1312 1516 possum,
1334 1479 1481 1507 efficaciori
1503 1478 1631 1507 mandato
1647 1478 1715 1507 duxi
1738 1478 1932 1515 praesentibus
1952 1478 2029 1507 exci-

1181 1526 1312 1559 tandum,
1334 1526 1466 1554 adiurans
1488 1529 1514 1554 te
1536 1533 1585 1562 per
1600 1525 1787 1562 aspersionem
1804 1525 1946 1562 sanguinis
1960 1525 2029 1553 Cru-

1181 1573 1256 1602 cifixi
1279 1577 1306 1601 et
1327 1581 1376 1609 per
1398 1574 1527 1609 stigmata
1548 1572 1682 1609 passionis
1710 1573 1786 1607 eius,
1808 1580 1880 1609 quae
1901 1573 1929 1601 in
1951 1580 2029 1601 sacro

1182 1620 1269 1648 Patris
1291 1620 1376 1648 nostri
1400 1628 1517 1656 corpore
1539 1620 1711 1648 indubitabili
1735 1620 1860 1648 claritate
1881 1619 2029 1654 fulserunt,

1181 1670 1212 1696 ut
1239 1667 1311 1696 sicut
1332 1667 1434 1695 Christi
1457 1674 1555 1696 servus
1577 1667 1664 1696 tidelis
1685 1670 1713 1695 et
1734 1667 1857 1704 prudens
1888 1667 1922 1695 ad
1950 1674 2030 1703 prae-

1180 1714 1299 1743 fatarum
1322 1714 1551 1751 exstirpationem
1574 1714 1693 1751 pestium
1715 1716 1771 1742 toto
1787 1717 1812 1743 te
1827 1714 1911 1742 animi
1934 1714 2028 1750 vigore

1180 1762 1342 1798 succingas,
1365 1764 1421 1790 tota
1453 1762 1552 1790 mentis
1582 1761 1733 1790 attentione
1763 1761 1889 1798 invigiles
1915 1764 2029 1798 totoque

1180 1809 1290 1837 fervore
1312 1808 1427 1845 spiritus
1449 1808 1635 1837 succendaris.

1259 1856 1285 1884 lt.
1310 1856 1340 1884 Et
1361 1856 1482 1892 primum
1506 1855 1617 1892 quidem
1638 1855 1672 1883 ad
1693 1857 1803 1883 sanctae
1824 1855 1956 1883 orationis
1971 1858 2029 1883 stu-

1181 1903 1258 1932 dium
1279 1903 1389 1931 Fratres
1410 1906 1474 1931 tuae
1496 1910 1580 1931 curae
1608 1901 1768 1931 commissos
1789 1902 1938 1931 efficaciter
1960 1901 2028 1930 inci-

1182 1954 1258 1984 tans,
1280 1950 1313 1979 ad
1335 1950 1454 1987 Regulae
1484 1949 1637 1986 promissae
1668 1949 1871 1978 observantiam
1894 1949 2029 1978 sinceram

1182 1997 1296 2026 inducas
1312 1997 1415 2034 pariter
1430 2000 1457 2025 et
1472 1996 1636 2033 compellas,
1655 1995 1799 2033 pestiferos
1820 1999 1847 2024 et
1868 1995 2030 2030 insolentes,

1182 2045 1287 2073 nullius
1308 2044 1429 2073 verendo
1441 2045 1464 2060 ¹¹
1486 2043 1595 2077 faciem,
1615 2043 1732 2071 evellens
1747 2047 1771 2071 et
1786 2041 1950 2077 destruens,
1972 2043 2031 2071 (lis-

1182 2092 1285 2128 sipctns
1307 2094 1331 2119 et
1352 2090 1536 2127 disperciens,
1558 2089 1601 2118 vel
1623 2089 1755 2118 carcerali
1778 2089 1960 2125 mancipando
1982 2096 2030 2117 cu-

1183 2138 1303 2171 stodiae,
1326 2137 1368 2165 vel
1390 2145 1406 2165 a
1427 2136 1626 2165 communitate
1647 2136 1717 2164 sacri
1734 2136 1839 2173 collegii
1855 2135 2029 2173 expellendo,

1183 2185 1263 2213 iuxta
1284 2183 1358 2221 quod
1381 2184 1489 2220 pietatis
1510 2183 1628 2212 simul¹2
1649 2186 1676 2212 et
1697 2183 1817 2211 iustitiae
1832 2183 1878 2212 lex
1894 2183 2031 2220 exposcit;

1184 2240 1233 2265 ne,
1255 2231 1321 2260 dum
1345 2230 1449 2259 crudeli
1473 2230 1662 2259 misericordia
1690 2230 1738 2258 uni
1770 2230 1895 2259 membro
1921 2230 2032 2267 putrido

1184 2279 1324 2316 parcitur,
1346 2278 1373 2306 in
1397 2278 1480 2306 totius
1495 2277 1619 2314 corporis
1634 2277 1792 2314 sospitatem
1808 2281 1924 2314 putrens
1939 2285 2033 2306 corru-

1185 2326 1241 2363 ptio
1262 2325 1441 2354 diffundatur.
1457 2342 1494 2345 —
1510 2325 1542 2353 Et
1559 2325 1689 2362 quoniam
1713 2328 1862 2362 paupertas
1882 2328 1924 2353 est
1944 2325 2032 2353 nostri

344 2528 351 2541 ¹
371 2530 430 2552 Haec
448 2530 546 2557 Epistola
564 2530 649 2557 scripta
667 2532 701 2551 est
718 2532 770 2557 post
790 2528 921 2557 Capitulum
939 2529 1047 2556 generale
1069 2528 1130 2550 Pari-

280 2568 319 2591 siis
336 2575 372 2591 ant
392 2569 451 2591 '1266
470 2569 492 2590 iu
510 2569 566 2591 testo
590 2569 733 2590 Pentecostes
755 2567 896 2590 celebratum
920 2567 955 2596 (ut
977 2568 1022 2590 tide
1044 2567 1130 2589 codicis

281 2608 310 2629 115
328 2608 415 2630 archivi
433 2608 549 2629 Luceruae
567 2607 648 2630 asserit
665 2608 687 2629 1¹.
703 2607 769 2629 Ehrle
783 2607 840 2634 s.1.,
852 2613 923 2634 supra
941 2607 976 2629 cit.
995 2606 1078 2629 Archiv
1093 2606 1129 2628 Vl.

281 2653 335 2674 pag.
353 2647 400 2675 39),
417 2653 464 2669 non
483 2653 538 2669 vero
557 2647 594 2669 die
612 2647 640 2668 23
659 2647 721 2675 Apin,
739 2646 801 2675 quod
820 2646 874 2668 dicit
897 2646 1036 2673 Wadding.,
1058 2646 1130 2667 ,Quna-

281 2686 326 2713 les,
344 2686 373 2708 ad
391 2692 427 2708 an.
446 2686 518 2712 11266,
536 2692 557 2708 n.
577 2685 597 2707 4.

346 2723 354 2736 ²
374 2725 401 2746 lta
416 2731 468 2747 cum
483 2726 533 2747 Vat.
545 2725 561 2746 B
574 2728 595 2747 et
608 2725 705 2751 Wacld.;
716 2724 756 2747 AC
767 2731 809 2752 pro
821 2723 904 2747 Fratri
913 2724 937 2746 B.
948 2723 1062 2752 Saacelis,
1074 2724 1129 2746 Pro-

284 2762 372 2786 vinciae
385 2764 413 2786 N.
426 2763 535 2786 Ministro
548 2763 634 2785 habent
646 2763 730 2786 Fratri
742 2763 768 2787 G.
779 2763 889 2786 Ministro
905 2763 1008 2786 Tusciae.
1022 2762 1129 2786 Ceterum

283 2801 381 2829 Epistola
395 2803 451 2824 haec
463 2802 549 2824 directa
564 2803 604 2824 tuit
616 2802 645 2824 acl
657 2808 738 2825 omnes
748 2803 861 2824 Ministros
874 2802 1033 2830 provinciales.
1044 2801 1129 2824 unicui-

283 2846 329 2868 que
346 2847 398 2862 cum
417 2847 459 2863 suo
477 2841 571 2869 proprio
589 2841 663 2863 titulo.

346 2879 355 2891 ³
374 2880 458 2902 Wadd.
475 2879 584 2908 sollicili,·
602 2880 687 2902 deinde
704 2880 750 2902 sola
770 2881 820 2902 Vat.
840 2880 923 2902 omittit
939 2879 991 2903 sibi.

346 2918 356 2929 ⁴
374 2918 458 2941 Wadd.
474 2919 590 2948 professio
609 2922 630 2941 et
647 2918 663 2941 C
681 2918 794 2948 profhssis
821 2919 977 2947 (professio‘i).
1003 2919 1060 2941 infra
1079 2920 1131 2946 post

285 2962 413 2979 onerosum
430 2964 482 2979 cum
501 2958 517 2979 A
529 2958 544 2980 C
562 2961 584 2979 et
602 2958 687 2980 Wadtl.
704 2958 867 2986 supplevimus
884 2959 907 2980 et
930 2957 1025 2985 odibile,
1046 2957 1130 2980 deinde

284 3002 327 3023 pro
342 2995 456 3025 plurimis
475 2997 524 3018 Vat.
543 2996 645 3025 populis.

349 3034 358 3046 ⁵
376 3035 426 3057 Sola
452 3035 503 3057 Vnt.
525 3035 616 3064 parvis.
643 3036 700 3057 inu-a
727 3039 779 3064 post
804 3035 986 3059 destructionem
1012 3036 1059 3058 sola
1081 3036 1131 3057 Vat.

1186 2527 1269 2550 omittit
1286 2528 1381 2556 generet
1396 2532 1506 2553 ntorum,
1525 2528 1547 2549 et
1562 2525 1726 2556 aedificiorum
1743 2524 1775 2547 acl
1796 2524 1891 2547 excelsa
1911 2524 2032 2554 porrectio

1183 2565 1384 2595 prostrationem,
1406 2564 1444 2587 ubi
1463 2564 1505 2587 BC
1526 2564 1657 2592 praefigunt
1682 2563 1707 2586 in
1728 2566 1781 2585 ante
1805 2561 1988 2585 destructionem
2012 2565 2034 2584 et

1187 2605 1203 2627 B
1221 2604 1290 2627 hahet
1307 2604 1429 2633 dryenerel
1447 2610 1488 2632 pro
1506 2605 1600 2633 perteret
1617 2603 1655 2631 (ita
1674 2602 1690 2625 C
1709 2605 1731 2625 et
1748 2602 1852 2631 Wadd.).

1250 2642 1259 2656 ⁸
1278 2644 1336 2666 Vide
1353 2644 1527 2665 Testamentum
1546 2643 1567 2664 S.
1585 2641 1708 2664 Francisci.

1249 2681 1257 2694 ⁷
1277 2683 1349 2704 tevit.
1371 2683 1403 2710 ia,
1426 2682 1460 2704 14».

1251 2721 1260 2734 ⁸
1277 2722 1388 2750 Quartus,
1407 2722 1445 2750 qui
1464 2724 1569 2743 mortuus
1587 2724 1621 2742 est
1642 2721 1711 2747 1268,
1729 2720 1790 2742 unde
1802 2722 1898 2746 constat,
1910 2722 1961 2741 ante
1975 2720 2035 2741 hunc

1188 2768 1273 2783 annum
1292 2761 1400 2788 scriptam
1418 2767 1469 2782 esse
1486 2760 1546 2782 illam
1566 2760 1702 2788 Epistolam,
1720 2759 1768 2781 scil.
1790 2759 1855 2781 1266.

1250 2799 1259 2812 ⁹
1277 2800 1407 2828 llespicitur
1425 2800 1489 2821 [ζα-11.
1512 2800 1545 2827 19,
1568 2800 1584 2820 l.
1602 2811 1632 2815 —
1650 2799 1725 2826 Supra
1738 2804 1780 2826 pro
1793 2796 2033 2827 (livinipermissione

1188 2838 1204 2862 C
1222 2842 1244 2861 et
1261 2839 1345 2861 Wadd.
1365 2838 1471 2861 caelestis
1485 2837 1649 2867 permissione.

1252 2877 1271 2890 ¹⁰
1289 2878 1419 2905 Respicitur
1435 2878 1501 2899 Rom.
1521 2878 1542 2903 ἰ),
1560 2877 1601 2905 24,
1619 2879 1641 2898 et
1658 2876 1751 2898 inferius
1768 2877 1848 2898 Ezech.
1865 2875 1887 2903 3,
1906 2875 1942 2897 rlS.

1252 2916 1269 2929 ¹¹
1290 2918 1340 2939 Yat.
1359 2923 1481 2945 perperam
1503 2915 1614 2945 serendo,⁴
1641 2916 1697 2937 intra
1715 2922 1757 2943 pro
1774 2921 1789 2937 α
1806 2913 1975 2938 communitate
1991 2912 2035 2935 AC

1189 2959 1211 2978 et
1229 2956 1314 2978 Wadd.
1331 2955 1359 2978 cle
1377 2955 1480 2983 unitate,
1498 2955 1619 2982 respicitur
1638 2955 1678 2977 lor.
1697 2955 1716 2980 l,
1739 2954 1772 2976 10.

1250 2994 1271 3007 ¹²
1289 2996 1307 3016 A
1324 2996 1370 3017 sola
1398 2995 1448 3016 Vat.
1473 2994 1584 3016 omittitur
1609 2993 1698 3021 simul,
1721 2993 1802 3015 eadem
1825 2993 1893 3014 etiam
1919 2992 1975 3013 infra
1993 2997 2035 3019 pro

1189 3035 1267 3057 noslri
1284 3033 1380 3057 Ordinis
1398 3034 1444 3056 sola
1462 3034 1527 3062 ponit
1543 3034 1640 3055 nostrae
1658 3032 1790 3062 Religionis.

2047 451 2112 471 uotam}
2117 465 2124 475 t,

2045 591 2101 618 (lausa
2108 599 2130 617 [³-

2039 620 2091 639 cipua
2097 621 2115 636 eo
2119 625 2133 639 n.

2047 966 2115 986 Nolana
2123 983 2126 987 .

2059 1107 2118 1135 Sempe]

2053 1136 2117 1155 pesstm

2047 1247 2118 1267 Monilia
2126 1254 2133 1263 ¹-

2081 1277 2118 1295 gent

2054 1862 2120 1881 incute}

2060 1886 2120 1904 oratio>
2129 1900 2130 1905 t

2046 1909 2120 1928 studiun
2129 1910 2133 1933 l

2041 1933 2120 1952 observa:

2051 2309 2077 2328 De
2089 2313 2123 2332 pau

2085 2333 2125 2350 tate.
