2133 3317
0 447 2 462 ι
41 443 66 463 tio
73 441 97 461 ad

9 470 14 474 ·
19 466 98 487 tandum.

37 802 102 819 nomen

17 823 22 828 ·
37 822 99 848 ponat.

632 212 827 241 OPUSCULUM
848 213 878 241 X.
901 213 986 242 VITIS
1006 214 1155 243 MYSTICA.
1177 214 1244 243 CAP.
1267 215 1330 244 VIII.

111 291 182 330 quid
201 289 326 328 fctcizmt.
348 290 371 318 Ο
392 290 487 319 folium
509 289 611 324 viride,
626 298 642 318 ο
657 290 774 318 verbum
790 290 890 319 summi
907 291 955 319 Pa-

112 337 162 366 triS
184 336 274 366 Verbo
295 336 477 365 conveniens!
500 336 572 364 Facit
593 336 683 364 bonus
703 335 799 364 doctor
817 336 891 373 quod
912 336 955 365 iu·

112 384 175 413 bet:
197 386 258 412 orat
278 391 334 411 non
354 382 444 411 solum
466 390 517 419 pro
537 382 647 416 amicis,
669 382 716 411 sed
737 386 764 411 et
783 391 840 419 pro
858 391 955 419 perse-

112 429 263 469 quentibus
281 433 307 458 et
320 428 571 458 calumniantibus
585 436 615 458 se
627 430 645 456 ¹.
662 445 697 449 -—-
714 429 837 458 Reconde
852 429 879 457 in
894 429 954 458 the-

112 485 195 506 sauro
215 476 306 505 cordis
326 476 367 505 tui
389 476 441 505 hoc
462 476 574 510 folium,
595 479 627 505 ut
648 476 878 513 quotiescumque
896 483 954 505 sae-

111 523 190 552 viunt
204 522 306 551 inimIci
320 522 378 557 tui,
392 522 566 551 memoriam
580 522 782 551 abundantiae
798 522 955 551 suavitatis

109 569 174 599 boni
189 570 248 599 lesu
270 569 361 598 valeas
381 572 525 603 eructare,
546 569 599 598 hoc
613 569 730 598 verbum
752 576 861 606 semper
875 568 954 606 quasi

111 617 239 654 clypeum
260 619 357 645 contra
377 616 553 645 inimicorum
575 616 696 645 insultus
716 624 865 653 opponens.
888 616 955 645 Orat

111 663 233 700 sponsus
254 670 305 699 pro
325 662 495 692 occisoribus
516 663 589 696 suis;
611 665 642 691 tu
664 670 718 691 non
736 662 828 691 orabis
843 670 894 699 pro
908 662 954 692 de-

111 710 279 739 tractoribus
299 710 379 739 tuis?

189 757 216 786 3.
238 757 290 786 Sed
314 757 400 794 ipsam
431 757 584 786 orationem
614 756 772 794 diligentius
802 756 953 786 videamus.

111 804 217 838 Pater,
245 804 353 841 inquit;
382 812 469 841 quare
496 811 596 832 nomen
623 803 709 840 patris
737 803 835 840 ponit?
863 804 955 832 Solent

1801 218 1854 247 173

1011 292 1084 320 enim
1105 293 1184 329 pueri
1206 295 1314 329 patres,
1336 293 1438 331 aliquid
1460 294 1637 323 affectuosius
1657 297 1783 329 orantes,
1809 303 1855 332 pa-

1012 340 1091 366 terno
1112 339 1221 367 nomine
1242 340 1381 376 appellare
1393 340 1412 375 ²,
1434 343 1466 369 ut
1496 341 1651 370 naturalem
1681 341 1854 371 dilectionem

1011 384 1078 421 ipsis
1098 385 1132 413 ad
1153 386 1315 415 memoriam
1338 387 1487 421 reducant,
1508 395 1559 425 per
1579 396 1662 425 quam
1684 388 1791 417 facilius
1809 396 1856 425 pe-

1011 430 1115 459 titionis
1129 438 1195 460 suae
1210 436 1416 469 consequantur
1435 434 1572 463 effectum.
1591 435 1634 464 Sic
1648 437 1676 464 et
1690 434 1780 469 Iesus,
1801 436 1855 463 mi-

1010 481 1125 506 serator
1146 482 1171 506 et
1192 479 1375 513 misericors,
1388 481 1503 517 patio-ns
1524 484 1550 510 et
1568 481 1678 510 multae
1691 482 1855 511 miseratio-

1010 524 1058 552 nis
1069 523 1080 541 ⁸
1095 527 1122 553 et
1136 525 1239 553 suavis
1253 525 1416 560 universi&
1434 528 1562 564 quamvis
1580 536 1609 557 se
1623 536 1638 557 a
1653 528 1732 557 Patre
1746 536 1855 566 semper

1011 570 1095 599 sciret
1108 570 1215 605 audiri,
1230 574 1338 606 tamen,
1353 573 1431 602 nohis
1449 575 1658 609 commendans,
1673 582 1736 604 cum
1751 579 1855 612 quanto

1011 617 1110 646 affectu
1133 625 1183 654 pro
1204 617 1321 647 inimicis
1336 619 1371 647 sit
1384 620 1536 655 orandum,
1557 629 1657 650 nomen
1672 622 1764 659 posuit
1785 622 1855 651 cari-

1011 663 1090 698 tatis,
1112 664 1191 701 quasi
1212 664 1303 693 dicat:
1329 673 1378 702 per
1409 666 1581 696 dilectionem
1613 671 1771 705 paternam,
1800 677 1855 706 qua

1011 718 1100 739 unum
1121 718 1231 745 sumus,
1253 712 1378 749 supplico
1393 712 1442 741 tibi
1453 713 1465 729 4
1479 721 1531 750 pro
1546 714 1604 748 liis,
1619 718 1756 751 quatenus
1771 722 1855 744 exau-

1011 757 1069 786 dias
1090 765 1149 791 me,
1170 758 1238 787 meis
1259 758 1430 788 occisoribus
1451 759 1631 796 ignoscendo;
1659 769 1775 798 agnosce
1796 762 1854 790 Filii

1012 804 1052 832 tui
1074 804 1236 839 amicitiam,
1258 808 1289 834 ut
1310 805 1428 834 inimicis
1449 806 1581 843 ignoscas.

853 945 1014 975 Camrurmi
1036 946 1099 974 VIII.

548 1079 587 1108 De
607 1079 733 1108 secundo
753 1078 824 1116 folio
846 1079 913 1108 vitis
933 1079 993 1108 sive
1014 1079 1098 1108 verbo
1121 1079 1230 1109 Clu-isli
1250 1080 1280 1109 in
1302 1081 1417 1109 cruce?

191 1215 215 1242 1.
238 1213 395 1243 Secundum
416 1213 479 1242 vitis
499 1216 609 1242 nostrae
630 1213 725 1242 folium
740 1216 768 1242 et
782 1213 902 1242 secunda
916 1213 954 1242 ci-

111 1261 207 1290 tharae
227 1263 337 1289 nostrae
358 1260 462 1289 chorda
476 1263 517 1289 est
531 1260 684 1289 secundum
699 1260 806 1289 Domini
826 1260 953 1295 verbum,

110 1307 185 1345 quod
195 1307 230 1336 ad
241 1307 375 1336 latronem
386 1307 424 1336 ait
435 1299 609 1337 confitentem
624 1310 651 1336 et
665 1307 765 1336 Christi
784 1307 954 1336 consortium

110 1356 294 1391 expetentem.
309 1355 411 1388 Amen,
426 1353 515 1391 inquit
526 1354 537 1371 ⁶
547 1376 554 1388 ,
568 1353 633 1382 dico
648 1353 718 1382 tibi.-
733 1353 825 1382 Hodie
841 1361 954 1382 mecum

109 1400 168 1430 eris
189 1400 221 1429 in
237 1400 391 1438 paradiso.
413 1400 436 1429 Ο
457 1400 552 1437 quanti
574 1400 676 1437 vigoris
697 1400 808 1429 folium!
823 1400 846 1429 O
867 1408 955 1437 quan-

111 1450 167 1476 tam
187 1450 297 1477 resonat
318 1447 491 1476 dulcedinem
516 1447 620 1477 chorda
647 1447 716 1476 ista!
746 1448 834 1484 Quam
863 1447 955 1476 subito

173 1675 182 1688 ²
200 1676 276 1698 Matth.
293 1675 320 1703 ὃ,
338 1675 381 1698 44:
405 1676 473 1698 Orate
490 1682 531 1704 pro
550 1675 743 1705 persequentibus
760 1680 780 1699 et
798 1676 954 1699 calumnianti-

113 1714 156 1737 bus
173 1721 223 1737 vos.
240 1714 284 1737 Cir.
301 1721 370 1743 supra
389 1715 474 1743 Opusc.
492 1715 524 1737 tlt.
541 1715 638 1743 Lignum
652 1715 725 1742 vitae,
737 1722 758 1737 u.
772 1715 809 1738 27.
821 1715 862 1737 Ed.
878 1716 883 1737 1
900 1721 953 1737 cum

111 1754 171 1776 AB:
190 1753 251 1777 Orat
266 1759 314 1776 11οη
330 1753 408 1776 solum
425 1759 469 1783 pro
483 1753 677 1783 persequentibus
694 1756 716 1777 et
737 1753 953 1782 calumniantibus,

110 1791 152 1815 sed
167 1791 238 1815 eliam
252 1798 299 1822 pro
311 1791 467 1816 occidentibus
479 1798 511 1815 se.
523 1806 553 1808 —
565 1792 669 1815 Subinde
681 1793 802 1821 respicitur
815 1793 849 1815 ΡΞ.
863 1793 871 1815 11
880 1793 916 1821 44,
927 1793 953 1815 7:

111 1831 245 1853 MemorIam
262 1830 416 1854 abundantiae
431 1832 551 1854 suavitatis
568 1835 621 1854 tuae
637 1831 782 1854 cructabunt.
799 1844 829 1848 —
847 1833 889 1854 l-‘ro
906 1838 954 1855 sae-

109 1869 178 1893 viunt
193 1869 284 1893 inimici
298 1871 353 1893 Bon.
370 1870 498 1893 saevierint
514 1870 615 1899 inimici,
633 1874 655 1893 et
671 1877 713 1899 pro
725 1870 769 1894 hoc
780 1870 878 1894 verbum
895 1877 955 1894 sem-

108 1915 153 1939 per
169 1909 239 1939 quusi
254 1909 292 1932 cd.
315 1910 320 1931 1
342 1916 395 1932 cum
413 1910 456 1932 ΑΒ
473 1910 517 1933 hoc
532 1909 617 1939 folium
633 1916 726 1939 semper
743 1912 864 1940 tanquam.

173 1947 183 1960 Β
201 1948 241 1971 Ed.
260 1949 268 1970 rl
291 1954 344 1971 cum
362 1949 407 1971 AB
423 1948 505 1972 Solent
518 1948 592 1978 pueri
615 1948 671 1978 [ΑΒ
697 1949 785 1972 addunt
804 1949 896 1978 putres]
914 1949 954 1972 uli-

112 1986 169 2016 quid
184 1986 337 2017 affectuosius
353 1993 426 2010 orare
443 1987 543 2010 colentes
560 1993 644 2010 nomen
659 1989 789 2017 palm-uum
806 1988 938 2011 nominare.

174 2025 183 2038 ³
202 2027 231 2048 lta
248 2026 352 2054 Hieron,
377 2025 482 2048 Biblioth.
500 2026 591 2048 divinae
609 2025 665 2049 liber
684 2027 766 2049 Psalm.
782 2027 843 2049 iuxta
861 2027 956 2050 Hebrai-

112 2070 162 2086 cam
180 2065 300 2087 veritatem
318 2065 352 2087 Ps.
374 2065 432 2093 145,
450 2065 547 2093 Vulgata
564 2065 599 2087 Ps.
618 2065 676 2093 2144,
694 2066 715 2087 8.
732 2067 754 2088 et
769 2065 873 2089 multum
889 2065 955 2089 111136·

111 2102 202 2130 ricors,
219 2103 282 2132 quod
299 2103 367 2126 etiam
385 2104 442 2126 Bon.
458 2110 511 2126 cum
529 2104 566 2126 ed.
588 2104 593 2125 1
615 2103 698 2130 habet:
711 2103 766 2127 ibid.
784 2111 807 2127 v.
824 2105 853 2126 9:
872 2105 954 2127 Suavis

112 2141 224 2164 Dominus
241 2141 362 2165 universis.
378 2154 409 2158 —
426 2141 529 2165 Subinde
545 2142 667 2171 respicitur
691 2144 752 2165 loan.
777 2144 814 2171 ll,
839 2143 883 2166 42:
907 2144 954 2172 Ego

113 2183 189 2203 autem
206 2180 321 2209 sciebam,
338 2182 393 2210 quia
410 2188 502 2210 semper
519 2188 556 2204 me
573 2181 646 2205 audis.

175 2219 183 2233 ⁴
201 2219 256 2243 Cod.
274 2219 291 2242 C
307 2220 414 2250 supplico
427 2221 447 2243 te
459 2221 508 2249 (cfr.
521 2221 640 2249 Priscian,
653 2221 731 2243 XVlll.
742 2222 868 2244 Grammat.
880 2228 900 2244 c.
913 2222 954 2244 25:

113 2259 139 2281 Et
155 2264 211 2281 nos:
228 2258 334 2288 supplico
352 2260 372 2282 te
388 2262 410 2282 et
428 2258 486 2288 tz'bz).
504 2260 578 2282 Voces
585 2265 633 2290 pro
645 2259 694 2288 his,
710 2266 768 2289 quas
779 2261 797 2282 A
807 2261 823 2283 Β
835 2261 955 2289 omittunt,

113 2297 149 2320 ed.
169 2297 177 2319 .1
200 2298 327 2326 transponit
339 2301 390 2326 post
402 2298 519 2321 errandius
530 2305 579 2326 me,
591 2298 631 2321 ubi
644 2300 699 2321 Bon.
712 2305 753 2327 pro
771 2300 826 2327 ipsis
838 2299 955 2322 substituit

114 2335 157 2359 his.
171 2337 264 2359 inferius
277 2340 327 2365 post
346 2336 454 2366 iynoscus
471 2337 507 2359 ed.
525 2339 529 2359 1
546 2340 568 2359 et
584 2338 640 2360 Bon.
651 2344 704 2360 cum
717 2340 734 2360 A
744 2339 774 2365 B,
785 2338 955 2366 refragantibus

113 2375 129 2398 C
139 2376 157 2398 D
167 2376 182 2398 E
192 2376 207 2398 F
216 2377 233 2397 G
245 2376 276 2403 H,
293 2376 395 2398 addunt:
409 2377 434 2398 Et
446 2376 506 2398 idem
524 2376 554 2406 [A
563 2377 579 2398 B
592 2376 621 2399 Et
632 2376 755 2406 cuusam]‚
767 2383 839 2406 quare
851 2377 880 2400 sit
892 2377 955 2405 iguo-

112 2414 231 2442 scendum,
243 2414 377 2443 subiungit:
391 2414 451 2442 Quia
463 2415 571 2438 nesciunt
581 2414 638 2444 quid
657 2415 755 2444 fuciunt.
773 2416 832 2444 Quid
846 2416 882 2438 hic
895 2416 954 2439 dice-

113 2455 183 2476 mus?
196 2454 304 2483 Nunquid
322 2454 472 2482 ignorabant,
489 2460 513 2476 se
531 2454 666 2482 crucifigere
683 2460 736 2477 eum
754 2461 823 2483 quem
837 2455 955 2483 crucifige-

113 2492 186 2516 bant?
200 2493 357 2522 Nequaquam,
375 2494 415 2516 sed
432 2494 485 2522 quis
501 2496 561 2516 esset
578 2494 612 2516 ille
624 2500 694 2522 quem
707 2493 853 2521 occidebant,
866 2494 954 2522 ignora-

114 2532 175 2555 bant.
187 2532 216 2555 Si
226 2533 287 2555 enim
299 2532 472 2561 coquorisseut,
490 2539 613 2562 nimquam
628 2532 755 2555 Dominum
770 2532 861 2562 [floride
877 2533 955 2556 ertu-i-

113 2571 222 2602 fia‘issent
238 2571 265 2601 [l.
284 2571 336 2594 Cor.
348 2573 374 2600 2,
388 2571 428 2601 8.].
446 2572 578 2594 Nescierunt
590 2571 617 2601 [A
628 2572 644 2594 B
656 2572 744 2594 addunt
755 2572 837 2602 cryc]
851 2573 907 2601 quid
926 2574 954 2595 sa-

113 2613 203 2637 cerem,
215 2611 268 2639 quia
277 2628 283 2637 ‚
293 2614 404 2639 quantum
422 2610 581 2639 delinquerent
593 2610 634 2640 [ita
647 2611 664 2633 A
675 2611 702 2637 B;
715 2611 769 2633 alias
783 2610 954 2641 deliqueruML

113 2650 250 2672 nescierunt.
267 2649 303 2671 Sic
321 2649 482 2677 cogitandum,
495 2649 527 2671 sic
539 2649 652 2672 orandum
672 2650 710 2671 tihi
730 2649 756 2679 [A
768 2650 783 2671 B
801 2650 887 2673 addunt
900 2650 954 2680 ΜΠ,

113 2695 172 2717 quac
190 2695 273 2716 sponsa
292 2689 382 2710 Domini
400 2689 527 2717 nuncupari
544 2689 669 2711 desideras.
687 2689 744 2711 Cum
762 2689 783 2711 in
807 2692 827 2711 tc
850 2689 955 2712 saeviunt

115 2727 212 2753 inimici,
231 2733 283 2749 cum
302 2726 471 2755 obloquuntur,
489 2727 616 2755 minantur,
634 2727 719 2749 damna
740 2727 847 2755 ingerunt
863 2730 884 2749 ct
901 2734 954 2750 cum

114 2765 137 2787 in
155 2765 234 2787 faciem
253 2766 363 2792 caedunt,
381 2766 452 2788 immo
469 2772 522 2787 cum
540 2765 596 2795 [AB
613 2767 633 2788 et
650 2765 679 2794 si]
697 2766 820 2793 occidunt,
839 2769 954 2788 memento

116 2804 159 2825 lolii
177 2804 229 2827 vitis
246 2809 312 2831 tuac,
329 2811 411 2827 sonum
430 2805 529 2826 citharat¹
548 2808 599 2827 tuuc
611 2805 747 2831 recordare,
764 2810 874 2833 sequere,
887 2805 907 2826 id
921 2808 955 2827 cst

115 2842 202 2864 imitare
213 2859 218 2869 ,
236 2844 351 2870 Sponsum
370 2846 434 2865 tuum
453 2846 474 2865 ct
486 2843 522 2865 dic·
534 2849 560 2865 ex
573 2846 619 2865 toto
631 2843 700 2865 cordo
719 2842 745 2871 [A
756 2843 771 2864 Β
789 2843 875 2865 :uldunt
889 2843 938 2872 tcto]
950 2851 954 2865 :

114 2881 132 2903 0
150 2882 245 2909 Sponso,
263 2881 356 2910 igsiinsce
380 2881 440 2910 illis,
469 2881 524 2911 quia
550 2881 657 2904 nesi-iun!
675 2881 731 2910 quid
746 2881 850 2910 suriunt.
877 2882 898 2904 id
921 2885 954 2904 cst

115 2923 226 2947 quantum
243 2921 387 2949 delinquant,
405 2921 518 2948 ignorant.
537 2921 559 2942 Si
580 2921 640 2942 onim
660 2921 754 2948 scirent,
775 2924 885 2948 quantam
904 2920 954 2943 lica-

115 2958 234 2981 titudincm
254 2959 368 2985 amittant,
385 2963 493 2988 quantam
513 2960 665 2981 infelicitatem
682 2960 798 2987 pem-nuto
816 2959 844 2989 [A
856 2960 871 2981 L·
889 2960 955 2982 omit-

115 3000 161 3019 tunt
178 2998 306 3027 pem-muln]
326 2999 454 3025 incurrant,
474 2999 552 3027 utiquc
571 3005 614 3020 non
633 3002 762 3026 peccarent.
775 2999 833 3027 Quid
847 2999 907 3021 cuim
922 3002 953 3021 cst

1010 1213 1099 1243 factus
1120 1217 1161 1243 est
1181 1214 1287 1243 amicus
1307 1222 1345 1244 ex
1365 1215 1459 1250 hoste,
1481 1223 1517 1244 ex
1538 1216 1627 1245 alieno
1645 1216 1802 1251 familiaris,
1821 1217 1854 1247 de

1011 1264 1145 1290 extraneo
1167 1261 1329 1298 proximus,
1350 1261 1383 1291 de
1405 1262 1511 1291 latrone
1533 1262 1690 1292 consessor!
1713 1263 1735 1292 Ο
1750 1267 1853 1301 quanta

1012 1307 1126 1336 latronis
1147 1307 1265 1337 fiducia!
1287 1307 1384 1337 Omnis
1404 1309 1468 1338 mali
1487 1312 1515 1338 et
1529 1309 1633 1338 nullius
1646 1309 1708 1338 boni
1725 1310 1774 1339 sibi
1790 1319 1854 1340 con—

1011 1353 1100 1388 scius,
1122 1356 1310 1392 transgressor
1339 1355 1420 1392 legis,
1442 1355 1513 1385 vitae
1534 1355 1618 1385 simul
1638 1359 1665 1385 et
1686 1356 1854 1387 substantiae

1010 1403 1106 1437 raptor
1126 1401 1246 1436 alienae,
1269 1401 1375 1438 positus
1395 1402 1423 1430 in
1445 1402 1534 1431 ianuis
1556 1403 1669 1437 mortis,
1694 1403 1721 1432 in
1743 1404 1797 1432 fine
1818 1404 1855 1433 vi-

1011 1450 1054 1476 tae
1066 1447 1086 1481 ⁷,
1101 1447 1250 1484 desperans
1264 1447 1298 1477 de
1312 1448 1367 1477 vita
1384 1449 1538 1486 praesenti,
1553 1457 1630 1487 spem
1646 1450 1717 1479 vitae
1733 1450 1853 1485 suturae,

1010 1676 1073 1705 quod
1092 1682 1173 1699 omnes
1185 1677 1289 1699 homines
1301 1677 1330 1699 ad
1342 1676 1486 1705 peccandum
1500 1677 1591 1705 instigat
1608 1676 1637 1707 [A
1647 1678 1663 1699 Β
1681 1677 1798 1707 iustiyet]‚
1811 1678 1852 1701 nisi

1010 1715 1140 1743 ignorantia
1158 1714 1225 1742 boni,
1242 1715 1306 1744 quod
1323 1716 1440 1743 perditur,
1457 1719 1479 1738 et
1496 1716 1561 1745 mali,
1573 1716 1636 1745 quod
1650 1717 1767 1744 peccando
1780 1718 1853 1740 incur·

1010 1754 1086 1777 ritur‘?
1105 1754 1220 1776 Amittitur
1237 1754 1355 1782 peccando
1372 1754 1474 1783 optimus
1491 1755 1564 1782 Deus,
1585 1755 1711 1784 acquiritur
1735 1755 1791 1785 [AB
1814 1757 1854 1779 ad-

1010 1793 1067 1816 dunt
1081 1792 1195 1823 pessimo]
1213 1799 1286 1821 poena
1305 1793 1449 1821 gehennalis,
1467 1800 1567 1822 quorum
1584 1794 1789 1817 commutationem
1807 1796 1854 1818 nul-

1009 1833 1047 1855 lus
1065 1832 1153 1860 appetit
1170 1831 1225 1861 [AB
1242 1832 1345 1862 appetat]
1368 1833 1412 1855 nisi
1436 1839 1532 1861 prorsus
1556 1833 1658 1855 insanus.
1674 1834 1700 1856 Et
1717 1840 1782 1862 vere,
1805 1835 1854 1863 qui-

1010 1877 1113 1900 cumque
1130 1871 1186 1894 caeli
1204 1871 1297 1893 delicias
1314 1872 1454 1899 amittentes,
1466 1872 1564 1894 scienter
1580 1872 1699 1900 peccando
1716 1871 1772 1902 [AB
1789 1873 1853 1896 omit·

1011 1912 1060 1932 tunt
1074 1909 1208 1940 peccando]
1234 1916 1321 1938 poenas
1346 1910 1465 1933 infernales
1489 1910 1611 1937 invadunt,
1638 1911 1710 1934 insani
1727 1914 1795 1940 sunt;
1817 1918 1853 1935 ue·

1010 1948 1089 1972 sciunt
1104 1955 1160 1977 ergo
1179 1948 1204 1978 [A
1216 1950 1232 1971 Β
1248 1948 1334 1977 euim]‚
1351 1948 1408 1979 quid
1423 1949 1522 1979 fuciunt.
1534 1949 1629 1972 Talibus
1645 1956 1701 1978 ergo
1719 1953 1741 1973 et
1757 1957 1799 1979 pro
1816 1957 1853 1974 no·

1010 1990 1056 2010 stra
1073 1988 1145 2010 salute
1162 1991 1184 2010 et
1200 1994 1242 2016 pro
1260 1988 1350 2010 illorum
1368 1988 1496 2016 ignorantia
1522 1991 1555 2011 est
1577 1988 1745 2016 ignoscendum
1765 1993 1788 2012 et
1811 1996 1853 2018 pro

1011 2026 1067 2055 ipsis
1084 2027 1198 2049 orandum
1216 2033 1269 2049 cum
1287 2027 1370 2055 grandi
1387 2027 1484 2055 fiducia,
1502 2027 1555 2056 quia
1573 2028 1628 2050 tales
1641 2034 1720 2056 preces
1732 2035 1800 2051 aures
1812 2029 1853 2051 Do-

1011 2065 1066 2087 mini
1084 2066 1195 2088 violenter
1211 2065 1351 2094 irrumpunt.
1367 2066 1479 2088 Nimirum
1496 2066 1589 2089 exaudit
1605 2066 1655 2094 ipse
1679 2067 1745 2095 alios,
1767 2067 1790 2090 in
1807 2074 1853 2096 quo

1010 2110 1035 2126 se
1052 2104 1125 2126 voluit
1140 2104 1250 2126 exaudiri.
1267 2105 1293 2126 Et
1309 2104 1430 2127 exauditus
1448 2104 1500 2133 suit,
1526 2110 1579 2127 cum
1604 2105 1633 2127 ad
1659 2105 1852 2133 praedicationem

1012 2143 1071 2165 Petri
1089 2149 1134 2165 uno
1151 2143 1189 2166 die
1207 2143 1247 2166 tria
1266 2143 1347 2171 millia,
1364 2144 1408 2166 alio
1425 2144 1463 2166 die
1479 2145 1583 2173 quinque
1600 2143 1647 2174 [ed.
1667 2145 1676 2166 1
1698 2147 1720 2167 et
1736 2145 1780 2167 AB
1798 2152 1854 2174 quu-

1011 2181 1075 2212 tuor]
1093 2182 1162 2204 millia
1179 2188 1275 2209 eorum,
1292 2183 1334 2212 qui
1350 2183 1372 2205 in
1391 2189 1471 2205 necem
1490 2183 1581 2205 Domini
1593 2183 1788 2211 acclamaverant,
1800 2186 1852 2206 sunt

1011 2221 1115 2244 conversi
1134 2221 1183 2251 [cfr.
1201 2222 1250 2244 Act.
1266 2222 1291 2249 2,
1309 2221 1346 2244 41.
1363 2225 1385 2244 et
1398 2222 1423 2250 4,
1437 2221 1479 2252 4.].
1491 2223 1580 2251 Quanta
1598 2221 1654 2252 [AB
1671 2223 1759 2245 addunt
1768 2222 1853 2252 putas]

1010 2261 1033 2283 in
1051 2260 1188 2283 caelestibus
1205 2261 1347 2288 iucunditas,
1368 2267 1421 2283 cum
1448 2261 1538 2283 occisus
1563 2262 1702 2288 occisorem,
1720 2264 1742 2284 et
1759 2261 1852 2290 quilibet

1010 2300 1085 2321 laesus
1102 2305 1127 2321 se
1144 2299 1272 2321 laedentem
1290 2299 1434 2322 orationibus
1458 2300 1506 2322 suis
1530 2300 1636 2328 perducit
1661 2300 1691 2323 ad
1713 2300 1817 2322 caelum!
1834 2300 1852 2322 Ο

1010 2341 1095 2367 quanta
1114 2338 1154 2360 ruit
1166 2339 1284 2361 exsultatio
1297 2339 1407 2366 Stephani
1425 2338 1454 2368 [A
1464 2339 1481 2361 B
1498 2339 1587 2362 addunt
1599 2339 1707 2369 lapidati]
1721 2345 1791 2367 super
1802 2346 1852 2362 con-

1010 2377 1116 2399 versione
1134 2377 1194 2399 l‘auli
1205 2379 1210 2399 1
1226 2378 1265 2406 qui
1282 2378 1330 2400 suis
1341 2378 1485 2400 orationibus
1496 2378 1526 2400 ad
1538 2378 1608 2401 tidem
1621 2384 1760 2405 conversus,
1773 2381 1851 2406 postea

1010 2422 1053 2443 pro
1071 2416 1115 2438 fide
1132 2415 1227 2443 Christi,
1245 2417 1303 2439 sicut
1320 2417 1397 2444 ipsum
1415 2417 1568 2444 lapidaverat,
1587 2417 1701 2445 lapidatus
1718 2420 1750 2439 est
1764 2416 1815 2446 [ct'r.
1829 2418 1851 2439 11.

1011 2454 1063 2477 Cor.
1085 2455 1118 2483 tt,
1136 2454 1185 2484 25]
1203 2458 1225 2477 et
1241 2456 1312 2477 multa
1331 2456 1403 2484 mala,
1415 2462 1475 2484 quae
1487 2459 1538 2478 ante
1556 2455 1586 2485 [A
1598 2456 1612 2477 Β
1629 2455 1708 2485 aulea]
1722 2456 1810 2478 Sanctis
1822 2456 1852 2478 in-

1011 2496 1124 2520 gesserat,
1143 2492 1196 2522 [AB
1214 2493 1301 2516 addunt
1319 2495 1341 2516 et
1357 2493 1416 2523 ipse]
1434 2497 1528 2522 propter
1545 2494 1659 2517 Christum
1685 2495 1797 2517 sustinuit
1817 2495 1852 2517 Se-

1010 2537 1110 2560 quamur
1127 2531 1196 2559 igitur
1213 2535 1234 2554 et
1251 2538 1293 2554 uos
1310 2539 1352 2560 pro
1369 2533 1466 2555 inimicis
1483 2533 1584 2561 orando,
1602 2537 1626 2555 ut
1643 2533 1684 2555 illis
1697 2534 1764 2556 simul
1777 2536 1796 2556 et
1815 2540 1852 2556 no-

1011 2570 1046 2593 bis
1062 2573 1178 2593 aeternam
1196 2577 1327 2593 mercamur
1344 2571 1448 2594 obtinere
1464 2572 1569 2595 salutem.

1073 2608 1082 2621 ⁵
1099 2609 1171 2631 Coild.
1190 2610 1232 2631 AB
1250 2610 1356 2632 omittunt
1372 2609 1420 2633 sire
1442 2610 1511 2633 Terbo
1530 2610 1617 2633 Christi
1638 2610 1663 2633 in.
1684 2617 1766 2635 cruce.
1784 2611 1821 2634 cd.
1842 2612 1846 2633 1

1011 2648 1074 2671 addit
1091 2647 1163 2671 Hodie
1179 2654 1269 2671 uterum
1288 2648 1334 2671 eris
1352 2648 1374 2671 r'u
1390 2649 1513 2678 paradiso.

1073 2686 1082 2699 ⁶
1099 2688 1152 2710 Luc.
1171 2688 1212 2714 23,
1230 2687 1266 2709 43.
1283 2701 1313 2703 —
1332 2688 1442 2715 Superius
1459 2691 1511 2716 post
1528 2687 1623 2711 Domini
1643 2688 1679 2710 eil.
1702 2689 1706 2710 1
1729 2695 1781 2711 cum
1809 2690 1825 2711 A
1837 2690 1852 2711 11

1011 2726 1074 2749 addit
1091 2726 1213 2756 [Νισίβι-1,,
1231 2727 1294 2755 quod
1313 2727 1359 2754 ipsa
1378 2727 1445 2749 etiam
1463 2733 1516 2749 cum
1535 2728 1577 2749 AB
1595 2727 1693 2749 subinde
1711 2734 1753 2755 pro
1766 2727 1854 2751 Christi

1011 2765 1134 2787 substituit.
1153 2766 1245 2787 lul'erius
1263 2772 1304 2793 pro
1323 2765 1407 2795 quanli
1426 2765 1512 2795 riuoris
1539 2766 1577 2790 (ita
1594 2766 1673 2793 CDE)
1692 2767 1747 2789 alias
1769 2766 1853 2796 qlutuli

1012 2804 1107 2831 rii-oris,
1121 2808 1140 2826 et
1160 2810 1201 2831 pro
1219 2805 1331 2833 qumaltuu
1350 2806 1446 2827 resonat
1462 2804 1607 2827 dulcedinem
1624 2806 1640 2827 Α
1653 2806 1668 2827 Β
1685 2807 1773 2834 quantu
1792 2812 1852 2829 ress»-

1010 2844 1051 2865 uu!
1069 2842 1195 2865 rlulcmliur.

1073 2880 1081 2893 ⁷
1100 2883 1129 2903 ha
1149 2882 1165 2903 A
1177 2881 1216 2903 DC
1228 2882 1270 2903 DE
1288 2885 1308 2903 ct
1326 2882 1362 2904 cd.
1385 2883 1409 2910 l;
1428 2882 1483 2904 Bon.
1500 2881 1523 2904 in
1542 2881 1620 2905 [anuis
1643 2882 1726 2905 mortis
1750 2883 1849 2912 1111111111,

1011 2920 1070 2943 iure.
1088 2920 1192 2942 51111111111·
1209 2927 1251 2948 pro
1269 2920 1397 2949 desperans
1412 2921 1447 2943 ed.
1471 2922 1475 2942 l
1498 2927 1549 2943 (11111
1568 2922 1583 2943 A
1596 2922 1611 2943 Β
1628 2921 1775 2951 desperatus,
1793 2928 1852 2950 quac

1011 2959 1078 2981 etiam
1093 2966 1134 2987 pru
1147 2965 1216 2988 quum
1230 2959 1370 2988 11111111111111111ἱ
1383 2960 1420 2985 (ita
1439 2959 1455 2981 (Ἰ
1466 2960 1483 2982 D
1493 2961 1517 2982 lii
1531 2966 1583 2982 1-11111
1596 2961 1612 2982 A
1625 2961 1640 2981 11
1653 2959 1765 2983 substituit
1780 2967 1850 2989 quum

1011 2998 1088 3022 tutans,
1107 3000 1160 3021 Doti.
1179 3005 1249 3028 quum
1268 2999 1368 3028 quidem.
