2133 3317
0 669 83 690 1311101110.

495 198 690 227 OPUSCULUM
712 199 754 227 iv.
776 199 819 227 DE
840 199 863 225 V
883 198 1154 227 FESTIVITATIBUS.
1177 199 1445 227 ADDITAMENTUM.

101 277 205 303 comedit
223 277 320 302 fructus
339 284 467 308 pomorum
486 283 586 301 suorum
605 284 660 301 cum
678 277 815 301 iuvenculis
826 276 843 301 ¹.
866 276 946 306 Quae—

73 326 86 341 ·-
101 321 148 345 rite
175 321 201 344 in
225 319 290 344 cella
307 319 423 350 vinarm,
447 319 489 344 ubi
507 325 607 344 coenam
629 326 700 343 suam
720 319 893 350 praeparavit,
914 319 945 344 ad

101 369 175 394 quam
194 369 252 386 suas
271 361 462 392 specialissimas
489 361 593 391 amicas,
621 368 683 392 (1330
710 362 853 391 sequuntur
875 369 944 393 eum,

102 411 258 437 quocumque
278 404 349 435 ierit,
368 403 468 428 tantum
487 403 619 433 invitavit3
642 403 684 427 ubi
699 404 847 435 praecia-ait
871 411 897 429 se
921 405 946 428 et

99 448 164 479 facit
181 455 224 472 eas
242 447 395 472 discumbere
422 447 448 471 et
475 447 601 471 transiens
628 446 792 478 personaliter
816 447 945 471 ministrat

99 491 146 521 eis3
165 490 209 515 ubi
226 489 388 515 administrat
405 489 500 515 fercula
518 490 589 515 varia
607 490 636 515 de
659 489 807 521 pinguedine
826 497 885 514 suae
904 497 945 514 ae-

99 533 196 562 ternae,
215 533 382 557 nobilissimae
401 532 426 557 et
445 532 623 557 secretissimae
641 531 802 561 Divinitatis3
825 531 868 556 ubi
887 538 945 562 pro-

99 575 170 607 pinat
189 575 276 606 pocula
295 582 353 600 3330
371 574 527 599 dulcissimae
549 574 575 599 et
593 574 747 599 castissimae
769 572 943 598 humanitatis.

100 618 170 643 Certe
188 618 240 643 illic
267 618 356 642 bibunt
382 618 488 647 amicae,
517 617 559 642 sed
586 617 743 642 inebriantur
769 617 911 641 carissimae
925 614 943 640 ².

99 661 214 691 Quaerite
232 660 333 685 tandem
356 661 382 685 in
401 660 531 691 cubiculo,
550 660 592 685 ubi
620 659 751 691 requiescit
778 666 833 684 cum
852 666 944 690 sponsa

99 704 165 729 inter
183 704 312 735 amplexus
330 703 356 728 et
374 703 469 733 oscula,
490 703 532 728 ubi
551 703 628 728 cubat
646 703 673 727 in
690 701 824 733 merid1k⁸,
846 702 944 733 quando

100 747 215 778 splendor
233 746 349 771 aeternae
361 746 476 771 veritatis
495 746 546 770 tam
563 746 702 770 luculenter
720 745 797 775 lucet,
816 745 890 770 ardor
903 752 945 770 su-

99 796 190 821 pernae
208 789 322 814 caritatis
347 789 399 814 tam
424 789 530 814 dulciter
547 788 627 813 ardet.
646 788 685 813 Ibi
706 788 816 813 instillat
841 788 944 812 auribus

99 839 204 863 sponsae
223 832 388 857 secretissima
411 839 469 856 suae
501 831 636 863 profundae
660 831 685 855 et
710 831 880 855 inscrutabilis
904 838 945 855 sa-

99 875 218 907 pientiae,
237 875 271 899 ibi
289 875 366 899 donat
390 874 514 899 altissima
535 881 638 899 munera
657 881 715 898 3330
728 881 839 898 summae
857 873 883 898 et
906 874 945 898 in-

99 917 273 949 comparabilis
291 917 501 949 magnificentiae,
522 917 556 942 ibi
574 917 681 946 iocatur,
701 916 734 941 ibi
752 916 893 946 blanditur,
910 916 944 941 ibi

99 961 253 990 consolatur,
272 961 306 985 ibi
323 960 437 986 dilectam
455 960 592 992 alloquitur
611 960 708 984 dicens:
728 960 791 984 Pete
809 960 878 990 quod
893 960 943 989 vis,

99 1005 123 1029 et
140 1004 247 1029 clabitur
266 1004 313 1028 tibi
323 1003 341 1028 ⁴.
360 1003 380 1028 O
399 1011 473 1035 quam
491 1003 586 1033 felices,
605 1003 647 1034 qui
666 1002 748 1027 Iesum
768 1003 793 1027 in
812 1002 858 1027 hoc
876 1002 945 1027 cubi-

98 1047 152 1072 culo
166 1046 329 1071 secretissimo
342 1046 483 1075 inveniunt,
497 1046 539 1077 qui
551 1045 597 1071 hoc
609 1045 748 1070 cubiculum
766 1044 862 1069 intrare
875 1052 944 1076 prae-

99 1089 215 1114 sumunt!
234 1089 255 1114 O
282 1096 356 1120 quam
376 1089 447 1120 pauci
475 1096 530 1113 eum
555 1089 580 1113 in
609 1089 684 1113 horto
707 1088 860 1113 deliciarum
878 1089 944 1113 inve-

98 1132 185 1162 niunt,
209 1132 251 1157 sed
277 1132 404 1163 pauciores
428 1132 454 1156 in
479 1131 543 1156 cella
561 1131 663 1156 vinaria
688 1131 830 1162 reperiunt,
850 1131 944 1162 paucis-

99 1176 155 1201 simi
182 1175 208 1200 et
233 1182 283 1200 non
310 1175 359 1199 nisi
389 1174 551 1199 sacratissimi
579 1175 651 1199 amici
677 1174 821 1199 cubiculum
848 1173 944 1198 intrare

98 1218 276 1250 praesumunt;
295 1219 353 1249 quia
372 1218 492 1249 scriptum
512 1216 583 1242 est⁵t
609 1217 713 1242 Adiuro
738 1225 795 1248 vos,
815 1217 885 1248 filiae
903 1217 944 1242 Ie-

98 1261 223 1292 rusalem,
242 1268 273 1285 ue
291 1261 418 1286 suscitetis
440 1268 520 1292 neque
542 1260 664 1292 eviyilare
687 1260 792 1290 faciatis
811 1260 944 1292 dilectam,

98 1305 176 1330 donec
195 1304 252 1335 ipsa
270 1304 337 1329 velit.

168 1346 238 1371 Unde
257 1346 365 1371 sufficiat
383 1346 453 1371 vobis
464 1365 470 1375 ,
490 1353 504 1371 o
523 1353 605 1378 reges,
625 1346 667 1377 qui
685 1346 766 1371 adhuc
785 1347 886 1371 terrena
903 1354 945 1371 sa-

0 1393 48 1413 cntio
59 1393 84 1413 ad
93 1387 192 1420 pitis⁶,
213 1390 255 1420 qui
276 1389 357 1414 adhuc
375 1389 523 1420 temporalia
541 1389 687 1420 disponitis,
712 1389 775 1420 quod
795 1389 878 1413 Iesum
901 1389 945 1414 ali-

0 1422 51 1442 *egea

98 1432 196 1463 quando
214 1432 272 1463 post
284 1432 427 1463 diligentem
446 1432 630 1463 inquisitionem
644 1432 669 1456 in
688 1432 816 1463 praesepio
836 1432 945 1457 invenia-

97 1475 139 1500 tis.
158 1475 250 1500 Vestra
268 1476 333 1500 enim
349 1475 499 1500 conscientia
518 1474 581 1499 forte
594 1474 675 1499 adhuc
693 1474 803 1499 nondum
820 1475 859 1499 est
878 1474 944 1500 facta

97 1518 188 1543 hortus
207 1518 368 1549 deliciarum,
396 1518 439 1543 ubi
456 1517 547 1543 florent
573 1517 674 1542 sanctae
692 1517 876 1547 meditationes,
901 1518 944 1543 ubi

97 1561 209 1586 redolent
236 1561 361 1586 virtuosae
389 1561 558 1592 operationes,
578 1561 619 1585 ubi
647 1561 733 1592 vigent
760 1561 888 1586 deliciosae
907 1561 944 1586 af-

97 1603 222 1629 fectiones.
241 1604 293 1629 Nec
311 1604 375 1629 forte
394 1604 476 1628 minus
499 1603 606 1635 perfecte
625 1603 672 1629 dici
690 1603 774 1634 potest
793 1604 859 1629 cella
870 1604 944 1628 vina-

97 1647 151 1678 ria,
169 1647 212 1672 ubi
225 1647 269 1672 illa
287 1647 404 1672 caelestia
416 1646 509 1672 fercula
529 1646 678 1676 odorantur,
697 1647 742 1671 illa
754 1647 813 1671 vina
831 1647 944 1678 angelica

96 1690 248 1722 gustantur,
267 1690 357 1722 quibus
375 1690 447 1714 amici
465 1689 597 1721 aliquando
616 1689 656 1714 hic
674 1690 699 1714 in
724 1689 799 1714 terris
818 1690 944 1715 consolan-

97 1734 148 1758 tur.
175 1733 221 1758 Sed
239 1733 288 1758 heu
315 1733 427 1762 minime,
447 1733 477 1758 ut
504 1733 592 1762 timeo,
614 1733 661 1757 dici
689 1732 772 1764 potest
799 1732 944 1757 cubiculum

97 1776 210 1801 omnibus
228 1776 350 1801 creaturis
368 1776 556 1805 absconditum,
577 1776 623 1800 soli
638 1775 732 1807 Sponso
752 1776 942 1807 praeparatum,

97 1818 206 1844 stratum
224 1818 249 1843 et
276 1818 407 1847 ornatum,
430 1819 473 1843 ubi
496 1819 607 1850 Sponsus
632 1826 688 1843 cum
716 1825 819 1849 sponsa,
839 1818 944 1843 dilectus

96 1869 151 1887 cum
170 1861 260 1886 dilecta
279 1861 410 1892 requiescit
432 1861 497 1885 inter
516 1861 610 1886 secreta
629 1861 654 1885 et
672 1861 808 1885 indicibilia
827 1868 885 1885 suae
907 1861 944 1886 13-

96 1902 270 1929 miliaritatis⁷
290 1904 386 1933 oscula,
405 1904 446 1928 3111
467 1911 539 1935 saepe
558 1904 695 1929 audiuntur
714 1904 776 1929 talia
791 1904 816 1929 et
835 1904 887 1929 tam
906 1912 944 1929 ar-

96 1954 171 1977 cana,
191 1954 254 1978 (1330
272 1946 370 1978 quidem
391 1947 581 1978 intelliguntur,
600 1947 643 1971 sed
661 1954 711 1972 non
729 1947 860 1977 dicuntur,
886 1948 943 1979 quia

96 1990 160 2016 forte
184 1991 223 2015 vel
242 1991 345 2021 exprimi
373 1989 500 2021 nequeunt
526 1990 565 2015 vel
593 1990 625 2014 ab
643 1990 784 2015 hominibus
810 1991 943 2015 secundum

95 2033 219 2058 hominem
231 2033 374 2058 viventibus
392 2033 484 2064 percipi
497 2040 625 2064 nunquam
644 2033 758 2064 possunt.
767 2047 804 2051 —
815 2033 840 2058 Si
859 2033 943 2058 tamen

96 2083 125 2101 ex
143 2076 297 2101 abundantia
315 2076 412 2101 divinae
431 2075 534 2107 pietatis
547 2075 676 2100 accidisset
694 2076 835 2107 aliquando,
855 2076 920 2108 quod
933 2075 943 2088 ²³

96 2119 178 2150 ipsum
197 2118 255 2150 post
272 2118 359 2143 fletum
377 2118 403 2143 et
421 2118 562 2150 planctum,
582 2118 639 2150 post
651 2119 747 2143 luctum
766 2118 792 2143 et
809 2119 941 2150 gemitum,

96 2161 154 2193 post
171 2161 339 2193 postpositum
358 2161 483 2186 saeculare
501 2160 628 2193 negotium
646 2161 678 2186 ad
695 2161 816 2187 modicum
835 2169 945 2187 momen«

96 2205 150 2229 tum
168 2204 267 2229 vidistis
285 2205 311 2229 in
336 2204 410 2229 horto
429 2204 592 2236 deliciarum,
618 2205 657 2229 vel
676 2204 751 2235 forte,
775 2205 840 2236 quod
864 2206 944 2237 magis

96 2255 182 2272 verum
200 2247 251 2277 est,
271 2247 329 2272 ante
354 2247 419 2273 fores
446 2247 526 2272 adhuc
553 2247 623 2273 vobis
647 2248 745 2273 clausas
765 2255 810 2279 per
833 2248 944 2274 foramen

96 2290 240 2322 inspexistis
257 2290 284 2315 13
305 2290 395 2315 cellam
412 2290 544 2315 vinariam
562 2290 588 2315 et
612 2290 710 2315 vidistis
729 2291 852 2322 Sponsum
871 2299 945 2317 orna-

96 2333 150 2358 tum
169 2333 195 2358 et
214 2333 376 2362 succinctum,
390 2333 575 2363 transeuntem,
594 2333 794 2364 ministrantem,
812 2335 945 2366 propinan-

96 2375 147 2400 tem
166 2376 217 2400 suis
235 2375 321 2400 amicis
339 2376 409 2400 varia
422 2375 516 2400 fercula
534 2375 559 2399 et
577 2376 636 2400 vina
648 2375 791 2401 deliciarum
810 2377 835 2401 et
853 2375 944 2402 vobis⁰

97 2418 182 2450 ignota
202 2418 226 2444 et
245 2418 384 2450 incognita,
404 2425 448 2443 1100
475 2418 556 2443 adhuc
583 2418 614 2443 ad
642 2418 704 2443 talia
722 2419 827 2444 videnda
855 2420 945 2445 admit-

1809 201 1845 228 97

1002 277 1069 302 tendi
1088 284 1132 308 per
1155 277 1274 302 ianitores
1293 278 1389 308 expulsi
1407 277 1504 307 fuistis,
1524 277 1549 302 et
1568 277 1658 303 iterato
1676 277 1738 307 heu,
1758 278 1789 302 ad
1808 285 1847 303 30-

1001 319 1048 344 lita
1066 321 1091 345 et
1109 321 1235 345 mundana
1250 320 1372 350 rediistis;
1391 321 1433 345 sed
1452 321 1536 346 tamen
1558 320 1615 352 post
1633 320 1679 346 hoc
1698 321 1729 345 ad
1750 328 1791 345 001
1813 328 1848 345 10-

1002 363 1078 392 versi,
1107 371 1157 388 non
1184 364 1338 389 immemores
1366 364 1434 388 111133
1461 364 1580 389 iucundae
1605 363 1745 393 societatis,
1772 371 1847 395 quam

1001 406 1091 436 gaudio
1109 406 1188 431 cordis
1213 407 1239 431 111
1257 406 1330 432 horto
1355 406 1497 431 deliciarum
1516 406 1661 438 aspexistis,
1686 414 1731 431 nec
1749 413 1798 431 non
1823 406 1848 431 et

1001 448 1069 473 illius
1087 449 1244 474 beatissimae
1261 450 1422 475 iucunditatis
1441 450 1466 474 et
1484 450 1664 480 solemnitatis,
1684 457 1758 482 quam
1777 450 1848 481 quasi

1001 490 1106 515 desolati
1126 499 1169 522 per
1188 492 1303 517 rimulam
1328 493 1475 524 aspexistis,
1498 493 1527 518 de
1546 501 1595 525 qua
1620 493 1702 518 nescio
1721 493 1793 524 quale
1812 499 1848 518 so-

1001 533 1104 563 latium,
1118 534 1160 558 sed
1173 534 1257 559 tamen
1276 535 1339 564 tale,
1358 536 1423 567 quod
1441 537 1577 567 ezsuperat
1594 543 1693 561 munem
1711 543 1813 561 senswm
1827 534 1848 548 ¹⁰

1001 576 1026 600 et
1045 583 1115 601 omne
1133 576 1208 601 huius
1226 578 1311 602 mundi
1330 579 1483 608 convivium,
1496 586 1547 610 ·per
1572 579 1752 610 spiramentum
1771 578 1849 604 modi-

1001 625 1056 643 cum
1075 620 1236 650 concepistiS:
1256 620 1315 645 tunc
1340 628 1395 645 cum
1413 622 1494 646 Maria
1515 622 1596 647 matre
1620 622 1703 647 Iesum
1723 622 1847 653 porditum

1001 668 1056 686 cum
1075 661 1157 686 dolore
1176 662 1201 686 et
1220 669 1328 688 moerore
1356 664 1480 695 quaerite,
1500 672 1554 689 03111
1582 665 1685 696 11133013
1710 665 1735 689 et
1753 664 1847 696 gemitu

1001 704 1059 735 post
1077 704 1160 729 Iesum
1180 705 1347 736 quaerendum
1360 707 1466 736 currite,
1489 707 1549 732 tunc
1568 707 1593 732 et
1611 708 1700 732 fientes
1718 708 1806 733 dicite:
1827 707 1848 733 Ο

1001 747 1099 778 quando
1119 747 1143 772 te
1171 748 1324 773 inveniemus
1349 750 1541 780 consolatorem,
1569 758 1641 782 quein
1660 751 1847 782 exspectamus!

1002 789 1104 819 Quando
1123 790 1148 815 te
1170 791 1324 816 inveniemus
1348 792 1465 822 gaudium
1493 793 1619 821 nostrum,
1646 794 1710 824 quod
1729 793 1848 818 desidera-

1001 834 1073 857 mus!
1093 832 1113 858 Ο
1133 833 1154 857 31
1172 833 1256 858 anima
1275 834 1362 859 nostra
1381 835 1461 859 adhuc
1475 836 1553 860 redire
1572 836 1646 860 semel
1667 836 1763 866 valeat,
1782 837 1807 861 et
1828 837 1849 861 si

1001 883 1050 900 non
1064 876 1095 900 ad
1108 876 1238 907 amplexus
1251 877 1276 901 et
1295 877 1392 907 oscula,
1407 878 1495 902 saltem
1509 878 1551 902 3111
1570 879 1663 903 redolet
1678 879 1767 904 hortus
1786 879 1848 904 cleli-

1001 918 1102 943 ciarum
1121 919 1146 944 et
1171 920 1316 944 suavissime
1336 919 1434 951 fragrat
1459 920 1523 945 cella
1548 922 1660 946 vinaria.
1686 922 1740 946 Iam
1765 923 1848 948 anima

1001 968 1045 992 per
1073 961 1097 985 te
1125 962 1205 992 ipsam
1232 969 1322 993 quaere
1351 962 1467 987 dilectum
1495 963 1578 993 tuum,
1601 971 1672 994 quem
1698 964 1847 995 concepisti3

1001 1004 1060 1028 tuus
1085 1004 1124 1029 est
1142 1004 1223 1034 filius,
1243 1012 1315 1036 quem
1334 1006 1457 1036 genuisti,
1483 1005 1509 1030 et
1533 1013 1609 1037 (13310
1632 1006 1747 1031 dimisisti
1767 1014 1781 1031 a
1799 1014 1847 1038 quo

1001 1046 1040 1072 tot
1057 1047 1083 1072 et
1107 1047 1160 1072 tam
1182 1048 1284 1073 insolita
1311 1048 1402 1079 gaudia
1430 1048 1583 1079 suscepisti?
1604 1063 1639 1066 —-—
1663 1049 1683 1073 O
1705 1056 1749 1074 vos
1778 1057 1848 1081 reges

1000 1090 1101 1121 inclyti,
1130 1097 1174 1115 vos
1194 1091 1317 1122 principes
1345 1091 1370 1115 et
1389 1091 1528 1116 defensores
1547 1091 1573 1116 et
1597 1092 1768 1122 cooperatores
1787 1093 1848 1122 mei,

1002 1139 1045 1157 vos
1058 1132 1179 1157 hactenus
1197 1133 1384 1158 dilectissimum
1402 1134 1560 1165 quaesivistis
1580 1135 1608 1159 ut
1626 1141 1725 1166 reyem,
1744 1135 1786 1166 qui
1805 1142 1849 1159 vos

1001 1182 1047 1199 sua
1073 1175 1157 1206 gratia
1179 1176 1322 1205 coronaret,
1341 1176 1371 1200 ut
1389 1177 1529 1207 doctorem,
1549 1177 1591 1208 (131
1618 1184 1662 1202 vos
1687 1184 1733 1201 sua
1751 1177 1850 1208 sapien-

1000 1218 1037 1243 tia
1054 1218 1209 1250 illustraret,
1224 1219 1252 1243 ut
1264 1219 1465 1251 consolatorem,
1479 1220 1521 1251 qui
1534 1227 1577 1244 vos
1591 1227 1636 1244 sua
1650 1220 1779 1244 clementia
1793 1220 1850 1245 refi-

999 1261 1081 1286 ceret!
1095 1276 1130 1279 —
1142 1262 1215 1287 Nunc
1228 1262 1353 1293 superest,
1367 1262 1396 1287 ut
1409 1269 1453 1294 ego
1466 1270 1584 1294 quaeram
1603 1263 1693 1292 filium,
1708 1270 1779 1294 quem
1793 1270 1848 1294 per-

1000 1304 1064 1334 (11(11;
1084 1304 1213 1334 (111001331,
1234 1312 1305 1336 quem
1325 1305 1413 1335 amisi3
1433 1305 1633 1330 amantissimum
1653 1306 1735 1330 Iesum
1753 1314 1847 1336 meum,

1000 1354 1087 1378 quem,
1106 1347 1154 1372 heu
1173 1347 1258 1372 infelix
1277 1348 1302 1372 et
1320 1348 1424 1377 misera,
1444 1349 1470 1373 in
1489 1348 1582 1380 templo
1601 1349 1696 1378 dimisi,
1715 1350 1846 1381 postquam

1000 1390 1079 1415 denuo
1098 1390 1129 1414 ad
1148 1398 1213 1415 vana
1237 1390 1262 1415 et
1281 1390 1345 1415 13133
1370 1391 1395 1416 01
1414 1392 1498 1416 133313
1517 1399 1555 1416 me
1577 1393 1696 1417 converti.
1716 1392 1784 1421 Heu,
1811 1400 1848 1417 me

1000 1432 1143 1457 derelictam
1162 1432 1187 1457 et
1203 1433 1340 1458 desolatam
1354 1434 1378 1458 et
1391 1434 1457 1459 omni
1469 1435 1605 1465 ignominia
1618 1435 1716 1465 plenam
1725 1434 1757 1459 ¹¹!
1770 1435 1849 1465 Quare

1001 1476 1052 1500 suis
1071 1476 1180 1501 consiliis
1198 1483 1247 1501 non
1267 1477 1396 1508 acquievi?
1415 1477 1495 1507 Quare
1508 1478 1533 1502 in
1551 1478 1603 1502 suis
1616 1478 1716 1503 monitis
1735 1486 1783 1503 non
1797 1486 1850 1509 per-

1000 1519 1103 1543 mansi?
1122 1519 1243 1548 Quamdiu
1262 1527 1332 1544 suam
1353 1520 1520 1551 praesentiam
1540 1528 1584 1552 per
1602 1528 1686 1546 veram
1705 1522 1849 1547 consolatio—

1000 1569 1056 1586 nem
1075 1562 1154 1591 sensi,
1174 1562 1246 1588 affuit
1265 1562 1325 1587 mihi
1344 1564 1424 1588 omnis
1442 1563 1611 1593 abundantia3
1632 1564 1748 1595 quamdiu
1767 1564 1849 1596 ipsum

1000 1604 1089 1634 habui,
1110 1605 1223 1629 omnibus
1251 1605 1322 1630 bonis
1340 1605 1473 1631 abundavi.
1502 1606 1548 1631 Sed
1577 1607 1639 1636 heu,
1663 1615 1737 1638 quam
1764 1607 1849 1632 infelix

1000 1647 1160 1672 commutatio
1179 1648 1204 1672 et
1222 1656 1296 1679 quam
1315 1649 1463 1674 miserabilis
1482 1650 1605 1675 variatio!
1625 1650 1732 1681 Propter
1746 1658 1849 1681 pauper—

1000 1690 1078 1715 tatem
1090 1689 1109 1702 ¹²
1130 1691 1201 1715 amisi
1220 1691 1334 1721 divitias,
1354 1692 1456 1723 propter
1470 1692 1632 1724 asperitatem
1646 1693 1775 1724 postposui
1788 1694 1849 1718 deli-

1000 1733 1064 1762 cias,
1090 1734 1194 1764 propter
1216 1741 1300 1758 curam
1331 1734 1356 1759 et
1381 1735 1570 1760 sollicitudiuem
1599 1735 1717 1767 dereliqui
1742 1736 1849 1767 quietem

1000 1784 1117 1808 magnam
1137 1777 1162 1802 et
1180 1777 1285 1808 spiritus
1309 1777 1476 1808 dulcedinem,
1497 1778 1600 1810 propter
1624 1779 1732 1804 alienum
1751 1780 1848 1811 neglexi

1000 1827 1038 1844 me
1066 1820 1148 1850 ipsum
1159 1839 1165 1849 ,
1194 1820 1297 1851 propter
1324 1820 1447 1845 hominem
1479 1821 1614 1853 regendum
1643 1822 1737 1853 perdidi
1769 1822 1847 1847 Deum

1000 1870 1095 1892 meum,
1114 1863 1230 1887 dilectum
1250 1871 1343 1893 meum,
1363 1864 1542 1889 consolatorem
1562 1872 1654 1894 meum,
1679 1865 1848 1889 dulcissimum

1000 1905 1083 1930 Iesum
1103 1905 1182 1930 filium
1201 1913 1290 1930 meum.
1310 1906 1373 1936 Quid
1392 1914 1450 1938 ergo
1470 1907 1576 1931 faciam?
1596 1907 1647 1937 Quo
1666 1908 1777 1932 vadam?
1801 1908 1849 1932 Ubi

1000 1955 1131 1979 quaeram,
1160 1948 1189 1972 ut
1216 1949 1307 1974 iterato
1334 1949 1416 1980 ipsum
1436 1950 1581 1974 inveniam?
1608 1950 1747 1981 Aliquoties
1766 1951 1848 1981 ipsum

1000 1991 1103 2022 propter
1127 1991 1286 2022 praedicta¹²³
1311 1993 1394 2022 amisi,
1419 1993 1461 2017 sed
1488 1993 1567 2018 denuo
1586 1993 1719 2018 adiuvante
1737 1993 1763 2018 et
1780 2001 1850 2018 reve-

999 2034 1068 2059 lante
1091 2034 1282 2060 clementissimo
1301 2035 1377 2060 Patre
1403 2036 1627 2061 misericordiarum
1647 2036 1709 2066 Deo,
1734 2037 1760 2061 in
1779 2037 1848 2062 0111113

1000 2077 1072 2102 vinea
1090 2077 1188 2107 laboro,
1211 2078 1281 2102 cuius
1305 2078 1431 2103 voluntati
1450 2079 1478 2103 de
1503 2079 1604 2104 consilio
1630 2080 1751 2104 maiorum
1769 2080 1848 2105 deser-

999 2120 1051 2150 vio,
1071 2120 1102 2145 ad
1120 2121 1190 2145 cuius
1208 2121 1314 2152 gloriam
1332 2121 1502 2153 ampliandam
1521 2129 1559 2147 mo
1574 2122 1653 2147 dulcis
1665 2122 1737 2147 Iesus
1750 2122 1846 2147 solatiis

1000 2171 1045 2195 per
1063 2163 1248 2195 occupationem
1267 2164 1346 2189 cordis
1365 2165 1464 2196 saepius
1487 2165 1572 2196 privo,
1592 2165 1695 2196 propter
1719 2165 1788 2190 cuius
1807 2165 1848 2191 ho-

1000 2214 1084 2232 norem
1109 2207 1306 2232 conservandum
1334 2208 1410 2232 variis
1438 2207 1643 2233 tribulationibus
1671 2215 1709 2233 me
1736 2215 1847 2239 expono,

1000 2250 1054 2281 ipso
1072 2257 1101 2274 ex
1120 2249 1195 2275 solita
1214 2249 1307 2281 pietate
1325 2250 1478 2280 auxiliante,
1498 2250 1578 2275 filium
1597 2251 1721 2282 perditum
1740 2258 1795 2276 cum
1809 2252 1847 2276 in-

1000 2293 1069 2324 genti
1088 2293 1168 2318 cordis
1186 2293 1276 2324 gaudio
1304 2292 1361 2324 post
1388 2294 1471 2319 varios
1500 2293 1627 2325 singultus
1650 2294 1675 2319 et
1692 2294 1800 2325 gemitus
1819 2294 1845 2319 et

1000 2335 1066 2360 inter
1083 2335 1312 2360 abundantissimas
1337 2336 1461 2368 lacrymas
1480 2337 1560 2367 reperi
1578 2336 1603 2361 et
1622 2335 1742 2361 inveni¹⁴.
1762 2336 1782 2361 O
1800 2337 1847 2361 uti-

1000 2385 1059 2402 nam
1086 2378 1168 2409 ipsum
1192 2378 1273 2403 adhuc
1300 2379 1375 2403 semel
1402 2378 1488 2403 taliter
1516 2379 1668 2404 invenirem!
1688 2378 1761 2408 Puto,
1781 2379 1845 2410 quod

1001 2421 1109 2451 amplius
1128 2428 1177 2445 non
1196 2421 1360 2451 dimitterem,
1379 2421 1422 2446 sed
1442 2421 1502 2447 totis
1521 2421 1616 2446 viribus
1636 2422 1775 2446 retinerem.

161 2575 167 2587 ¹
186 2575 231 2597 Cir.
248 2575 312 2598 Cant.
330 2575 355 2603 ὅ,
377 2576 395 2598 1.
412 2578 434 2597 et
451 2576 478 2602 6,
500 2576 517 2597 i.
536 2576 556 2597 ln
574 2582 623 2604 seq.
644 2577 800 2604 propositione
821 2578 943 2605 respicitur

97 2606 161 2629 Cani.
178 2607 205 2633 2,
224 2606 244 2628 i.
259 2606 297 2628 (de
308 2607 363 2629 cella
381 2607 478 2635 vinaria)
497 2610 517 2629 ei
530 2607 656 2634 allegantur
673 2609 743 2635 Apoc.
757 2608 798 2635 ii,
816 2608 837 2630 4.
854 2613 876 2631 et
888 2609 942 2631 Luc.

101 2638 139 2664 ¹2,
157 2638 193 2660 37.
211 2637 255 2660 Cl'r.
273 2644 342 2665 supra
360 2637 502 2666 opusculum
521 2639 544 2660 il.
560 2639 652 2667 Soliloq.
665 2645 683 2660 c.
703 2639 723 2660 4.
741 2645 763 2661 n.
785 2640 817 2661 11.
835 2642 857 2662 et
876 2640 910 2662 12.

160 2668 169 2680 ²
186 2669 315 2696 Respicitur
332 2668 395 2691 Cant.
413 2670 438 2697 5,
461 2671 477 2691 Ι.
495 2675 564 2697 supra
582 2676 637 2697 pag.
655 2670 683 2692 50
694 2687 699 2697 ,
717 2674 768 2692 3013
785 2671 807 2693 5.
823 2671 942 2699 allegatus.

159 2698 169 2711 ¹³
186 2699 249 2722 Cant.
271 2701 293 2727 l,
311 2700 332 2722 6.

159 2730 169 2742 ⁴
187 2732 266 2753 Esther
283 2731 309 2759 5,
328 2731 349 2753 3.
366 2734 389 2754 et
406 2732 473 2754 Marc.
490 2732 531 2758 66,
550 2732 587 2753 22.

159 2760 169 2773 ⁶
185 2762 249 2784 Cant.
269 2763 294 2789 2,
312 2762 335 2784 7.
359 2765 382 2784 et
407 2762 431 2789 8,
458 2762 480 2785 4.
503 2775 534 2779 —
560 2763 672 2790 Superius
696 2769 739 2791 pro
758 2763 901 2792 paucissimi
923 2765 945 2787 cl

98 2799 145 2816 non
163 2793 209 2816 nisi
225 2793 267 2818 (ita
285 2794 312 2821 G)
332 2793 381 2816 vat
399 2799 452 2816 cum
471 2794 486 2816 F
501 2793 642 2823 pancissimi
658 2800 712 2817 uero
729 2800 776 2817 non
794 2794 847 2818 nisi.

160 2823 169 2837 θ
187 2825 241 2847 Phil.
259 2825 285 2853 3,
304 2825 341 2846 19.
357 2837 388 2841 -
405 2825 498 2847 inferius
515 2825 567 2847 voci
583 2824 703 2848 virtuosae
719 2826 737 2848 G
760 2826 866 2854 praefigit
887 2832 943 2849 sari-

99 2856 148 2878 01410
162 2857 190 2878 ει.

161 2885 169 2898 ⁷
189 2887 237 2908 Vnt.
255 2885 294 2909 sui
304 2886 441 2915 srmzilioris.

160 2916 169 2929 ¹³
186 2918 229 2940 Pro
245 2917 367 2941 accidisset
389 2917 532 2947 aliqnando,
558 2917 621 2947 quod
648 2919 696 2941 Vnt.
718 2917 861 2948 aliquando,
882 2925 942 2948 quae

97 2948 168 3003 {³32¹qu
185 2949 279 2971 interius
296 2955 338 2977 pro
353 2950 407 2978 post
421 2949 579 2979 postpositum
597 2950 639 2977 (ita
657 2950 685 2978 G)
702 2949 819 2972 substituit
832 2952 887 2979 post
900 2956 940 2980 po-

191 3026 217 3050 S.
230 3027 321 3049 Bonae.
333 3039 362 3044 —
376 3027 444 3049 Tom.
455 3027 510 3050 Viii,

1063 2576 1073 2589 ⁹
1090 2579 1119 2600 ita
1137 2578 1166 2606 G;
1185 2578 1236 2600 Vat.
1250 2584 1303 2600 cuin
1316 2578 1332 2600 F
1349 2579 1370 2600 el
1386 2577 1474 2601 statim.
1489 2577 1592 2600 Subinde
1609 2584 1651 2606 pro
1666 2584 1707 2601 nec
1724 2578 1802 2601 acilius
1813 2578 1846 2601 ml

1000 2608 1059 2631 talia
1076 2608 1175 2631 videntia
1187 2608 1326 2632 admittendi
1342 2609 1385 2636 (ita
1403 2609 1446 2631 FG
1464 2612 1485 2631 et
1502 2609 1555 2631 edd.
1571 2610 1589 2635 1,
1606 2610 1628 2638 2)
1649 2610 1697 2631 Yet.
1714 2616 1756 2632 nec
1767 2609 1846 2633 adhuc

1000 2639 1058 2663 talia
1075 2639 1227 2663 admittenda.

1063 2670 1083 2683 ¹⁰
1100 2671 1154 2693 Phil.
1174 2671 1197 2698 i,
1214 2671 1237 2693 7.
1254 2683 1285 2687 —
1302 2671 1413 2698 Superius
1430 2677 1472 2699 pro
1494 2670 1563 2700 quasi
1579 2670 1678 2694 desolati
1695 2672 1733 2700 (ita
1750 2672 1775 2700 F)
1795 2672 1845 2694 Vat.

1000 2708 1052 2724 cum
1070 2703 1088 2724 G
1106 2701 1244 2725 desolatam.
1262 2702 1357 2724 inferius
1375 2708 1416 2730 pro
1434 2702 1572 2731 concepistis
1590 2703 1641 2725 Vnt.
1659 2702 1772 2726 sensistis.

1064 2732 1081 2745 ¹¹
1102 2733 1151 2755 Vnt.
1169 2739 1222 2755 curn
1240 2733 1257 2755 G
1275 2733 1337 2755 addit
1355 2732 1458 2763 reliquit.
1476 2734 1571 2756 inferius
1588 2733 1743 2761 postsensz'G
1757 2737 1779 2756 et
1791 2734 1843 2757 edd.

1004 2765 1027 2791 i,
1045 2765 1058 2786 2
1076 2764 1165 2786 addunt
1181 2764 1205 2786 ia
1222 2763 1281 2791 vita,
1307 2763 1331 2787 in
1349 2763 1413 2793 [edd.
1430 2765 1537 2787 omittunt
1554 2764 1587 2793 in]
1606 2764 1679 2794 ipsius
1695 2765 1844 2795 praesentia,

999 2799 1021 2849 gt
1037 2795 1137 2830 subinde
1162 2795 1259 2818 vochus
1284 2795 1360 2818 omnis
1385 2795 1532 2819 abundantia
1555 2796 1606 2819 Vat.
1632 2799 1654 2819 et
1675 2797 1691 2818 F
1709 2797 1845 2819 interserunt

1014 2832 1060 2849 om.

1063 2856 1082 2870 ¹²
1100 2858 1150 2880 Vat.
1167 2863 1240 2887 quam
1257 2857 1341 2887 inseiis
1358 2859 1380 2880 et
1396 2864 1468 2887 ailam
1482 2857 1624 2882 miserabilis
1632 2860 1731 2888 propter
1740 2865 1845 2888 pauper-

999 2890 1077 2911 talem.

1063 2919 1081 2932 ¹³
1099 2919 1154 2942 Cod.
1172 2920 1187 2941 F
1201 2921 1300 2948 propter
1314 2921 1420 2949 peccata.

1062 2950 1081 2963 ¹⁴
1099 2951 1260 2979 Respiciuntur
1277 2951 1347 2974 verba
1366 2951 1474 2974 Bernardi
1491 2958 1561 2980 supra
1585 2958 1639 2980 pag.
1658 2952 1695 2980 50,
1713 2956 1765 2975 notu
1784 2952 1804 2975 sn.
1824 2953 1844 2975 in

1000 2982 1044 3004 fine
1061 2983 1164 3009 allegata.

1724 3031 1749 3053 13

1899 1268 1987 1295 Planctus

1866 1296 1953 1318 propriae
1968 1297 1988 1310 a·

1867 1319 1935 1334 nimae.
