2133 3317
139 459 262 478 Conditiones

129 483 232 506 requisitae
241 483 266 501 ad

140 512 254 529 cognosceu-

135 530 179 548 dum
192 530 258 549 Deum.

131 1451 266 1498 Trisiloegxkatheo-

277 204 314 231 90

275 289 338 313 quae
357 281 396 306 est
415 281 558 312 perceptiva
576 280 713 304 veritatum
730 279 939 308 necessariarum3
954 278 1129 310 eoncupiscen-

276 324 313 349 tia
332 324 504 349 determinata
523 324 550 348 in
569 323 672 354 bonum,
692 323 743 346 sive
764 322 912 354 synderesis,
932 329 994 353 quae
1013 322 1052 347 est
1075 329 1128 353 per-

277 368 376 399 ceptira
395 368 485 392 summi
505 367 562 392 boni
580 367 606 390 in
625 365 740 391 omnibus
759 365 902 396 praedictis.

348 411 372 434 2.
393 410 454 435 Cum
473 417 531 441 ergo
550 409 666 434 volumus
691 415 837 440 cognoscere
863 408 943 433 Deum
968 408 993 433 et
1018 415 1063 440 per
1081 407 1128 432 has

277 453 416 484 potentias,
437 460 499 484 quas
518 452 611 476 natura
630 451 758 482 plantavit
776 451 802 475 in
820 451 900 480 nobis,
920 451 952 475 ad
971 451 1023 475 eius
1047 451 1128 482 cogni—

277 497 370 522 tionem
388 495 533 524 ascendere,
554 495 612 526 quia
630 495 655 519 in
675 494 726 519 Deo
745 502 795 519 non
814 494 852 519 est
871 495 954 525 passio
977 494 1128 525 qualitativa

277 547 321 564 nec
340 538 449 563 extensio
463 537 634 569 quantitativa
647 544 691 562 nec
705 537 840 566 successio,
854 544 916 568 quae
930 536 1062 561 collatione
1076 543 1128 567 per-

276 583 391 614 cipiaturv
412 589 456 606 nec
475 581 585 605 definitio
604 580 651 605 loci
676 580 715 604 vel
741 580 861 611 temporis
885 587 930 605 nec
955 579 1128 605 determinatio

276 626 327 650 sive
353 624 482 653 discretio,
508 631 607 648 necesse
626 623 678 652 est,
698 623 727 647 ut
746 622 911 647 abstrahatur
930 630 1018 647 sensus
1037 630 1052 647 a
1071 629 1129 653 pas-

277 669 344 693 sione
363 667 527 699 qualitativa,
548 666 702 697 imayiuatio
722 666 754 690 ab
776 666 917 691 extensione
943 665 1128 697 quantitative,

276 712 345 736 ratio
365 718 379 735 a
398 710 541 735 decursione
561 709 692 739 collativa,
713 709 856 734 intellectus
875 716 890 733 a
915 708 1058 734 definitione
1082 708 1129 733 for-

276 762 373 779 marum
393 753 576 785 spiritualium,
596 752 768 784 iutelligscntia
787 760 802 777 a
821 752 1027 777 determinatione
1039 751 1129 776 verita-

276 798 329 822 tum
355 797 565 825 necessariarum,
592 796 799 827 coucupiscentia
823 796 966 827 sapientiae
989 803 1004 820 a
1028 795 1129 826 proprio

276 848 366 866 tunore.
386 840 425 864 Ab
444 839 500 864 istis
519 839 603 864 autem
629 839 812 870 impedimentis
838 839 892 864 sola
917 838 1009 864 caritas
1037 838 1130 863 liberat

276 884 398 912 animam,
419 890 495 914 quae,
517 882 581 907 sicut
600 882 659 907 dicit
678 882 815 913 Apostolus
827 881 844 911 ¹,
865 883 902 907 est
921 881 949 906 de
969 882 1041 907 eorde
1060 889 1129 912 puro

276 928 300 951 et
319 927 473 951 couscientia
499 926 566 951 bona
589 927 613 950 et
637 925 686 955 fide
710 933 763 950 uon
787 925 857 955 fieta.
884 925 964 950 Fides
988 925 1053 950 enim
1078 932 1132 949 nou

276 970 338 1000 sicta
356 970 382 994 in
400 969 568 1001 cognoscendo
588 968 667 993 Deum
686 968 783 999 respuit
802 968 921 1000 quidquid
947 976 1049 998 sensus,
1072 969 1131 992 ima-

277 1013 373 1044 ginatio
392 1013 417 1037 et
436 1013 501 1037 ratio
522 1012 635 1043 percipit.
662 1012 693 1036 In
713 1012 752 1036 his
780 1011 870 1041 etiam,
896 1019 959 1043 quae
987 1011 1130 1036 intellectus

277 1057 396 1087 percipit,
416 1063 466 1081 non
485 1056 538 1080 stat
557 1056 605 1080 11131
624 1055 751 1080 referendo
770 1062 799 1079 ea
817 1055 843 1079 in
860 1054 940 1079 Deum
954 1054 1075 1085 tanquam
1088 1054 1132 1078 ha-

278 1099 362 1123 bentia
380 1098 514 1130 imaginem
534 1098 660 1122 Creator-is
679 1105 723 1128 per
742 1098 899 1125 memoriam,
924 1096 1081 1122 intellectum
1104 1096 1130 1121 et

278 1142 442 1167 voluntatem.
462 1142 536 1172 Ipsus
555 1142 708 1165 necessarias
729 1140 848 1165 veritates
867 1140 962 1165 excedit
980 1147 1025 1165 nec
1049 1140 1132 1164 utitur

277 1186 324 1214 eis,
338 1185 367 1209 ut
380 1185 411 1209 ad
430 1184 548 1209 inferiora
567 1184 647 1208 relata
667 1184 739 1212 sunt,
760 1184 802 1208 sed
821 1184 850 1208 ut
868 1191 919 1208 una
932 1184 1068 1208 rationein
1081 1183 1132 1208 Deo

278 1228 450 1253 illustrantur.
473 1227 636 1252 Conscientia
654 1235 712 1252 vero
733 1227 814 1258 baua,
835 1234 897 1258 quae
916 1227 1042 1252 concernit
1055 1227 1131 1252 scieu—

279 1272 343 1296 tiam
362 1272 387 1296 et
406 1271 549 1300 institituit,
571 1277 614 1301 per
633 1270 768 1295 scientiam
782 1277 866 1294 omnes
879 1270 942 1294 istas
956 1269 1082 1300 potentias
1096 1276 1132 1294 or-

279 1315 349 1339 dinat
368 1315 394 1339 in
414 1314 493 1338 Deum
514 1313 663 1338 retrahendo
683 1320 697 1337 a
716 1313 852 1343 creaturis,
867 1320 911 1344 per
926 1313 1052 1338 iustitiam
1066 1320 1132 1337 exer-

277 1357 316 1382 cet
336 1364 377 1382 eas
396 1356 561 1382 convertendo
581 1356 612 1380 ad
633 1356 783 1381 Creatorem.

349 1400 373 1424 3.
393 1400 523 1425 Sciendum
542 1399 640 1429 autem,
660 1399 724 1430 quod
744 1399 836 1430 triplex
856 1398 894 1424 est
913 1399 1038 1431 theologia
1051 1399 1082 1423 uti
1096 1406 1131 1423 co-

277 1444 445 1476 gnoscendum
466 1443 544 1468 Deum
564 1443 637 1474 (lata,
657 1442 796 1472 ‘rizauifrsta
817 1442 923 1472 scilicet,
945 1450 1007 1474 quae
1020 1442 1132 1474 loquitur

277 1488 306 1512 de
327 1488 377 1512 Deo
397 1487 531 1512 secundum
551 1487 668 1517 propria,
688 1487 746 1517 quia
763 1486 857 1515 bonus,
877 1486 973 1515 iustus,
994 1486 1094 1517 sapiens
1107 1485 1132 1509 et

277 1531 431 1560 huiusmodi,
451 1530 608 1561 symbolica,
629 1537 692 1561 quae
711 1529 823 1560 loquitur
842 1529 870 1553 de
890 1529 941 1554 Deo
961 1529 1028 1554 etde
1041 1529 1131 1553 divinis

278 1574 412 1599 secundum
432 1573 620 1598 similitudinem
641 1580 723 1597 rerum
737 1573 918 1604 corporalium,
932 1573 1055 1604 mystica,
1070 1579 1132 1603 quae

278 1617 390 1648 loquitur
409 1616 437 1641 de
457 1616 508 1641 Deo
528 1616 553 1640 et
571 1616 600 1640 de
620 1616 710 1640 divinis
730 1623 774 1646 per
787 1623 927 1644 excessum,
942 1615 1006 1640 unde
1019 1614 1133 1640 nominat

280 1660 359 1685 Deum
380 1660 518 1691 optimum,
539 1659 756 1690 superoptinzzmz,
777 1658 988 1689 superessentiale
1007 1658 1032 1683 et
1050 1658 1133 1682 huius-

280 1703 359 1732 modi,
379 1703 408 1727 ut
434 1702 592 1733 intelligatur
611 1702 751 1733 optimum,
780 1709 829 1726 non
858 1702 923 1726 sicut
950 1701 975 1726 id
1003 1701 1068 1732 quod
1096 1700 1134 1725 est

280 1747 401 1777 optimum
428 1746 569 1777 optimitate
595 1746 619 1769 in
646 1753 749 1776 genere,
777 1745 819 1769 sed
844 1745 915 1769 extra
933 1752 1026 1776 genus,
1046 1744 1071 1769 et
1090 1751 1133 1768 ens

280 1797 357 1820 supra
377 1796 447 1814 omne
467 1796 524 1817 ens,
544 1788 569 1813 et
588 1789 622 1813 sic
642 1788 670 1813 de
690 1788 786 1813 ceteris.
807 1788 941 1820 Theologia
960 1788 1073 1818 propria
1096 1787 1134 1812 est

279 1834 305 1857 in
325 1832 466 1857 doctoribus
486 1839 570 1856 sacrae
590 1832 733 1862 Scripturae
753 1832 778 1856 et
802 1832 828 1856 in
852 1831 974 1862 Epistolis
999 1831 1133 1862 Apostolo-

280 1883 335 1900 rum
355 1875 379 1900 et
399 1875 474 1900 datur
495 1875 629 1899 secundum
648 1874 815 1905 acceptionem
835 1874 978 1899 intellectus
996 1874 1021 1899 et
1040 1874 1134 1899 intelli-

279 1919 378 1951 gentiae
397 1918 527 1950 regulatae
546 1918 607 1947 fide,
627 1925 658 1942 ne
676 1917 749 1943 homo
763 1918 826 1948 plus
845 1918 945 1949 sapiat,
964 1925 1043 1949 quam
1061 1925 1133 1949 opor-

281 1961 342 1992 tet2,
363 1962 405 1986 sed
423 1962 606 1992 unusquisque,
633 1961 698 1985 sicut
722 1961 816 1992 accepit
844 1968 992 1986 mensuram
1010 1960 1077 1990 fidei.
1096 1975 1131 1978 —

282 2005 422 2035 Theoloqiu
441 2004 583 2035 symbolica
603 2004 641 2028 est
660 2004 685 2028 in
704 2004 769 2035 Lege
789 2003 814 2028 et
833 2003 967 2034 Prophetis
981 2003 1006 2028 et
1018 2003 1133 2034 Evange-

279 2048 320 2072 liis
340 2047 364 2071 et
383 2047 458 2071 datur
477 2047 611 2071 secundum
635 2047 822 2071 similitudinem
847 2054 932 2071 eorum
957 2054 1019 2077 quae
1043 2046 1133 2077 accipit

280 2098 368 2115 sensus
387 2091 412 2115 et
431 2090 591 2122 imaginatio,
612 2090 784 2114 transferendo
804 2089 944 2114 huiusmodi
963 2089 995 2114 ad
1011 2089 1095 2113 divina
1108 2089 1133 2113 et

280 2133 437 2165 spiritualia,
458 2133 487 2157 ut
505 2140 560 2158 cum
581 2133 648 2157 Deus
667 2133 757 2157 dicitur
776 2133 879 2164 propter
898 2132 1073 2157 aeternitatem
1087 2140 1131 2156 au-

282 2177 368 2207 tiquus
387 2175 515 2206 (Hei-unffi,
537 2176 582 2200 lim
600 2176 703 2207 propter
722 2176 868 2205 veritatem,
889 2175 926 2200 leo
945 2175 1049 2206 propter
1063 2175 1132 2206 pote-

280 2220 372 2244 statem
392 2220 416 2244 et
434 2219 583 2243 huiusmodi.
602 2233 638 2236 —
656 2219 774 2250 Mys-uoci
796 2218 922 2250 theoloyia
934 2219 960 2243 in
974 2219 1060 2250 paucis
1072 2219 1132 2244 locis

280 2263 305 2286 in
325 2262 454 2293 Scriptura
474 2261 566 2286 tradita
587 2262 633 2286 est.
654 2262 703 2286 Illa
722 2262 774 2290 est,
794 2262 823 2286 ‹le
843 2269 892 2292 qua
911 2261 970 2286 dicit
995 2262 1132 2293 Apostolus

281 2306 361 2336 prima
387 2305 418 2329 ad
442 2305 583 2330 Corinthios
595 2304 618 2328 ⁴:
639 2304 800 2336 Scfflicntiani
820 2305 950 2336 loquimur
969 2305 1034 2329 inter
1048 2305 1131 2336 perfe-

284 2496 339 2517 lincc
358 2494 513 2517 additamenta
532 2498 611 2523 postea
629 2495 652 2516 in
671 2495 751 2517 codice
768 2494 859 2517 (Iustino
876 2501 903 2517 aa
922 2495 952 2523 (n.
972 2495 1008 2522 43,
1026 2496 1081 2518 alias
1093 2496 1131 2523 20)

282 2530 303 2548 et
321 2526 435 2548 nonnullis
453 2527 501 2548 aliis
518 2527 580 2548 uuita
598 2528 619 2548 et
637 2527 659 2548 in
677 2527 801 2554 specialem
820 2529 941 2549 tractatum
959 2528 1057 2549 conflata
1080 2531 1133 2550 sunt

282 2564 335 2579 011111
354 2558 417 2580 titulo
435 2557 462 2580 cle
480 2557 578 2581 Pietatev
597 2558 697 2580 tlivisum
717 2558 737 2579 in
755 2564 794 2580 sex
811 2558 919 2585 capitula.
930 2570 961 2574 -—
973 2558 1065 2581 lllininie
1082 2565 1133 2586 pro-

282 2588 358 2611 habile
376 2593 421 2616 est,
439 2589 502 2618 quod
521 2589 570 2616 ipse
588 2590 610 2611 S.
628 2589 712 2612 Doctor
729 2590 784 2611 11000
808 2592 915 2617 excerpta
939 2590 1016 2612 fecerit
1035 2593 1058 2612 et
1080 2590 1133 2612 huic

281 2626 324 2642 suo
341 2621 453 2648 opusculo
471 2620 605 2648 inseruerit,
622 2624 644 2643 et
661 2621 733 2643 multo
751 2620 841 2647 minus,
858 2621 922 2649 quod
935 2621 999 2643 illum
1011 2624 1132 2643 tractatum

281 2652 311 2673 (10
329 2651 412 2674 Pietate
431 2651 590 2679 publicaverit.
608 2652 695 2674 Tamen
713 2658 798 2679 operae
815 2653 916 2680 pretium
928 2652 1005 2675 visum
1018 2656 1063 2680 est,
1076 2654 1133 2675 haec

282 2683 437 2705 additamenta
455 2686 506 2711 post
524 2684 662 2711 opusculum
680 2684 806 2711 genuinum
825 2683 955 2706 minoribus
972 2684 1033 2712 typis
1050 2690 1132 2706 excusa

281 2714 388 2736 adiicere.
407 2715 471 2736 Plura
490 2715 519 2737 de.
537 2715 570 2737 ΙΙΙ.
587 2717 608 2737 et
626 2715 661 2736 lv.
679 2715 836 2737 additamento
854 2715 909 2737 ride
925 2721 995 2743 supra
1014 2715 1036 2737 in
1056 2716 1132 2738 Prole-

282 2746 389 2773 «ξι-0111101115
406 2752 426 2768 c.
445 2746 465 2768 11.
484 2746 535 2774 511.

345 2777 387 2799 Pro
406 2777 556 2799 fundamento
574 2777 695 2805 posuimus
708 2780 793 2799 textum
812 2777 898 2800 codicis
917 2778 1036 2800 Tudertini
1049 2778 1079 2805 T,
1091 2777 1133 2800 secl

282 2808 350 2830 valde
367 2808 515 2830 emendatum
534 2808 668 2831 melioribus
691 2808 840 2835 lectionibus,
862 2815 921 2837 quas
943 2809 1056 2837 praebent
1077 2809 1132 2831 alter

282 2839 334 2862 cod.
352 2839 492 2862 Tudertinus
511 2840 537 2868 S,
554 2840 601 2862 duo
619 2839 687 2862 codd.
706 2840 833 2868 l’rugenses
855 2841 909 2862 satis
926 2841 1022 2863 correcti
1043 2839 1088 2867 bb,
1106 2846 1132 2862 00

282 2873 305 2893 et
322 2871 357 2892 ille
374 2870 478 2893 Cusanus
495 2870 551 2893 liber
569 2871 599 2893 de
616 2872 707 2893 Pietate.
724 2871 845 2893 Brevitatis
857 2877 926 2894 causa
938 2878 949 2894 a
963 2872 1089 2894 reserendis
1100 2874 1132 2893 tot

284 2901 420 2924 lectionibus
437 2902 581 2924 variantibus
597 2905 619 2924 ot
636 2902 819 2925 correctionibus
836 2909 849 2924 0
867 2902 934 2925 nobis
947 2904 1011 2926 sactis
1022 2902 1133 2925 abstinui-

282 2939 347 2960 mus,
365 2934 465 2961 exceptis
484 2933 562 2961 paucis
579 2934 642 2956 locis.

345 2964 402 2986 Corl.
419 2964 524 2987 Cusanus
540 2971 566 2987 00
579 2964 659 2987 nubet:
673 2965 753 2993 lncipit
765 2965 821 2987 liber
841 2965 933 2987 Domini
954 2965 1014 2988 bone
1036 2967 1132 2988 venture

281 2996 311 3017 de
329 2996 418 3024 pietate.
440 2995 571 3024 Capitulum
595 2996 705 3024 primum.
727 2997 762 3019 Ad
785 2997 974 3024 cognoscendum
998 2997 1072 3019 Deum
1094 3002 1132 3019 sex

882 200 1080 229 OPUSCULUM
1102 200 1119 228 1.
1142 200 1185 229 DE
1207 201 1345 230 TRIPLICI
1366 202 1429 230 VIA.

1185 281 1238 304 etos
1257 280 1286 304 iu
1304 280 1425 311 mysterio
1445 280 1628 306 absconditam.
1648 281 1720 305 Hanc
1745 280 1849 305 tradidit
1874 281 1969 306 Paulus
1994 282 2035 307 Ti-

1184 322 1283 348 motheo
1302 323 1327 347 et
1346 323 1477 355 Dionysio,
1496 323 1521 348 et
1539 324 1592 355 ipse
1612 324 1746 355 Dionysius
1764 324 1849 354 nobis,
1869 324 1894 349 et
1912 324 1973 350 haec
1991 325 2035 350 da-

1185 365 1228 390 tur
1246 366 1380 391 secundum
1404 366 1571 398 acceptionem
1596 367 1822 398 concupiscentiae,
1848 375 1910 399 quae
1935 368 1964 393 de
1984 368 2035 394 Deo

1185 408 1263 433 sentit
1282 416 1379 434 summa
1398 417 1442 441 per
1461 417 1569 435 amorem
1588 411 1748 435 excessivum.

1255 451 1281 475 4.
1300 451 1337 476 Ex
1356 452 1489 483 praedictis
1509 452 1593 483 patet,
1614 453 1678 484 quod
1703 460 1745 477 sex
1769 453 1864 484 gradus
1888 454 2035 479 ascendendi

2057 457 2116 484 Reduc
2121 463 2133 480 u

2047 480 2067 498 ln
2085 486 2114 500 sex
2123 490 2133 503 n

1185 494 1295 526 plantati
1315 494 1376 519 sunt
1392 495 1419 519 in
1436 495 1508 520 nobis
1531 502 1546 519 a
1564 495 1670 524 natura,
1696 496 1738 520 sed
1764 497 1871 527 possunt
1896 497 1979 522 reduci
2004 497 2035 522 ad
2048 504 2082 522 dus
2095 506 2133 527 ade,

1185 537 1252 566 tres,
1272 544 1377 568 quorum
1394 538 1490 568 primus
1510 537 1549 562 est
1567 538 1593 562 in
1611 538 1686 562 rebus
1705 539 1887 570 exterioribus,
1907 547 1969 571 quas
1983 547 2035 571 per-

1185 580 1247 611 cipit
1266 588 1354 605 sensus
1372 581 1398 605 et
1416 576 1577 612 imaginatio,
1596 582 1718 606 secundus
1737 582 1763 606 in
1777 582 1958 614 interioribus,
1972 590 2035 614 quas

1185 623 1293 655 percipit
1311 624 1376 649 ratio
1395 624 1420 648 et
1438 624 1595 655 intellectus,
1615 625 1706 649 tertius
1724 625 1750 649 in
1768 626 1960 657 superioribus,
1973 633 2036 658 quas

1186 666 1292 697 percipit
1316 666 1485 697 intelligentia
1509 666 1534 691 et
1559 667 1758 698 concupiscentia
1784 668 1935 699 sapientiae;
1954 668 1980 693 et
1998 668 2037 693 est

1186 710 1282 740 primus
1301 709 1395 741 gradus
1415 710 1487 741 quasi
1506 717 1550 741 per
1569 711 1717 742 vestimani,
1737 711 1859 736 secundus
1884 718 1928 742 per
1947 711 2037 743 imagyi-

1185 759 1257 783 uem,
1277 752 1368 777 tertius
1387 759 1432 783 per
1448 752 1647 778 similitudinem
1660 753 1686 778 in
1699 753 1787 779 Deum.
1800 753 1848 778 Per
1861 754 1969 785 primum
1981 761 2037 786 gra-

1186 795 1258 825 dum,
1279 795 1322 826 qui
1340 795 1379 820 est
1396 795 1512 826 respectu
1537 795 1691 820 sensibilium
1716 796 1813 825 rer‘um,
1839 796 1934 822 duobus
1959 797 2038 822 modis

1186 839 1329 863 ascenditur
1341 839 1367 863 in
1380 838 1545 870 cognitionem
1557 839 1603 864 Dei
1615 838 1645 863 ut
1653 846 1702 870 per
1711 839 1843 870 speculum
1855 839 1880 864 et
1889 840 1919 864 viu
1927 840 2037 871 speculo.

1186 881 1262 905 Venit
1281 881 1346 906 0111111
1364 881 1390 905 111
1409 881 1574 912 cognitionem
1593 881 1639 906 Dei
1658 889 1701 913 per
1714 889 1754 906 res
1767 882 1896 907 sensibiles
1909 883 2038 914 (1110511101-

1187 924 1329 955 speculum,
1349 924 1499 955 speculando
1519 931 1562 955 per
1581 925 1650 955 ipsas
1668 925 1862 950 immensitatem
1881 925 1978 950 divinae
1992 933 2038 957 po-

1188 968 1294 998 tentiae,
1319 967 1514 992 immensitatem
1539 967 1637 992 divinae
1661 968 1820 999 sapientiae,
1844 968 2039 993 immensitatem

1187 1010 1285 1035 divinae
1305 1010 1438 1035 bonitatis.
1457 1010 1510 1035 Hoc
1529 1011 1613 1035 autem
1632 1010 1692 1035 facit
1711 1011 1736 1036 in
1756 1011 1830 1036 rebus
1848 1012 1910 1042 ipsis
1929 1012 2040 1037 conside-

1188 1053 1265 1078 rando
1285 1053 1412 1085 oriyinem
1430 1053 1553 1085 quantum
1572 1054 1603 1078 ad
1628 1054 1829 1085 productionem,
1855 1055 2039 1080 distinctionem

1188 1097 1213 1121 et
1232 1096 1362 1125 ornatum,
1381 1097 1588 1127 magnitudinem
1606 1097 1729 1128 quantum
1748 1097 1779 1122 ad
1797 1097 1971 1127 latitudinem,
1988 1098 2040 1123 lon—

1188 1139 1327 1170 gitudinem
1346 1139 1371 1163 et
1390 1139 1563 1169 altitudinem;
1583 1140 1775 1165 multitudinem
1800 1140 1923 1172 quantum
1947 1141 1979 1165 ad
1997 1148 2041 1173 ge—

1188 1190 1261 1211 nera,
1282 1183 1375 1213 species
1394 1182 1419 1206 et
1438 1182 1579 1212 individua3
1594 1183 1801 1214 pulcritudinem
1819 1184 1956 1214 luminum,
1976 1185 2041 1210 colo-

1188 1233 1245 1250 rum
1263 1225 1289 1249 et
1307 1225 1459 1256 effigierum3
1476 1225 1679 1257 plenitudinem,
1698 1234 1761 1258 quae
1780 1226 1819 1252 est
1840 1227 1939 1257 localis,
1965 1228 2041 1253 mate-

1188 1268 1258 1293 rialis
1277 1268 1303 1293 et
1321 1268 1447 1298 formalis;
1467 1269 1653 1300 operationem,
1674 1277 1737 1301 quae
1756 1270 1795 1294 est
1817 1270 1954 1301 naturalis,
1977 1271 2040 1296 artis

1189 1312 1240 1336 sive
1259 1312 1391 1336 rationalis
1409 1312 1435 1336 et
1453 1312 1568 1342 moralis-3
1589 1313 1705 1338 ordinem
1725 1313 1815 1344 prioris
1833 1313 1865 1338 ad
1888 1314 2040 1345 posteriora,

1189 1355 1325 1386 superioris
1344 1355 1376 1379 ad
1394 1355 1526 1385 inferiora,
1546 1355 1571 1380 et
1590 1356 1747 1387 singulorum
1766 1356 1797 1381 ad
1816 1356 1891 1381 finem
1915 1357 2041 1382 ultimum.

1189 1398 1237 1423 Per
1256 1398 1307 1423 ista
1325 1399 1408 1423 omnia
1427 1399 1452 1423 et
1470 1399 1571 1430 singula
1590 1400 1662 1430 quasi
1681 1407 1725 1430 per
1745 1400 1872 1431 speculum
1891 1400 1930 1425 est
1955 1401 2038 1425 venire

1188 1442 1215 1466 in
1241 1442 1407 1473 cognitionem
1435 1442 1532 1466 divinae
1556 1442 1703 1473 potentiae,
1723 1450 1785 1473 quae
1813 1443 1896 1474 potuit
1915 1443 1944 1468 de
1963 1443 2041 1469 nihilo

1190 1485 1272 1510 omnia
1291 1485 1438 1516 producere,
1458 1492 1550 1516 magna
1563 1486 1587 1510 et
1600 1485 1713 1510 virtuosa
1726 1486 1818 1516 facere3
1832 1486 1930 1511 divinae
1942 1487 2042 1518 sapien-

1190 1529 1253 1559 tiae,
1274 1535 1336 1559 quae
1355 1528 1429 1553 scivit
1447 1528 1477 1552 de
1495 1528 1573 1553 nihilo
1593 1529 1727 1560 producere
1746 1529 1826 1554 muita
1850 1530 1937 1560 pulcra
1961 1530 1987 1555 et
2005 1538 2042 1556 or-

1190 1571 1290 1601 dinata;
1310 1571 1407 1595 divinae
1427 1571 1564 1602 bonitatis,
1584 1579 1647 1602 quae
1667 1571 1746 1596 voluit
1766 1572 1795 1596 de
1813 1572 1891 1597 nihilo
1905 1573 1979 1603 plena
1991 1574 2043 1598 vir-

1190 1614 1288 1639 tutibus
1308 1614 1401 1643 facere,
1421 1614 1460 1639 cui
1479 1614 1518 1639 est
1537 1614 1616 1640 honor
1634 1614 1659 1639 ct
1677 1615 1758 1645 gloria
1778 1615 1803 1640 111
1823 1616 1921 1640 saecula
1935 1616 2042 1642 saeculo—

1190 1665 1254 1682 rum.
1274 1657 1362 1682 Amen.

1262 1701 1286 1724 5.
1305 1700 1435 1725 Sciendum
1446 1699 1463 1730 ⁵,
1485 1700 1550 1732 quod
1569 1701 1705 1732 speculatio
1725 1709 1808 1726 rerum
1828 1702 1995 1732 sensibilium,
2013 1701 2042 1727 ut

1190 1743 1312 1768 veraciter
1331 1743 1407 1768 ducat
1424 1744 1451 1768 in
1469 1743 1563 1773 Deum,
1583 1744 1638 1769 fieri
1656 1744 1728 1769 debet
1741 1744 1766 1769 et
1779 1744 1879 1769 fundari
1892 1745 2041 1777 inpietate,

1191 1788 1244 1811 sine
1263 1794 1312 1818 qua
1331 1786 1468 1818 speculatio
1491 1786 1631 1812 huiusmodi
1657 1787 1813 1812 intellectum
1838 1788 1922 1819 potest
1946 1789 2042 1814 elevare

1190 1831 1217 1855 in
1236 1830 1329 1860 Deum,
1350 1830 1460 1855 sednon
1483 1837 1580 1855 movere
1606 1830 1734 1860 affectum.
1760 1831 1828 1856 Haec
1852 1832 1936 1856 autem
1962 1832 2042 1863 pietas

1190 1873 1229 1898 est
1247 1880 1336 1898 seusus
1356 1873 1472 1904 originiS,
1494 1873 1578 1898 cultus
1597 1874 1714 1905 originis,
1734 1874 1817 1899 liouor
1837 1875 1953 1906 originis,
1968 1882 2042 1900 amor

1191 1917 1303 1948 originis.
1322 1931 1357 1933 —
1377 1915 1472 1941 Sensus
1492 1916 1616 1948 crimnis,
1633 1917 1747 1948 inquam,
1762 1917 1964 1949 priucipiaritis,
1984 1925 2041 1943 enu—

1192 1959 1307 1990 trientis,
1327 1958 1554 1983 comlescendentis.
1568 1958 1665 1989 Pietas,
1679 1959 1745 1989 dico,
1766 1959 1804 1984 est
1823 1967 1910 1984 sensus
1930 1960 2040 1992 oriqiuis

1185 2002 1374 2033 principicmtts
1393 2009 1445 2026 rem
1463 2002 1489 2026 in
1511 2009 1577 2033 esse,
1597 2002 1622 2026 et
1640 2002 1774 2027 secundum
1793 2002 1839 2028 hoc
1857 2003 1939 2034 pietas
1958 2003 1996 2028 est
2014 2004 2040 2028 in

1190 2044 1302 2075 qualibet
1320 2052 1346 2069 re
1365 2044 1457 2069 creata.
1478 2044 1608 2073 Quaelibet
1626 2045 1690 2069 enim
1710 2053 1750 2070 res
1769 2046 1853 2070 creata
1871 2045 1949 2070 habet
1973 2046 2041 2071 incli—

1190 2088 1316 2113 nationem
1335 2087 1361 2112 et
1379 2088 1493 2113 movetur
1512 2088 1543 2112 ad
1562 2096 1634 2113 suum
1654 2089 1804 2120 principium
1823 2089 1848 2114 et
1872 2089 1904 2114 ad
1927 2097 1955 2114 ea
1979 2097 2042 2121 quae

1190 2131 1251 2155 sunt
1269 2138 1284 2155 a
1303 2138 1347 2156 suo
1366 2131 1501 2162 principio,
1521 2131 1550 2155 ut
1569 2130 1648 2162 patet.
1662 2131 1728 2156 Nam
1742 2132 1807 2163 lapis
1820 2132 1901 2157 tendit
1914 2133 2041 2162 deorsum,

1190 2174 1216 2199 et
1233 2175 1300 2205 ignis
1319 2181 1432 2204 sursum,
1453 2175 1510 2205 quia
1529 2175 1650 2206 originale
1669 2175 1819 2206 principium
1838 2175 1930 2206 lapidis
1953 2176 1992 2201 est
2016 2177 2042 2201 in

1190 2217 1275 2242 centro
1294 2218 1390 2247 terrae,
1410 2217 1435 2242 et
1453 2218 1519 2249 ignis
1537 2218 1563 2242 in
1582 2218 1789 2243 circumferentia.
1808 2218 1927 2244 Similiter
1948 2219 2042 2244 ferrum

1191 2261 1215 2285 et
1234 2261 1336 2285 adamas
1356 2261 1451 2285 habent
1468 2269 1546 2285 unum
1565 2262 1714 2292 principium
1728 2261 1881 2291 effectivum,
1896 2262 1989 2287 scilicet
2002 2270 2042 2294 po-

1189 2305 1242 2330 lum
1261 2305 1394 2334 arcticum,
1414 2305 1439 2330 et
1457 2305 1514 2336 quia
1534 2305 1602 2329 illius
1621 2305 1736 2336 principii
1756 2305 1861 2331 nobilior
1884 2305 1991 2331 efficacia
2015 2306 2042 2331 in

1191 2496 1279 2524 gradus
1296 2495 1389 2523 plantati
1406 2498 1459 2518 sunt
1476 2495 1499 2517 in
1517 2494 1584 2517 nobis
1599 2501 1611 2516 a
1631 2497 1725 2522 natura,
1743 2495 1782 2523 qui
1800 2495 1880 2517 reduci
1898 2498 1994 2523 possunt
2010 2496 2041 2518 ad

1191 2531 1237 2550 tres
1254 2527 1349 2555 gradus.
1365 2539 1397 2543 —
1415 2527 1478 2555 Quae
1495 2529 1625 2555 sequuntur
1641 2526 1685 2548 sub
1703 2532 1725 2548 n.
1748 2526 1791 2548 1-4.
1811 2529 1917 2554 excerpta
1940 2530 1993 2549 sunt
2014 2533 2041 2549 ex

1190 2559 1273 2581 linter.
1289 2557 1374 2581 mentis
1392 2557 1415 2580 in
1433 2558 1521 2585 Deum,
1540 2564 1559 2580 c.
1580 2558 1600 2579 l.
1617 2564 1639 2579 n.
1657 2559 1684 2586 6,
1701 2557 1727 2585 7,
1746 2559 1772 2584 2,
1790 2558 1816 2586 3,
1835 2557 1849 2579 4
1865 2561 1888 2580 et
1904 2557 1931 2584 5,
1949 2561 1971 2580 et
1988 2558 2040 2581 hinc

1192 2590 1245 2613 inde
1263 2595 1345 2617 parum
1362 2592 1384 2611 et
1400 2595 1447 2611 non
1465 2589 1558 2611 feliciter
1574 2591 1672 2617 mutata,
1691 2589 1847 2617 nonnullaque
1864 2589 1951 2612 addita.

1254 2620 1261 2633 ¹
1280 2621 1349 2648 Epist.
1368 2621 1382 2642 l.
1400 2620 1460 2642 Tim.
1479 2621 1487 2642 1l
1499 2638 1504 2648 ,
1522 2621 1544 2643 5.

1254 2652 1262 2665 2
1281 2652 1410 2680 Respicitur
1427 2652 1495 2674 Rom.
1513 2652 1555 2678 112,
1573 2651 1594 2673 3.

1253 2683 1262 2696 ³
1280 2684 1310 2706 Ex
1328 2683 1381 2705 cod.
1398 2689 1424 2705 00
1441 2683 1602 2711 supplevimus
1617 2682 1732 2712 antiquus
1754 2682 1848 2705 dierum
1865 2683 1932 2711 (Dan.
1949 2682 1977 2710 7,
1995 2683 2040 2712 9.),

1190 2721 1233 2743 pro
1252 2721 1299 2744 quo
1319 2715 1382 2737 solus
1399 2715 1414 2737 S
1431 2714 1501 2737 turbet
1517 2720 1594 2737 mons.
1610 2714 1644 2736 De
1661 2714 1713 2737 luce
1730 2715 1744 2736 l.
1762 2715 1822 2737 loau.
1842 2715 1866 2743 i,
1884 2715 1910 2741 ὅς
1928 2714 1957 2737 de
1975 2713 2041 2737 leone

1190 2748 1261 2775 Apoc.
1280 2747 1306 2773 5,
1324 2746 1346 2768 5.
1873 2744 1883 2758 4
1900 2745 1954 2773 Cap.
1972 2747 1999 2773 2,
2016 2746 2040 2767 6.

1253 2776 1263 2790 ⁵
1279 2776 1337 2800 Cod.
1353 2783 1380 2799 00
1398 2777 1535 2805 praemittit:
1554 2776 1691 2806 Capitulum
1707 2776 1845 2800 secundum.
1864 2776 1972 2805 Qualiter
1989 2783 2041 2806 spe-

1190 2808 1278 2832 culatio
1295 2815 1379 2831 rerum
1396 2808 1543 2831 sensibilium
1559 2807 1678 2837 fundatur
1695 2808 1719 2831 z'u
1734 2808 1832 2837 pietate,
1845 2809 1868 2831 et
1878 2807 1935 2837 quid
1946 2809 1980 2831 esi
1988 2807 2040 2837 pie-

1190 2842 1235 2863 las.
1251 2852 1282 2856 —-
1299 2840 1359 2862 llaec
1376 2840 1528 2863 additamenti
1545 2846 1611 2867 pars,
1628 2846 1688 2868 quae
1700 2846 1741 2868 per
1754 2839 1849 2862 modum
1862 2839 1980 2862 sermonis
1992 2839 2039 2867 agit

1190 2872 1219 2894 (le
1237 2872 1334 2899 pietate,
1351 2872 1479 2894 secundum
1497 2871 1621 2893 sententias
1638 2871 1776 2899 principales
1793 2873 1867 2893 511111ῑο
1884 2873 1919 2893 est
1935 2871 1964 2893 de
1981 2877 2039 2898 opu-

1189 2903 1253 2925 sculo
1276 2903 1450 2925 Bonaventurae
1473 2902 1614 2925 Collationes
1631 2902 1659 2925 de
1675 2902 1749 2925 Bonis
1766 2901 1872 2931 Spiritus
1888 2901 1925 2929 S„
1943 2902 1994 2924 coll.
2012 2902 2035 2924 3,

1190 2934 1219 2956 (10
1236 2934 1319 2962 pietate
1336 2940 1359 2956 n.
1377 2934 1399 2956 ὃ.
1416 2937 1438 2956 et
1455 2940 1533 2962 seqq.;
1550 2934 1591 2956 sed
1609 2933 1677 2955 valde
1694 2937 1759 2955 aucta
1775 2936 1809 2955 est
1820 2933 1939 2955 sententiis
1949 2939 1977 2955 ex
1989 2933 2038 2955 aliis

1189 2965 1295 2987 eiusdem
1313 2965 1424 2993 operibus
1440 2965 1635 2994 sermonibusque
1652 2964 1810 2994 depromptis,
1826 2965 1863 2986 vel
1880 2964 1980 2992 propriis
1998 2970 2038 2986 au-

1190 2996 1267 3019 cteris.

2080 1709 2122 1732 Spe(
2132 1712 2133 1726 l

2059 1732 2122 1759 fundet

2059 1757 2122 1779 pietate

2069 1966 2124 1985 Plata-
2130 1976 2131 1980 ¹

2056 1994 2119 2008 seusus
2131 2001 2132 2009 l

2068 2013 2103 2036 nis,
2112 2019 2122 2037 11

2065 2037 2121 2060 princi

2105 2060 2125 2079 ti:
