2133 3317
19 527 83 554 primo.

0 2139 72 2158 mvii»

1 2167 72 2182 meo-

0 2185 64 2205 inodo

0 2208 70 2230 udum.

561 211 757 240 OPUSCULUM
776 211 818 239 Xl.
840 211 1001 240 APOLOGIA
1021 212 1203 242 PAUPERUM.
1224 213 1292 242 CAP.
1314 213 1366 242 ΧΠ.

99 292 141 319 est
159 289 245 326 ipsius
266 289 365 318 modus
385 289 443 318 sive
464 288 612 322 medietas,
633 288 707 325 quod
735 288 774 317 sic
801 288 941 326 relinquat

99 335 265 369 dominium,
296 335 370 372 quod
401 343 455 363 non
489 334 593 363 rejiciat
623 342 725 368 usum;
757 334 796 363 sic
827 335 941 372 recipiat

98 389 196 416 usum,
217 381 291 418 quod
311 389 365 410 non
386 384 509 410 reservet
529 381 702 415 dominium;
730 381 769 410 sic
796 381 940 410 arctitudi-

99 436 160 457 nem
180 435 248 457 usus
269 430 375 462 servet,
397 427 471 464 quod
492 427 719 457 sustentationem
747 431 864 457 naturae
892 436 939 456 ne—

98 474 241 504 cessariam
263 482 317 503 non
338 474 454 509 devitet;
470 475 508 503 sic
522 474 677 503 necessitati
692 474 850 508 subveniat,
865 474 939 511 quod

97 521 131 550 ab
151 520 316 550 arctitudine
337 529 392 549 non
414 521 523 550 recedat
536 522 554 549 ¹.
578 538 613 541 —
635 521 721 558 Igitur
742 524 857 558 propter
871 521 938 549 uni-

97 567 234 596 versalem
256 566 467 596 abdicationem
486 567 677 604 possessionis
692 570 719 596 et
733 567 938 604 depositionem

96 612 215 652 affectus
235 613 344 641 terreni
363 613 391 641 in
412 620 530 649 persona
550 613 709 642 huiusmodi
728 613 859 650 pauperis
872 613 938 642 dicit

97 667 194 697 sponsa
220 659 248 688 in
269 659 425 688 Canticis2:
448 659 619 696 Eoespoliavi
648 669 693 688 me
724 660 824 688 tunica
854 668 937 694 mea,

96 706 235 745 quomodo
256 706 368 734 induar
389 706 462 734 illa?
484 706 558 735 Lavi
574 706 660 743 pedes
680 715 774 740 meae,
795 707 937 744 quomodo

95 752 252 791 inquinabo
273 752 357 780 illos?
378 752 427 781 Ubi
449 752 558 781 Glossa:
585 764 599 778 «ι
614 753 730 789 Recepta
754 753 937 782 sollicitudine

95 799 285 836 temporalium
308 799 511 833 subsidiorum,
533 799 738 836 quantumlibet
753 800 874 828 eximius
888 800 936 828 do-

95 849 153 876 ctor
172 845 282 874 difficile
313 846 381 874 vitat
411 848 553 882 peccatum
570 858 596 874 ι».
630 846 660 874 Et
691 846 724 875 de
755 846 937 875 abdicatione

93 892 249 922 huiusmodi
265 892 446 928 Hieronymus
460 892 494 921 ad
509 892 653 921 Lucinium
664 893 688 920 ³:
709 904 723 918 «
734 893 767 921 Se
778 893 869 929 ipsum
880 893 936 921 Deo

93 939 192 968 offerre
211 938 433 967 Christianorum
456 941 482 967 et
503 939 696 975 Apostolorum
719 941 775 973 est,
804 939 852 976 qui
880 939 935 968 duo

93 993 155 1015 cum
177 985 259 1013 vidua
280 985 451 1021 paupertatis
471 992 538 1013 suae
562 985 589 1013 in
617 985 843 1022 gazophylacium
871 993 935 1014 aera

92 1032 245 1066 mittentes,
267 1034 355 1060 totum
377 1038 505 1065 censum,
528 1039 610 1068 quem
634 1031 804 1065 habuerant,
819 1032 935 1060 Domino

93 1077 264 1107 tradiderunt
286 1080 313 1106 et
333 1081 477 1106 merentur
498 1077 609 1106 audire:
633 1077 770 1106 Sedebitis
790 1087 879 1115 super
893 1087 935 1107 se—

92 1126 140 1154 des
160 1124 310 1153 duodecim
320 1147 328 1157 ‚
350 1124 513 1153 iudicantes
527 1124 679 1153 duodecim
694 1124 788 1153 tribus
803 1125 897 1154 Israel
907 1137 933 1153 1».

0 1178 76 1201 mido.
93 1188 128 1193 -
150 1171 264 1208 Propter
285 1171 492 1199 arctitudinem
514 1179 580 1200 vero
600 1172 820 1200 sustentationis
841 1181 934 1210 quan-

92 1221 153 1247 tum
173 1218 213 1247 ad
233 1226 322 1246 usum
343 1217 370 1246 in
391 1225 509 1254 persona
530 1217 690 1246 huiusmodi
715 1226 871 1255 pauperum
893 1218 934 1247 di-

91 1264 127 1294 cit
147 1264 291 1301 Apostolus
311 1264 344 1292 ad
366 1264 542 1293 Timotheum
554 1265 580 1292 4:
600 1263 742 1293 Habentes
757 1264 895 1293 alimenta
910 1267 934 1293 et

90 1310 195 1349 quibus
215 1314 360 1348 tegamur,
382 1310 428 1339 liis
448 1311 573 1339 contenti
591 1311 694 1339 simus.
718 1311 874 1345 Habente&
893 1311 933 1340 di-

90 1357 141 1391 cit,
163 1365 217 1386 non
241 1360 377 1394 quantum
409 1358 442 1386 ad
471 1358 679 1395 proprietatem
712 1358 837 1386 dominii
843 1381 852 1392 ,
886 1358 933 1387 sed

89 1407 222 1442 quantum
244 1404 278 1432 ad
299 1403 469 1441 facultatem
492 1404 607 1439 utendi,
630 1413 679 1441 per
708 1412 790 1441 quem
820 1405 933 1433 modum

89 1450 191 1480 habere
210 1450 329 1479 dicimur
349 1459 445 1485 omne,
466 1459 523 1488 quo
543 1451 659 1485 utimur,
681 1451 730 1480 etsi
753 1459 806 1480 11011
829 1451 864 1480 511
884 1459 933 1480 110-

88 1497 130 1526 his
149 1497 295 1534 proprium
305 1519 312 1531 ,
334 1497 381 1526 sed
395 1497 481 1534 gratis
495 1497 605 1526 aliunde
621 1498 759 1526 collatum.
776 1498 852 1526 Hunc
868 1506 934 1535 pau-

88 1543 202 1580 pertatis
221 1543 336 1572 modum
358 1546 488 1580 tanquam
510 1543 631 1572 medium
650 1543 806 1573 virtuosum
822 1544 933 1572 media-

88 1593 132 1618 tor
144 1589 196 1618 Dei
209 1593 234 1618 et
248 1588 399 1618 hominum
414 1590 520 1628 Deique
534 1590 630 1618 virtus
644 1594 669 1618 et
682 1590 839 1627 sapientia,
853 1589 933 1619 Cltri-

87 1639 149 1665 stus
171 1636 274 1665 Iesus⁵
296 1636 323 1664 in
345 1644 374 1665 se
395 1637 455 1673 ipso
476 1637 654 1671 monstravit,
681 1648 694 1662 <t
710 1637 775 1674 qui,
797 1637 868 1666 sicut
889 1638 930 1666 di-

87 1683 123 1712 cit
143 1683 326 1720 Hieronymus
346 1683 380 1712 ad
401 1683 597 1720 Nepotianum,
620 1684 708 1713 alieno
727 1684 788 1713 cibo
804 1684 931 1713 vesceba-

86 1732 132 1758 tur
145 1741 171 1757 n.
194 1730 270 1758 Hunc
291 1732 318 1758 et
339 1730 440 1758 Paulus
467 1730 612 1766 Apostolus
640 1733 668 1759 et
695 1730 815 1759 imitator
843 1731 931 1768 ipsius

86 1777 252 1814 praecipuus
283 1779 395 1805 secutus
426 1780 483 1810 est,
513 1776 540 1805 in
572 1777 652 1805 cuius
684 1777 842 1806 Laudibus⁶
863 1778 929 1806 dicit

23 1839 37 1850 -,
86 1823 312 1860 Chrysostomus,
334 1823 408 1860 quod
434 1823 531 1851 «nihil
560 1823 678 1852 habebat
705 1823 757 1852 nisi
785 1831 927 1861 corpus».

87 1869 137 1898 Sed
157 1869 239 1899 etiam
261 1870 288 1898 in
310 1870 361 1898 hoc
382 1870 542 1907 exemplum
564 1878 592 1899 se
613 1870 673 1899 aliis
694 1870 836 1907 praebuit,
865 1879 928 1899 cum

85 1916 136 1945 ait:
158 1916 322 1944 Imitatores
342 1916 400 1944 mei
419 1919 518 1951 estote,
539 1917 615 1945 sicut
636 1920 662 1945 et
682 1925 732 1953 eqo
756 1916 874 1945 Christi.
891 1934 928 1937 —

85 1962 171 2000 Igitur
191 1963 267 1992 hunc
287 1962 395 1992 vivendi
417 1963 530 1992 modum
552 1966 683 2000 tanquam
705 1971 720 1992 a
748 1963 841 1992 medio
869 1964 929 1992 vir-

86 2009 156 2038 tutis
176 2009 348 2038 recedentem
370 2017 487 2046 arguere
509 2010 578 2038 nihil
599 2009 673 2038 aliud
694 2012 735 2038 est
763 2018 845 2047 quam
874 2011 928 2038 Ma-

85 2055 202 2092 gistrum
223 2055 347 2084 veritatis
368 2058 451 2092 atque
479 2055 590 2084 virtutis
617 2055 651 2084 de
682 2063 799 2085 excessu
831 2056 929 2084 vitioso

85 2102 129 2131 cul
149 2110 205 2131 are.

130 2110 148 2139 p
162 2149 207 2178 21.
230 2148 344 2185 Propter
365 2148 439 2186 quod
459 2149 605 2186 diligenter
632 2152 741 2186 oportet
768 2149 927 2184 advertere,

85 2195 158 2232 quod
179 2195 250 2224 sicut
270 2195 323 2224 alio
343 2198 371 2224 et
391 2196 444 2224 alio
465 2195 545 2225 modo
566 2199 676 2225 tenetur
697 2196 818 2225 medium
839 2204 855 2225 a
873 2196 929 2225 vir-

147 2398 154 2411 ²
172 2398 216 2421 Ct'r.
235 2399 333 2427 Bonav.,
349 2399 381 2421 ΠΙ.
400 2399 462 2421 Sent.
479 2399 503 2422 d.
520 2399 557 2421 34.
574 2406 597 2428 p.
615 2401 630 2422 l.
646 2406 667 2423 a.
686 2401 705 2422 1.
724 2407 746 2429 q.
765 2401 785 2422 3.
803 2400 832 2423 ad
846 2400 871 2428 45
884 2402 927 2429 Qq.

84 2436 169 2465 disput.
185 2437 214 2460 de
232 2437 371 2460 Persectione
388 2437 533 2466 evangelica,
551 2444 575 2466 q.
592 2438 613 2460 2.
630 2444 650 2460 a.
669 2439 690 2460 1.
707 2438 737 2461 ad
755 2439 781 2466 63
803 2438 882 2462 Collat.
904 2439 927 2461 in

84 2475 191 2498 Hexaem.
208 2476 280 2499 collat.
298 2477 319 2499 5.
337 2482 359 2498 n.
377 2476 403 2504 4,
420 2476 461 2499 ubi
477 2476 507 2499 de
523 2477 600 2499 medio
618 2477 766 2505 paupertatis.

145 2513 154 2527 ²
171 2514 226 2543 Cap.
244 2514 271 2542 5,
287 2515 310 2537 3.
327 2527 358 2532 —
374 2515 407 2537 De
417 2516 497 2538 Glossa
509 2515 531 2538 in
543 2516 605 2538 hunc
617 2516 659 2538 loc.
671 2517 712 2538 cfr.
724 2522 793 2544 supra
807 2522 859 2544 pag.
873 2516 926 2545 293,

84 2556 136 2576 11013
152 2553 174 2576 7.

145 2591 154 2605 ⁸
171 2593 241 2621 Epist.
257 2593 296 2615 71.
313 2593 379 2621 (alias
396 2593 442 2622 28.)
460 2600 481 2615 n.
500 2594 521 2616 3.
543 2593 674 2622 Respicitur
696 2594 750 2616 Luc.
774 2594 815 2621 21,
833 2594 854 2616 2.
873 2593 924 2622 (cfr.

83 2630 149 2653 Marc.
171 2632 209 2658 12,
227 2631 270 2659 42ς
287 2631 413 2655 ABCDG
429 2634 452 2654 et
468 2632 505 2654 ed.
521 2632 526 2654 1
543 2632 650 2654 omittunt
667 2638 721 2655 cnm
738 2631 831 2660 vidua),
843 2635 864 2654 et
876 2633 926 2654 alle-

83 2672 150 2698 gatur
167 2670 244 2693 Matth.
262 2670 302 2698 19,
321 2671 358 2693 28.

145 2708 155 2722 ⁴
172 2709 241 2738 Epist.
258 2710 273 2732 1.
291 2715 312 2732 c.
329 2710 356 2738 6,
374 2710 396 2732 8.
413 2722 443 2725 —
459 2710 553 2733 Inferius
570 2716 612 2738 pro
629 2709 672 2733 etsi
688 2710 704 2732 Β
721 2709 821 2733 etiamsi.

146 2747 156 2760 ⁶
172 2748 240 2777 Epist.
258 2749 272 2771 l.
292 2748 352 2771 Tim.
369 2749 397 2776 2,
415 2749 436 2771 5.
453 2752 475 2771 et
492 2749 506 2771 1,
523 2748 576 2771 Cor.
595 2749 618 2776 1,
636 2748 679 2771 24ι
695 2748 811 2771 Christum
829 2748 868 2770 Dei
881 2748 926 2771 vir-

84 2788 154 2809 tutem
172 2790 194 2809 et
211 2787 250 2809 Dei
267 2787 411 2815 sapientiam.
427 2799 459 2804 —
476 2787 591 2810 Sententia
609 2787 699 2809 Hieron.
717 2787 763 2809 iam
780 2792 851 2814 supra
869 2792 923 2814 pag.

84 2824 140 2852 274,
156 2828 209 2848 11013
227 2826 248 2848 2.
266 2825 361 2853 allegata
379 2829 420 2848 est.

146 2862 156 2876 ³
171 2864 254 2887 Homil.
271 2864 296 2892 ⁴5
314 2865 356 2887 cir.
372 2871 442 2892 supra
459 2870 514 2893 pag.
531 2865 589 2891 283,
606 2866 659 2887 noia
682 2863 715 2886 14.
733 2876 762 2880 -
780 2863 882 2887 Subinde
894 2864 922 2886 al-

84 2902 172 2930 legatur
188 2903 204 2925 l.
220 2902 272 2925 Cor.
290 2903 314 2924 11
325 2919 332 2930 ‚
350 2903 372 2925 1.

146 2940 154 2953 ⁷
171 2941 203 2964 De
219 2942 262 2964 hac
278 2941 391 2964 virtutum
407 2941 520 2964 divisione
537 2948 563 2965 ex
580 2941 695 2965 Macrobio
711 2941 839 2964 secundum
857 2942 924 2964 Ploti-

84 2985 138 3002 num
155 2980 260 3003 desumta
278 2980 332 3003 vide
350 2981 447 3008 Bonav.,
465 2980 543 3004 Collat.
560 2981 583 3003 in
601 2980 708 3004 Hexaem.
725 2980 798 3003 collat.
815 2980 836 3002 6.
849 2986 871 3002 n.
884 2980 925 3002 27-

1784 214 1840 243 323

997 292 1056 318 tute
1069 289 1187 326 politica
1208 293 1235 319 et
1253 291 1434 328 puiyatoria
1449 293 1476 320 et
1490 291 1586 320 animi
1599 291 1661 320 iam
1672 291 1800 328 purpati
1811 291 1840 323 ⁷,-

997 335 1035 364 sic
1049 336 1131 364 etiam
1151 336 1314 365 difformiter
1336 336 1457 366 medium
1481 340 1573 366 tenent
1594 337 1716 366 civiliter
1736 337 1840 374 Carpus

996 390 1033 411 ex
1048 382 1212 411 rectitudine
1234 383 1358 418 virtutis,
1379 386 1407 412 et
1427 383 1665 421 christiformiter
1686 392 1790 421 egenus
1812 383 1838 411 in

996 428 1164 457 beatitudine
1185 430 1363 466 paupertatis.
1386 430 1418 458 Et
1442 430 1494 458 hoc
1522 433 1563 459 est
1590 430 1664 467 quod
1689 431 1716 459 in
1745 432 1839 459 aucto-

996 475 1077 503 ritate
1098 476 1270 511 praemissa⁸
1292 477 1468 511 Ambrosius,
1490 477 1590 506 Doctor
1612 485 1689 506 sacer
1703 477 1838 510 insinuat,

996 529 1079 558 quam
1100 521 1282 550 calumniator
1303 526 1435 552 consueto
1456 531 1532 552 more
1553 526 1709 552 truncatam
1731 523 1837 560 allegat.

1000 579 1013 592 a
1028 568 1173 602 Ceterum,
1195 569 1299 605 inquit,
1320 577 1375 598 non
1396 570 1456 598 vult
1477 570 1623 605 Dominus,
1639 571 1721 599 simul
1736 571 1836 600 effundi

995 621 1076 650 opes,
1096 614 1143 643 sed
1164 615 1316 652 dispensari
1331 626 1362 650 »;
1384 616 1411 644 in
1433 625 1489 653 quo
1503 617 1624 653 explicat
1637 617 1766 646 medium
1781 616 1839 645 lar-

994 660 1095 697 9itatis
1113 661 1256 697 politicae.
1279 662 1330 690 Sed
1351 670 1385 691 ne
1406 663 1469 699 quis
1490 670 1526 691 ex
1542 663 1593 692 hoc
1608 663 1749 697 crederet,
1764 663 1837 700 quod

994 706 1106 735 modun]
1128 708 1298 744 paupertatis
1319 709 1491 746 evangelicae
1513 717 1567 738 non
1588 710 1771 746 approbaret,
1787 710 1837 738 im-

994 753 1110 782 mediate
1137 754 1294 791 subiungit:
1328 766 1341 780 <t
1357 755 1410 784 Nisi
1439 755 1509 784 forte
1536 758 1568 784 ut
1600 756 1726 784 Eliseus⁹
1755 756 1838 784 boves

994 807 1059 828 suos
1079 800 1177 828 occidit
1197 804 1223 829 et
1245 801 1320 837 pavit
1340 810 1476 838 pauperes
1497 810 1534 830 ex
1562 810 1594 830 eo
1622 802 1695 839 quod
1724 802 1836 834 habuit,

993 849 1025 874 ut
1045 846 1121 875 nulla
1142 854 1210 875 cura
1231 850 1373 876 teneretur
1392 848 1555 883 domestica,
1571 849 1618 877 sed
1634 849 1736 877 relictis
1750 849 1836 877 omni—

993 892 1060 926 bus,
1083 893 1110 921 in
1131 893 1301 930 disciplinam
1334 902 1363 923 se
1394 895 1582 932 propheticam
1615 895 1734 924 daret».
1767 895 1836 923 Haec

993 939 1152 968 Ambrosius
1172 940 1290 974 addidit,
1312 944 1343 970 ut
1364 942 1548 978 evangelicam
1565 944 1755 978 paupertatem
1771 942 1837 970 sub-

992 986 1093 1014 limiter
1114 987 1275 1021 extolleret;
1298 995 1369 1024 quae
1390 988 1440 1016 iste
1468 988 1560 1017 dolose
1589 988 1736 1021 subticuit,
1768 996 1835 1024 qua-

992 1036 1073 1061 tenus
1093 1033 1206 1062 eandem
1228 1034 1388 1070 profitentes
1410 1034 1524 1063 subdole
1546 1035 1729 1071 impugnaret.

1070 1081 1115 1108 22.
1139 1080 1316 1117 Nequaquam
1339 1081 1423 1117 igitur
1445 1081 1603 1110 huiusmodi
1631 1089 1767 1118 pauperes
1792 1089 1835 1109 ra—

992 1126 1157 1155 tionabiliter
1180 1130 1295 1162 possunt
1316 1127 1412 1163 argui,
1427 1128 1501 1164 quod
1521 1139 1533 1153 α
1548 1128 1699 1156 discrimini
1715 1136 1744 1156 se
1758 1136 1833 1156 com-

991 1172 1108 1200 mittant
1122 1185 1153 1206 »,
1175 1181 1206 1201 36
1221 1181 1270 1209 per
1286 1174 1352 1207 hoc,
1368 1174 1441 1210 quod
1461 1174 1638 1203 «homicidae
1652 1175 1706 1203 51111
1721 1175 1777 1208 5111,
1793 1176 1834 1203 vel

991 1221 1140 1247 tentatores
1161 1219 1208 1248 Dei
1224 1231 1250 1247 n.
1273 1220 1299 1248 Si
1321 1220 1393 1248 enim
1416 1220 1607 1249 sufficientiam
1630 1221 1719 1250 victus
1748 1230 1835 1258 quan-

991 1268 1049 1293 tum
1065 1265 1098 1293 ad
1113 1273 1195 1294 usum
1210 1270 1398 1302 opportunum
1415 1271 1591 1303 respuerent,
1608 1267 1704 1304 utique
1719 1276 1748 1296 se
1763 1268 1835 1304 ipsos

991 1315 1128 1340 necarent.
1150 1313 1227 1341 Nunc
1248 1315 1341 1341 autem
1363 1313 1401 1342 sic
1423 1317 1552 1342 recusant
1580 1314 1758 1350 possessionis
1786 1315 1833 1343 do-

990 1358 1122 1392 minium,
1137 1359 1211 1396 quod
1226 1360 1432 1388 sustentationis
1447 1361 1617 1389 necessariae
1633 1369 1686 1389 non
1701 1361 1835 1389 abiiciunt

990 1413 1090 1438 usum;
1112 1405 1151 1433 516
1172 1413 1200 1434 56
1221 1405 1329 1434 divinae
1360 1407 1535 1435 committunt
1567 1407 1770 1443 providentiae,
1803 1411 1834 1436 ut

990 1450 1061 1479 viau]
1084 1459 1137 1479 non
1159 1455 1290 1488 spernant
1311 1452 1474 1488 provisionis
1496 1453 1649 1486 humanae,
1671 1461 1726 1490 qua
1738 1453 1761 1470 ¹⁰
1787 1461 1833 1482 su-

990 1497 1102 1525 stentari
1126 1497 1232 1526 valeant
1254 1498 1296 1526 vel
1317 1498 1350 1526 de
1372 1498 1415 1526 his
1446 1506 1517 1535 quae
1547 1499 1633 1536 gratis
1664 1499 1832 1533 offeruntur,

990 1544 1032 1572 vel
1053 1543 1086 1572 de
1110 1544 1151 1572 his
1173 1552 1243 1580 quae
1264 1545 1456 1573 mendicantur
1478 1546 1629 1580 humiliter,
1659 1547 1700 1574 vel
1728 1546 1762 1575 (le
1791 1546 1833 1575 his

989 1598 1060 1627 quae
1081 1598 1131 1626 per
1152 1590 1309 1619 laboritium
1331 1592 1543 1628 conquiruntur.
1574 1592 1618 1620 His
1646 1592 1717 1621 enim
1747 1592 1833 1621 modis

989 1637 1122 1665 vixerunt
1136 1637 1269 1665 hactenus
1285 1637 1441 1666 huiusmodi
1458 1646 1594 1675 pauperes
1608 1639 1634 1667 in
1651 1647 1748 1676 magna
1763 1639 1832 1667 111111-

989 1683 1105 1712 11111(11116
1127 1684 1270 1720 sexaginta
1291 1684 1369 1712 annis
1384 1687 1410 1713 et
1424 1685 1542 1721 amplius
1556 1686 1587 1719 ¹¹,
1611 1694 1659 1722 per
1678 1686 1769 1722 operis
1783 1694 1832 1714 ex-

988 1730 1148 1759 hibitionem
1171 1730 1238 1759 adeo
1260 1731 1286 1759 in
1309 1731 1347 1759 eis
1362 1731 1453 1759 divino
1468 1732 1580 1768 impleto
1595 1733 1742 1769 promisse,
1758 1733 1830 1769 quod

987 1777 1081 1806 nullus
1101 1785 1215 1811 eorum,
1237 1777 1317 1806 cuius
1338 1777 1370 1805 ad
1393 1786 1443 1806 1105
1463 1778 1534 1806 fama
1549 1779 1721 1815 pervenerit,
1736 1780 1771 1808 ob
1785 1779 1831 1808 de-

986 1824 1088 1853 fectum
1110 1824 1225 1853 vestitus
1247 1824 1289 1852 vel
1311 1824 1399 1852 victus
1421 1825 1576 1861 periculum
1593 1826 1689 1854 mortis
1704 1825 1829 1854 incurrit.

987 1887 1023 1890 —
1045 1870 1176 1899 Abscedat
1196 1870 1280 1907 igitur
1301 1870 1462 1908 diffidentia
1483 1872 1572 1900 omnis
1593 1880 1608 1900 a
1636 1872 1831 1908 praedicatori-

986 1917 1038 1945 bus
1057 1917 1180 1946 veritatis
1201 1917 1384 1954 perfectisque
1405 1917 1505 1946 Christi
1528 1918 1684 1955 discipulis,
1707 1926 1769 1947 cum
1791 1919 1830 1947 eis

985 1963 1196 2000 repromittatur
1216 1971 1233 1991 a
1254 1963 1368 1992 Domino
1389 1963 1553 1992 sufficientia
1575 1965 1681 1999 victus,
1709 1965 1830 1994 dicatur-

986 2018 1040 2047 que
1061 2010 1100 2038 eis
1113 2010 1150 2037 ¹2:
1175 2009 1265 2038 Nolite
1278 2010 1394 2038 solliciti
1407 2019 1465 2039 esse
1479 2011 1598 2039 animae
1612 2015 1741 2045 vestrae,
1757 2012 1832 2049 quid
1861 2026 1868 2030 ι

984 2057 1185 2090 mandueetis;
1211 2057 1395 2094 praecipiatur
1425 2058 1505 2086 etiam
1535 2058 1589 2092 eis,
1618 2067 1653 2086 ne
1681 2059 1751 2096 quid
1780 2059 1829 2088 tol-

985 2104 1048 2133 lant
1068 2104 1100 2132 in
1120 2104 1170 2132 via
1190 2104 1249 2132 nisi
1281 2104 1396 2141 virgam
1428 2107 1559 2138 tantum,
1591 2108 1623 2133 ut
1654 2105 1773 2134 habetur
1801 2106 1827 2134 111

986 2151 1084 2179 Marco.
1107 2151 1194 2187 Super
1215 2158 1298 2187 quem
1320 2150 1409 2179 locum
1425 2150 1490 2179 dicit
1504 2151 1574 2179 Beda
1587 2151 1625 2179 ¹³:
1653 2163 1666 2176 «
1681 2152 1767 2180 Tanta
1781 2152 1827 2180 de-

986 2196 1031 2225 bet
1051 2204 1110 2225 esse
1131 2196 1313 2233 praedicatori
1334 2196 1434 2225 fiducia
1455 2196 1482 2224 in
1513 2196 1586 2231 Deo,
1615 2200 1646 2225 ut
1676 2198 1828 2234 praesentis

984 2401 1025 2428 3¹3
1043 2402 1082 2422 cfr.
1100 2401 1168 2422 6113111
1186 2403 1240 2422 tom.
1259 2400 1282 2422 11.
1300 2406 1352 2428 pag.
1371 2400 1427 2426 901,
1445 2402 1496 2422 nota
1515 2399 1536 2421 5.
1554 2402 1576 2422 et
1588 2402 1644 2422 tom.
1657 2400 1687 2422 111.
1701 2406 1755 2428 pag.
1767 2400 1825 2427 730,

983 2442 1035 2462 nota
1053 2440 1074 2461 5.
1091 2451 1122 2455 —
1139 2439 1171 2461 De
1187 2445 1236 2467 seq.
1254 2439 1410 2466 propositione
1427 2440 1467 2461 cfr.
1485 2445 1556 2467 supra
1573 2442 1627 2462 nota
1643 2440 1662 2461 1.
1673 2441 1695 2461 et
1708 2445 1761 2467 pag.
1773 2440 1826 2467 322,

983 2481 1036 2500 nota
1054 2477 1076 2499 5.
1095 2489 1123 2493 —
1140 2477 1234 2499 inferius
1252 2483 1294 2505 pro
1317 2476 1341 2499 in
1360 2476 1500 2500 beatitudine
1517 2477 1667 2506 paupertatis
1685 2478 1723 2505 (ita
1741 2478 1785 2499 AB
1796 2477 1825 2505 C}

982 2518 1024 2539 cfr.
1041 2516 1117 2538 Matth.
1135 2516 1161 2543 5,
1179 2517 1204 2538 3:
1223 2515 1283 2538 Beati
1301 2522 1416 2543 pauperes
1432 2516 1484 2544 ete.)
1501 2516 1556 2538 edd.
1578 2515 1602 2538 in
1625 2515 1747 2539 latitudine
1767 2522 1825 2545 pan-

979 2554 1088 2584 pertatz's.

1045 2592 1054 2605 Β
1071 2594 1137 2615 Ν11111.
1156 2594 1193 2615 18.
1210 2605 1240 2609 —-
1258 2593 1351 2615 inferius
1368 2599 1410 2620 pro
1427 2593 1531 2622 ewplicat
1549 2593 1652 2616 medium
1669 2594 1723 2616 edd.
1747 2596 1823 2616 contra

982 2632 1051 2655 codd.
1067 2631 1170 2661 etrplicat
1186 2631 1292 2654 modum.

1045 2669 1054 2682 ⁹
1071 2669 1132 2692 Libr.
1149 2670 1183 2693 111.
1199 2671 1256 2697 Reg.
1274 2671 1314 2698 19,
1332 2671 1370 2693 21.
1387 2671 1429 2693 Pro
1446 2676 1477 2693 esc
1488 2676 1514 2693 eo
1526 2670 1590 2700 quod
1602 2670 1651 2693 Vat.
1665 2673 1687 2693 et
1698 2671 1734 2693 ed.
1748 2671 1756 2692 ·1
1773 2677 1824 2693 cou-

982 2712 1015 2731 tra
1041 2712 1126 2731 textum
1151 2709 1219 2731 etiam
1245 2709 1379 2737 originalem
1398 2709 1423 2737 (1.
1445 2709 1475 2732 de
1499 2708 1585 2731 Officiis
1610 2709 1733 2732 ministror.
1750 2715 1770 2732 c.
1787 2710 1823 2732 30.

982 2754 1005 2770 n.
1022 2747 1084 2776 149.)
1101 2753 1132 2770 eac
1148 2753 1174 2770 eo
1191 2747 1293 2777 quidem.
1576 2747 1595 2760 ¹⁰
1613 2748 1670 2770 Edd.
1687 2748 1821 2777 quominus.

1045 2785 1062 2798 ¹¹
1080 2785 1127 2808 Csr.
1143 2792 1212 2814 supra
1230 2792 1284 2814 pag.
1302 2786 1360 2813 233,
1377 2789 1430 2808 11013
1449 2787 1470 2808 Ἰ1.
1487 2793 1509 2809 n.
1522 2786 1543 2808 4.
1556 2786 1615 2809 Vide
1631 2786 1700 2808 etiam
1718 2787 1761 2815 Qq.
1778 2786 1825 2809 dis-

981 2828 1029 2853 put.
1047 2825 1077 2847 de
1093 2825 1232 2847 Persectione
1249 2825 1381 2853 evangelica
1398 2832 1422 2854 q.
1439 2826 1461 2847 2.
1477 2831 1498 2848 3.
1518 2826 1538 2848 i.
1555 2825 1585 2848 ad
1602 2825 1624 2847 5.
1641 2828 1663 2848 61.
1680 2826 1701 2848 8.
1718 2832 1783 2854 seqq.

1044 2862 1063 2875 ¹²
1080 2864 1134 2885 Luc.
1153 2864 1194 2891 12,
1212 2864 1248 2886 22.
1266 2866 1288 2886 et
1305 2863 1389 2887 deinde
1405 2864 1472 2886 Marc.
1490 2864 1517 2892 6,
1534 2864 1556 2886 8.

1043 2901 1063 2914 ¹⁸
1080 2902 1141 2924 Libr.
1158 2903 1181 2924 11.
1199 2902 1221 2924 111
1239 2903 1306 2924 Marc.
1323 2903 1350 2931 6,
1368 2903 1394 2930 8,
1412 2902 1452 2925 ubi
1469 2902 1573 2932 sequitur
1590 2904 1697 2931 Gregor.‚
1711 2904 1725 2925 Ι.
1738 2903 1820 2925 11011111,

981 2942 1002 2964 111
1020 2942 1107 2969 Evang.
1125 2941 1203 2963 homil.
1221 2941 1257 2963 17.
1276 2947 1299 2964 11.
1316 2942 1338 2964 5.
1362 2941 1408 2964 err.
1430 2947 1500 2969 supra
1523 2947 1577 2970 pag.
1599 2941 1659 2969 275,
1681 2944 1735 2964 nota
1758 2943 1779 2964 8.
1801 2945 1823 2964 et

981 2982 1035 3002 tom.
1053 2980 1081 3002 V.
1098 2985 1151 3008 pag.
1170 2980 1228 3007 136,
1245 2982 1298 3002 nota
1314 2979 1336 3002 7.

1856 485 1915 503 Locus
1928 486 1979 504 trun-

1883 510 1942 527 catus.

1864 1089 1906 1107 Alia
1919 1089 1968 1107 calu·

1853 1112 1902 1130 mnia
1914 1112 1969 1131 rerel-

1852 1136 1903 1154 litur.

1850 1692 1904 1711 Nota.

1847 1882 1916 1901 Contra
1927 1883 1976 1902 diffl-

1861 1906 1950 1925 dentiam.
