2133 3317
164 1149 233 1168 ludicii
245 1150 273 1168 hi-

162 1173 274 1192 rundjnibus

168 1196 270 1216 silentium.

163 1900 272 1919 Miraculum

184 1924 251 1943 simile.
295 1941 299 1946 ,

297 220 353 247 540

295 306 385 335 usque
406 297 440 325 ad
462 305 507 325 eas
528 296 643 324 accessit
664 298 691 324 et
711 303 817 329 0111003,
839 298 870 324 ut
892 295 1007 324 verbum
1025 296 1071 324 Dei
1094 304 1143 324 30-

295 345 401 378 dirent,
423 344 537 372 sollicite
559 343 718 376 admonuit,
740 342 849 370 dicens:
877 342 1014 371 «Fratres
1029 343 1080 371 mei
1097 351 1144 371 vo-

296 392 403 424 lucres,
426 390 545 418 multum
562 389 668 418 debetis
690 389 803 417 laudare
824 388 983 417 Creatorem
1006 392 1143 423 vestrum,

295 438 342 475 qui
366 437 468 474 plumis
490 444 538 465 vos
559 436 648 465 induit
663 439 691 464 et
705 443 809 472 pennas
825 435 923 463 tribuit
937 435 970 463 ad
986 435 1144 470 volandum,

295 484 444 521 puritatem
466 483 601 512 concessit
622 483 696 511 aeris
717 485 744 511 et
765 482 823 511 sine
846 485 938 510 vestra
959 482 1144 511 sollicitudine

295 539 344 560 vos
365 531 540 568 gubernat».
564 530 632 558 Cum
655 533 748 558 autem
771 529 811 557 eis
833 529 900 557 haec
922 532 948 557 et
970 529 1013 557 his
1045 529 1145 558 similia

295 579 474 615 loqueretur,
496 578 620 606 aviculae
654 577 733 605 modo
761 576 879 604 mirabili
909 576 1058 612 gestientes
1084 584 1145 605 coe-

294 628 396 662 perunt
417 625 569 653 extendere
590 624 674 658 colla,
690 623 856 660 protendere
877 623 949 657 3133,
969 623 1078 660 aperire
1100 632 1145 652 ro-

294 675 352 701 stra
373 675 399 700 et
427 672 454 700 in
484 672 561 700 illuni
591 673 694 699 attente
722 670 869 707 respicere.
900 671 958 707 lpse
986 678 1053 699 vero
1081 679 1143 699 cum

295 719 410 756 spiritus
431 719 541 747 fervore
562 718 688 746 mirando
710 725 759 754 per
775 716 895 745 medium
912 717 1034 753 ipsarum
1056 721 1145 746 trans-

294 766 368 799 iens,
392 766 485 794 tunica
506 764 680 801 contingebat
702 764 826 797 easdem,
849 771 899 792 nec
920 767 1010 792 tamen
1030 764 1064 792 de
1085 764 1144 792 1000

294 813 388 849 aliqua
409 815 483 840 mota
504 815 560 845 est,
575 811 675 845 donec,
691 811 769 847 signo
791 811 883 839 crucis
904 810 975 839 facto
990 814 1017 839 et
1037 811 1145 839 licentia

294 860 373 893 data,
395 867 458 887 cum
474 858 664 887 benedictione
685 858 736 886 viri
753 858 800 886 Dei
823 865 919 886 omnes
947 858 1059 886 insimul
1080 866 1144 886 avo-

295 907 389 934 larunt
405 907 422 934 1.
446 906 516 934 Haec
530 905 622 933 onmia
637 905 841 933 contuebantur
863 904 928 933 socii
950 907 1145 941 exspectantes

294 954 320 982 in
344 954 395 982 via.
418 953 454 982 Ad
477 961 548 990 quos
570 960 701 981 reversus
722 952 765 980 vir
787 952 905 988 simplex
928 954 955 980 et
973 959 1077 988 purus,
1094 959 1144 988 pro

295 1008 327 1029 eo
349 1000 423 1037 quod
444 1008 499 1028 non
522 1000 657 1028 hactenus
677 999 776 1027 avibus
804 998 1026 1035 praedicaverat,
1055 998 1145 1034 0001111

295 1055 324 1076 30
345 1047 378 1076 (10
400 1047 566 1084 negligentia
588 1047 738 1083 inculpare.

374 1094 400 1122 4.
424 1094 529 1122 Exinde
551 1093 734 1130 praedicando
760 1101 809 1129 per
842 1093 900 1121 loca
931 1092 1020 1121 vicina
1049 1099 1144 1128 proce-

295 1141 378 1175 dens,
400 1141 475 1169 venit
496 1140 529 1169 ad
545 1143 667 1169 castrum
683 1139 820 1176 quoddam
837 1139 947 1167 nomine
968 1139 1111 1167 Alvianum
1124 1137 1144 1172 2,

295 1188 359 1222 11111,
382 1190 548 1224 congregato
577 1187 678 1223 populo
700 1189 727 1214 et
748 1185 850 1214 indicto
878 1185 1001 1219 silentio,
1031 1188 1144 1221 propter

295 1234 460 1264 hirundines
481 1233 653 1262 nidificantes
675 1233 702 1261 in
718 1232 812 1261 eodem
829 1233 888 1261 loco
902 1233 1067 1269 magnisque
1081 1240 1144 1269 gar-

295 1282 395 1311 ritibus
426 1283 632 1318 perstrepentes
663 1280 752 1308 audiri
777 1280 824 1308 vix
853 1282 969 1316 poterat.
1000 1280 1074 1315 Quas
1102 1279 1145 1307 vir

296 1330 358 1364 Dei,
373 1328 550 1358 audientibus
565 1327 708 1361 omnibus,
723 1327 861 1355 allocutus
883 1329 925 1355 est
943 1326 1052 1355 dicens:
1073 1338 1086 1351 «
1098 1327 1144 1354 So-

295 1385 374 1406 rores
395 1384 471 1405 meae
493 1375 673 1408 hirundines,
697 1375 749 1402 iam
773 1378 883 1410 tempus
905 1376 961 1407 est,
985 1376 1016 1402 ut
1046 1374 1145 1410 loquar

295 1428 322 1453 et
343 1432 409 1461 ego,
431 1423 497 1460 quia
519 1430 567 1451 vos
589 1429 679 1458 usque
701 1421 782 1450 modo
813 1421 879 1450 satis
900 1421 1018 1449 dixistis.
1049 1420 1146 1449 Audite

295 1470 412 1499 verbum
433 1469 495 1503 Dei,
518 1472 643 1497 tenentes
672 1468 829 1502 silentium,
858 1467 945 1496 donec
973 1475 1065 1496 sermo
1092 1467 1146 1495 Do-

294 1517 361 1546 mini
384 1516 598 1553 compleatur».
621 1516 652 1544 At
673 1515 736 1543 illae
764 1518 895 1551 tanquam
924 1514 1081 1542 intellectus
1102 1522 1145 1542 ca—

295 1572 376 1601 paces
398 1563 491 1592 subito
513 1565 662 1591 tacuerunt
683 1570 734 1591 nec
755 1562 870 1590 fuerunt
898 1565 988 1590 motae
1015 1561 1049 1590 de
1070 1561 1145 1595 loco,

295 1611 382 1640 donec
412 1611 465 1639 fuit
496 1610 587 1638 omnis
618 1609 785 1646 praedicatio
817 1611 1014 1637 consummata.
1044 1607 1146 1637 Omnes

295 1659 393 1695 igitur,
415 1658 463 1695 qui
486 1657 630 1691 viderunt,
653 1660 767 1693 stupore
786 1656 899 1692 repleti,
919 1655 1146 1692 glorificaverunt

294 1705 391 1733 Deum.
425 1704 505 1732 Istius
534 1703 660 1732 miraculi
692 1703 764 1731 fama
795 1702 1016 1738 circumquaque
1046 1701 1146 1730 diflusa

294 1752 398 1780 multos
428 1750 462 1779 ad
491 1750 580 1778 Sancti
614 1749 798 1778 reverentiam
831 1752 858 1777 et
878 1748 940 1777 fidei
972 1748 1144 1777 devotionem

294 1798 426 1828 accendit.

374 1847 399 1874 5.
423 1846 450 1874 ln
473 1845 583 1874 civitate
604 1852 725 1881 namque
747 1843 886 1872 Parmensi
903 1843 913 1860 ³
936 1842 1070 1872 scholaris
1084 1842 1146 1879 qui-

293 1894 355 1923 dam
378 1893 477 1921 indolis
498 1893 585 1921 bonae
607 1899 671 1920 cum
693 1891 774 1920 sociis
795 1891 855 1919 aliis
877 1890 969 1919 studio
1000 1890 1146 1926 diligenter

293 1943 433 1974 intentus,
455 1940 522 1968 dum
544 1939 704 1976 importuna
725 1938 890 1975 garrulitate
911 1937 1055 1966 cuiusdam
1078 1936 1145 1965 infe-

294 1991 416 2018 staretur
439 1986 612 2021 birundinis,
634 1986 726 2015 dicere
748 1985 837 2022 coepit
858 1985 892 2014 ad
914 1985 1017 2013 socios:
1049 1996 1062 2009 «
1076 1984 1146 2013 Haec

294 2034 416 2063 hirundo
438 2042 493 2062 003
515 2033 548 2062 (10
570 2033 624 2062 11113
639 2036 695 2067 031,
711 2041 783 2069 quae
798 2032 891 2061 virum
906 2032 954 2060 Dei
969 2032 987 2060 F
990 2032 1145 2060 ranciscum

293 2081 497 2119 praedicantem
514 2080 677 2117 aliquando,
692 2080 778 2108 donec
800 2079 939 2108 silentium
962 2079 1001 2107 eis
1022 2079 1145 2116 impone-

294 2130 352 2161 ret,
374 2127 557 2155 molestabant
571 2138 584 2151 »
599 2138 605 2160 ;
621 2131 648 2155 et
663 2134 815 2155 conversus
829 2125 863 2154 ad
879 2125 1057 2154 hirundinem
1074 2125 1145 2153 fidu-

295 2173 401 2202 cialiter
423 2173 475 2202 ait:
503 2185 516 2197 «
532 2173 559 2200 lu
575 2173 687 2201 nomine
702 2173 774 2201 servi
791 2172 838 2201 Dei
853 2172 871 2200 F
874 2171 989 2200 rancisci
1005 2171 1145 2207 praecipio

294 2221 359 2255 tibi,
381 2223 413 2249 ut
444 2220 477 2248 ad
506 2227 549 2248 me
566 2219 691 2248 ¹veniens
718 2219 849 2248 continuo
877 2218 1084 2247 conticescas».
1113 2218 1145 2245 At

293 2267 352 2301 illa,
375 2266 510 2295 Francisci
533 2266 627 2294 audito
648 2266 773 2299 nomine,
796 2265 873 2302 quasi
906 2264 959 2293 viri
988 2264 1035 2292 Dei
1064 2264 1145 2292 disci—

294 2314 376 2351 plinis
397 2314 509 2348 edocta,
531 2316 557 2342 et
579 2313 670 2342 statim
693 2312 825 2341 conticuit
846 2314 873 2341 et
901 2311 989 2348 ipsius
1017 2311 1145 2340 manibus

295 2365 427 2398 tanquam
460 2363 536 2389 tutae
568 2360 709 2389 custodiae
737 2367 766 2388 se
794 2359 939 2388 commisit.
969 2358 1145 2395 Stupefactus

295 2408 444 2442 scholaris,
467 2407 558 2436 statim
581 2415 642 2436 eam
664 2406 782 2435 libertati
806 2406 928 2435 restituit
949 2408 976 2434 et
997 2405 1058 2434 eius
1082 2413 1144 2442 gar-

295 2455 380 2483 ritum
402 2454 522 2491 amplius
543 2462 596 2482 000
619 2453 733 2482 audivit.

683 217 881 246 OPUSCULUM
902 218 990 246 XXIII.
1013 217 1163 246 LEGENDA
1186 218 1301 247 SANCTI
1323 219 1499 248 FRANCISCI.
1519 219 1587 248 CAP.
1610 220 1663 248 XII.

1283 297 1308 325 6.
1331 297 1387 325 Alio
1408 306 1520 335 quoque
1542 301 1681 334 tempore,
1704 306 1766 327 cum
1789 298 1910 328 famulus
1932 300 1978 328 Dei
1999 300 2047 329 Ca·
2063 310 2133 354 Obana

1201 342 1271 371 ietae
1286 345 1297 359 4
1319 344 1402 372 semel
1424 344 1450 372 in
1467 344 1551 373 maris
1566 345 1657 373 littore
1672 345 1859 381 praedicaret,
1876 346 1965 375 turbis
1983 355 2047 383 11130

1201 389 1345 418 devotione
1366 391 1554 425 1110000013
1576 395 1608 419 ut
1629 400 1692 420 eum
1708 392 1913 429 contingerent,
1934 393 2048 423 horrens

1202 436 1303 465 Christi
1319 444 1417 465 servus
1432 441 1539 466 tantum
1555 439 1723 475 populorum
1738 439 1912 475 applausum,
1925 440 1950 467 in
1966 448 2048 470 unam

1202 483 1361 512 haerentem
1385 484 1469 512 littori
1486 485 1640 513 naviculam
1657 485 1794 521 prosilivit
1809 486 1892 514 solus.
1910 486 1955 514 1113
1972 495 2048 521 vero,

1204 533 1333 567 tanquam
1367 531 1388 559 si
1421 531 1534 559 rationis
1562 531 1722 568 participe5
1756 535 1862 561 motore
1891 537 2048 563 moveretur

1202 577 1351 606 intrinseco
1372 578 1430 606 sine
1451 578 1545 614 aquuo
1568 578 1685 614 remige,
1708 579 1886 607 cernentibus
1901 582 1927 607 et
1947 579 2049 608 miran-

1202 623 1277 652 tibus
1297 624 1420 658 cunctis,
1443 632 1471 652 se
1494 624 1602 661 longius
1623 633 1639 652 a
1661 627 1736 653 terra
1754 626 1900 661 protraxit.
1917 625 1984 654 Cum
2001 634 2048 655 au-

1202 674 1256 700 tem
1279 671 1420 708 aliquanto
1436 671 1523 708 spatio
1545 672 1571 699 in
1588 671 1673 700 maris
1688 672 1861 701 altitudinem
1877 673 2048 708 secessisset,

1201 719 1276 747 stetit
1297 718 1369 747 inter
1390 719 1493 747 ssuctus
1514 718 1678 752 immobilis,
1707 719 1839 755 quamdiu
1866 719 1908 748 vir
1940 723 2050 749 sanctus

1201 766 1292 794 turbis
1313 765 1541 802 exspectantibus
1562 765 1589 793 in
1611 766 1704 794 littore
1720 766 1895 802 praedicavit.
1912 766 2049 804 Cumque,

1200 812 1294 841 audito
1316 820 1443 841 sermone
1464 815 1491 840 et
1512 812 1570 840 viso
1591 812 1726 841 miraculo
1747 820 1778 841 ac
1798 813 1986 842 benedictione
2006 822 2050 843 ac-

1201 862 1292 896 cepta,
1315 858 1464 887 multitudo
1486 859 1595 887 cederet
1610 859 1630 892 6,
1653 866 1687 887 00
1708 858 1798 895 ipsum
1821 859 1940 896 amplius
1967 860 2050 889 mole-

1201 908 1301 939 staret;
1324 905 1452 933 navicula
1474 905 1588 941 proprio
1617 905 1704 934 ductu
1735 905 1769 933 ad
1802 908 1907 934 terram
1938 914 2051 935 reversa

1201 955 1249 981 est.
1273 969 1309 972 —
1342 952 1409 988 Quis
1432 952 1516 989 igitur
1538 956 1592 980 tam
1615 952 1768 981 obstinatae
1795 953 1894 982 mentis
1922 956 1995 982 esset
2024 957 2051 982 et

1200 999 1314 1035 impiae,
1337 998 1412 1036 quod
1433 999 1664 1035 praedicationem
1687 999 1821 1028 Francisci
1845 1003 2049 1035 contemneret,

1201 1046 1281 1075 cuius
1303 1046 1428 1074 miranda
1446 1046 1529 1074 fiebat
1549 1046 1668 1080 virtute,
1690 1049 1722 1074 ut
1743 1055 1797 1075 non
1819 1047 1908 1075 solum
1930 1047 2051 1075 carentia

1201 1093 1307 1121 ratione
1332 1093 1503 1129 disciplinam
1525 1093 1714 1129 susciperent,
1736 1101 1834 1122 verum
1860 1093 1942 1122 etiam
1964 1093 2050 1122 10301-

1201 1143 1275 1168 01313
1297 1148 1415 1176 00111013
1431 1143 1561 1176 tanquam
1577 1140 1698 1168 animata
1709 1140 1878 1177 praedicanti
1895 1140 2051 1169 servirent?
2097 1173 2100 1178 ⁸

1281 1189 1307 1215 7.
1327 1187 1427 1215 Aderat
1441 1187 1569 1224 equidem
1585 1195 1666 1216 servo
1680 1195 1731 1215 suo
1746 1187 1903 1221 Francisco,
1918 1187 1952 1216 ad
1966 1195 2050 1224 quae-

1202 1242 1323 1271 cumque
1345 1237 1489 1270 pergeret,
1511 1234 1534 1262 is
1555 1234 1602 1270 qui
1624 1241 1688 1262 eum
1711 1237 1839 1262 unxerat
1860 1238 1886 1262 et
1912 1234 2049 1269 miserat,

1202 1280 1335 1318 Spiritus
1359 1280 1478 1308 Domini
1492 1280 1501 1296 ⁷
1524 1283 1551 1309 et
1572 1280 1630 1317 ipse
1653 1281 1704 1309 Dei
1724 1281 1820 1309 virtus
1848 1284 1874 1308 et
1903 1280 2050 1318 sapientia

1204 1327 1356 1362 Christus,
1389 1331 1421 1356 ut
1451 1335 1533 1356 sanae
1564 1328 1705 1356 doctrinae
1738 1328 1830 1356 verbis
1860 1328 1988 1356 afflueret
2025 1331 2052 1357 et

1203 1383 1318 1412 magnae
1343 1375 1481 1411 potentiae
1512 1375 1655 1403 1011300113
1686 1377 1854 1403 coruscaret.
1883 1375 1948 1403 Erat
1978 1374 2051 1403 001111

1202 1422 1320 1451 verbum
1343 1422 1404 1451 eius
1426 1422 1503 1450 velut
1524 1422 1594 1458 ignis
1622 1422 1723 1450 ardens
1737 1422 1758 1456 ²³,
1787 1424 1936 1458 penetrans
1956 1421 2052 1450 intima

1203 1469 1303 1503 cordis,
1319 1469 1501 1505 omniumque
1516 1472 1622 1497 mentes
1636 1469 1818 1497 admiratione
1832 1468 1972 1505 replebat,
1988 1476 2050 1497 cum

1203 1524 1256 1544 non
1279 1516 1418 1544 humanae
1439 1515 1605 1543 inventionis
1627 1519 1757 1543 ornatum
1780 1514 1989 1552 praetenderet,
2005 1514 2052 1544 sed

1202 1562 1311 1591 divinae
1332 1562 1508 1591 revelationis
1529 1562 1653 1590 afflatum
1675 1562 1821 1590 redoleret.
1843 1562 1910 1590 Nam
1931 1569 1995 1590 cum
2010 1569 2051 1590 se-

1203 1609 1272 1643 mel,
1295 1609 1507 1645 praedicaturus
1529 1616 1620 1637 coram
1644 1609 1714 1645 Papa
1742 1611 1770 1637 et
1790 1608 1992 1643 cardinalibus,
2018 1608 2052 1637 ad

1203 1656 1407 1693 suggestionem
1429 1655 1531 1684 domini
1565 1655 1698 1684 Ostiensis
1729 1663 1886 1684 sermonem
1914 1655 2051 1692 quendam

1204 1703 1326 1732 studiose
1348 1702 1531 1739 compositum
1554 1702 1774 1731 commendasset
1796 1702 1944 1731 memoriae
1963 1702 2052 1731 stetis-

1203 1753 1301 1786 setque
1323 1750 1350 1777 in
1372 1749 1477 1783 medio,
1500 1752 1531 1777 ut
1551 1748 1748 1777 aedificationis
1769 1748 1854 1777 verba
1868 1750 2050 1785 proponeret;

1203 1797 1242 1825 sic
1263 1796 1394 1825 oblivioni
1417 1796 1530 1824 tradidit
1550 1796 1661 1830 omnia,
1683 1799 1715 1824 ut
1729 1795 1804 1824 effari
1820 1795 1925 1832 aliquid
1940 1795 2052 1823 omnino

1202 1843 1331 1872 nesciret.
1354 1843 1475 1876 Verum,
1497 1850 1561 1871 cum
1583 1843 1636 1871 hoc
1657 1842 1778 1871 veridica
1809 1841 1966 1870 humilitate
1987 1849 2052 1870 nar-

1203 1892 1306 1924 rasset,
1328 1890 1474 1918 conserens
1495 1897 1525 1918 se
1546 1889 1579 1918 ad
1601 1889 1687 1918 sancti
1710 1889 1830 1926 Spiritus
1860 1888 1977 1926 gratiam
2008 1888 2049 1916 10-

1203 1937 1370 1971 vocandam,
1392 1940 1448 1965 tam
1470 1936 1629 1965 efficacibus
1655 1936 1747 1965 subito
1776 1935 1866 1972 coepit
1894 1935 1987 1964 verbis
2014 1935 2052 1964 ef-

1202 1984 1291 2013 fluere
1310 1987 1423 2021 tamque
1437 1984 1541 2021 potenti
1557 1984 1661 2012 virtute
1676 1983 1788 2012 illorum
1803 1986 1910 2012 mentes
1924 1983 2050 2012 virorum

1202 2031 1365 2060 sublimium
1390 2031 1425 2060 ad
1445 2030 1685 2067 compunctionem
1713 2030 1871 2065 inflectere,
1900 2032 1931 2058 ut
1956 2032 2051 2066 aperte

1202 2079 1336 2112 clareret,
1359 2078 1433 2115 quod
1454 2086 1509 2106 non
1532 2077 1605 2114 ipse,
1627 2077 1675 2106 sed
1697 2077 1816 2114 Spiritus
1830 2076 1937 2106 Domini
1958 2076 2051 2113 loque-

1201 2125 1285 2153 batur
1300 2125 1319 2153 ⁹.

1280 2172 1306 2199 8.
1331 2171 1362 2199 Et
1382 2171 1512 2208 quoniam
1534 2170 1584 2199 sibi
1610 2170 1700 2207 primo
1719 2173 1844 2199 suaserat
1865 2178 1949 2207 opere
1976 2170 2051 2207 quod

1201 2219 1261 2247 aliis
1283 2218 1416 2247 suadebat
1436 2226 1579 2252 sermone,
1601 2218 1833 2254 reprehensorem
1854 2225 1909 2246 non
1934 2217 2049 2252 timens,

1201 2265 1346 2294 veritatem
1368 2264 1548 2293 fidentissime
1569 2264 1753 2301 praedicabat.
1776 2264 1919 2293 Nesciebat
1944 2263 2050 2301 aliquo-

1202 2320 1265 2340 rum
1287 2312 1383 2348 culpas
1404 2312 1533 2348 palpare,
1555 2311 1602 2340 sed
1623 2319 1764 2348 pungere,
1785 2318 1836 2340 nec
1858 2310 1941 2339 vitam
1956 2310 2050 2339 fovere

1202 2358 1391 2395 peccantium,
1413 2358 1460 2387 sed
1485 2366 1584 2395 aspera
1612 2357 1799 2394 increpatione
1828 2357 1920 2386 ferire.
1950 2356 2049 2386 Eadem

1202 2405 1303 2433 mentis
1324 2405 1477 2434 constantia
1491 2405 1597 2442 magnis
1612 2405 1778 2442 loquebatur
1793 2407 1820 2433 et
1834 2404 1928 2441 parvis
1942 2404 2050 2433 eadem-

1202 2460 1257 2489 que
1279 2452 1394 2488 spiritus
1416 2451 1588 2481 iucunditate
1609 2451 1705 2489 paucis
1720 2451 1886 2488 loquebatur
1904 2454 1931 2480 et
1945 2450 2048 2479 multis.

358 2628 365 2641 ¹
386 2629 436 2651 Vat.
453 2635 506 2651 cum
524 2628 560 2650 ed.
578 2629 582 2650 1
599 2631 621 2650 01
637 2628 751 2650 nonnullis
769 2628 836 2650 codd.
850 2634 973 2656 perperam
991 2627 1144 2650 advolarunt.

357 2667 366 2680 *Ζ
384 2667 505 2689 Albianum
519 2667 573 2689 olim
587 2667 687 2694 dictum,
700 2668 721 2689 in
734 2667 826 2689 modico
838 2667 894 2689 colle
906 2667 969 2689 haud
981 2667 1061 2695 procul
1076 2673 1144 2689 amne

296 2707 373 2729 Tiberi
392 2707 412 2728 in
431 2705 524 2729 Umbria
548 2708 701 2733 exstructum,
719 2712 764 2728 non
787 2706 855 2733 longe
881 2712 892 2727 a
912 2706 1037 2728 Tudertina
1061 2704 1143 2734 [Todi]

295 2746 398 2773 civitate=
417 2748 441 2767 ut
458 2745 488 2768 ait
505 2745 639 2773 Wadding.‚
659 2745 701 2767 loc.
723 2745 768 2772 cit„
791 2745 820 2767 ad
846 2751 882 2767 an.
906 2745 978 2772 1212,
996 2751 1018 2767 n.
1041 2745 1081 2771 32,
1105 2744 1144 2767 ubi

295 2785 364 2806 ctiam
381 2785 411 2807 de
428 2784 455 2806 iis
472 2790 532 2813 quae
550 2784 606 2806 infra
625 2790 647 2806 n.
665 2784 686 2806 5.
703 2786 873 2812 proponuntur.

358 2822 367 2835 ³
385 2823 442 2846 Edd.
460 2822 597 2846 Purisieusi.

358 2862 367 2874 *¹
385 2863 458 2885 ltalice
475 2862 552 2884 Gaetu.
570 2863 648 2884 Plures
665 2862 733 2885 codd.
752 2862 854 2885 Gazetae.
878 2861 923 2885 Csr.
945 2862 1084 2890 Wadding.,
1102 2862 1143 2884 loc.

296 2902 341 2929 cit.‚
359 2902 388 2923 ad
405 2908 442 2923 an.
461 2902 532 2928 1222,
550 2908 571 2923 n.
589 2902 611 2924 6.
629 2914 658 2917 —
676 2901 772 2923 Inferius
789 2907 832 2929 pro
850 2900 996 2924 irruentibus
1008 2901 1061 2923 edd.
1074 2907 1144 2923 ruen-

297 2939 365 2962 tibus.
629 2938 638 2951 ⁵
656 2939 712 2962 Edd.
730 2945 783 2961 cum
801 2939 915 2962 nonnullis
932 2939 1000 2961 codd.
1014 2938 1142 2969 particeps.

359 2977 369 2990 ⁴³
386 2978 443 3000 Edd.
461 2977 583 3001 recedet-et.
603 2979 697 3001 lnterius
714 2978 765 3000 Vat.
784 2984 836 3000 cum
855 2978 892 3000 ed.
911 2978 919 2999 1
941 2978 1024 3000 omittit
1041 2979 1097 3005 tam,
1121 2979 1143 2999 et

296 3017 395 3039 subinde
411 3023 453 3044 pro
471 3017 534 3046 quod
551 3018 601 3039 Vat.
619 3017 736 3040 substituit
753 3017 804 3047 qni,
824 3018 878 3040 Acta
896 3017 934 3039 SS.
954 3018 986 3040 ut.

1264 2626 1273 2639 ⁷
1290 2627 1339 2649 lsai.
1353 2627 1377 2648 61
1390 2645 1395 2655 ,
1411 2627 1436 2648 l:
1454 2626 1553 2654 Spiritus
1571 2625 1660 2648 Domini
1679 2631 1750 2653 super
1767 2631 1817 2651 me,
1834 2631 1862 2647 eo
1879 2624 1941 2653 quod
1961 2624 2050 2647 unxerit

1200 2666 1314 2688 Dominus
1331 2672 1380 2693 me,
1398 2665 1427 2688 ad
1444 2665 1627 2687 annuntiandum
1646 2664 1772 2687 mansuetis
1791 2664 1852 2687 misit
1871 2670 1909 2686 me
1931 2666 1986 2691 etc.,
2009 2664 2049 2685 cfr.

1200 2705 1254 2726 Luc.
1274 2704 1299 2732 4,
1322 2705 1355 2726 ts.
1375 2717 1403 2720 —
1421 2703 1524 2726 Subinde
1541 2704 1652 2731 allegatur
1671 2703 1683 2725 l.
1702 2702 1754 2725 Cor.
1772 2703 1780 2724 1
1792 2721 1798 2731 ,
1816 2703 1856 2725 24:
1874 2702 1990 2725 Christum
2008 2702 2049 2724 Dei

1201 2744 1309 2766 virtutem
1328 2746 1350 2766 et
1368 2743 1406 2765 Dei
1424 2744 1568 2771 sapientiam.

1264 2781 1273 2795 Β
1291 2782 1356 2805 Eccli.
1375 2782 1416 2809 48,
1435 2782 1461 2804 ¹1:
1480 2783 1505 2804 Et
1521 2781 1619 2804 surrexit
1635 2781 1694 2803 Elias
1710 2781 1824 2809 Propheta
1842 2781 1907 2809 quasi
1934 2780 2003 2808 ignis,
2026 2782 2049 2802 et

1201 2820 1300 2843 verbum
1318 2821 1392 2849 ipsius
1409 2821 1475 2850 quasi
1494 2821 1567 2842 facula
1585 2820 1687 2842 ardebat.

1264 2858 1274 2871 ⁹
1291 2859 1336 2882 Csr.
1354 2859 1489 2887 Wadding.,
1507 2859 1549 2881 loc.
1568 2859 1612 2887 cit.⁷
1629 2858 1659 2881 ad
1671 2864 1709 2880 an.
1730 2858 1802 2884 1217,
1814 2864 1838 2880 n.
1850 2858 1871 2880 3.
1884 2857 1988 2880 Editores
1999 2858 2048 2880 Act.

1201 2899 1240 2921 SS.
1258 2899 1384 2925 insinuant,
1401 2899 1465 2927 quod
1483 2898 1505 2920 S.
1522 2898 1657 2920 Franciscus
1675 2898 1737 2919 hunc
1753 2903 1884 2919 sermonem
1911 2896 1991 2919 habuit
2012 2902 2047 2919 co-

1200 2944 1249 2960 ram
1268 2938 1367 2960 Honorio
1390 2938 1422 2960 lll.
1445 2937 1553 2960 Pontifice
1575 2940 1597 2959 01
1621 2943 1687 2959 33010
1712 2936 1863 2959 cardinalium
1889 2935 1985 2964 collegio
2011 2941 2048 2957 an.

1205 2977 1270 2999 1223.
1288 2989 1318 2993 -—-
1336 2977 1448 3004 Superius
1466 2982 1507 3004 pro
1524 2975 1619 3005 effluere
1637 2975 1675 3002 (ita
1694 2976 1721 3004 Α)
1747 2975 1801 2998 edd.
1824 2980 1878 2997 cum
1904 2975 1952 2996 aliis
1977 2974 2047 2997 codd.

1199 3015 1304 3045 affluere.

2076 1197 2115 1216 Pras
2121 1203 2133 1217 :a

2066 1220 2133 1286 111111

2069 1571 2111 1591 Nota
2120 1577 2133 1591 111

2076 2179 2107 2199 Sin
2114 2166 2132 2198 ,01

2066 2205 2097 2222 ctu
2114 2207 2133 2227 11111

2066 2231 2108 2251 prae
2117 2227 2132 2245 at
