2133 3317
0 614 4 630 l

11 591 28 605 re
40 589 92 604 voce-

10 608 88 628 maedus.

6 957 89 977 natatio.

630 214 825 244 OPUSCULUM
846 215 876 242 X.
899 214 985 243 VlTIS
1005 215 1154 243 MYSTICA.
1177 214 1245 243 CAP.
1268 215 1322 243 XV.

106 299 226 335 positum
254 294 325 323 inter
352 293 439 322 Deum
469 294 496 321 et
524 292 662 321 bominem
695 292 806 321 omnino
838 292 950 321 commi-

106 342 166 372 nuit
186 344 213 370 et
234 339 372 374 dissolvit;
395 339 443 376 qui
465 339 555 376 paries
582 346 632 375 per
658 341 698 367 tot
725 346 862 367 annorum
890 338 950 366 mil-

106 389 142 417 lia
161 388 296 416 duruerat
308 387 335 420 ¹,
357 388 389 414 ut
409 393 460 414 nec
480 386 550 422 Lege
570 393 621 414 nec
643 384 786 421 Prophetis
804 384 895 421 ipsum
909 384 950 413 di-

106 441 250 465 versorum
278 435 490 470 praeceptorum
518 435 545 461 et
572 431 817 460 comminationum
846 431 950 460 malleis

106 479 325 519 percutientibus
346 479 429 508 fuerit
450 479 645 508 comminutus.
662 478 713 507 Sed
727 477 873 506 accedente
888 486 949 506 san-

106 527 188 565 guine
209 525 288 554 haedi
310 528 337 554 et
358 525 422 562 Agni
445 525 548 559 nostri,
570 525 695 553 amabilis
716 525 792 558 lesu,
814 533 867 553 non
891 527 949 553 tan-

107 577 164 602 tum
186 572 343 610 perforatus
364 575 420 605 est,
436 571 483 600 sed
498 571 579 600 etiam
594 571 762 600 destructus.
784 587 823 591 —
843 571 950 600 Dicitur

105 624 195 650 autem
211 619 345 648 Dominus
360 619 434 647 lesus
448 626 507 647 esse
522 617 642 651 liaeduS,
655 617 702 655 qui
718 621 758 646 est
773 618 949 646 immundum

105 666 221 700 animal,
250 665 316 703 quia
345 665 496 694 naturam2
527 665 652 702 gestabat
680 665 787 701 plenam
815 665 841 692 in
871 664 950 693 nobis

105 713 288 743 immunditiis
318 715 506 749 peccatorum,
538 712 565 740 in
587 712 646 748 ipso
667 719 733 740 vero
755 711 823 740 nihil
846 711 948 748 peccati

105 760 271 793 habentem;
293 762 407 796 propter
427 758 558 787 eximiam
581 766 647 787 vero
679 758 841 786 munditiam
869 766 947 786 suam

105 809 209 845 Agnus
229 809 286 840 est,
308 806 354 843 qui
377 814 431 834 non
454 806 542 834 solum
561 813 615 833 non
630 805 714 833 habet
728 808 886 841 peccatum,
902 805 949 833 sed

105 857 132 883 et
152 853 236 882 totius
256 853 363 881 mundi
383 852 453 881 tollit
471 855 592 889 peccata
603 852 622 879 ³.

183 899 209 928 3.
232 899 319 928 Huius
339 907 405 936 ergo
426 898 505 927 haedi
527 901 553 927 et
574 898 639 935 Agni
662 898 748 926 nostri
763 898 873 934 copioso
887 905 949 926 san-

105 947 188 985 guine
216 950 258 981 te,
280 954 296 974 ο
323 954 371 975 cor
398 945 622 980 adamantinum,
644 945 814 982 immerge&
837 945 893 973 iace
921 945 947 973 in

105 994 166 1028 illo,
181 995 214 1022 ut
227 992 351 1026 calefias,
367 992 528 1021 calefactum
544 991 693 1025 molliaris,
708 991 859 1020 emollitum
883 999 949 1020 vero

104 1040 206 1069 fontem
229 1040 415 1076 lacrymarum
437 1039 554 1067 emittas.
576 1039 713 1075 Quaeram
735 1046 801 1075 ergo
823 1038 907 1071 mihi,
922 1041 949 1066 et

104 1087 192 1116 tunc⁵
214 1086 367 1120 inveniam,
396 1085 498 1114 fontem
529 1085 715 1122 lacrymarum
746 1085 773 1113 in
804 1085 948 1121 lacrymis,

104 1134 132 1163 in
153 1141 238 1162 cruce
263 1136 291 1162 et
318 1132 418 1167 clavis,
446 1135 586 1169 postremo
614 1134 641 1160 et
668 1131 696 1160 in
718 1131 852 1168 sanguine
872 1131 949 1160 rubi-

105 1180 200 1212 cundi,
216 1179 352 1208 mitissimi
368 1179 436 1208 lesu.
453 1179 550 1215 Legam
566 1186 632 1215 ergo
646 1181 673 1207 et
688 1178 846 1215 intelligam,
862 1186 949 1215 quan-

104 1230 164 1256 tum
185 1226 243 1263 ipse
263 1225 407 1260 annuerit,
430 1225 562 1254 ruborem
584 1225 675 1253 carnis
689 1228 716 1253 et
730 1225 836 1253 animae
855 1224 951 1253 dilecti

104 1282 139 1303 ex
159 1273 258 1302 dilecto
270 1273 292 1307 ⁶,
313 1272 493 1301 amantissimi
516 1272 584 1301 lesu.
604 1272 707 1300 Rubuit
727 1272 800 1300 euim
823 1272 849 1300 iu
872 1275 949 1300 utro-

105 1329 178 1359 que:
200 1321 227 1349 in
249 1328 332 1349 carne
353 1320 465 1357 quidem
486 1328 522 1348 ex
548 1323 663 1353 natura,
692 1319 757 1356 quia
785 1319 949 1348 naturaliter

104 1367 193 1397 omnis
214 1375 278 1396 caro
300 1367 387 1396 rubea
407 1370 463 1400 est,
485 1374 535 1395 nec
550 1367 641 1395 minus
656 1366 788 1403 sanguine
804 1365 949 1402 passionis,

104 1422 160 1451 quo
180 1422 291 1443 carnem
312 1421 406 1446 suam,
426 1416 520 1441 nostra
541 1412 654 1441 caritate
676 1412 872 1449 compellente,
894 1415 949 1440 tam

104 1461 202 1490 crebro
223 1463 250 1489 et
271 1464 325 1488 tam
348 1460 457 1496 copiose
472 1459 608 1496 perfudit,
630 1467 700 1496 quas
720 1459 801 1487 etiam
824 1459 950 1487 sacratis-

104 1507 164 1537 simi
183 1507 324 1544 sanguinis
337 1507 484 1536 effusiones
499 1506 525 1534 in
541 1506 732 1542 superioribus
744 1506 754 1522 ⁷
776 1509 882 1534 constat
896 1506 951 1535 fre-

105 1557 222 1591 quenter
243 1562 293 1582 nos
314 1554 475 1590 explicasse.
491 1553 567 1582 Unde
581 1553 691 1582 ridetur
706 1553 786 1581 modo
801 1553 826 1581 in
844 1553 886 1581 liis
901 1553 951 1581 mi-

105 1601 177 1630 nime
198 1600 418 1634 immorandum,
439 1608 473 1629 ne
495 1600 589 1629 lectori
612 1599 750 1628 fastidium
772 1603 930 1636 generetur.

1798 217 1847 245 181

1086 293 1112 321 [ι.
1135 293 1202 329 Quis
1224 293 1325 329 igitur,
1347 293 1397 322 nisi
1421 295 1495 322 totus
1516 301 1580 322 caro
1595 296 1622 322 et
1636 293 1748 330 sanguis
1763 296 1790 322 et
1804 294 1851 330 qui
1866 300 1997 320 Continuam⁴

1008 338 1034 367 in
1057 347 1085 367 se
1107 339 1174 367 nihil
1197 339 1296 368 habeat
1317 340 1475 376 spirituale,
1497 339 1658 377 sanguinem
1680 340 1763 369 istum
1778 340 1853 369 fasti—

1007 385 1086 414 diat?
1107 385 1174 422 Quis
1196 387 1290 415 volens
1312 387 1345 415 cle
1369 386 1566 424 sauyuinibus
1578 387 1600 421 ⁸,
1622 387 1649 415 id
1670 390 1711 416 est
1732 387 1851 424 peccatis

1008 439 1056 468 per
1078 440 1190 461 carnem
1211 436 1238 461 et
1259 434 1421 470 sanguinem
1443 434 1607 468 contractis,
1624 433 1752 468 liberari,
1768 434 1852 462 istum

1007 478 1223 507 saluberrimum
1247 480 1408 516 sanguinem
1430 480 1490 509 Iesu
1512 480 1652 517 purissimi
1674 488 1729 509 non
1744 480 1852 509 affecte-

1007 527 1076 552 tur?
1098 525 1272 562 Quicumque
1293 526 1377 555 semel
1399 527 1445 555 illo
1465 527 1624 556 dulcissimo
1645 527 1779 564 sanguine
1793 527 1852 556 fue-

1008 571 1044 599 rit
1065 571 1234 605 iuebriatus,
1249 580 1331 609 quem
1346 573 1468 609 paravit
1489 573 1519 602 in
1542 574 1692 602 dulcedine
1705 582 1763 602 sua
1774 582 1852 611 pau-

1004 617 1072 654 peri
1093 618 1208 652 Deus⁰,
1231 627 1320 648 nonne
1344 620 1429 656 magis
1456 628 1487 649 ac
1516 621 1602 657 magis
1627 621 1715 654 sitiet,
1737 620 1852 649 audiens

1006 667 1033 692 et
1054 664 1209 701 intelligens
1231 674 1324 694 veram
1347 674 1440 695 vorem
1463 667 1615 703 Sapientiae
1637 667 1701 701 Dei,
1716 667 1851 704 Unigeniti

1008 711 1110 745 Patris,
1142 711 1235 748 optimi
1260 712 1319 740 lesu
1340 713 1473 741 dicentis:
1498 714 1556 750 Qui
1575 714 1662 742 cilum
1684 723 1727 742 me
1754 713 1852 743 ciciliae

1006 758 1143 791 esurient,
1155 761 1180 786 et
1190 767 1240 795 qut
1253 758 1351 787 bibunt
1366 768 1409 788 me
1423 759 1520 789 adhue
1534 760 1647 789 sicient?
1663 778 1699 780 —
1715 761 1740 789 Si
1754 768 1851 789 verum

1006 806 1062 837 est,
1084 804 1168 833 immo
1189 805 1254 841 quia
1275 813 1373 834 verum
1396 810 1452 840 est,
1482 807 1603 835 humano
1631 807 1756 844 sanguini
1786 815 1851 843 prae

1006 853 1163 879 ceterorum
1184 851 1343 880 animalium
1366 853 1498 890 sanguine
1514 857 1616 882 tantam
1633 854 1796 883 naturaliter
1811 855 1852 883 in-

1005 904 1065 925 esse
1087 897 1276 932 dulcedinem,
1298 902 1345 932 ut,
1367 903 1430 928 cum
1449 900 1534 929 semel
1555 909 1571 929 a
1592 900 1720 929 bestiis¹⁰
1741 901 1853 938 quibus-

1006 944 1072 972 libet
1093 947 1220 981 gustatus
1241 944 1339 979 suerit,
1363 946 1440 974 illum
1462 954 1570 983 semper
1585 947 1618 976 de
1632 950 1725 976 cetero
1740 950 1852 984 gustare

1006 991 1178 1025 desiderent,
1211 992 1248 1020 ita
1278 995 1309 1021 ut
1340 993 1400 1021 aliis
1421 993 1586 1022 animalibus
1607 994 1765 1031 postpositis
1790 1002 1852 1023 san-

1006 1037 1082 1074 guini
1105 1037 1269 1067 insidientur
1301 1039 1425 1067 humano
1445 1042 1473 1068 et
1494 1040 1521 1068 in
1543 1043 1660 1069 mortem
1694 1048 1771 1069 suam
1801 1049 1852 1077 pro

1006 1084 1052 1112 illo
1074 1089 1206 1113 corruant
1227 1085 1414 1122 acquirendo;
1437 1086 1520 1123 quid,
1542 1087 1640 1121 credis,
1656 1087 1684 1116 in
1699 1095 1727 1116 se
1750 1087 1851 1116 habere

1005 1131 1159 1160 dulcedinis
1180 1133 1341 1169 sanguinem
1364 1132 1437 1162 illius
1459 1134 1515 1162 Filii
1538 1134 1672 1168 hominis,
1689 1134 1746 1163 veri
1762 1134 1809 1163 Dei
1825 1138 1851 1163 et

1006 1178 1063 1207 veri
1086 1178 1220 1213 hominis,
1242 1179 1392 1208 dulcissimi
1417 1180 1499 1209 lesu?
1521 1181 1602 1214 Ecce,
1625 1180 1722 1209 sitiunt
1742 1181 1851 1210 irratio-

1006 1226 1081 1255 nales
1102 1226 1205 1255 bestiae
1226 1226 1387 1263 sanguinem
1411 1227 1545 1261 bominis,
1567 1231 1594 1256 et
1615 1236 1665 1264 ego
1686 1236 1741 1256 non
1762 1228 1851 1256 sitiam

1006 1273 1168 1309 sanguinem
1199 1273 1247 1302 Dei
1278 1276 1305 1301 et
1337 1274 1471 1308 bominis,
1500 1274 1595 1311 optimi
1625 1275 1707 1303 lesu?
1729 1275 1849 1309 Bestiae,

1006 1322 1110 1356 quanto
1131 1320 1193 1356 plus
1214 1320 1402 1356 gustaverint,
1435 1324 1510 1349 tanto
1532 1321 1594 1357 plus
1616 1321 1713 1349 sitiunt
1741 1320 1851 1357 sangui-

1006 1374 1068 1395 nem
1090 1367 1265 1399 bumannum
1294 1370 1320 1395 et
1342 1375 1392 1404 ego
1413 1367 1548 1396 fastidiam
1570 1368 1732 1405 sanguinem
1755 1368 1801 1396 Dei
1824 1371 1851 1396 et

1007 1413 1142 1447 hominis,
1164 1414 1351 1450 benignissimi
1374 1414 1456 1443 lesu?
1478 1414 1581 1443 Bestiae
1607 1417 1695 1443 ruunt
1722 1415 1749 1443 in
1778 1422 1851 1443 nior-

1008 1463 1061 1489 tem
1084 1468 1178 1494 suam,
1194 1460 1365 1489 dulcedinem
1382 1461 1494 1489 humani
1511 1461 1652 1498 sanguinis
1666 1461 1849 1498 acquirendm

1007 1514 1057 1543 ego
1078 1515 1131 1535 non
1154 1507 1287 1536 festinabo
1318 1507 1351 1535 ad
1383 1508 1467 1536 vitam
1498 1516 1603 1541 meam,
1632 1508 1664 1536 ad
1687 1508 1848 1545 sanguinem

1008 1553 1129 1581 candidi
1143 1558 1166 1581 et
1183 1553 1341 1582 rubicundi·
1358 1554 1417 1583 lesu
1431 1555 1472 1582 ¹1?
1487 1571 1525 1574 —
1540 1554 1623 1583 Immo
1638 1562 1703 1583 vere
1718 1554 1851 1583 festinabo

1008 1603 1034 1629 et
1055 1600 1147 1629 bibam
1162 1603 1189 1629 et
1203 1609 1297 1629 emam
1312 1601 1420 1639 absque
1434 1601 1496 1630 ulla
1511 1602 1734 1630 commutatione
1750 1602 1849 1630 rimam

168 1837 175 1850 ¹
192 1839 208 1860 A
221 1837 294 1860 xerbo
306 1837 380 1861 dureo
392 1838 449 1865 sive,
461 1838 523 1866 quod
538 1837 598 1860 idem
612 1838 678 1864 valet,
690 1837 805 1865 [Iuresrm
817 1837 862 1860 Cir.
875 1838 903 1859 Ox
912 1838 950 1864 iil„

107 1878 130 1900 ll.
149 1878 266 1899 Metamor.
283 1884 305 1898 v.
324 1877 364 1899 831
379 1885 384 1898 z
403 1876 498 1906 Oraque
515 1876 656 1899 duruerrmt.
675 1877 730 1898 Bon.
747 1883 799 1899 cum
817 1877 854 1898 ed.
871 1877 875 1898 1
897 1883 951 1899 con-

109 1919 141 1938 tra
158 1915 229 1938 CDE
246 1915 387 1942 duraverat,
408 1916 447 1944 qui
466 1916 545 1943 etiarn,
566 1915 699 1937 immediate
725 1919 775 1943 post
800 1916 885 1937 omisso
910 1917 949 1942 ut,

107 1954 206 1978 subinde
231 1961 273 1982 pro
297 1954 371 1984 suerit
395 1955 555 1977 comminutus
579 1954 697 1977 substituit
718 1954 854 1984 aliqualiter
871 1955 952 1984 suerat

106 1993 273 2017 comminutus.

169 2032 177 2045 ²
195 2033 235 2055 Ed.
257 2033 262 2054 1
285 2038 338 2055 cuin
356 2034 374 2054 A
391 2038 488 2055 curnem
505 2033 622 2055 nostram.
635 2032 737 2055 Subinde
754 2038 797 2060 pro
812 2032 909 2062 plenam
926 2032 950 2055 in

106 2071 172 2095 nobis
184 2071 340 2094 immunditiis
350 2073 503 2100 peccatorum
516 2071 553 2099 (ita
567 2072 622 2094 Bou.
640 2078 692 2094 cum
710 2072 747 2094 ed.
766 2072 773 2093 11
795 2075 817 2094 et
834 2073 861 2099 A)
879 2071 895 2094 C
906 2072 950 2094 DE

108 2110 133 2133 in
148 2110 215 2134 nobis
233 2111 338 2139 [tortasse
355 2110 489 2132 addendum
507 2110 594 2139 ortam]
618 2117 648 2133 ea:
671 2110 827 2134 immunditiis
845 2112 950 2140 peccalo-

107 2155 176 2178 rum,
195 2153 217 2172 et
233 2155 275 2177 pro
292 2148 352 2172 niiiil
367 2149 458 2178 peccati
473 2149 510 2171 ed.
533 2149 537 2171 Ι
559 2148 619 2172 nillil
635 2149 757 2172 eiusmodi.

169 2187 178 2200 ²³
197 2189 258 2211 toan.
277 2189 297 2214 1,
315 2189 351 2210 29.
370 2188 411 2211 Ed.
429 2189 437 2210 11
459 2187 512 2211 tulit
526 2190 632 2218 peccata.

169 2226 178 2239 ¹
196 2227 235 2250 Ed.
258 2228 262 2248 1
285 2227 400 2256 iuunqere
417 2229 438 2250 et
455 2227 607 2256 z'mmerqere,
633 2234 693 2256 quae
710 2227 778 2250 etiam
797 2228 891 2250 iuferius
909 2234 950 2256 pro

108 2266 200 2290 emittas
217 2273 269 2289 curn
288 2267 305 2288 A
323 2266 439 2289 substituit
450 2266 574 2296 effuiidas,·
589 2266 642 2289 ‹lein
658 2273 710 2289 cum
728 2267 745 2288 A
763 2270 785 2289 et
802 2267 870 2295 Bon.,
882 2267 950 2289 codd.

108 2305 230 2328 CDEFH
248 2305 428 2333 refragantibus,
446 2305 525 2328 addit:
543 2305 640 2333 Copiosa
658 2309 735 2328 autem
753 2312 813 2334 aqua
830 2312 890 2334 opus
906 2309 951 2333 est,

110 2347 134 2367 ut
150 2344 265 2366 reficiatur
279 2344 383 2373 populus
402 2350 467 2366 meus
483 2345 504 2367 el
521 2343 625 2367 iumenta
644 2343 695 2373 [cfr.
713 2345 780 2367 Num.
792 2346 834 2371 20,
852 2344 901 2373 ll.].
915 2346 951 2367 Est

111 2387 185 2406 autem
200 2383 305 2413 populus
324 2390 389 2406 meus
407 2386 482 2405 motus
499 2383 568 2405 animi
595 2383 639 2405 mei
665 2384 797 2410 rationales,
815 2388 952 2412 quaerentes

110 2428 136 2445 ea
152 2428 213 2451 quae
230 2425 317 2444 tantum
335 2422 424 2450 spiritui
443 2428 494 2444 meo
512 2422 659 2444 comeniunt.
684 2421 762 2444 liabeo
787 2426 808 2445 et
833 2422 950 2450 [iente-nia,

110 2467 192 2489 nempe
210 2461 236 2490 [Α
254 2460 279 2484 id
295 2461 336 2489 est]
354 2461 410 2483 alias
426 2461 589 2489 cogitationes,
606 2467 665 2489 quae
690 2461 749 2483 circa
776 2467 868 2483 carnem
886 2467 952 2483 orcu-

111 2504 205 2528 pantur,
223 2507 282 2529 quae
299 2501 389 2523 animae
406 2503 510 2523 tenentur
527 2500 661 2522 servitutem
679 2500 814 2528 impendere
831 2503 854 2522 ut
866 2501 952 2522 itunen-

111 2541 175 2566 tum;
193 2545 251 2567 quas
269 2542 377 2567 utrasque
394 2539 544 2566 cogitationes
556 2538 622 2560 decet
633 2538 695 2560 refici
709 2540 770 2561 sonte
786 2539 951 2566 laerymarum,

112 2582 140 2600 ne
157 2577 180 2599 in
197 2577 236 2600 via
253 2577 313 2600 vitae
330 2577 399 2600 huius
423 2576 531 2606 deficiant
557 2577 642 2606 [Matth.
662 2577 702 2604 t5,
721 2577 780 2606 32.],
806 2578 841 2599 vel
859 2584 870 2599 a
890 2580 952 2600 recto

113 2615 191 2638 itinere
208 2616 334 2643 declinent,
352 2619 376 2638 ut
392 2616 456 2645 quod
474 2615 561 2638 bonum
579 2619 613 2638 cst
630 2616 650 2638 in
669 2616 701 2638 eis
719 2617 870 2644 confortetur,
888 2619 909 2638 et
925 2616 951 2645 [A

112 2654 184 2684 quod]
201 2655 321 2678 sordidum
340 2655 459 2683 abluatur,
476 2661 536 2684 quae
554 2655 626 2677 virius
644 2658 740 2684 utraque
757 2655 780 2677 in
798 2655 905 2682 lacrymis
923 2656 952 2677 in-

113 2693 210 2716 venitur.

174 2733 183 2747 ⁵
200 2733 228 2755 lta
247 2732 263 2754 Γ.
273 2733 291 2755 D
301 2734 328 2760 F.;
346 2733 382 2755 erl.
404 2734 408 2754 1
430 2739 483 2755 cum
497 2733 514 2755 Α
526 2734 546 2755 ri
559 2732 662 2760 utinam,
676 2733 732 2755 Bon.
746 2732 812 2760 legit:
832 2732 952 2760 Quaeram

113 2777 169 2800 erqo
186 2777 239 2794 eum
255 2773 276 2794 et
293 2773 358 2795 tunc.

175 2809 184 2822 '³
201 2810 264 2833 Cant.
282 2811 309 2837 5,
326 2811 356 2832 9:
374 2811 452 2839 Qualis
472 2814 506 2832 est
523 2811 619 2832 dilectus
637 2813 689 2832 tuus
710 2816 735 2832 ex
753 2810 844 2832 dilecto.
862 2822 892 2826 —
910 2811 952 2832 Pro

113 2848 226 2872 annuerit
241 2852 262 2871 et
279 2849 359 2872 caruis
377 2850 420 2871 DE
437 2849 517 2872 attulit
533 2853 554 2871 et
571 2849 679 2872 caritatis
690 2851 730 2877 tt),
756 2849 772 2871 C
783 2849 800 2871 11
823 2850 879 2871 hanc
903 2855 953 2876 pro-

114 2887 248 2915 positionem
265 2888 379 2910 omittunt.

176 2925 184 2939 ⁷
201 2926 256 2954 Cap.
274 2928 294 2949 2.
313 2934 335 2949 n.
357 2927 379 2951 1;
397 2934 416 2949 c.
436 2927 456 2949 4.
474 2934 496 2949 n.
514 2928 536 2949 ⁶2.
553 2933 616 2956 επις
634 2934 654 2948 r.
671 2927 693 2949 5.
718 2933 741 2948 n.
764 2927 784 2948 34
808 2933 871 2955 se=1.;
889 2934 908 2949 c.
932 2927 953 2949 9.

115 2971 136 2987 ιι.
154 2965 175 2987 2.
192 2969 235 2988 ete.
251 2977 282 2982 ·—
299 2966 339 2988 Ed.
360 2966 365 2987 l
387 2972 440 2988 cum
459 2968 474 2988 A
494 2965 516 2988 iu
534 2965 697 2995 supprior-ilius
710 2972 751 2988 nos
764 2966 898 2995 frequenter
910 2972 954 2988 iur-

115 3003 226 3027 minuitas
243 3004 382 3033 emylii-asse.
394 3005 478 3027 Eadem
492 3005 528 3027 ed.
551 3006 555 3026 l
578 3012 630 3027 cuin
649 3007 665 3027 A
683 3009 704 3027 et
722 3005 777 3027 Bon.
789 3009 866 3027 contra
885 3005 900 3027 C
911 3006 954 3027 Di:

1006 1838 1114 1866 superius
1139 1842 1191 1866 post
1216 1837 1302 1861 [inbuit
1318 1837 1377 1860 inim
1397 1837 1420 1861 in
1440 1839 1539 1867 uti-oque
1556 1839 1648 1866 supplet
1664 1838 1688 1861 ia'
1704 1840 1737 1861 est
1754 1840 1801 1862 lam
1826 1838 1848 1861 iu

1006 1882 1105 1905 corpore
1123 1876 1151 1906 [A
1170 1880 1191 1899 et
1209 1877 1263 1899 Bon.
1282 1876 1362 1905 carue]
1381 1883 1453 1906 quam
1466 1877 1488 1899 iu
1502 1876 1590 1899 aalma,
1604 1878 1699 1900 interius
1715 1877 1731 1900 C
1749 1881 1769 1900 et
1786 1878 1824 1900 ed.
1840 1879 1844 1900 1

1006 1917 1113 1938 omittunt
1130 1915 1210 1943 modo,
1228 1916 1291 1944 quod
1309 1915 1420 1943 praebent
1445 1916 1528 1942 ADE,
1554 1922 1596 1943 pro
1619 1922 1665 1944 quo
1684 1917 1738 1939 Bon.
1755 1916 1803 1943 liic,
1829 1917 1849 1939 iu

1006 1958 1059 1976 uota
1085 1954 1172 1976 adiecta
1199 1955 1331 1976 insinuans:
1357 1963 1368 1974 α
1386 1955 1425 1977 sed
1452 1954 1489 1977 hii·
1514 1955 1660 1983 addendum,
1685 1955 1739 1984 quia
1764 1956 1793 1978 de
1816 1956 1850 1978 his

1006 2000 1025 2015 c.
1049 1994 1082 2015 ¹7.
1099 1999 1163 2022 seqq.
1181 1993 1232 2016 data
1252 2000 1321 2021 opera
1341 1994 1412 2016 fusius
1429 1997 1522 2016 acturus
1538 1997 1572 2016 est
1585 2003 1606 2016 n.

1069 2031 1078 2045 ⁸
1097 2033 1155 2055 ioan.
1178 2033 1195 2059 l,
1214 2033 1257 2054 ta:
1271 2032 1314 2061 Qui
1326 2039 1370 2055 non
1383 2038 1410 2054 ex
1421 2032 1574 2060 sanguinibus
1592 2037 1634 2055 etc.
1646 2045 1676 2049 —
1688 2034 1750 2055 Hanc
1767 2039 1851 2061 propo-

1007 2072 1112 2094 sitionern
1122 2072 1185 2099 Bon„
1194 2072 1364 2099 refragantibus
1376 2073 1393 2094 A
1404 2072 1419 2094 C
1430 2072 1448 2094 D
1458 2073 1473 2094 E
1485 2076 1506 2094 et
1519 2072 1555 2094 ed.
1573 2073 1589 2099 l,
1599 2072 1628 2094 ita
1641 2072 1743 2095 exhibet:
1758 2082 1769 2092 a
1780 2073 1850 2095 Nemo

1007 2111 1159 2138 contradicat,
1177 2111 1217 2133 sed
1236 2111 1303 2133 istuin
1316 2111 1452 2139 sanguinem
1466 2112 1514 2133 lesu
1527 2111 1644 2139 purissimi
1656 2117 1717 2133 nunc
1729 2112 1816 2138 affectet
1828 2121 1849 2134 n.

1008 2149 1110 2172 Vocibus
1127 2149 1198 2173 istum
1215 2149 1400 2173 saluberrimwn
1419 2150 1456 2172 etl.
1475 2151 1483 2171 i
1505 2156 1558 2172 etun
1576 2151 1593 2172 A
1614 2151 1727 2173 interserit
1748 2151 1850 2180 purissi-

1006 2195 1074 2211 mum
1091 2192 1113 2211 et
1131 2195 1172 2216 pro
1189 2188 1312 2218 affectetur
1331 2189 1369 2213 (ita
1388 2189 1413 2217 C)
1432 2189 1503 2211 ΑΒΕ
1520 2193 1541 2211 et
1558 2189 1595 2211 ed.
1625 2190 1629 2211 1
1656 2189 1798 2212 substituunt
1816 2190 1852 2219 as-

1006 2228 1079 2257 [ιω-Μ.

1070 2265 1079 2279 ⁹
1098 2267 1178 2289 Psalm,
1198 2267 1240 2293 67,
1262 2267 1295 2289 ll.
1316 2280 1343 2282 -—
1363 2266 1466 2289 Subinde
1483 2268 1594 2295 allegatur
1609 2268 1675 2289 Eccli.
1694 2267 1735 2295 24,
1753 2268 1790 2290 29.

1071 2305 1090 2318 ¹⁰
1109 2306 1180 2328 Sensu
1199 2306 1304 2328 strictiori
1322 2306 1429 2333 acceptis.
1456 2306 1546 2331 isidor„
1572 2307 1618 2328 ΧΗ.
1637 2307 1765 2334 Etyinolog.
1787 2314 1806 2329 (·.
1830 2308 1851 2329 2.

1009 2352 1030 2367 n.
1053 2346 1069 2368 l.
1087 2351 1187 2373 sequens
1212 2345 1380 2372 Augustinuui,
1399 2346 1431 2367 lll.
1449 2345 1478 2367 (le
1495 2346 1550 2367 Gen.
1567 2345 1595 2367 ad
1614 2346 1653 2368 litt.
1671 2352 1691 2368 c.
1711 2346 1746 2368 11.
1764 2352 1785 2368 n.
1812 2346 1850 2371 16,

1007 2384 1054 2406 ait:
1073 2383 1206 2407 Bestiarum
1233 2383 1372 2406 vocabulum
1392 2384 1484 2412 proprie
1502 2384 1609 2406 convenit
1626 2384 1742 2411 leonibus,
1760 2385 1851 2412 pardis,

1009 2422 1133 2450 tigribus...
1158 2429 1184 2444 ar
1210 2423 1303 2449 ceteris,
1328 2429 1388 2451 quae
1411 2423 1447 2444 vel
1470 2429 1522 2449 ore,
1540 2424 1576 2445 tel
1595 2422 1713 2450 unguibus
1732 2424 1850 2450 saeviunt,

1008 2461 1108 2488 exceptis
1125 2460 1278 2488 serpentibus.
1303 2461 1392 2483 Bestiae
1409 2465 1485 2483 autem
1503 2461 1576 2484 dictae
1594 2467 1605 2483 a
1624 2462 1658 2489 ri,
1676 2468 1721 2490 qua
1739 2462 1852 2484 saeviunt.

1009 2500 1052 2523 Cir.
1071 2500 1175 2527 Hierum,
1193 2501 1207 2522 1.
1225 2499 1354 2522 Comnient.
1371 2500 1392 2521 in
1410 2499 1518 2522 Habacur
1540 2500 1557 2526 l,
1579 2500 1612 2522 15.
1629 2506 1707 2528 seqq,
1720 2499 1758 2522 ubi
1771 2500 1800 2523 de
1812 2500 1852 2523 be-

1009 2539 1056 2561 stiis
1074 2539 1142 2560 dicit:
1164 2548 1173 2557 u
1187 2545 1246 2567 quae
1264 2541 1380 2566 gustatum
1399 2539 1469 2560 semel
1486 2539 1622 2566 sanguinem
1635 2545 1728 2566 semper
1740 2539 1818 2561 sitiunt
1829 2548 1852 2562 ιι.

1009 2591 1039 2594 —
1057 2578 1167 2605 Superius
1186 2578 1239 2600 Bon.
1257 2581 1334 2600 ‹Jontra
1353 2577 1450 2600 ACDE
1467 2580 1489 2600 ct
1506 2578 1543 2600 ed.
1564 2578 1568 2599 1
1591 2577 1673 2600 omittit
1698 2577 1770 2600 inuno
1795 2578 1849 2608 quin

1009 2622 1090 2639 rerum
1109 2617 1159 2643 esst
1177 2617 1215 2638 cfr.
1234 2622 1303 2644 supra
1320 2623 1340 2638 c.
1358 2617 1379 2638 3.
1397 2623 1419 2638 n.
1433 2617 1459 2643 4,
1472 2616 1511 2639 ubi
1524 2617 1597 2638 simile
1610 2616 1719 2639 habetur:
1731 2616 1765 2644 Si,
1778 2616 1850 2640 imant)

1009 2655 1065 2684 quia
1082 2657 1153 2684 caput
1175 2661 1253 2677 meum
1279 2655 1386 2678 Cin-istus
1403 2657 1444 2678 est.
1463 2655 1556 2677 inferius
1574 2661 1615 2683 pro
1633 2655 1702 2684 quid,
1720 2655 1809 2683 credis,
1827 2655 1849 2678 iu

1008 2700 1032 2717 se
1050 2693 1136 2717 habere
1153 2694 1193 2718 (ita
1210 2694 1226 2716 C
1237 2695 1254 2716 D
1265 2695 1288 2721 li),
1308 2694 1345 2716 ed.
1367 2695 1371 2715 1
1394 2700 1447 2716 cum
1465 2695 1481 2716 A
1500 2695 1617 2723 quantum
1635 2693 1658 2717 in
1675 2700 1699 2717 se
1716 2694 1792 2717 credis
1809 2694 1851 2717 ha-

1009 2732 1073 2761 bri-e,
1094 2734 1148 2755 Bon.
1167 2733 1236 2760 legit:
1254 2732 1310 2762 quid
1325 2732 1460 2762 faciendum
1477 2732 1510 2761 ei,
1529 2732 1571 2762 qui
1586 2732 1672 2760 erodii,
1690 2739 1714 2756 se
1731 2732 1816 2757 habere
1827 2733 1849 2756 iu

1008 2778 1032 2795 se
1048 2772 1188 2801 sanquinem
1206 2776 1249 2794 etr.

1072 2810 1090 2823 ¹¹
1108 2811 1172 2833 (lant.
1189 2811 1215 2837 5,
1238 2811 1277 2833 te:
1297 2811 1394 2833 Dilectus
1412 2817 1477 2833 meus
1494 2811 1607 2833 candidus
1618 2815 1639 2833 et
1654 2810 1804 2834 rubicundus.
1821 2824 1851 2828 —

1010 2850 1121 2877 Superius
1147 2856 1189 2877 pro
1215 2849 1360 2873 dulcedinem
1385 2849 1487 2872 mimam·
1506 2849 1632 2878 sanqaiuis
1648 2849 1793 2880 acquirendo
1812 2851 1850 2875 (ita

1009 2888 1025 2911 C
1036 2889 1054 2911 D
1064 2890 1088 2917 E)
1113 2889 1149 2911 cd.
1171 2889 1175 2910 1
1199 2895 1251 2911 cum
1274 2890 1290 2910 A
1308 2887 1429 2912 dulcedine·
1450 2888 1574 2917 snnqui'm‘s
1600 2888 1700 2912 humaui
1723 2890 1850 2914 atti-accae,

1010 2929 1064 2950 Bou.
1081 2933 1126 2957 pro
1144 2927 1209 2950 dulci
1225 2927 1329 2950 humanu
1347 2927 1463 2956 sanquine
1480 2927 1624 2956 nequii-mido
1649 2932 1671 2950 et
1696 2928 1779 2951 omissa
1802 2934 1851 2956 seq.

1011 2966 1166 2995 propositione
1184 2967 1345 2995 prosequitur:
1362 2968 1383 2989 rt
1399 2972 1441 2995 eqo
1459 2972 1505 2989 ium
1517 2966 1631 2995 festinabo
1644 2968 1664 2990 et
1676 2973 1751 2990 emam
1765 2966 1852 2996 alisqua-

1010 3005 1059 3028 tilla
1078 3008 1121 3027 etc.

1869 767 1982 786 Similitudo.
