2133 3317
13 343 52 364 anio
63 342 90 361 in—

14 372 46 386 ens
56 365 89 384 sol-

13 395 38 410 ur.

0 897 90 918 nmde

0 920 87 949 apuu-tione

0 951 10 964 n
15 949 90 964 nuens.

0 1715 34 1734 m,
46 1715 86 1729 cum

0 1733 87 1761 ritualiler

0 1761 47 1777 lem.

543 212 737 241 OPUSCULUM
758 213 788 240 X.
812 213 896 241 vlTls
917 213 1066 241 MYSTICA.
1089 213 1348 243 ADDITAMENTUM
1370 214 1411 242 lv.

176 291 234 316 117.
253 291 299 316 Sed
317 291 376 322 quid
394 291 497 315 dicimus
521 290 550 315 de
575 290 615 315 his
639 290 681 321 qui
703 290 806 321 propter
825 290 946 315 defectum

105 335 217 360 terrenae
236 334 391 358 substantiae
410 333 469 358 haec
488 340 562 364 opera
581 333 683 364 implere
699 339 749 357 non
763 333 881 364 possunt,
895 333 946 357 sive

105 377 184 403 adhuc
201 377 226 401 in
246 376 342 401 saeculo
367 376 562 405 commorentur,
587 376 637 400 sive
657 375 830 400 renuntiantes
849 375 946 400 saeculo

105 420 130 445 et
147 419 274 447 omnibus,
288 426 350 450 quae
363 418 536 449 possidebant,
550 418 643 443 nudum
657 418 784 442 Christum
797 418 855 442 nudi
869 418 946 443 secuti

105 461 204 488 sunt1?
222 461 342 492 Nunquid
360 461 385 485 hi
406 468 489 486 omnes
508 461 607 492 reprobi
625 460 713 490 erunt,
732 460 774 491 qui
797 460 896 485 Christo
920 461 945 484 in

105 504 219 536 operibus
237 503 417 528 misericordiae
434 503 576 528 ministrare
589 511 637 528 non
652 503 775 534 possunt?
787 503 875 528 Absit!
889 503 945 528 Non

105 547 167 572 enim
186 545 349 577 impotentes,
369 545 412 570 sed
430 545 543 572 nolentes
561 545 799 570 condemnabuntur.
823 545 888 570 Nam
912 546 946 570 vi-

105 596 186 618 scera,
206 588 230 613 id
249 588 288 613 est
306 589 500 619 compassionem
519 596 604 617 suam,
624 596 673 613 non
691 589 785 613 claudit
803 596 818 612 a
836 588 946 619 proximo

104 631 265 663 indigentiam
285 631 391 662 patienti
401 630 410 643 ²
429 632 484 662 qui.
499 631 520 656 si
540 631 637 662 posset,
651 631 727 656 vellet
740 631 883 662 subvenire,
897 630 946 655 suf-

104 674 202 705 ficitque
215 674 320 699 Domino
333 681 374 699 cor
386 674 501 703 intuenti,
514 675 534 699 si
545 675 598 699 sola
610 675 727 699 voluntas
740 674 814 700 adsit.
828 674 853 698 et
865 674 945 705 ipsam

104 724 148 749 pro
164 716 229 742 facto
243 717 345 748 reputat
357 717 521 741 voluntatem.
535 717 628 741 Nullus
641 717 719 748 igitur
732 724 757 741 se
771 717 863 748 poterit
875 724 947 741 excu-

104 767 172 790 sare,
192 760 250 791 quin
270 760 336 785 omni
356 760 450 791 petenti
470 768 495 785 se
509 760 605 785 tribuat
618 760 657 785 vel
670 767 742 791 opere
756 760 794 784 vel
808 759 946 784 voluntate.

104 803 160 828 Non
178 803 256 834 igitur
275 810 301 827 se
320 802 436 827 excusent
460 803 501 834 qui
520 803 579 828 dare
598 810 647 828 non
666 802 785 834 possunt,
805 803 844 827 vel
864 810 878 827 a
898 802 947 827 Do-

103 847 168 871 mino
179 845 279 875 afflicta,
294 846 333 870 vel
347 846 489 870 voluntaria
498 845 507 858 ³
521 846 670 877 paupertate
682 846 759 870 coacti
771 854 776 875 ;
790 845 946 870 voluntatem

103 889 160 913 dare
180 888 306 913 tenentur.
325 902 360 905 —
376 888 506 913 Examinet
525 888 609 913 autem
623 895 648 913 se
661 888 777 919 quilibet,
792 889 812 912 si
825 888 889 912 hanc
901 887 946 912 ha-

103 931 160 957 beat
178 931 341 956 voluntatem.
361 931 421 956 Cum
435 932 499 956 enim
512 931 581 956 vides
594 938 741 962 pauperem,
755 931 794 956 vel
807 931 945 960 infirmum,

103 974 141 999 vel
157 974 327 1005 peregrinum,
341 973 366 997 et
379 974 449 998 nulla
462 973 598 999 commotus
611 974 792 1004 compassione,
807 974 946 1004 pertransis

102 1025 145 1042 nec
158 1017 293 1042 orationem
307 1024 351 1041 nec
362 1017 481 1048 gemitum
498 1024 542 1048 pro
555 1017 598 1042 illo
612 1017 730 1046 effundis;
748 1017 859 1048 nunquid
871 1016 945 1041 dandi

101 1061 177 1085 habes
189 1060 360 1085 voluntatem?
370 1060 542 1092 Nequaquam.
552 1060 576 1084 Si
589 1060 653 1084 enim
667 1067 715 1085 non
728 1059 817 1084 dividis
830 1059 945 1084 affectum

101 1103 214 1128 caritatis
225 1110 280 1128 cum
298 1104 408 1134 proximo
426 1103 565 1134 indigente,
580 1102 680 1133 perinde
693 1102 731 1127 est
744 1109 772 1127 ac
786 1103 806 1127 si
818 1109 867 1127 non
881 1109 946 1127 eom-

102 1146 206 1178 patiaris
226 1145 339 1177 patienti.
361 1146 386 1170 Si
405 1152 454 1170 non
473 1145 606 1170 condoles⁴
624 1153 678 1170 cum
691 1145 806 1175 dolente3
826 1145 945 1176 quomodo

102 1188 269 1213 substantiam
288 1188 432 1213 exteriorem
452 1187 593 1212 divideres?
612 1188 636 1212 Si
649 1195 699 1212 non
712 1188 756 1212 das
768 1188 945 1219 compassionis

101 1231 231 1260 affectum,
250 1231 305 1262 qui,
325 1237 373 1262 quo
393 1231 450 1261 plus
468 1230 557 1259 datur,
587 1230 643 1261 plus
671 1230 799 1259 abundat3
825 1230 945 1261 quomodo

102 1274 173 1299 dares
191 1274 316 1298 terrenam
336 1273 516 1302 substantiam,
536 1280 598 1304 quae
617 1273 696 1297 divisa
719 1273 861 1297 minuitur?
881 1272 946 1302 Quo-

101 1317 148 1342 ties
167 1317 250 1342 autem
269 1317 380 1341 videmus
399 1317 506 1348 aliquem
519 1316 684 1347 indigentem,
698 1323 861 1347 agnoscamus
874 1316 946 1340 Chri-

102 1360 169 1385 stum
187 1361 213 1384 in
231 1359 291 1389 111ος
311 1359 369 1390 quia
387 1359 412 1384 et
431 1359 484 1390 ipse
502 1359 616 1390 indigens
629 1359 764 1383 membrum
785 1358 878 1383 Christi
898 1359 943 1388 est,

101 1403 126 1428 et
144 1409 193 1428 non
212 1402 356 1427 claudamus
375 1402 470 1427 viscera
489 1402 666 1433 compassionis
685 1401 716 1426 ab
732 1402 775 1426 illo
787 1411 792 1431 ς
806 1402 831 1426 et
845 1409 887 1432 per
900 1401 945 1427 hoc

102 1446 219 1474 sciemuS,
239 1445 298 1476 quia
316 1445 413 1469 caritas
432 1445 476 1469 Dei
495 1446 582 1469 immet
600 1445 628 1469 in
645 1444 720 1469 nobis
729 1445 746 1468 ⁵.
766 1444 872 1469 Maxime
898 1445 945 1469 vir-

102 1489 172 1519 gines
192 1487 298 1517 Christi,
318 1487 372 1512 lilia
391 1487 447 1512 boni
465 1487 537 1517 Iesu,
557 1487 624 1512 intra
641 1487 711 1512 albos
724 1487 796 1512 flores
810 1487 945 1512 munditiae

101 1531 231 1563 virginalis
250 1530 359 1555 habeant
377 1530 402 1554 et
420 1530 465 1555 hos
490 1537 579 1555 aureos
603 1529 718 1555 flosculos
741 1530 866 1559 caritatis,
893 1531 945 1554 sine

101 1582 150 1606 qua
168 1574 238 1599 nulla
257 1574 379 1598 munditia
391 1573 530 1603 castitatis,
544 1573 629 1598 nullus
642 1573 712 1598 labor
725 1573 861 1604 passionis,
875 1573 946 1598 nulla

102 1617 217 1641 scientiae
236 1616 363 1647 plenitudo
382 1616 482 1640 ianuam
501 1616 567 1640 vitae
585 1616 738 1647 ingredietur
756 1616 880 1640 aeternae.

173 1658 232 1684 118.
252 1659 420 1684 Nihilominus
438 1658 535 1688 autem,
555 1659 629 1684 immo
654 1659 679 1683 et
703 1658 782 1684 multo
806 1659 886 1690 magis
903 1659 946 1683 mi-

102 1702 232 1727 serendum
252 1702 290 1726 est
308 1702 405 1726 miseris
424 1709 439 1726 a
457 1702 498 1726 via
517 1701 598 1726 rectae
623 1701 679 1726 fidei
704 1701 743 1726 vel
769 1709 870 1732 operum
890 1701 946 1726 fidei

102 1744 300 1770 exorbitantibus
318 1745 343 1769 et
362 1745 387 1769 in
406 1737 563 1775 peccatorum
582 1744 652 1769 sorde
669 1743 819 1774 iacentibus,
834 1745 885 1769 sive
898 1745 946 1775 ipsi

103 1788 203 1819 peccata
222 1795 267 1812 sua
285 1787 433 1819 agnoscant,
454 1788 505 1812 sive
518 1794 579 1817 non,
593 1787 745 1819 frangendus
759 1787 797 1812 est
810 1788 858 1817 eis,
871 1788 896 1812 id
908 1787 947 1812 est

102 1831 254 1856 orationibus
274 1830 298 1855 et
317 1831 433 1862 lacrymis
452 1830 545 1855 nostris
564 1830 596 1854 ad
614 1830 806 1856 misericordiam
824 1830 947 1855 inclinan-

102 1874 149 1899 dus
167 1874 209 1899 ille
229 1873 301 1905 panis
320 1873 434 1898 caelestis
452 1873 620 1904 Angelorum,
638 1873 717 1898 dulcis
735 1873 814 1898 Iesus.
828 1873 946 1898 Similiter

101 1917 127 1942 et
144 1917 181 1941 illi
200 1916 290 1948 quibus
309 1916 376 1941 dedit
403 1916 524 1941 Dominus
551 1915 720 1945 intellectum,
746 1923 835 1946 panem
861 1923 945 1940 sacrae

101 1960 244 1991 Scripturae
263 1959 356 1984 talibus
374 1958 493 1990 frangent
505 1959 531 1983 et
543 1958 683 1990 apponent,
697 1958 790 1983 orando
804 1958 945 1987 Dominum,

101 2003 130 2028 ut
149 2003 232 2028 oculos
250 2009 334 2027 eorum
353 2002 450 2033 aperire
468 2002 598 2033 dignetur,
618 2002 647 2026 ut
668 2009 723 2026 enm
748 2002 898 2033 agnoscant,
921 2001 946 2026 et

101 2046 181 2072 cordis
209 2045 322 2076 palatum
350 2044 434 2074 sanet,
454 2044 483 2069 ut
505 2044 609 2076 gustent
632 2044 657 2069 et
683 2044 797 2073 videant,
823 2045 946 2075 quoniam

103 2089 201 2114 omnino
220 2087 307 2113 suavis
325 2089 362 2112 est
379 2086 544 2119 Dominusss,
562 2088 691 2118 ipsumque
711 2088 739 2112 in
756 2086 886 2117 fractione
898 2094 946 2118 pa-

101 2131 158 2162 nis,
177 2131 202 2156 id
220 2130 259 2156 est
271 2131 296 2155 in
309 2129 514 2161 interpretatione
528 2137 612 2154 sacrae
625 2129 781 2160 Scripturae,
794 2129 945 2161 agnoscant,

103 2181 207 2206 quorum
227 2173 296 2199 oculi
314 2173 456 2198 intellectus
474 2173 532 2198 ante
553 2173 717 2204 tenebantur,
734 2180 765 2197 ow
783 2180 840 2197 eum
858 2179 946 2204 coqne—

103 2217 208 2248 scerent,
228 2216 384 2247 peccatorum
403 2216 516 2240 sordibus
530 2215 683 2246 superiectis.
696 2215 860 2247 Frangendus
872 2215 909 2239 est
922 2215 946 2240 et

106 2259 178 2290 panis
202 2258 379 2284 consolationis
401 2258 440 2283 his
465 2259 507 2290 qui
531 2259 557 2283 in
579 2258 704 2289 pressuris
723 2257 783 2282 sunt
800 2257 945 2289 constituti,

104 2301 155 2326 sive
173 2301 199 2326 in
218 2301 382 2332 languoribus
400 2301 523 2332 corporis,
544 2301 595 2325 sive
613 2307 685 2326 onere
699 2300 856 2331 paupertatis
869 2301 908 2325 vel
921 2301 946 2325 in

104 2343 257 2374 semetipsis,
277 2344 316 2368 vel
334 2343 359 2368 in
378 2343 464 2368 amicis
482 2344 547 2373 suis,
567 2343 596 2368 ut
616 2343 748 2368 secundum
761 2343 889 2368 consillum
903 2343 947 2368 Sa-

104 2387 196 2418 pientis
207 2386 216 2400 ⁷
235 2387 310 2412 detur
328 2386 407 2411 sicera
426 2386 599 2411 moerentibus
617 2387 641 2411 et
658 2386 747 2410 vinum
765 2386 844 2411 dulcis
862 2393 948 2411 conso·-

168 2557 175 2570 ²
194 2558 324 2586 Respicilur
343 2558 454 2580 sententia
479 2558 570 2580 llieron.
596 2565 665 2586 supra
693 2565 745 2587 pag.
772 2559 830 2586 ·11-4,
849 2562 900 2581 nola
926 2559 948 2581 7.

106 2589 179 2611 allata.

167 2618 176 2632 ²
195 2620 323 2648 nespicltur
341 2620 355 2642 l.
373 2621 432 2642 loan.
450 2620 477 2647 3,
499 2621 531 2642 17.
545 2627 614 2648 supra
628 2627 650 2642 n.
667 2621 715 2643 116,
728 2622 820 2648 allams,
832 2624 853 2643 et
865 2621 949 2643 deinde

107 2651 120 2672 l.
138 2651 194 2679 Reg.
217 2651 255 2677 16,
272 2651 302 2672 7:
319 2651 432 2674 Dominus
449 2655 525 2673 autem
545 2652 646 2674 intuetur
670 2658 717 2674 cor.
737 2652 782 2675 Csr.
804 2653 900 2679 Bonan,
924 2653 947 2674 11.

106 2682 167 2704 Sent.
184 2682 206 2704 d.
226 2682 263 2704 40.
280 2688 301 2704 a.
320 2683 340 2704 ·1.
357 2689 380 2711 q.
397 2683 425 2709 3,
441 2682 481 2705 ubi
499 2683 567 2705 etiam
592 2683 630 2710 (ad
653 2684 683 2711 2.)
708 2683 827 2711 explicatio
844 2683 903 2705 illius
920 2685 948 2706 cs-

107 2713 160 2735 10ιί1
176 2712 287 2736 voluntas
302 2719 348 2742 pro
364 2713 427 2744 sciolo
444 2715 578 2743 reputatur.

169 2743 178 2756 ³
195 2745 225 2766 lla
243 2746 273 2771 A,
292 2744 345 2766 Bon.
364 2750 416 2767 cum
435 2745 471 2767 ed.
491 2745 498 2766 l
520 2750 568 2768 non
582 2746 692 2774 possunt.
713 2745 769 2768 Tam
788 2744 849 2768 enim
866 2745 949 2775 afflicti

106 2781 179 2804 quam
195 2774 342 2798 voluntaria.

168 2805 177 2818 4
195 2807 224 2828 lla
244 2807 297 2828 Bon.
316 2812 368 2828 curn
387 2806 423 2829 ed.
444 2807 466 2834 1;
484 2807 501 2829 Α
520 2813 562 2834 pro
576 2806 674 2836 perinde
690 2808 735 2834 est,
758 2812 787 2830 ac
810 2806 878 2829 habet
901 2810 947 2829 lan-

107 2839 155 2859 tum
172 2838 206 2865 et,
224 2840 246 2859 et
264 2843 306 2865 pro
323 2841 408 2865 puncto
426 2837 494 2860 nabet
510 2843 609 2860 comma.

169 2867 178 2880 ⁵
195 2868 266 2896 Epist.
283 2869 297 2890 l.
315 2869 374 2891 loan.
393 2869 419 2895 3,
441 2869 479 2891 17:
491 2869 535 2897 Qui
547 2868 653 2891 habuerit
666 2868 844 2891 substantiam...
855 2869 947 2891 010100-

107 2899 160 2921 serit
177 2899 264 2921 viscera
283 2905 322 2922 sua
341 2899 371 2922 ab
388 2906 428 2926 eo,
445 2900 563 2928 quomedo
589 2900 670 2922 caritas
695 2900 736 2922 Dei
758 2904 834 2922 manet
856 2900 878 2922 in
899 2901 945 2922 eo?

108 2942 136 2945 ——
155 2930 250 2952 lnl‘erius
268 2936 294 2952 ex
312 2931 329 2952 A
347 2931 507 2958 supplevimus
525 2930 574 2953 lilia
593 2930 648 2953 boni
664 2931 722 2953 lesu.

169 2960 178 2973 ὖ
197 2962 278 2983 l’salin.
295 2962 336 2988 33,
355 2962 381 2989 9,
405 2965 456 2989 post
476 2968 546 2990 quem
572 2963 626 2984 Luc.
648 2961 690 2988 24,
714 2961 758 2984 35:
781 2962 946 2989 Cognoverunt

108 2998 159 3014 eum
178 2992 200 3014 in
218 2992 326 3015 sinc-tione
343 2993 423 3020 panis,
441 2996 462 3015 et
481 2999 502 3014 v.
525 2993 565 3015 lli:
583 2993 647 3015 Oculi
659 2998 735 3015 autern
747 2999 827 3015 eorum
840 2993 945 3016 tenebun-

1791 216 1846 244 ⁶215

1002 291 1103 316 lationis
1123 291 1162 316 his
1182 292 1226 322 qm*
1245 300 1336 316 amm-o
1354 294 1416 317 sunt
1434 293 1535 323 animo,
1561 292 1662 317 divitem
1686 300 1782 324 semper
1808 299 1846 317 vo-

1002 333 1130 358 luntatem*
1145 333 1264 358 habentes
1283 335 1314 358 ad
1332 342 1429 364 omnes,
1450 342 1499 360 non
1517 335 1596 360 solum
1616 335 1647 360 ad
1664 336 1755 360 amicos
1771 335 1847 360 01110-

1002 376 1116 401 mesticos
1135 376 1205 405 fidei,
1225 384 1311 401 verum
1327 377 1401 402 etiam
1414 378 1446 402 ad
1459 378 1582 407 inimicos,
1596 379 1625 402 ut
1640 378 1720 403 simus
1733 377 1783 408 filie
1796 378 1847 402 Pa-

1003 419 1051 443 tris
1069 419 1164 449 nostri,
1184 420 1229 450 qui
1249 420 1275 444 in
1294 420 1371 445 caelis
1390 422 1440 451 est,
1455 421 1499 452 qm*
1512 420 1575 450 facit
1592 421 1670 445 solem
1686 428 1762 445 suum
1781 421 1846 445 oriri

1001 467 1079 490 super
1098 461 1176 485 bonos
1194 462 1218 485 ct
1235 462 1319 487 malos
1338 464 1362 487 et
1379 463 1451 493 pluit
1475 471 1551 494 super
1576 463 1655 488 iustos
1679 465 1703 488 ct
1726 463 1845 488 iniustos.

1002 517 1037 520 —
1055 503 1101 527 Sed
1120 503 1182 528 forte
1201 504 1265 529 d1cet
1283 505 1386 536 aliquis:
1407 506 1465 537 quid
1484 506 1579 537 deperit
1599 506 1649 531 Deo
1667 507 1693 531 in
1716 513 1756 535 eo,
1782 506 1847 537 quod
1857 511 1942 530 Obiectio
1955 511 1996 531 sol-

1003 544 1098 570 301011]Β
1117 546 1168 570 31νο
1188 547 1298 577 pluviam
1318 555 1388 572 suam
1407 548 1459 573 tam
1478 549 1550 573 malis
1575 556 1648 580 quam
1675 549 1745 574 bonis
1768 549 1847 580 largi-

1003 587 1066 612 tur?
1084 588 1167 618 Nihil,
1186 589 1300 621 inquam,
1314 591 1388 615 immo
1401 590 1426 615 et
1439 591 1553 622 prodest,
1567 592 1624 622 quia
1638 592 1781 623 plerumque
1794 592 1846 616 vin-

1002 631 1093 655 cuntur
1112 632 1170 656 mali
1190 633 1350 657 multitudine
1369 633 1489 658 bonitatis
1516 634 1541 658 et
1566 634 1738 659 beneficiorum
1757 634 1802 659 Dei
1822 634 1846 659 et

1002 681 1017 698 a
1037 674 1121 705 pravis
1140 675 1192 699 suis
1210 675 1341 700 itineribus
1359 676 1548 701 convertuntur.
1562 677 1594 701 Et
1608 677 1635 701 tu
1648 677 1685 701 dic
1698 677 1772 701 mihi:
1786 677 1845 708 quid

1003 716 1098 747 deperit
1117 717 1175 745 tibi,
1195 718 1216 741 si
1235 718 1366 743 caritatem
1384 718 1467 747 tuam,
1481 726 1542 750 quae
1556 719 1626 750 quasi
1640 719 1676 744 sol
1689 719 1784 744 ceteras
1798 720 1847 743 vir-

1002 758 1070 783 tutes
1089 759 1228 789 illuminat,
1248 760 1274 784 et
1286 761 1397 791 pluviam
1410 761 1575 792 lacrymarum
1588 761 1689 786 tuarum
1703 761 1777 786 etiam
1790 768 1846 786 cum

1002 801 1107 826 inimicis
1125 802 1220 827 dividas
1239 803 1331 827 orando
1350 803 1374 827 et
1393 804 1551 835 lacrymando
1571 811 1615 835 pro
1634 804 1698 833 illis,
1720 804 1749 828 ut
1771 811 1846 835 quan-

1002 844 1080 875 doque
1098 847 1259 870 revertantur
1278 846 1313 870 arl
1330 844 1393 870 σον9
1411 846 1436 871 et
1455 854 1551 872 errores
1577 854 1634 872 suos
1659 848 1796 878 agnoscant
1821 848 1846 872 et

1002 888 1116 912 caritatis
1134 888 1257 913 unitatem
1277 889 1418 920 recipiant?
1436 889 1456 914 O
1475 890 1496 914 si
1515 890 1590 914 scires
1607 890 1745 915 bonitatem
1759 890 1846 921 optimi

1003 929 1060 959 Dei,
1080 930 1105 954 et
1124 938 1197 961 quam
1216 931 1295 955 bonus
1315 932 1353 955 est
1366 932 1407 962 qui
1421 932 1445 956 te
1459 932 1542 957 monet
1555 940 1625 957 orare
1634 940 1685 963 pro
1694 940 1844 964 persequen-

1003 973 1070 997 tibus
1089 974 1113 997 et
1131 973 1349 998 calumniantibus
1368 974 1406 1003 te,
1426 976 1451 999 et
1474 975 1593 1005 quautam
1622 975 1756 1000 mercedem
1785 976 1846 1000 talia

1002 1015 1132 1040 orantibus
1158 1016 1241 1046 paret;
1269 1016 1334 1041 certe
1359 1017 1408 1041 iam
1433 1017 1525 1042 dudum
1551 1018 1681 1048 petivisses
1704 1018 1735 1042 ab
1754 1026 1796 1048 eo,
1821 1019 1846 1043 et

1001 1058 1109 1083 dedisset
1128 1059 1173 1083 tibi
1192 1059 1268 1083 solem
1287 1059 1346 1084 talis
1365 1060 1479 1084 caritatis
1504 1060 1529 1084 et
1555 1061 1665 1091 pluviam
1694 1061 1782 1085 talium
1808 1061 1845 1086 la-

1002 1109 1142 1133 crymarum
1170 1103 1215 1133 qm*
1234 1102 1279 1127 dat
1297 1103 1413 1128 omnibus
1433 1103 1567 1133 affluenter
1592 1105 1615 1128 et
1639 1111 1692 1128 ozon
1719 1104 1846 1135 imprope-

1001 1144 1088 1175 ναίω,
1109 1145 1180 1176 apim
1198 1153 1271 1176 quem
1289 1145 1348 1175 fons
1367 1147 1403 1171 est
1418 1147 1497 1177 vitae,
1516 1146 1541 1171 et
1560 1146 1586 1171 in
1605 1147 1677 1171 cuius
1697 1147 1792 1171 lumine
1810 1148 1846 1171 111-

1002 1187 1103 1212 (Iebc'tur
1123 1188 1223 1218 lumen,
1243 1188 1288 1213 lux
1305 1195 1379 1219 vcra,
1404 1196 1469 1219 quac
1494 1189 1629 1214 illuminat
1650 1197 1747 1214 omnem
1767 1189 1845 1215 homi-

1001 1238 1072 1261 nem,
1092 1231 1170 1255 dulcis
1189 1232 1268 1256 Iesus.
1287 1231 1327 1256 Ad
1345 1233 1414 1256 cuius
1433 1232 1571 1263 exemplum
1591 1232 1670 1257 divide
1689 1232 1714 1257 et
1733 1232 1761 1257 tu
1783 1233 1846 1257 cari-

1002 1273 1080 1298 tatem
1100 1274 1182 1303 tuam,
1211 1274 1290 1299 divide
1309 1275 1433 1306 lacrymas
1451 1274 1508 1299 tuas
1527 1275 1579 1299 tam
1598 1282 1652 1299 cum
1672 1275 1776 1300 inimicis
1796 1276 1845 1300 tuis

1002 1323 1076 1347 quam
1095 1324 1149 1340 cum
1169 1317 1270 1346 amicis,
1290 1317 1319 1341 ut
1337 1317 1371 1341 sis
1391 1317 1458 1341 filius
1479 1317 1564 1342 Patris
1583 1317 1696 1342 caelestis
1721 1318 1746 1342 et
1767 1318 1846 1342 frater

1002 1359 1027 1384 et
1044 1359 1156 1384 imitator
1175 1359 1231 1384 boni
1250 1360 1322 1389 Iesu,
1342 1360 1383 1391 qui
1403 1367 1477 1391 super
1490 1360 1616 1384 civitatem
1630 1360 1789 1391 peccatricem
1803 1360 1846 1385 sse—

1002 1402 1051 1432 vit,
1072 1409 1115 1433 pro
1135 1402 1283 1427 occisoribus
1303 1403 1354 1427 suis
1374 1402 1467 1432 oravit,
1488 1404 1517 1427 ut
1535 1410 1583 1427 non
1604 1402 1752 1433 perirent¹¹.

1073 1444 1132 1469 119.
1152 1445 1197 1469 Sed
1210 1446 1258 1470 iam
1272 1445 1303 1470 ad
1316 1445 1390 1470 finem
1403 1446 1471 1470 floris
1484 1445 1557 1470 huius
1569 1445 1732 1477 attingamus.
1746 1446 1847 1471 Floscu-

1001 1488 1041 1512 1113
1060 1488 1085 1512 111
1105 1488 1182 1513 medio
1201 1488 1359 1513 flosculorum
1377 1496 1508 1513 aureorum
1528 1489 1648 1518 eminens,
1665 1489 1753 1513 ceteris
1772 1489 1846 1513 omni-

1002 1530 1048 1555 bus
1067 1531 1163 1562 longior
1186 1531 1348 1556 Divinitatem
1367 1531 1505 1563 significat,
1525 1539 1590 1562 quac
1608 1533 1645 1557 est
1662 1539 1739 1562 super
1758 1532 1845 1557 omnia

1001 1573 1143 1598 benedictus
1160 1574 1231 1599 Deus
1252 1574 1278 1598 in
1297 1574 1409 1599 saecula.
1422 1573 1507 1599 Amen
1517 1573 1544 1598 ¹².
1562 1574 1644 1599 Habet
1656 1574 1739 1599 autem
1752 1574 1792 1599 hic
1805 1574 1844 1599 flo-

1002 1616 1085 1641 sculus
1104 1617 1180 1648 caput
1197 1625 1291 1646 unum,
1313 1617 1487 1649 trianyulmn,
1514 1625 1557 1649 per
1580 1618 1643 1649 quod
1662 1618 1773 1642 Trinitas
1791 1618 1846 1648 ipsa

1002 1659 1156 1690 designatur.
1181 1658 1265 1684 Ummi
1284 1661 1347 1684 enim
1368 1661 1445 1691 caput
1462 1660 1559 1685 divinae
1585 1660 1740 1685 substantiae
1762 1660 1846 1685 unita—

1002 1701 1051 1726 tem
1071 1701 1176 1732 figurat,
1197 1703 1247 1727 tres
1266 1710 1323 1728 vero
1343 1703 1434 1734 (inquld
1455 1704 1591 1728 eminentes
1609 1703 1635 1728 et
1652 1711 1667 1728 a
1686 1711 1711 1728 se
1735 1703 1845 1728 distincti

1892 535 1948 553 vitur.

1862 1457 1890 1476 De
1903 1457 1978 1476 flosculo

1864 1481 1974 1499 Trinitatem

1867 1504 1965 1527 figurante.

1002 1744 1150 1769 Trinitatem
1170 1745 1312 1776 significant
1332 1753 1502 1776 personarum.
1521 1746 1636 1771 Summus
1648 1746 1686 1771 est
1699 1746 1738 1770 hic
1757 1746 1846 1772 1103011-
1857 1753 1887 1772 Ad
1899 1752 1990 1777 virgines.

1002 1787 1043 1811 lus
1062 1787 1087 1811 in
1105 1787 1157 1812 lilio
1176 1788 1308 1819 virginali,
1328 1789 1386 1820 quia
1405 1789 1475 1820 virgo
1495 1789 1593 1814 Domini
1612 1796 1695 1813 onmes
1715 1788 1845 1820 cogitatio-

1002 1837 1046 1855 nes
1073 1837 1145 1860 suas,
1171 1838 1266 1855 omnem
1291 1831 1446 1856 voluntatem
1473 1838 1556 1860 suam,
1582 1831 1664 1855 omnia
1689 1831 1763 1855 verba
1785 1838 1844 1861 sua,

1003 1874 1084 1898 omnia
1102 1873 1169 1898 facta
1188 1881 1247 1903 sua,
1267 1881 1363 1898 omnem
1382 1873 1528 1898 munditiam
1549 1874 1658 1904 corporis
1677 1874 1715 1898 sui
1728 1874 1753 1898 et
1765 1874 1845 1899 cordis

1002 1916 1034 1941 ad
1052 1916 1169 1941 honorem
1188 1916 1276 1947 sponsi
1296 1917 1333 1941 sui
1358 1916 1472 1941 caelestis
1499 1916 1571 1941 debet
1596 1916 1701 1945 referre;
1727 1917 1798 1947 quia,
1825 1917 1846 1946 si

1002 1958 1107 1988 gloriam
1127 1959 1255 1989 propriam
1278 1959 1425 1990 quaesierit,
1452 1959 1597 1990 lmnpadcm
1622 1959 1732 1990 quidem,
1758 1959 1783 1983 id
1808 1959 1846 1984 est

1002 2008 1092 2031 corpus
1111 2008 1201 2032 purum
1220 2001 1334 2031 habebit;
1350 2002 1391 2026 sed
1404 2001 1458 2026 oleo
1472 2001 1583 2026 laetitiae
1597 2001 1737 2033 spiritualis
1749 2002 1774 2027 et
1787 2002 1845 2033 igme

1002 2043 1115 2068 caritatis
1134 2044 1236 2069 carebit.
1255 2044 1349 2069 Scimus
1367 2044 1465 2074 autem,
1485 2045 1549 2076 quod
1573 2045 1624 2069 illis
1648 2045 1788 2077 virginibus
1812 2045 1845 2069 di-

1002 2086 1089 2111 cturus
1114 2087 1147 2111 sit
1172 2086 1296 2118 Sponsus,
1322 2094 1385 2118 quae
1409 2087 1537 2118 lampades
1559 2087 1686 2112 habebunt
1706 2088 1758 2112 sino
1777 2088 1844 2118 oleo,

1002 2129 1104 2154 verbum
1123 2129 1254 2159 horribile,
1275 2137 1324 2155 non
1344 2131 1421 2155 solum
1441 2130 1540 2162 auditu,
1561 2131 1603 2155 sed
1617 2131 1642 2155 et
1654 2130 1778 2162 cogitatu:
1794 2131 1846 2156 Nc-

1002 2173 1053 2197 scz'o
1072 2180 1116 2197 vos
1126 2171 1145 2185 ¹³
1157 2173 1165 2197 J
1178 2172 1198 2197 Ο
1211 2173 1313 2198 verbum
1326 2175 1455 2204 asperum!
1469 2174 1572 2204 Libera,
1586 2174 1725 2199 dulcissime
1738 2174 1844 2205 Sponse,

1003 2215 1094 2246 optime
1113 2215 1185 2245 Iesu,
1206 2216 1264 2240 dum
1283 2216 1363 2241 adhuc
1382 2216 1481 2247 tempus
1500 2216 1538 2241 est
1561 2216 1697 2246 liberandi,
1720 2224 1765 2241 nos
1784 2224 1846 2248 pau-

1003 2265 1073 2289 peres
1099 2259 1239 2289 peccatores
1265 2267 1281 2283 α
1310 2259 1399 2290 laqueo
1423 2260 1586 2291 venantium,
1612 2267 1642 2284 ne
1667 2260 1753 2291 postea
1778 2260 1845 2285 istud

1003 2301 1104 2326 verbum
1124 2309 1240 2332 asperum
1259 2302 1397 2327 audiamus.
1416 2302 1523 2332 Scimus,
1543 2303 1607 2334 quod
1626 2303 1784 2327 adversarius
1802 2310 1845 2328 no-

1003 2343 1068 2374 ster,
1088 2344 1243 2375 serpensille
1257 2344 1440 2374 astutissimus,
1461 2345 1654 2370 innumerabiles
1673 2345 1697 2370 et
1715 2345 1845 2370 subtilissi-

1003 2393 1056 2411 mos
1074 2386 1145 2411 nobis
1163 2387 1264 2418 laqueos
1284 2387 1381 2417 tendit,
1400 2388 1429 2412 ut
1447 2395 1508 2419 (11103
1527 2396 1542 2412 a
1562 2388 1633 2413 bonis
1658 2388 1773 2420 operibus
1796 2396 1844 2414 non

1005 2562 1053 2586 lur,
1078 2565 1105 2581 ne
1131 2566 1183 2581 eum
1211 2563 1369 2587 agnoscerem.
1387 2572 1415 2574 —
1439 2560 1480 2581 Pro
1502 2558 1526 2581 in
1548 2558 1738 2588 ivzlmpm’lalione
1760 2566 1844 2583 sacrae

1004 2590 1144 2619 δενίρίιιιᾙι1
1162 2590 1200 2618 (ila
1219 2591 1245 2613 Al
1264 2591 1319 2612 Bon.
1337 2596 1390 2612 cum
1408 2590 1445 2612 cd.
1466 2591 1470 2612 1
1493 2590 1515 2612 in
1533 2596 1603 2613 sacra
1621 2590 1756 2620 Scmptura.

1067 2620 1075 2633 ⁷
1094 2622 1158 2643 Pron
1178 2621 1214 2648 31,
1233 2622 1254 2643 fi.
1271 2633 1301 2637 -—
1318 2621 1421 2643 Subinde
1444 2621 1564 2649 respicitur
1587 2622 1634 2644 Gal.
1652 2623 1677 2649 (5,
1696 2622 1740 2644 ilii:
1758 2622 1844 2650 Opere-

1004 2658 1056 2674 mur
1073 2652 1160 2674 bonum
1178 2653 1205 2674 ad
1224 2658 1318 2679 omnes,
1337 2652 1435 2674 maxime
1452 2656 1527 2675 aulem
1544 2653 1573 2675 ad
1592 2653 1729 2675 domesticos
1745 2653 1810 2681 ss‹iei;
1823 2656 1844 2676 et

1003 2684 1113 2711 allegatur
1131 2684 1207 2706 lllattli.
1226 2684 1253 2710 5,
1272 2683 1307 2705 45

1065 2714 1075 2726 ⁸
1093 2715 1121 2736 lta
1139 2715 1168 2742 Ας
1186 2715 1242 2737 Bon.
1260 2720 1312 2736 cuni
1331 2714 1366 2736 etl.
1386 2715 1394 2736 1
1417 2714 1463 2737 Deo
1480 2720 1544 2742 inea,
1562 2714 1625 2743 τμιοι]
1641 2714 1721 2738 solem.

1066 2744 1075 2757 ⁹
1093 2746 1175 2767 l‘salm.
1192 2745 1234 2773 84,
1252 2746 1273 2767 9.
1291 2757 1321 2762 -·
1338 2745 1432 2767 lnserius
1449 2745 1569 2773 respicitur
1586 2746 1662 2768 Manli.
1680 2746 1705 2774 5,
1719 2746 1763 2769 44:
1778 2747 1845 2769 Orate

1003 2782 1045 2804 pro
1063 2776 1254 2829 i‘frsfflussmgbus
1271 2779 1293 2798 et
1310 2776 1502 2829 “alunmss'nffigfffls
1519 2783 1567 2799 vos.
1607 2808 1613 2830 Ι
1689 2809 1693 2830 ¹
1724 2809 1737 2830 9

1134 2808 1214 2829 ·.’
1278 2811 1384 2829 struem
1422 2814 1436 2829 “.
1547 2814 1581 2829 ,0
1632 2814 1688 2830 ἰω
1741 2826 1744 2831 .

1066 2837 1082 2850 ¹¹
1101 2808 1156 2860 18110.
1178 2814 1276 2866 19,14Ῐ11ῗ
1292 2814 1380 2861 Υἱ110113
1397 2809 1677 2867 (·1ῖ1101ἰ1111301’113111111101·
1699 2825 1767 2862 illam.
1789 2839 1845 2863 lbid.

1002 2869 1043 2896 23,
1061 2869 1105 2922 3512:
1123 2870 1199 2897 Pater,
1216 2869 1304 2892 dimitte
1323 2869 1375 2898 illis,
1387 2876 1433 2892 non
1445 2870 1506 2892 cuim
1524 2870 1609 2898 sciunt,
1624 2871 1681 2899 quid
1697 2871 1788 2893 faciunt.
1801 2871 1844 2894 Csr.

1002 2901 1051 2922 lsai.
1077 2901 1097 2922 '3
1132 2901 1166 2922 12.

1064 2930 1083 2944 ¹²
1101 2917 1167 2954 flom.
1184 2932 1210 2958 Ε),
1229 2932 1248 2954 5.
1266 2944 1297 2948 —
1315 2932 1346 2953 Dc
1364 2932 1475 2959 triangulo
1493 2932 1625 2955 Trinitatem
1644 2933 1786 2961 significante
1804 2935 1844 2956 cl'r.

1002 2962 1099 2990 bonav„
1116 2962 1194 2985 Collal.
1213 2963 1234 2984 in
1253 2963 1359 2985 llexnein.
1375 2963 1446 2985 collat.
1466 2963 1486 2985 4..
1504 2970 1525 2986 n.
1545 2964 1581 2986 16.

1064 2992 1082 3005 ¹³
1100 2994 1174 3016 lllaltli.
1193 2994 1235 3020 25,
1258 2995 1290 3016 12.
1309 3007 1336 3010 —
1355 2994 1462 3023 Sequitur
1481 2995 1514 3017 l's.
1536 2996 1589 3022 123,
1606 2995 1644 3016 7.-

1869 2052 1897 2071 De
1910 2051 1967 2070 fatuis

1862 2075 1972 2099 virginibus.
