2133 3317
235 217 291 245 726

488 254 544 277 NON

286 295 347 317 Nona
371 306 401 310 —
423 292 528 316 Christus
545 294 600 314 hora
622 298 682 314 nona
701 294 807 314 mortuus

236 336 270 356 est
288 333 332 356 409
350 333 363 355 6

284 373 420 395 Novi-mres
436 382 467 387 —
485 370 664 393 constitutiones
685 370 715 392 de
738 370 807 392 infor-

237 412 339 435 matione
354 410 496 433 novitiorum
516 410 561 432 450
580 409 603 432 b.
622 409 662 432 451
684 415 697 431 a
713 421 745 425 —
766 409 807 431 No-

237 451 285 473 vitii
304 453 404 479 quatuor
420 449 450 471 de
467 449 544 471 causis
560 448 631 476 recipi
649 449 722 471 solent
734 448 778 470 347
791 447 806 470 b

284 490 331 512 Nox
360 502 389 505 —
420 489 538 516 Tempore
564 487 637 510 noctis
666 487 806 509 sacrificium

237 529 312 551 laudis
337 529 384 551 Deo
407 530 429 550 et
446 527 539 555 Angelis
562 529 597 549 est
618 526 806 554 acceptissimum

239 568 282 590 408
303 568 315 589 4

286 607 382 629 Nunrras
400 618 429 622 --
447 605 572 634 spiritualis
589 605 669 633 triplex
688 604 732 626 399
751 604 764 626 6

286 880 415 903 0001101110
433 891 464 896 -
489 879 614 901 voluntatis
639 881 673 901 est
696 878 806 901 iudicium

239 919 369 942 timendum
393 920 417 942 12
435 920 448 941 2

287 959 423 982 0010150115
442 971 471 974 -
489 961 524 980 est
541 958 615 980 virtus
632 958 744 980 comitans
766 958 807 979 hu-

240 999 359 1021 militatem
376 998 399 1020 in
417 998 496 1020 alienis
514 997 617 1026 parendo
640 997 756 1019 mandatis
777 996 807 1019 72

240 1039 252 1061 8
265 1051 296 1055 -
313 1041 348 1060 est
364 1038 483 1060 vinculum
503 1037 547 1059 ι165
561 1037 568 1059 1
585 1049 615 1053 -
629 1039 748 1059 consecrat
761 1036 807 1058 Deo

240 1077 378 1100 sacrificium
407 1077 545 1099 altissimum
563 1076 609 1098 394
627 1075 648 1097 5.
667 1075 711 1097 502
731 1076 759 1097 13
778 1087 808 1091 -

240 1117 339 1140 Omnino
357 1123 381 1139 se
398 1116 485 1139 alienae
502 1115 613 1138 voluntati
626 1118 721 1143 propter
735 1115 807 1136 Deum

238 1156 353 1179 subiicere
370 1158 404 1178 est
421 1155 513 1178 difficile
530 1161 556 1177 ex
573 1154 687 1177 arduitate
704 1156 726 1176 et
743 1153 807 1176 nobi-

238 1196 301 1219 litate
318 1195 410 1224 generis
427 1194 505 1223 operis
517 1194 562 1216 248
577 1194 606 1216 15
618 1204 649 1210 -—
660 1192 806 1215 subditorum

239 1235 325 1263 duplex
342 1237 377 1257 est
394 1234 439 1256 394
466 1234 479 1256 4
506 1246 532 1249 —-
560 1234 617 1255 Tres
642 1235 696 1255 sunt
721 1232 808 1260 gradus

239 1274 385 1297 obedientiae
402 1273 431 1296 ib.
450 1274 462 1295 6
485 1285 516 1289 -
533 1272 643 1295 Perfectio
661 1271 808 1294 obedientiae

238 1316 314 1342 potest
331 1319 381 1336 esse
399 1313 472 1335 maior
489 1316 511 1335 et
524 1312 599 1334 minor
612 1312 657 1334 250
670 1312 707 1333 20.
720 1311 761 1333 291
780 1311 808 1333 116

237 1365 269 1370 ·—
292 1352 444 1375 universalior
471 1352 523 1374 facit
540 1352 570 1374 ad
596 1351 707 1373 maiorem
734 1351 808 1378 perse-

239 1393 339 1415 ctionem
357 1395 469 1421 quantum
487 1391 516 1413 ad
529 1394 610 1414 votum
624 1389 751 1418 Religionis
763 1390 808 1412 250

240 1433 269 1454 20
287 1443 317 1448 -·-
335 1433 358 1454 10
377 1438 424 1460 quo
441 1431 551 1454 consistat
568 1430 677 1458 perfectio
699 1429 809 1452 obedien-

240 1471 284 1494 tiae
295 1471 339 1493 488
350 1472 362 1493 3
373 1483 402 1487 -
416 1470 494 1499 Qualis
502 1470 634 1492 obedientia
646 1470 711 1491 altior
723 1469 750 1491 sit
763 1468 809 1490 395

241 1511 254 1532 6
273 1523 301 1526 —-
320 1516 364 1532 non
382 1513 416 1532 est
433 1510 535 1538 aequalis
553 1509 574 1531 in
586 1508 696 1531 omnibus
708 1508 809 1535 Religio-

240 1549 310 1572 nibus
328 1549 380 1572 ibid.
405 1562 432 1565 ——
452 1550 619 1571 monachorum
643 1547 736 1570 duobus
758 1553 810 1570 con·

240 1589 360 1616 stringitur
378 1589 423 1611 395
441 1589 453 1610 6
473 1601 502 1603 -
525 1588 646 1610 Voluntate
671 1587 743 1609 aliena
770 1592 809 1614 gu-

241 1627 333 1650 bernari
361 1634 407 1649 11011
432 1627 542 1655 competit
570 1626 645 1654 magis
670 1625 810 1654 imperfectis

242 1674 313 1696 quam
332 1667 440 1695 perfectis
457 1667 497 1689 261
521 1666 549 1688 12
569 1679 597 1681 -
615 1666 676 1688 cadit
693 1665 737 1687 sub
754 1667 809 1687 voto

240 1710 351 1735 tanquam
369 1706 544 1728 fundamentum
557 1705 705 1733 perfectionis
723 1704 767 1726 247
784 1705 809 1726 10

241 1759 271 1762 -
289 1745 393 1769 Christus
410 1746 457 1768 Deo
478 1749 500 1768 et
526 1744 659 1767 hominibus
681 1750 707 1766 se
732 1745 808 1772 ipsum

241 1785 339 1808 subiecit
356 1785 385 1807 ad
403 1785 589 1807 informationem
612 1784 673 1806 vitae
695 1784 810 1811 perfectae

243 1824 287 1847 243
307 1825 334 1846 43
353 1836 384 1841 --
401 1824 423 1846 in
441 1827 553 1853 quantum
576 1826 610 1846 est
627 1823 702 1845 virtus
723 1826 811 1845 contra-

242 1864 274 1886 ria
293 1863 462 1886 inobedientiae
478 1863 543 1885 omni
561 1863 688 1885 Christiano
702 1862 811 1885 convenit

243 1903 288 1926 394
306 1903 319 1926 4
336 1915 367 1919 ——
385 1909 441 1931 erga
458 1909 539 1925 omnes
555 1902 681 1925 exercenda
696 1901 740 1924 495
752 1901 767 1924 b
782 1914 810 1917 —-

243 1943 301 1965 Toto
314 1946 419 1970 tempore
435 1942 497 1964 vitae
509 1942 619 1964 omnibus
631 1942 746 1964 humiliter
758 1940 810 1963 sub-

244 1982 317 2004 iacere
335 1981 450 2004 debemus
468 1982 512 2004 488
530 1983 544 2003 2
563 1993 591 1997 -
604 1981 766 2003 Obedientiam
780 1980 809 2002 ad

242 2021 375 2050 superiores
392 2021 489 2050 requirit
506 2021 589 2043 iustitia
607 2020 713 2043 ordinata
737 2020 778 2042 130
796 2020 809 2041 9

242 2073 273 2077 --
285 2060 403 2083 Libentius
415 2060 522 2083 obeditur
531 2060 550 2082 ei
561 2060 601 2089 qui
613 2059 727 2087 diligitur,
739 2065 810 2088 quam

243 2101 283 2129 qui
301 2100 394 2122 timetur
415 2099 452 2121 141
475 2099 488 2121 4
506 2111 537 2116 —
562 2099 691 2121 dilectionis
716 2098 811 2126 proprie

243 2142 277 2162 est
300 2139 435 2167 voluntaria,
461 2139 551 2161 timoris
576 2141 653 2161 autem
677 2141 711 2160 est
736 2138 811 2165 magis

244 2181 322 2200 coacta
341 2177 394 2200 ibid.
414 2189 442 2194 —-
460 2177 572 2200 subditus
590 2178 716 2205 praelatum
741 2183 809 2199 suum

243 2224 289 2240 non
304 2217 421 2239 hominem
434 2217 581 2239 considerare
593 2216 670 2243 debet,
683 2216 724 2238 sed
736 2216 810 2238 Deum

244 2256 289 2279 520
309 2256 322 2278 4
333 2268 364 2272 -
377 2256 467 2284 Quanto
481 2255 676 2283 contemptibilior
688 2255 811 2283 praesidet,

244 2299 307 2318 tanto
319 2296 394 2323 magis
407 2295 523 2317 humilitas
535 2294 664 2317 obedientis
673 2295 747 2322 placet
757 2293 811 2317 ibid.

244 2348 275 2351 —
294 2336 367 2357 Verus
380 2334 492 2357 obediens
505 2340 550 2356 non
569 2334 671 2362 quaerit,
684 2334 736 2362 quis
747 2339 812 2361 prae-

244 2375 311 2402 cipit,
329 2374 370 2397 sed
387 2374 442 2403 quia
460 2374 573 2401 praecipit
600 2373 643 2395 488
662 2374 675 2395 2
703 2386 731 2388 -
756 2379 812 2395 nun-

244 2420 315 2442 quam
333 2419 409 2442 neque
426 2419 467 2441 per
484 2419 509 2435 se
526 2418 603 2441 neque
614 2418 656 2440 per
672 2412 729 2434 alios
741 2415 812 2434 extor-

245 2453 336 2482 quenda
355 2455 390 2475 est
406 2451 461 2475 ibid.
478 2464 508 2468 —
522 2452 724 2480 Quandocumque
736 2451 811 2480 aliqua

245 2493 324 2520 gravis
341 2491 472 2514 obedientia
490 2491 625 2518 conturbat,
642 2491 752 2513 citissime
777 2496 812 2513 co·

245 2532 367 2560 gitandum
384 2533 419 2554 est
435 2531 465 2553 de
481 2531 531 2553 lesu
549 2529 577 2553 ib.
596 2531 609 2552 3
626 2543 657 2547 —
675 2531 736 2552 Vere
757 2529 813 2552 obe-

246 2570 362 2594 dientibus
380 2571 409 2592 nil
435 2570 547 2598 temporis
571 2570 621 2592 51110
644 2570 707 2592 lucro
733 2569 813 2591 transit

247 2610 292 2633 520
310 2610 322 2632 4
340 2623 370 2626 -
388 2610 423 2632 Ad
440 2610 502 2632 viam
521 2610 601 2632 salutis
618 2609 674 2631 nihil
691 2612 726 2631 est
743 2609 813 2631 tutius

245 2656 316 2678 quam
335 2649 427 2672 humilis
444 2649 576 2671 obedientia
591 2649 634 2670 488
649 2649 657 2670 4
679 2659 710 2665 ·—
722 2650 814 2676 separat

245 2689 337 2711 animae
354 2689 415 2711 vires
433 2694 444 2710 a
463 2689 523 2710 malo
541 2688 585 2710 246
604 2688 616 2709 9
629 2698 660 2704 —-
672 2688 694 2709 lu
706 2687 814 2709 obedien-

247 2728 275 2749 tia
295 2728 330 2749 vir
347 2729 463 2756 perfectus
487 2727 629 2755 crucifigitur
655 2727 743 2749 mundo
768 2726 813 2748 247

247 2767 275 2788 10
293 2780 323 2783 —
347 2767 387 2789 Per
405 2766 561 2789 obedientiam
580 2766 678 2789 habetur
702 2766 759 2788 mira
782 2765 814 2787 vi-

246 2806 317 2828 ctoria
335 2809 414 2828 contra
432 2807 509 2828 hostes
527 2806 571 2828 489
590 2806 598 2827 4
627 2818 658 2821 ——
681 2806 731 2833 lpse
753 2805 814 2827 Deus

247 2851 288 2872 per
306 2844 460 2868 obedientiam
480 2845 540 2867 vinci
559 2847 634 2873 potest
651 2844 705 2867 ibid.
724 2857 752 2859 —
771 2844 814 2872 Qui

246 2885 296 2906 vult
323 2885 421 2906 multum
448 2884 572 2912 proficere,
599 2884 692 2906 exaltari
720 2886 741 2906 et
768 2883 814 2905 Deo

247 2924 338 2951 placere
370 2924 460 2945 studeat
488 2930 546 2951 pure
577 2922 672 2945 obedire
701 2923 745 2945 502
775 2923 812 2944 12.

247 2968 281 2990 sq.
308 2975 337 2977 —
364 2962 454 2990 Corpus
480 2965 597 2984 mortuum
623 2964 657 2984 est
683 2962 814 2990 exemplum

247 3007 303 3023 vere
326 3000 455 3023 obedientis
474 3001 518 3023 520
538 3001 550 3023 4
575 3013 606 3017 —-
627 3002 657 3023 Ex
683 3000 815 3023 obedientia

936 214 1037 243 INDEX
1059 213 1307 242 ALPHABETICUS.

887 292 992 314 Numanus
1020 304 1050 308 ——
1074 291 1178 314 senarius
1203 294 1237 313 est
1263 291 1410 319 perfectionis

841 330 886 353 285
905 331 934 353 40
956 343 988 347 -
1009 330 1113 353 senarius
1136 333 1169 353 est
1187 330 1277 358 primus
1294 331 1409 358 perfectus

840 376 952 392 numerus
969 370 1004 392 sui
1022 370 1114 398 generis
1132 369 1285 397 perfectione,
1302 372 1410 391 constans

840 415 866 432 ex
884 409 932 432 suis
950 409 1055 437 partibus
1073 409 1181 437 aliquotis
1200 408 1244 430 132
1263 408 1275 430 4
1292 420 1323 424 ——
1349 408 1409 436 Quid

840 448 953 476 significet
965 454 1077 470 numerus
1090 447 1218 475 vigesimus
1230 450 1337 476 quartus,
1350 450 1410 469 0010-

840 487 930 515 narius,
947 487 1061 509 ternarius
1079 487 1122 509 408
1142 487 1155 509 4
1167 499 1198 502 —
1210 486 1310 508 Numero
1327 488 1409 508 octavo

840 529 923 549 octava
951 526 1039 554 gratiae
1067 528 1089 548 et
1115 526 1201 554 gloriae
1230 525 1410 548 commendatur

841 565 885 588 437
899 567 912 588 2
924 576 955 582 --
967 565 1155 593 septuagesimus
1167 564 1280 592 septimus
1296 564 1411 592 significat

840 605 1001 627 remissionem
1020 607 1168 633 peccatorum
1186 607 1209 626 ct
1226 606 1350 631 generatur
1368 609 1409 631 per

1111 735 1153 783 O

844 879 944 901 honores
961 878 1107 901 ecclesiastici
1121 878 1180 901 licite
1192 878 1349 906 suscipiuntur
1366 877 1410 899 298

845 918 852 940 4
864 918 868 939 l

889 957 1027 980 annioues
1044 970 1074 973 —
1089 957 1186 979 Domino
1198 956 1313 979 debentur
1325 958 1348 978 et
1363 956 1412 978 iure

843 996 923 1019 divino
941 996 1082 1025 deputantur
1101 996 1214 1018 Ecclesiae
1232 996 1277 1018 308
1296 996 1319 1017 4l

890 1035 1010 1058 ΟΒιιοΛτιο
1035 1047 1066 1052 -
1091 1035 1279 1063 superinducitur
1305 1041 1331 1057 ex
1356 1037 1412 1057 voto

843 1075 935 1103 emisso,
952 1075 989 1097 vel
1006 1081 1032 1097 ex
1050 1074 1125 1097 officio
1143 1074 1246 1097 iniuncto
1264 1074 1309 1096 247
1336 1074 1359 1096 11
1380 1086 1412 1090 -

844 1115 885 1136 l‘er
902 1114 997 1137 consilia
1015 1114 1150 1142 evangelica
1168 1120 1212 1136 non
1226 1113 1359 1142 obligantur
1369 1113 1412 1136 nisi

843 1154 883 1182 qui
900 1154 1029 1176 voluntarie
1047 1156 1134 1176 vovent
1151 1153 1195 1175 279
1214 1154 1243 1175 20
1260 1165 1291 1169 —-
1308 1153 1412 1181 superin-

844 1193 912 1215 ducta
930 1199 972 1221 per
989 1196 1069 1215 votum
1092 1193 1121 1215 de
1146 1192 1285 1220 perfectione
1309 1199 1353 1214 non
1372 1193 1412 1214 mi-

843 1232 904 1257 nuit.
917 1232 959 1255 sed
971 1232 1048 1260 potius
1060 1232 1152 1254 culmen
1164 1231 1258 1254 adducit
1270 1231 1315 1254 247
1327 1232 1362 1254 44.
1377 1238 1411 1260 sq.

891 1271 1045 1294 Onsenvxwrm
1063 1283 1094 1287 —
1112 1271 1204 1299 Triplex
1229 1273 1263 1293 est
1285 1270 1411 1293 observan-

844 1311 888 1333 tiae
905 1311 1003 1340 qualitas
1032 1311 1073 1333 143
1101 1310 1122 1333 4.
1148 1317 1183 1339 sq.
1201 1323 1231 1326 —
1249 1311 1411 1338 Regularium,

844 1351 924 1379 quales
949 1350 1055 1372 5101250
1074 1350 1103 1372 20
1128 1363 1159 1366 -
1184 1350 1269 1372 faciunt
1291 1350 1319 1372 ad
1343 1350 1412 1372 maio-

843 1396 892 1412 rem
906 1389 1070 1417 perfectionem
1088 1392 1160 1411 status
1173 1389 1298 1417 Religionis
1315 1388 1370 1411 ibid.
1381 1401 1412 1405 —

844 1429 907 1452 Onus
924 1429 1086 1451 observantiae
1104 1429 1217 1457 regularis
1229 1429 1326 1456 singulis
1339 1429 1412 1456 impo-

844 1468 946 1491 nendum
973 1472 1019 1495 est,
1045 1468 1174 1491 secundum
1200 1468 1265 1497 quod
1288 1468 1413 1496 unicuique

844 1508 937 1535 expedit
959 1508 999 1530 143
1020 1507 1032 1530 4
1051 1520 1079 1523 ——
1097 1507 1210 1535 regularis
1227 1513 1320 1535 semper
1344 1507 1413 1529 incul-

844 1547 917 1569 canda
936 1550 970 1569 est
987 1553 999 1569 a
1018 1546 1183 1575 Superioribus
1201 1546 1245 1569 470
1266 1547 1277 1569 4
1299 1560 1329 1562 —
1355 1547 1413 1569 luter

844 1592 927 1608 omnes
943 1586 1068 1608 exteriores
1085 1585 1245 1608 observantias
1258 1586 1331 1607 maior
1343 1585 1413 1608 debet

844 1625 962 1653 diligentia
980 1625 1060 1648 Officio
1078 1625 1158 1647 divino
1176 1624 1281 1647 adhiberi
1304 1625 1344 1647 149
1367 1625 1380 1646 9

891 1665 1028 1687 ΟΒΞτιΝΑτυε
1043 1676 1074 1681 -
1092 1664 1152 1692 Quid
1175 1664 1305 1686 faciendum
1331 1664 1360 1686 sit
1385 1664 1414 1686 de

844 1703 938 1726 subdito
956 1703 1071 1726 obstinato
1091 1703 1134 1725 444
1154 1704 1181 1725 10

893 1742 1027 1766 013οΑ510555
1058 1756 1089 1759 —
1121 1743 1209 1771 peccati
1242 1742 1414 1770 praecidendae

845 1785 898 1804 sunt
921 1782 966 1804 497
991 1788 1003 1804 a
1022 1795 1051 1797 —
1068 1782 1156 1810 peccati
1178 1784 1292 1810 apparent
1317 1782 1414 1804 delecta-

844 1821 909 1848 biles,
928 1821 996 1843 etiam
1014 1821 1032 1843 si
1051 1821 1149 1843 multum
1173 1821 1309 1849 displiceant
1332 1827 1413 1843 earum

845 1861 939 1883 effectus
956 1860 1010 1883 ibid.
1027 1873 1058 1877 —
1076 1861 1144 1889 Quod
1169 1860 1199 1883 de
1220 1866 1245 1883 se
1262 1863 1297 1883 est
1321 1860 1358 1882 via
1384 1860 1413 1882 ad

844 1900 935 1922 ruinam
954 1903 987 1922 est
1004 1900 1141 1927 [ugiendum
1160 1899 1205 1922 249
1224 1899 1253 1921 ’17
1279 1912 1310 1916 -
1335 1905 1414 1928 pecca-

845 1942 922 1962 torum
940 1939 1095 1962 succidendae
1117 1942 1171 1961 sunt
1196 1945 1209 1961 a
1234 1939 1342 1967 perfectis
1368 1939 1408 1961 281

846 1979 874 2001 26
892 1992 923 1995 -
942 1979 1019 2001 Vitare
1033 1979 1178 2001 occasionem
1192 1978 1316 2007 superbiae
1328 1982 1350 2001 et
1361 1985 1414 2001 con-

845 2018 1002 2046 cupiscentiae
1020 2021 1053 2040 est
1070 2018 1230 2046 promotivum
1249 2019 1270 2040 111
1292 2018 1374 2040 merito
1392 2020 1414 2040 et

846 2058 972 2085 expediens
989 2058 1018 2080 ad
1036 2058 1134 2080 salutem
1152 2057 1197 2079 245
1216 2057 1229 2079 5
1247 2069 1277 2074 --
1296 2058 1414 2080 Difficilius

845 2100 879 2119 est
896 2097 954 2119 inter
966 2097 1077 2124 peccandi
1089 2097 1223 2119 occasiones
1235 2101 1327 2124 peccata
1341 2097 1414 2119 vitare

846 2136 890 2158 248
910 2136 947 2158 15.
965 2136 1010 2158 249
1033 2136 1056 2158 17
1075 2148 1105 2152 —-
1122 2136 1234 2164 peccandi
1252 2138 1360 2158 crescunt
1384 2136 1413 2157 af-

846 2176 937 2197 fluentia
956 2176 1089 2198 divitiarum
1103 2178 1125 2197 et
1137 2175 1265 2197 voluntaria
1277 2177 1414 2203 paupertate

847 2215 981 2237 minuuntur
998 2214 1044 2236 298
1067 2214 1091 2236 15

894 2253 1007 2276 Occmenss
1025 2266 1054 2269 —
1072 2260 1096 2275 se
1113 2253 1190 2281 ipsum
1209 2254 1273 2275 nefas
1290 2256 1324 2275 est
1342 2254 1387 2275 332
1400 2254 1413 2275 3

892 2292 994 2315 Oneum
1013 2305 1042 2308 —
1054 2292 1113 2315 scire
1125 2293 1213 2320 appetit
1228 2292 1414 2320 concupiscentia

847 2332 985 2354 curiositatis
1002 2332 1015 2354 4
1034 2332 1047 2353 5
1061 2344 1089 2347 ——
1102 2332 1179 2354 cordis
1190 2335 1243 2354 sunt
1254 2331 1323 2353 nobis
1334 2331 1412 2359 ignota

847 2371 887 2393 371
910 2370 925 2393 b

894 2410 1059 2433 Occurxrioxes
1075 2422 1105 2426 —-
1123 2410 1247 2432 exteriores
1263 2410 1328 2432 facile
1345 2410 1415 2438 pessi-

847 2456 897 2472 mas
914 2450 1020 2478 sequelas
1037 2449 1181 2477 progignunt
1199 2449 1243 2471 445
1273 2449 1298 2471 44
1324 2461 1354 2465 —
1380 2455 1415 2471 ex-

847 2489 916 2511 terior
933 2489 1031 2516 impedit
1047 2488 1082 2511 sui
1100 2489 1309 2511 considerationem
1327 2489 1367 2511 251
1385 2488 1414 2511 25

848 2541 874 2544 -
895 2528 992 2551 exterior
1009 2531 1044 2550 est
1065 2528 1187 2556 fugienda,
1212 2534 1257 2550 non
1283 2528 1415 2556 appetenda

848 2567 902 2591 ibid.
919 2580 950 2584 —
967 2568 1075 2590 Patientia
1092 2568 1192 2589 maxime
1203 2567 1332 2590 necessaria
1346 2567 1413 2590 estin

848 2607 1040 2635 occupationibus
1057 2607 1216 2629 diversimode
1241 2606 1416 2634 emergentibus

850 2647 893 2669 438
912 2647 925 2668 2
942 2659 973 2663 -
985 2647 1027 2674 Per
1039 2646 1178 2668 extrinsecas
1192 2646 1356 2674 occupationes
1369 2649 1415 2668 tur-

848 2685 899 2708 bari
916 2692 960 2708 non
977 2688 1011 2708 est
1027 2686 1155 2713 perrectum
1168 2685 1191 2707 in
1201 2691 1300 2713 persona
1313 2685 1415 2713 privata,

849 2726 908 2747 sicut
925 2726 1039 2747 interdum
1058 2726 1082 2747 in
1099 2726 1201 2753 praelato
1219 2724 1264 2747 294
1281 2725 1310 2746 22

896 2765 985 2787 OCTAVA
1004 2777 1034 2781 —
1051 2764 1138 2792 gratiae
1160 2767 1181 2786 et
1207 2764 1293 2792 gloriae
1319 2770 1415 2786 numero

848 2807 931 2826 octavo
948 2804 1126 2826 commendatur
1144 2803 1188 2825 437
1207 2804 1220 2825 2

896 2843 1013 2865 0011111105
1031 2855 1060 2858 -
1078 2842 1182 2865 ChrIstus
1204 2842 1287 2865 dicitur
1312 2843 1416 2865 oculatus

850 2886 902 2905 ante
919 2886 941 2905 et
958 2885 1019 2904 retro
1042 2882 1082 2904 162
1104 2882 1110 2903 1

896 2922 982 2945 00111115
999 2934 1030 2938 -
1047 2924 1081 2943 est
1098 2921 1135 2943 lux
1147 2921 1216 2943 totius
1227 2921 1331 2948 corporis
1348 2920 1388 2942 142
1403 2920 1410 2942 1

897 2961 968 2984 Omne
985 2974 1016 2977 —
1033 2961 1154 2983 veritatem
1172 2961 1234 2982 nullo
1254 2960 1324 2982 modo
1341 2962 1416 2988 potest

850 3000 909 3023 bene
926 3000 976 3023 fieri
994 3001 1038 3022 238
1057 3000 1070 3021 7

1705 251 1758 274 OLF

1443 291 1540 314 ductum
1565 291 1690 319 septenarii
1716 291 1739 313 in
1766 291 1915 314 undecimum
1934 291 1976 314 409
1994 292 2008 314 6

1442 343 1473 346 -
1490 331 1634 353 centenarius
1651 330 1766 358 significat
1782 330 1946 357 perfectionem
1965 331 2010 353 282

1443 369 1472 391 29
1494 381 1525 386 -
1542 370 1668 392 electorum
1685 368 1844 391 inenarrabilis
1862 371 1896 392 est
1912 370 1942 391 60
1961 370 1989 392 43

1491 409 1570 431 Nunsm
1588 421 1619 425 —
1636 408 1677 431 561
1700 409 1713 431 3

1490 447 1654 470 Nurmuizurum
1671 459 1703 464 —
1720 447 1786 470 Panis
1807 450 1828 470 et
1854 448 1934 470 vinum
1957 450 2011 471 sunt

1443 485 1558 513 optimum
1568 486 1733 509 nutrimentum
1748 487 1815 509 totius
1828 487 1927 509 hominis
1940 487 1984 509 400
1997 488 2011 509 2

1490 525 1575 547 Nurmx
1593 537 1623 541 —
1641 526 1765 548 invalidam
1783 526 1872 554 prolem
1892 526 1964 548 foveri
1988 528 2011 549 et

1444 566 1575 591 gementem
1594 564 1651 586 lacte
1668 565 1742 592 potari
1759 567 1793 587 est
1817 565 1898 588 nutrici
1922 565 2013 588 deside-

1444 602 1528 631 rabile,
1546 608 1625 625 carum
1644 606 1665 625 et
1682 603 1790 631 placitum
1809 605 1853 627 318
1871 604 1885 627 7

1493 876 1557 899 Onon
1574 889 1605 893 —
1622 879 1779 899 creaturarum
1797 877 1883 905 decipit
1903 878 2012 900 olfactum

1446 916 1547 938 hominis
1564 916 1594 938 34
1619 915 1647 937 14
1669 928 1700 932 -
1722 916 1771 938 lesu
1789 919 1823 938 est
1847 922 1917 944 super
1934 917 2013 939 omnia

1446 958 1548 976 aromata
1566 954 1618 977 ibid.
1636 967 1668 971 —
1690 954 1773 977 nobilis
1798 955 1890 977 divinae
1914 955 2013 978 suavita-

1446 994 1474 1016 tis
1491 994 1586 1016 sentitur
1604 994 1661 1016 inter
1681 994 1795 1022 lacrymas
1816 997 1838 1017 et
1860 995 1961 1023 gemitus
1983 995 2007 1017 51

1447 1033 1475 1054 18

1494 1072 1646 1095 Ol-‘FENDICULA
1664 1086 1694 1089 —
1710 1079 1756 1096 non
1773 1073 1843 1096 debet
1866 1074 1921 1102 poni
1944 1079 2013 1096 caeco

1447 1111 1491 1134 337
1509 1118 1521 1134 a

1493 1151 1592 1174 0111511511
1610 1164 1641 1167 -
1659 1152 1690 1174 De
1708 1151 1787 1174 divina
1813 1152 1899 1174 offensa
1920 1158 2013 1180 compa·

1447 1190 1523 1213 tiendo
1541 1193 1563 1213 et
1580 1190 1682 1213 timendo
1701 1197 1727 1213 ex
1745 1191 1825 1213 intimo
1842 1191 1913 1214 eorde
1938 1191 2014 1214 dolen-

1446 1229 1503 1252 dum
1520 1233 1555 1252 est
1573 1229 1616 1252 494
1635 1236 1646 1252 a
1664 1242 1695 1246 —-
1712 1230 1851 1253 Hominibus
1868 1236 1913 1253 non
1930 1233 1965 1253 est.
1981 1236 2015 1253 sa-

1446 1269 1606 1291 tisfaciendum
1625 1275 1677 1292 cum
1695 1270 1781 1292 offensa
1800 1270 1840 1292 Dei
1861 1269 1905 1292 145
1929 1270 1957 1292 13
1982 1283 2014 1286 -—

1447 1309 1567 1330 hominum
1591 1312 1644 1331 sunt
1669 1315 1722 1331 cum
1748 1309 1857 1336 patientia
1882 1309 2014 1332 tolerandae

1446 1347 1500 1370 ibid.
1520 1347 1564 1370 485
1582 1348 1595 1370 2

1494 1386 1598 1409 0111011111
1616 1400 1647 1402 -
1665 1387 1806 1415 imperfectis
1828 1387 1957 1410 necessaria
1980 1389 2015 1410 est

1446 1426 1561 1449 distinctio
1578 1427 1676 1449 exterior
1692 1427 1837 1449 officinarum
1860 1427 2014 1449 claustralium

1447 1466 1488 1488 341
1511 1465 1526 1488 b

1495 1505 1601 1527 0111010111
1619 1517 1649 1521 -—
1661 1508 1695 1527 est
1707 1505 1822 1532 medium,
1835 1507 1875 1527 aut
1887 1506 2014 1533 perfectum

1447 1544 1492 1566 243
1512 1545 1540 1567 15
1558 1557 1588 1561 -
1606 1545 1733 1572 perfectum
1751 1547 1848 1567 vocatur
1872 1545 2015 1567 catorthoma

1447 1583 1501 1606 ibid.
1519 1596 1549 1600 —
1567 1584 1670 1606 medium
1694 1583 1797 1606 consistit
1821 1584 1843 1606 in
1868 1583 2016 1606 observantia

1448 1623 1611 1645 mandatorum
1630 1622 1683 1646 ibid.
1701 1635 1731 1639 —
1753 1623 1857 1645 medium
1876 1625 1910 1645 est
1932 1623 2016 1651 imper-

1449 1664 1533 1685 fectum
1546 1661 1601 1685 ibid.
1611 1675 1643 1678 —
1654 1661 1789 1684 Sublimitas
1801 1662 1870 1685 officii
1880 1662 1945 1684 facile
1954 1668 2016 1684 men-

1448 1705 1493 1724 tem
1512 1702 1596 1724 extollit
1615 1702 1658 1724 440
1677 1702 1690 1724 9
1715 1714 1747 1718 -
1772 1701 1875 1724 divinum
1900 1704 1934 1724 est
1956 1708 2015 1729 opus

1448 1741 1539 1764 Domini
1559 1741 1602 1763 448
1622 1741 1634 1763 4
1653 1754 1681 1757 —
1699 1741 1802 1770 quinque
1820 1741 1848 1763 de
1866 1741 1941 1763 causis
1953 1741 2017 1763 insti-

1449 1783 1523 1803 tutum
1541 1781 1582 1803 suit
1599 1780 1628 1803 ib.
1646 1780 1669 1803 5.
1687 1780 1730 1803 449
1750 1781 1771 1802 6.
1788 1786 1840 1809 sqq.
1855 1780 1917 1802 ——in
1935 1780 2017 1802 maiori

1448 1823 1514 1848 parte
1531 1826 1542 1842 a
1562 1820 1584 1842 S.
1602 1820 1714 1848 Gregorio
1732 1822 1753 1842 et
1771 1820 1819 1842 aliis
1844 1819 1934 1842 Sanctis
1956 1819 2017 1841 insti-

1449 1862 1523 1882 tutum
1542 1860 1583 1882 suit
1601 1859 1646 1882 407
1664 1860 1677 1881 2
1693 1871 1725 1876 --
1737 1859 1852 1887 prolixum
1865 1858 2016 1881 observatum

1448 1902 1482 1921 est
1499 1905 1511 1921 a
1528 1899 1613 1921 sanctis
1630 1899 1735 1921 Patribus
1752 1902 1774 1921 et
1796 1898 1826 1920 ab
1852 1898 1950 1921 Ecclesia
1975 1898 2018 1920 Ro-

1449 1944 1517 1960 mana
1541 1937 1596 1961 ibid.
1622 1951 1650 1954 —
1675 1938 1734 1960 Nulli
1754 1944 1797 1966 pro
1815 1937 1929 1960 Ecclesiae
1951 1937 2017 1959 mini-

1448 1978 1517 2000 sterio
1541 1980 1581 1999 aut
1605 1977 1681 2000 studio
1707 1977 1814 2005 congruit
1839 1978 1883 2000 hoc
1908 1976 2014 2000 Officium

1448 2016 1586 2039 abbreviare
1603 2016 1656 2040 ibid.
1675 2029 1706 2033 -
1723 2018 1745 2039 ln
1763 2016 1843 2039 divino
1860 2016 1941 2039 Officio
1959 2016 2016 2038 assi-

1447 2057 1530 2079 stimus
1555 2057 1616 2083 Deo,
1639 2056 1780 2078 intendimus
1798 2056 1859 2082 Deo,
1876 2055 2016 2084 alloquimur

1448 2102 1502 2118 eum
1519 2099 1541 2118 et
1558 2096 1608 2124 ipse
1625 2102 1668 2118 nos
1685 2098 1707 2118 et
1724 2101 1766 2124 pro
1788 2095 1873 2117 nostris
1896 2094 2016 2117 necessita-

1449 2135 1510 2157 tibus
1527 2135 1577 2157 eius
1594 2135 1702 2157 auxilium
1721 2134 1866 2162 postulamus
1892 2133 1935 2156 449
1954 2134 1967 2155 9
1984 2145 2016 2150 —

1449 2175 1508 2196 luter
1525 2180 1605 2196 omnes
1622 2174 1745 2196 exteriores
1762 2172 1922 2196 observantias
1942 2173 2016 2195 maior

1449 2213 1567 2241 diligentia
1580 2213 1660 2235 divino
1672 2212 1752 2235 Officio
1764 2212 1869 2235 adhiberi
1881 2212 1950 2234 debet
1962 2211 2016 2235 ibid.

1448 2265 1478 2268 —
1496 2253 1592 2275 multam
1610 2252 1708 2281 requirit
1724 2252 1873 2275 devotionem
1893 2251 1938 2274 440
1956 2251 1970 2273 7
1985 2263 2017 2268 —

1448 2291 1513 2314 Circa
1532 2291 1610 2314 Officia
1628 2292 1706 2314 divina
1730 2291 1809 2319 triplex
1836 2291 1954 2319 diligentia
1979 2290 2017 2313 de-

1448 2331 1551 2353 votionis
1569 2330 1675 2353 habenda
1694 2330 1737 2353 448
1756 2330 1769 2353 4
1794 2343 1825 2347 —
1850 2330 1971 2359 quomodo
1988 2329 2017 2352 sit

1449 2370 1613 2393 celebrandum
1632 2370 1677 2393 494
1694 2370 1709 2392 b
1728 2382 1755 2386 —
1774 2370 1898 2392 dicendum
1917 2372 1951 2391 est
1962 2374 2016 2391 cum

1449 2410 1565 2438 profunda
1582 2410 1659 2432 cordis
1685 2409 1819 2436 humilitate,
1842 2408 1972 2431 reverentia
1994 2410 2017 2430 et

1449 2450 1531 2471 timore
1550 2449 1595 2471 475
1617 2450 1620 2470 l
1643 2462 1674 2464 —
1685 2448 1822 2471 Reverentia
1840 2450 1932 2470 externa
1946 2448 1968 2469 in
1980 2447 2015 2470 Of-

1450 2489 1501 2511 ficio
1519 2487 1658 2511 celebrando
1675 2488 1779 2510 studiose
1795 2487 1910 2510 servanda
1923 2489 1958 2509 est
1970 2486 2014 2508 476

1450 2529 1471 2550 2.
1486 2534 1537 2556 sqq.
1550 2540 1581 2544 -
1593 2528 1650 2549 lnter
1664 2527 1739 2555 ipsum
1752 2527 1883 2549 cavendum
1895 2528 1930 2548 est
1938 2531 2016 2554 omne,

1449 2567 1512 2595 quod
1531 2567 1561 2589 ad
1578 2567 1650 2589 risum
1668 2569 1780 2594 provocat
1797 2565 1826 2588 ib.
1845 2566 1857 2587 3
1875 2577 1906 2582 —
1922 2571 1969 2587 non
1981 2571 2015 2587 so-

1449 2606 1570 2629 lummodo
1588 2606 1716 2634 prolatione
1729 2605 1793 2627 vocis
1804 2604 1923 2627 exterioris
1939 2604 2015 2626 dicen-

1450 2646 1506 2668 dum
1524 2648 1558 2668 est
1575 2644 1628 2668 ibid.
1648 2657 1676 2660 ——
1695 2644 1818 2673 Quomodo
1835 2644 1912 2672 ipsum
1932 2643 2016 2671 persol-

1450 2685 1509 2707 verit
1526 2686 1547 2707 S.
1565 2684 1699 2706 Franciscus
1717 2683 1762 2706 534
1780 2684 1793 2705 6
1810 2696 1840 2699 -
1859 2683 1881 2705 Β.
1905 2682 2015 2710 Virginis,

1450 2724 1544 2753 quando
1561 2724 1589 2746 sit
1605 2723 1730 2746 dicendum
1750 2722 1794 2744 476
1812 2723 1825 2744 2
1843 2734 1875 2738 -
1892 2721 2015 2750 Explicatio

1450 2764 1595 2791 singularum
1621 2763 1671 2785 eius
1697 2761 1798 2790 partium
1817 2761 1861 2784 408
1888 2761 1908 2783 4.
1926 2767 1961 2789 sq.
1986 2773 2016 2776 —

1450 2802 1611 2825 Ordinationes
1623 2802 1700 2824 variae
1709 2801 1815 2824 Officium
1828 2803 1958 2828 spectantes
1970 2799 2014 2822 464

1450 2842 1473 2864 b.
1491 2842 1536 2864 465
1554 2841 1577 2864 b.
1596 2841 1639 2863 466
1658 2840 1673 2862 b

1498 2881 1579 2903 Oterri
1597 2892 1627 2897 —·
1644 2880 1689 2902 562
1708 2880 1721 2902 2

1497 2920 1574 2943 Oti-:uni
1591 2932 1622 2936 —
1639 2919 1745 2947 spiritum
1763 2918 1847 2946 premit
1866 2917 1909 2940 448
1928 2918 1940 2939 2

1497 2959 1610 2982 Otrxc‘rus
1621 2971 1651 2975 —
1664 2958 1777 2986 decipitur
1789 2963 1831 2985 per
1842 2957 1938 2980 odorem
1955 2961 2015 2978 crea-

1450 3001 1556 3021 turarum
1574 2998 1602 3020 34
1625 2997 1650 3019 44
