2133 3317
284 216 326 245 CX
983 212 1227 241 PROLEGOMENA
1248 212 1276 240 C.
1299 212 1338 239 Ill.

284 294 451 321 describimus;
469 294 520 316 licet
538 294 566 316 ad
590 294 657 315 aliam
675 292 821 320 disciplinam
839 291 993 319 theologicam
1011 290 1132 319 pertineat.

282 342 339 364 lllud
356 341 437 369 incipit
453 347 507 364 cum
525 340 658 368 prooemio:

382 397 393 408 «ι
405 389 464 410 Fons
481 387 623 415 splendoris,
641 392 683 408 vas
700 385 813 413 dulcoris,
831 384 871 407 sed
889 384 975 406 amoris

379 435 466 462 Nexus,
484 440 537 462 spes
555 432 630 461 ssoriS‚
648 432 691 454 dos
708 432 778 458 roris,
796 431 882 459 dogma
900 430 990 458 saporis

379 481 481 508 Verum,
499 480 559 506 vita,
575 479 626 507 via,
644 478 700 500 mihi
717 478 746 500 da
764 477 829 506 quod
846 476 991 504 philosophia

380 528 471 556 Tradit,
489 528 626 549 Sanctorum
644 525 704 548 votis
721 527 839 553 praestare
856 527 949 546 tuorum
961 531 983 545 n,

285 577 374 600 Deinde
397 575 536 604 opusculum
558 579 675 596 summam
699 572 804 595 omnium
832 571 1005 594 distinctionum
1032 572 1133 598 quatuor

284 623 408 646 Lombardi
425 622 537 645 librorum
555 621 656 649 strophis
674 619 834 649 inaequalibus
851 619 950 642 exhibet.
968 618 1068 640 Omnino
1081 623 1135 639 con-

285 671 396 693 sentimus
414 669 504 692 Oudino
522 668 575 697 (loc.
592 668 630 691 cit.
655 668 697 690 col.
716 667 783 696 403),
802 665 930 689 editoribus
956 664 1049 687 Venetis
1075 664 1135 693 (Dia·

286 717 360 740 tr1bae
378 723 432 745 pag.
454 716 507 744 ⁴02>
525 718 546 738 et
565 715 687 737 Sbaraleae
711 715 762 743 (loc.
779 713 815 736 cit.
834 719 889 741 pag.
907 712 951 735 457
974 713 1016 735 col.
1035 712 1076 740 ll.),
1094 711 1135 740 qui

284 765 340 787 illud
363 771 413 787 esse
436 763 558 790 indiguum
584 762 711 788 affirmant,
738 764 762 783 ut
784 761 960 783 Bouaventurae
985 758 1132 781 attribuatur.

289 819 299 831 α
313 811 368 839 Quis
385 810 478 838 enim»,
495 810 525 831 ait
544 809 601 831 inter
618 808 660 830 alia
679 807 799 834 Sbaralea,
821 816 832 827 (t
845 812 949 835 unquam
972 807 1030 828 serre
1048 805 1133 833 possit:

287 857 346 881 Cum
363 857 460 881 Simone
477 856 639 884 simonz'atw-;
656 855 698 885 qui
713 861 737 878 se
754 854 889 883 sel-vificat,
902 859 981 883 poena
990 852 1134 882 pulo-retur,-

286 904 366 928 omnia
382 904 511 927 vallantur
523 912 534 924 »
555 906 597 926 etc.
615 903 701 925 Auctor
726 902 804 930 operis
827 901 868 923 ruit
891 901 986 929 quidam
1005 906 1031 922 ex
1049 899 1134 922 Ordine

284 953 320 974 Fr.
339 952 464 978 minorum,
482 951 546 980 quod
564 951 611 973 duo
629 956 711 972 versus
723 949 795 972 ultimi
812 949 938 971 insinuant:
961 956 970 968 ti
983 947 1135 975 stigmatibus

285 999 367 1022 Christi
385 998 472 1026 signari
490 998 530 1027 qui
548 998 652 1020 meruisti
678 1010 707 1013 —
726 997 795 1025 Hine,
813 1002 882 1024 rogo,
909 1002 947 1018 me
972 995 1049 1023 signa,
1066 995 1132 1016 Fran-

287 1046 358 1074 ciscc,
384 1052 425 1074 per
451 1046 508 1067 hacc
534 1047 571 1067 tua
597 1045 697 1072 signa».
715 1043 788 1066 Valde
815 1043 941 1070 miramur,
958 1042 1022 1071 quod
1049 1041 1134 1064 Bonelli

286 1093 417 1123 (Prodrom.
434 1093 475 1115 col.
494 1092 538 1114 558
557 1094 579 1114 et
597 1091 640 1113 1174
659 1091 716 1119 seq.)
735 1092 839 1119 censeat,
852 1089 907 1112 nihil
928 1088 1023 1117 obesse,
1042 1088 1134 1117 quomi-

284 1146 328 1162 nus
345 1140 375 1162 illi
392 1145 474 1162 versus
491 1138 584 1161 Ductori
600 1138 721 1166 seraphico
739 1136 908 1160 adscribantur.

348 1188 489 1215 lmpressum
506 1189 540 1208 est
552 1187 596 1208 hoc
609 1185 748 1214 opusculum
762 1184 837 1212 primo
851 1184 873 1206 in
885 1183 921 1206 ed.
935 1182 1059 1211 Argeutina
1073 1183 1081 1204 1l
1089 1182 1134 1204 495

285 1237 307 1257 et
324 1233 447 1262 separatim
466 1233 557 1255 Parisiis
575 1232 644 1254 4508.
661 1233 685 1254 ln
702 1232 820 1254 nonnullis
837 1231 923 1253 saeculi
948 1230 1008 1252 XVI.
1025 1229 1132 1252 indiculis

286 1280 416 1304 attribuitur
434 1280 622 1308 Bonaventurae,
640 1279 680 1302 sed
700 1279 721 1301 in
739 1279 809 1306 nullo,
826 1278 890 1307 quod
907 1278 1001 1305 scimus,
1014 1277 1101 1299 codice.

565 1371 701 1402 Elenchus
722 1371 853 1401 codicum.

350 1469 370 1490 l.
388 1467 519 1495 Monac-hii,
533 1466 671 1489 bibliotheca
684 1466 763 1494 Regia,
778 1465 802 1488 C.
815 1466 838 1488 L.
851 1466 878 1494 Μ.
889 1465 940 1487 cod.
954 1464 1023 1486 5959.
1033 1462 1131 1486 membr.

285 1521 345 1538 saco.
364 1516 429 1543 xlv,
447 1515 469 1537 iu
486 1521 533 1543 quo
551 1516 603 1542 post
620 1514 797 1536 Bonaventurae
820 1512 949 1535 Comment.
967 1512 989 1534 in
1007 1511 1137 1534 Sententias

285 1563 361 1591 primo
385 1565 419 1585 est
444 1562 521 1585 tabula
547 1564 708 1585 contentorum
727 1566 749 1584 et
766 1561 852 1583 deinde
874 1561 911 1583 sol.
928 1560 965 1582 95.
983 1566 1001 1582 r.
1020 1561 1063 1582 hoc
1080 1566 1136 1587 opu·

284 1611 375 1634 sculum
395 1614 419 1633 ut
437 1611 459 1632 in
476 1610 555 1638 editis,
573 1610 614 1632 secl
632 1610 679 1632 sine
697 1610 791 1631 nomine
813 1609 925 1635 auctoris,
944 1609 1039 1636 stropha
1059 1610 1136 1630 tamen

285 1658 364 1680 ultima
383 1658 458 1680 differt
475 1664 487 1680 a
506 1660 565 1680 textu
584 1657 708 1679 vaticanae
726 1656 839 1679 editionis.
853 1656 910 1685 Quia
928 1657 950 1679 in
968 1657 1051 1679 eodem
1070 1657 1135 1678 volu-

285 1705 346 1727 mine
364 1711 417 1727 cum
435 1711 505 1733 opere
522 1704 723 1727 Bonax'enturiano
741 1704 870 1731 invenitur,
887 1704 977 1726 occasio
995 1703 1044 1726 dari
1062 1703 1137 1731 potuit

285 1752 432 1780 suspicandi,
451 1752 504 1774 illud
522 1751 598 1774 cidem
615 1758 666 1774 esse
684 1751 840 1774 tribuendum.

348 1801 370 1822 2.
394 1799 487 1829 Hispali
509 1800 531 1821 in
554 1799 674 1828 Hispania⁷
700 1799 840 1821 bibliotheca
862 1798 1009 1826 Columbina,
1032 1799 1084 1821 cod.
1108 1799 1136 1821 Y.

286 1847 345 1869 Tol),
365 1847 415 1869 1130.
434 1847 459 1868 N.
479 1846 519 1874 35,
537 1852 597 1868 saec.
616 1847 666 1868 XV.
683 1859 714 1862 —
732 1846 785 1868 Post
802 1845 903 1868 tabulam
916 1847 943 1868 lV
956 1846 1069 1869 librorum
1083 1846 1136 1868 Sen-

284 1894 407 1917 tentiarum
420 1894 456 1916 sol.
471 1894 507 1916 36.
520 1900 537 1916 r.
548 1901 553 1915 z
566 1893 649 1923 Incipit
663 1893 782 1923 prologus
795 1893 819 1916 iu.
831 1900 915 1916 versus
932 1900 1005 1923 saper
1018 1894 1051 1916 lV
1062 1893 1135 1916 libros

287 1940 465 1965 Sententiarum
482 1940 603 1964 continens
620 1946 704 1964 eorum
721 1940 862 1964 sententiam
880 1940 1023 1970 qeneralem,
1043 1940 1070 1963 (le
1082 1940 1132 1970 qul-

286 1988 328 2012 bus
346 1987 370 2011 in
387 1994 458 2011 sacra
474 1988 566 2017 payina
579 1989 760 2017 pertractatur.-
781 1987 799 2011 O
816 1988 870 2017 sons
887 1987 1021 2017 splendoris
1039 1990 1083 2010 etc.

349 2035 370 2057 3.
388 2035 487 2063 Romae,
511 2034 648 2057 bibliotheca
677 2035 797 2062 Vaticana,
821 2035 873 2057 cod.
899 2034 951 2057 946.
976 2036 1048 2057 chart.
1073 2040 1133 2057 saec.

287 2082 338 2109 XV,
355 2082 405 2105 sinc
423 2083 516 2105 nomine
533 2083 642 2105 auctoris.

348 2130 416 2152 Num.
434 2130 488 2152 Vlll.
507 2129 607 2153 Carmen
627 2129 755 2153 Leom'izum
770 2129 797 2153 [Ie
809 2129 1076 2160 doctrina.proficiendi.

286 2177 410 2205 Prologus:
431 2178 520 2204 «Laus,
538 2178 624 2205 honor,
641 2184 654 2199 0
672 2177 772 2205 Christe,
791 2180 829 2199 tua
848 2177 919 2204 gloria
937 2177 966 2199 sit
978 2176 1035 2199 liber
1047 2177 1088 2199 iste

413 2224 492 2252 Sitque
510 2224 612 2246 timorosi
630 2224 797 2246 documentum
815 2224 931 2251 Religiosi,

413 2270 463 2299 Quo
481 2270 539 2292 bene
557 2271 672 2299 frutescat,
691 2270 816 2293 virtutihus
834 2271 937 2299 undique
953 2274 1048 2298 crescat,

412 2317 514 2340 Moribus
531 2321 636 2346 ornetur,
655 2318 736 2340 vivens
755 2318 775 2340 in
795 2324 851 2346 pace
868 2320 978 2344 moretur,

412 2366 445 2388 Te
462 2366 522 2388 duce
538 2366 646 2392 laetetur,
664 2366 692 2387 sit
709 2366 799 2392 salvus,
817 2371 869 2388 curn
888 2365 1007 2387 morietur.

350 2412 436 2442 Incipit
453 2412 544 2435 libellus
562 2412 589 2435 de
606 2412 716 2435 doctrina
733 2412 780 2435 viri
797 2411 910 2441 relz'yz'osz‘.

381 2460 456 2487 Saepe
473 2459 610 2486 recorderis,
628 2459 689 2481 boue
708 2459 796 2486 Frater,
815 2459 877 2487 quod
897 2458 1024 2481 morieris»
1044 2461 1088 2481 etc.

350 2507 398 2529 Hoc
415 2512 509 2529 carmen
526 2506 580 2528 satis
598 2507 702 2534 amplum
721 2506 862 2534 impressum
880 2508 913 2528 est
931 2506 953 2528 in
972 2505 1056 2528 ssonelli
1075 2504 1136 2534 Sup-

286 2553 402 2582 plemenlo
420 2553 485 2581 (tom.
504 2554 536 2575 ΙΙΙ.
553 2554 595 2575 col.
618 2554 694 2581 1168).
712 2554 761 2581 lpse
779 2553 881 2575 libellum
899 2554 948 2575 vult
965 2559 1016 2575 esse
1029 2553 1051 2574 S.
1064 2553 1137 2575 Bona-

260 2629 263 2631 <
287 2604 409 2628 venturae,
438 2607 483 2622 uno
509 2600 600 2623 innixus
625 2601 705 2623 codice
725 2601 859 2623 'Veronensi
882 2606 943 2623 saec.
961 2600 1012 2627 XV,
1036 2600 1090 2622 olim
1114 2600 1135 2621 in

287 2648 424 2671 bibliotheca
443 2647 576 2671 Conventus
594 2649 616 2670 S.
634 2648 769 2670 Bernardini
787 2648 838 2670 Min.
857 2648 920 2675 Obs.,
937 2649 976 2677 qui
996 2649 1090 2670 sortasse
1104 2650 1138 2670 est

287 2695 348 2717 idem
374 2701 427 2718 cum
446 2702 473 2717 eo
495 2695 535 2724 qui
553 2696 609 2717 infra
628 2702 651 2717 u.
669 2696 689 2717 3.
713 2698 812 2717 notatur.
837 2695 920 2717 Bonelli
945 2695 1075 2723 (Prodrom.
1093 2695 1136 2717 col.

286 2742 342 2771 750)
361 2742 417 2764 alios
435 2746 480 2765 tres
505 2743 573 2765 codd.
599 2743 674 2765 ass'ert:
702 2743 884 2770 Anconitanum,
912 2743 1042 2765 Romanum
1068 2742 1138 2765 Colle-

288 2789 318 2816 gii
337 2789 358 2810 S.
377 2789 455 2811 lsidori
474 2789 543 2817 (saec.
562 2790 649 2817 xva),
667 2790 707 2818 qui
725 2789 795 2812 ambo
813 2792 930 2811 auctorem
950 2790 1068 2811 nominant
1084 2789 1137 2811 Ber-

287 2835 406 2864 nardum„
424 2836 524 2864 (leuique
541 2836 718 2859 Casanatensem
736 2837 785 2859 sine
803 2836 897 2858 nomine
914 2836 1022 2858 auctoris.
1036 2848 1065 2852 -
1077 2836 1138 2857 Atta-

288 2889 340 2906 men
358 2889 433 2911 neque
451 2883 568 2905 Bet-nardo
590 2889 665 2912 neque
689 2884 863 2905 Bonaventurae
881 2883 1019 2911 opusculum
1038 2882 1136 2905 tribuen-

288 2931 344 2953 dum
362 2936 412 2953 esse
424 2936 558 2958 censemus.
570 2930 610 2952 sed
623 2930 716 2952 cuidam
728 2930 799 2952 Fratri
813 2930 903 2958 Minori,
916 2933 940 2952 ut
953 2930 1038 2952 ssonelli
1050 2936 1077 2951 ex
1088 2929 1137 2958 qui-

286 2977 387 3000 busdam
405 2977 512 3000 versibus
535 2977 589 2999 saus
612 2976 702 3004 probat.
720 2978 804 2999 Auctor
822 2977 882 2999 enim
901 2983 927 2999 ex
945 2977 1047 2999 doctrina
1065 2977 1137 2999 Bona-

1189 291 1313 316 venturae,
1331 290 1367 312 Fr.
1384 290 1494 312 Ber-nardi
1516 296 1528 312 a
1554 290 1623 312 Bessa
1649 293 1684 317 et,
1701 292 1725 312 ut
1742 289 1842 316 videtur,
1859 289 1896 311 Fr.
1914 289 1987 311 David
2004 288 2033 311 ab

1190 336 1305 364 Augusta,
1323 337 1446 359 sententias
1463 337 1546 359 sumsit
1562 341 1584 359 et
1601 338 1673 359 forma
1687 336 1816 364 rhythmica
1828 336 1897 358 valde
1908 336 2037 363 inelegante

1190 383 1270 405 induit.
1288 383 1354 405 Nullo
1373 383 1442 405 modo
1461 383 1515 406 illud
1539 384 1599 411 sapit
1624 383 1724 406 indolem
1748 385 1769 405 et
1788 382 1905 410 ingenium
1925 382 1946 404 S.
1964 383 2036 405 Bona-

1190 433 1310 453 venturae.

1255 477 1277 498 ln
1294 476 1343 498 suis
1361 477 1533 499 commentariis
1551 477 1573 499 Ρ.
1592 477 1675 500 Fidelis
1692 484 1704 499 a
1721 478 1797 500 Fanna
1813 479 1904 505 praeter
1916 476 2036 505 quoddam

1191 529 1248 545 msc.
1265 523 1350 546 saeculi
1368 524 1426 546 XVl.
1444 524 1500 546 alios
1518 527 1563 546 tres
1575 525 1702 547 recensuit:

1256 571 1277 592 ’1.
1294 569 1455 598 Darmsmdiz',
1474 570 1611 594 bibliotheca
1629 571 1732 598 Ducalis,
1750 571 1801 594 cod.
1819 571 1893 593 lesuit.
1910 570 1957 593 Oct.
1977 571 2037 600 (pro-

1192 623 1264 645 gress.
1282 616 1402 646 CCCCVl.)
1420 617 1514 639 miscell.
1533 617 1631 640 diversis
1647 618 1745 640 saeculis
1762 618 1874 646 scriptus,
1892 618 1973 647 inquo
1985 621 2037 646 post

1193 665 1335 688 Formulam
1351 663 1497 687 novitiorum
1522 665 1557 686 Fr.
1584 665 1658 687 David
1684 664 1714 687 ab
1738 665 1842 693 Augusta
1859 665 1965 694 sequitur
1982 665 2040 688 illud.

1192 718 1292 734 carmen.

1255 761 1276 782 ⁴2.
1295 760 1431 787 Ravennae,
1444 758 1582 782 bibliotheca
1596 758 1734 787 classensis,
1746 759 1799 781 cod.
1815 758 1864 781 137.
1882 760 1905 781 S.
1922 760 1946 781 L.
1962 759 1984 781 in
2002 760 2038 782 to.

1192 812 1251 829 saec.
1270 807 1321 833 XV,
1339 812 1392 828 cum
1410 806 1504 828 nomine
1521 806 1705 828 Bonaventurae.

1256 854 1276 876 3.
1298 853 1416 881 Veronae,
1437 852 1575 876 bibliotheca
1593 852 1709 880 Civitatis,
1726 853 1779 875 cod.
1795 853 1849 875 793.
1867 854 1938 875 chart.
1951 853 1973 875 in
1987 853 2009 875 4.

1192 948 1315 970 Auricumis
1334 948 1356 970 ll.
1373 946 1403 969 De
1420 947 1523 977 operibus
1535 946 1710 970 Bona-venturae
1727 946 1864 977 attributis,
1879 953 1936 976 quae
1952 953 1966 969 a
1982 946 2041 970 viris

1255 993 1354 1017 eruditis
1370 993 1417 1017 iam
1439 993 1528 1017 saeculo
1550 993 1675 1024 praeterito
1698 993 1846 1017 communiter
1868 993 1895 1017 ut]
1917 993 2041 1023 illegitima

1255 1040 1377 1070 repudiata.
1394 1041 1457 1064 sunt..

1255 1136 1308 1157 Post
1325 1135 1485 1163 Waddingum
1503 1135 1648 1165 (Scriptores
1667 1135 1723 1159 Ord.
1741 1135 1811 1164 Min.)
1831 1136 1923 1158 saeculo
1945 1139 2043 1164 praeter-

1192 1182 1256 1210 lapso
1273 1185 1373 1210 quatuor
1391 1182 1433 1204 viri
1452 1182 1534 1205 eruditi
1552 1189 1564 1204 a
1582 1182 1649 1205 nobis
1667 1183 1803 1211 saepissime
1822 1182 1912 1211 allegati
1930 1183 1959 1206 de
1978 1183 2042 1206 libris

1192 1230 1214 1251 in
1226 1230 1262 1252 ed.
1277 1230 1386 1252 Vaticana
1404 1230 1510 1252 omnium
1531 1236 1629 1257 operum
1648 1230 1669 1252 S.
1681 1231 1857 1253 Bonaventurae
1874 1231 1973 1253 collectis
1989 1237 2041 1253 con-

1192 1277 1251 1299 sulto
1269 1277 1415 1299 instituerunt
1432 1283 1540 1305 examen,
1559 1277 1598 1305 qui
1616 1283 1696 1299 eorum
1720 1278 1764 1300 sint
1781 1278 1888 1306 genuini,
1907 1278 1947 1307 qui
1964 1277 2042 1306 dubii,

1192 1325 1231 1353 qui
1249 1327 1311 1346 certo
1329 1324 1409 1352 spurii.
1428 1325 1516 1347 Horum
1534 1324 1623 1352 primus
1640 1324 1680 1347 fuit
1697 1324 1802 1347 Oudinus
1820 1325 1841 1347 in
1859 1331 1901 1347 suo
1923 1324 2042 1349 Commen-

1193 1371 1255 1394 tario
1268 1371 1295 1394 a'e
1307 1370 1472 1401 scriptoribus
1489 1370 1664 1399 ecclesiasticis,
1678 1374 1732 1394 torn.
1747 1372 1779 1394 ΙΙΙ.
1792 1372 1835 1394 col.
1847 1372 1891 1394 39⁴2
1907 1378 1985 1401 seqq„
2002 1373 2042 1401 qui

1193 1425 1302 1447 magnam
1321 1420 1405 1441 horum
1423 1425 1521 1446 operum
1534 1421 1636 1447 partem,
1649 1420 1784 1447 praesertim
1797 1420 1962 1447 opusculorum
1980 1425 2043 1442 asce-

1193 1467 1291 1489 ticorum
1318 1467 1494 1488 Bonaventurae
1517 1466 1671 1494 abiudicavit,
1693 1473 1762 1494 saepe
1784 1467 1879 1495 quidem
1903 1469 1977 1495 recte,
2000 1467 2041 1490 sed

1193 1519 1240 1535 non
1258 1519 1310 1535 raro
1328 1512 1456 1535 rationibus
1474 1513 1558 1535 ductus
1575 1519 1671 1541 prorsus
1685 1513 1884 1536 insufficientibus.
1896 1512 1982 1536 Oudini
1993 1519 2042 1536 sen-

1194 1561 1288 1583 tentiam
1301 1562 1348 1582 sere
1365 1566 1458 1588 semper
1470 1560 1541 1583 secuti
1559 1564 1612 1583 sunt
1624 1560 1724 1583 editores
1736 1560 1818 1583 Veneti
1835 1561 1857 1583 in
1874 1566 1914 1583 sua
1933 1560 2043 1584 Dlalriba

1194 1610 1248 1630 tom.
1266 1609 1280 1630 l.
1300 1607 1408 1635 praefixa.
1421 1607 1508 1630 Deinde
1522 1607 1629 1630 Sbaralea
1642 1608 1664 1629 in
1677 1607 1844 1637 Supplemento
1861 1607 1893 1630 ad
1909 1607 2043 1637 Scriptores

1195 1654 1252 1678 Ord.
1270 1655 1327 1678 Min.
1346 1658 1399 1682 post
1416 1655 1465 1677 eius
1483 1657 1581 1677 mortem
1596 1655 1685 1677 Romae
1701 1661 1738 1677 an.
1760 1655 1816 1677 ¹806
1834 1654 1950 1683 publicato
1969 1655 2043 1682 magis

1194 1702 1271 1725 sobrie
1283 1705 1304 1724 et
1316 1702 1384 1725 docte
1396 1703 1454 1724 hanc
1466 1708 1515 1724 rem
1529 1702 1634 1724 tractavit
1645 1704 1667 1724 et
1678 1708 1732 1730 pag.
1746 1703 1753 1723 rl
1762 1702 1790 1724 44
1803 1702 1832 1724 (le
1844 1701 1912 1725 certis
1924 1701 2043 1730 operibus,

1194 1756 1248 1778 pag.
1262 1749 1306 1772 ’154
1319 1750 1348 1772 de
1360 1749 1438 1772 dubiis
1450 1753 1472 1772 et
1484 1756 1537 1778 pag.
1552 1750 1595 1772 1156
1608 1750 1637 1772 de
1649 1750 1734 1778 spuriis
1752 1750 1781 1772 ita
1798 1750 1857 1778 egit,
1870 1752 1895 1772 ut
1905 1756 1952 1772 non
1969 1756 2044 1778 pauca

1194 1797 1305 1825 opuscula
1324 1796 1353 1819 ab
1370 1797 1413 1819 illis
1430 1797 1486 1819 viris
1502 1797 1586 1820 reiecta
1612 1797 1693 1820 iterum
1716 1798 1891 1820 Bonaventurae
1908 1797 2044 1819 vindicaret.

1195 1844 1299 1866 Tandem
1318 1844 1455 1867 Benedictus
1473 1844 1571 1872 Bonelli‚
1589 1845 1624 1867 cui
1647 1844 1817 1867 communicata
1834 1846 1899 1866 erant
1916 1850 1977 1873 quae
1999 1844 2043 1866 iam

1194 1892 1317 1920 scripserat
1338 1892 1457 1920 Sbaralca,
1484 1892 1536 1914 data
1554 1898 1625 1919 opera
1650 1894 1728 1914 contra
1754 1892 1871 1914 Oudinum
1896 1894 1918 1914 et
1944 1892 2043 1915 Venetos

1194 1938 1284 1966 scripsit
1301 1944 1370 1961 suum
1392 1938 1554 1961 Proclromum
1571 1937 1604 1961 ad
1620 1944 1692 1968 opera
1710 1938 1791 1961 omnia
1809 1937 1834 1961 S.
1846 1938 2040 1966 Bonaveulurae,

1194 1986 1288 2008 Bassani
1306 1992 1343 2007 an.
1362 1985 1434 2013 l767,
1452 1991 1594 2014 omnemque
1611 1985 1711 2013 lapidem
1729 1985 1814 2014 movit,
1828 1988 1851 2008 ut
1868 1986 2044 2007 Bonaventurae

1194 2033 1323 2055 restitueret
1340 2039 1410 2060 opera
1430 2033 1565 2060 impugnata
1576 2051 1581 2060 ,
1598 2033 1670 2055 immo
1688 2033 1730 2054 alia
1748 2033 1824 2055 adhuc
1849 2032 1933 2055 inedita
1950 2032 2042 2060 collegit

1194 2083 1216 2102 et
1242 2080 1315 2103 tribus
1338 2079 1498 2103 voluminibus
1522 2081 1546 2102 in
1571 2086 1614 2102 suo
1632 2079 1800 2109 Supplemento
1822 2079 1854 2102 ad
1871 2085 1944 2109 opera
1961 2078 2042 2102 omnia

1194 2128 1219 2151 S.
1237 2127 1433 2155 Bonauenlurae,
1453 2127 1556 2150 Tridenti
1573 2127 1603 2149 ab
1621 2134 1656 2149 an.
1677 2127 1808 2149 1772-1774
1827 2127 1962 2155 publicavit.

1258 2174 1410 2197 Nihilominus
1419 2174 1487 2197 etiam
1502 2174 1599 2202 BoneHi,
1612 2174 1745 2196 manifestae
1758 2174 1846 2196 veritati
1860 2174 1951 2202 cedens,
1964 2173 2042 2203 quoad

1195 2227 1241 2243 non
1253 2227 1328 2249 pauca
1340 2227 1412 2249 opera
1432 2220 1538 2243 editionis
1556 2220 1679 2243 vaticanae
1699 2219 1772 2243 tribus
1783 2220 1907 2248 praedictis
1921 2221 1977 2243 viris
1989 2227 2043 2243 con-

1195 2269 1265 2291 sensit
1281 2273 1303 2291 et
1320 2268 1361 2291 alia
1375 2266 1477 2297 quidem⁴
1490 2271 1552 2290 certo
1569 2268 1722 2296 supposititia,
1734 2268 1778 2290 alia
1791 2268 1898 2290 nonnulla
1910 2268 1990 2290 saltem
2003 2268 2043 2290 du-

1195 2316 1232 2339 bia
1250 2322 1300 2339 esse
1326 2317 1422 2339 censuit.
1445 2316 1543 2345 Quando
1565 2317 1609 2338 hoc
1631 2316 1702 2338 modo
1727 2316 1756 2338 illi
1780 2318 1880 2344 quatuor
1898 2315 1941 2337 viri
1959 2315 2043 2338 eruditi

1195 2364 1337 2386 conveniunt.
1354 2364 1376 2385 in
1394 2363 1544 2391 reprobando
1561 2363 1639 2391 aliquo
1656 2363 1780 2390 opusculo,
1805 2368 1897 2384 summa
1916 2362 1960 2384 iam
1979 2368 2043 2390 prae-

1195 2411 1279 2433 sumtio
1297 2413 1340 2433 stat
1358 2417 1400 2439 pro
1418 2417 1458 2437 co,
1476 2410 1539 2439 quod
1562 2417 1586 2432 re
1611 2416 1667 2432 vera
1692 2410 1746 2432 illud
1764 2410 1792 2432 sit
1810 2409 1961 2437 illegitimum.
1981 2409 2043 2431 Hanc

1195 2459 1330 2481 sententiam
1349 2465 1391 2480 nos
1404 2459 1543 2487 plerumque
1554 2457 1665 2480 roborare
1678 2463 1802 2485 possumus
1815 2457 1969 2485 argumentis,
1982 2462 2042 2486 quae

1195 2509 1306 2529 eruuntur
1332 2511 1357 2527 ex
1381 2505 1510 2527 testimonio
1528 2504 1682 2532 plurimorum
1708 2504 1828 2531 codicum,
1853 2504 1892 2532 qui
1918 2503 2043 2532 praedictis

1195 2553 1250 2575 viris
1267 2554 1427 2574 remanserunt
1454 2551 1531 2579 ignoti.
1554 2550 1676 2578 Agendum
1702 2550 1772 2577 igitur
1795 2550 1816 2571 in
1841 2550 1884 2571 hoc
1903 2552 1944 2571 art.
1963 2551 1996 2571 est
2013 2549 2042 2571 de

1194 2599 1305 2628 operibus
1322 2599 1438 2626 asceticis,
1458 2604 1559 2627 quorum
1585 2597 1713 2625 suppositio
1736 2597 1803 2619 nobis
1820 2597 1887 2619 simul
1905 2603 1959 2619 cum
1978 2602 2042 2624 prae-

1195 2647 1261 2669 dictis
1278 2649 1377 2675 quatuor
1390 2646 1446 2667 viris
1459 2647 1523 2668 cei-lu.
1541 2645 1640 2667 videtur.
1657 2645 1745 2667 Horum
1757 2647 1833 2667 tamen
1846 2648 1899 2667 sunt
1912 2644 2040 2672 complura,

1194 2699 1255 2722 quae
1272 2699 1317 2715 non
1336 2692 1432 2719 indigna
1450 2695 1515 2718 sunt,
1534 2695 1558 2714 ut
1582 2691 1676 2719 speciali
1697 2691 1814 2713 volumine
1832 2691 1986 2719 publicentur.
2003 2691 2043 2713 No-

1195 2739 1230 2762 bis
1247 2740 1269 2761 in
1287 2740 1363 2761 auimo
1387 2742 1434 2765 est,
1458 2742 1488 2766 ut,
1506 2738 1567 2760 linita
1591 2741 1669 2760 nostra
1692 2738 1792 2760 editione
1813 2743 1913 2765 operum
1931 2738 1954 2759 S.
1972 2738 2042 2759 Bona-

1195 2791 1318 2815 vcnturae,
1330 2787 1397 2808 etiam
1411 2787 1447 2808 illa
1460 2785 1588 2813 illegitima,
1601 2786 1680 2808 saltem
1693 2784 1858 2812 praestantiora
1875 2790 1945 2812 opera
1959 2784 2041 2806 iterum

1194 2835 1298 2857 edamus⁴
1317 2835 1381 2856 Tunc
1399 2834 1421 2856 ln
1439 2834 1579 2861 praefatione
1597 2833 1654 2855 illius
1671 2832 1795 2855 voluminis
1813 2832 1888 2859 aptior
1911 2831 1953 2854 erit
1978 2832 2042 2853 locus

1194 2882 1261 2904 novis
1278 2881 1421 2908 argumentis
1438 2880 1611 2907 demonstrare,
1629 2880 1683 2902 salso
1701 2879 1750 2901 illos
1767 2878 1837 2901 libros
1854 2878 1975 2901 attributos
1992 2884 2043 2900 esse

1194 2929 1377 2951 Bonaventurae.
1395 2928 1427 2949 Ne
1445 2927 1513 2955 igitur
1538 2927 1606 2949 nimis
1630 2927 1758 2949 increscant
1783 2926 1948 2953 prolegomena
1973 2925 2041 2948 huius

1195 2976 1263 3003 lonii,
1276 2975 1311 2997 hic
1324 2975 1422 2997 sufficiat
1434 2981 1459 2997 ea
1473 2980 1543 3002 opera
1561 2980 1709 3001 enumerare,
1722 2974 1799 2996 addita
1812 2974 1887 3002 aliqua
1906 2973 2007 3001 ratione,
2020 2973 2041 2995 in
