2133 3317
175 463 287 488 Responsio.

179 1068 222 1086 Alia
234 1067 289 1086 ratio.

161 1680 245 1703 Quatuor
256 1679 291 1698 cir-

168 1708 190 1722 ca
202 1708 233 1721 res
246 1704 291 1721 tem-

168 1726 242 1750 porales
249 1731 290 1745 con-

168 1749 276 1769 sideranda.

171 2193 284 2213 Notandum.

175 2381 282 2400 neclan-atio

157 2404 243 2428 Gregorii
258 2405 290 2423 lx.

304 239 360 269 312

308 325 362 346 non
385 314 564 347 domimum,
586 312 614 340 in
630 313 737 340 tantum
759 309 895 338 beatiores
909 316 940 337 ac
961 306 1149 345 praeferendi,

306 363 379 400 quod
401 370 461 394 res,
484 359 587 397 quibus
607 360 743 391 utuntur,
765 359 912 385 aeternum
933 355 1035 383 habent
1062 353 1150 382 domi—

305 410 398 442 nium,
421 407 466 436 sed
482 409 590 434 vestrae
611 412 656 432 res
671 403 724 432 sub
745 405 879 439 potestate
894 404 959 430 sunt
974 400 1150 429 terrestrium

306 455 481 485 dominorum
493 464 519 480 ι».
538 468 576 471 —
598 451 666 479 Haec
681 449 766 478 verba
780 449 883 486 ipsius,
898 448 925 476 in
941 447 1044 485 quibus
1058 446 1151 475 omnia

306 500 448 531 confundit
469 502 552 536 atque
573 498 601 526 in
623 500 730 526 tantum
752 495 901 533 pervertit,
922 497 955 523 ut
976 494 1003 522 in
1031 501 1151 531 pauper-

305 552 361 578 tate
382 546 485 584 gradus
506 553 559 574 non
583 544 633 578 sit,
655 546 704 572 aut
725 543 746 572 si
762 545 816 577 est,
838 541 1036 579 praeferendus
1051 540 1151 569 311313-

306 598 351 624 tus
384 593 549 622 clericorum
585 589 777 619 ecclesiasticis
810 588 946 617 reditibus
976 586 1150 616 affluentium

305 641 389 671 statui
411 638 617 677 quantumlibet
638 644 793 674 pauperum
815 638 843 664 et
863 643 914 672 pro
935 634 1036 663 Christi
1058 642 1151 663 amore

304 688 373 717 nihil
396 687 499 715 habere
519 684 687 718 volentium,
709 683 775 720 quia
796 682 834 711 illi
849 684 970 711 utuntur
990 681 1075 710 rebus
1091 688 1151 709 cae-

304 735 381 764 lestis
402 737 429 763 et
451 731 611 769 sempiterni
633 730 758 764 dominii,
781 730 809 758 hi
831 729 950 762 terreni;
972 728 1051 765 quasi
1072 727 1152 756 Chri-

305 784 365 810 stus
387 780 519 809 exclusus
541 779 576 807 sit
590 786 605 806 a
623 777 744 806 dominio
765 784 876 809 rerum,
899 783 969 812 quas
984 775 1043 803 laici
1065 774 1152 811 possi-

305 828 385 862 dent,
409 835 473 856 cum
489 829 580 854 tamen
601 825 635 853 sit
656 824 785 853 dominus
800 823 1009 855 universorum,
1031 824 1059 850 et
1073 821 1151 858 quasi

306 874 425 904 Ecclesia
445 881 500 902 non
522 872 622 901 habeat
643 879 739 900 rerum
762 869 955 906 temporalium
978 876 1076 897 verum
1105 867 1152 895 do-

305 922 438 955 minium,
454 920 535 949 cuius
556 918 727 948 contrarium
750 916 891 945 evidenter
912 918 1097 944 monstratum
1112 917 1153 943 est

306 968 428 1005 supra¹;
452 969 478 995 et
499 966 561 994 ideo
581 966 608 993 in
630 965 683 993 1100
704 964 791 1000 ipsius
810 962 908 991 matris
930 961 1064 990 Ecclesiae
1086 969 1153 997 pau-

306 1017 441 1052 pertatem
463 1013 596 1041 fallaciter
620 1011 742 1040 insinuat
769 1014 796 1039 et
824 1012 986 1046 potestatem
1018 1008 1153 1037 veraciter

307 1061 458 1098 impugnat.
475 1077 513 1080 —
528 1059 668 1096 Denique,
690 1058 711 1086 si
734 1065 832 1086 verum
854 1060 910 1090 est,
932 1055 1007 1092 quod
1036 1054 1155 1083 Ecclesia

307 1117 361 1137 non
384 1108 467 1136 habet
488 1115 552 1135 cum
575 1106 632 1134 suis
653 1104 787 1133 ministris
802 1111 897 1132 rerum
919 1102 1085 1135 dominium,
1107 1101 1153 1129 sed

307 1157 414 1184 tantum
443 1161 542 1187 usum,
574 1155 606 1181 ut
634 1151 701 1189 quid
726 1153 927 1187 consequenter
955 1148 1154 1186 professionem

306 1209 461 1239 pauperum
491 1199 678 1229 calumniatur
699 1198 866 1231 dicentium,
892 1205 921 1225 30
948 1196 1089 1225 nullarum
1110 1203 1154 1223 re-

306 1256 370 1277 rum
392 1248 495 1276 habere
515 1246 693 1279 domimum,
712 1244 839 1282 quamvis
860 1244 979 1272 habeant
993 1250 1096 1275 usum,
1118 1241 1155 1269 di-

306 1303 386 1329 cens,
409 1294 482 1331 quod
510 1293 639 1322 omnibus
660 1291 712 1320 lioc
742 1291 878 1319 videatur
899 1298 958 1318 esse
989 1289 1154 1321 ridiculum,

307 1350 370 1371 cum
392 1349 488 1370 eorum
511 1347 582 1377 quae
610 1347 660 1376 per
687 1339 777 1375 ipsum
810 1345 892 1366 usum
921 1336 1032 1373 penitus
1060 1343 1156 1364 consu-

306 1392 439 1422 muntur,
461 1388 495 1416 ab
517 1395 571 1416 usu
586 1386 739 1415 dominium
761 1385 834 1413 inter
849 1384 974 1412 homines
995 1383 1155 1411 nullatenus

307 1436 493 1473 distinguatur
508 1438 518 1463 ⁵?
541 1435 572 1462 Et
586 1434 686 1463 dehinc
708 1432 847 1461 irridendo
863 1430 1024 1467 subiungit:
1051 1441 1064 1455 «
1079 1430 1155 1458 Cete-

308 1491 370 1512 rum
403 1490 523 1519 quorum
557 1484 622 1510 sunt
650 1479 798 1517 pecuniae,
825 1486 894 1516 quas
922 1486 971 1514 per
1000 1477 1155 1514 provincias

309 1539 362 1559 non
386 1529 498 1558 cessatis
520 1537 535 1557 a
556 1528 691 1556 divitibus
712 1529 806 1563 petere
827 1529 854 1555 et
881 1525 908 1554 in
931 1532 1018 1554 uuum
1040 1532 1154 1561 congre—

307 1584 389 1614 gare,
411 1576 462 1604 nisi
484 1574 589 1612 aliquid
612 1574 735 1602 habeatis
756 1580 904 1601 commune
918 1574 955 1599 »?

388 1624 413 1651 5.
438 1623 470 1651 Ut
491 1622 576 1659 igitur
591 1620 721 1658 praefatis
742 1623 769 1649 et
791 1620 833 1648 1113
848 1619 985 1648 similibus
1006 1618 1155 1647 cavillatio-

308 1670 391 1699 nibus
412 1669 538 1706 malignis
560 1671 587 1697 et
605 1667 729 1696 subdolis
750 1667 908 1703 imponatur
936 1665 1092 1699 silentium,
1115 1664 1155 1693 in-

308 1716 486 1754 telligendum
518 1718 574 1749 est,
606 1713 681 1751 quod
711 1721 775 1742 cum
808 1712 881 1741 circa
913 1720 958 1740 res
990 1711 1156 1748 temporales

307 1767 429 1801 quatuor
450 1763 485 1791 sit
506 1761 698 1795 considerare,
720 1760 824 1789 scilicet
844 1759 1068 1796 proprietatem,
1088 1766 1154 1795 pos-

305 1810 474 1843 sessionem,
490 1807 714 1846 usumfructum
728 1810 755 1836 et
769 1806 928 1843 simplicem
940 1813 1043 1839 usztm;
1058 1808 1085 1833 et
1098 1805 1155 1841 pri-

305 1857 358 1886 mis
379 1856 489 1894 quidem
512 1855 603 1884 tribus
624 1855 681 1883 vita
694 1853 855 1882 mortalium
875 1852 961 1889 possit
982 1860 1090 1887 carere,
1112 1852 1156 1880 ul-

305 1904 372 1933 timo
393 1911 460 1932 vero
481 1906 612 1939 tanquam
634 1901 791 1930 necessario
811 1903 905 1937 egeat:
933 1900 1010 1928 nulla
1038 1907 1154 1936 prorsus

304 1953 394 1988 potest
415 1958 474 1979 esse
492 1949 625 1987 professio
645 1948 757 1977 omnino
778 1947 972 1984 temporalium
992 1954 1087 1975 rerum
1107 1946 1154 1975 ab-

304 1997 398 2026 dicans
418 2005 515 2025 usum.
531 1996 635 2024 Verum
657 1995 681 2023 ei
702 1994 882 2031 professioni,
904 2001 975 2030 quae
990 1996 1086 2030 sponte
1107 1993 1153 2021 de-

304 2044 380 2073 vovit
401 2044 542 2072 Christum
564 2043 591 2071 in
613 2045 742 2071 extrema
762 2043 925 2078 paupertate
947 2040 1062 2074 sectari,
1088 2047 1152 2068 con-

304 2091 404 2120 decens
424 2090 477 2119 suit
501 2089 696 2118 universaliter
718 2095 814 2116 rerum
836 2087 964 2115 abdicare
989 2086 1153 2115 domimum

305 2141 438 2174 arctoque
458 2145 554 2166 rerum
576 2136 728 2164 alienarum
750 2138 777 2163 et
799 2134 850 2163 31111
879 2141 1072 2162 concessarum
1094 2141 1152 2161 usu

305 2192 364 2213 esse
386 2185 551 2212 contentam.
573 2181 649 2210 Unde
670 2184 697 2209 et
721 2181 748 2209 in
769 2180 895 2217 ipsorum
916 2179 1041 2216 Regula2
1066 2179 1152 2207 conti-

304 2234 406 2259 netur:
432 2241 446 2255 «
461 2230 571 2257 Fratres
591 2228 660 2256 nihil
682 2227 732 2256 sibi
748 2226 944 2264 approprient,
966 2233 1017 2254 nec
1037 2225 1150 2254 domum

304 2285 354 2306 1100
376 2277 468 2305 10011111
490 2283 540 2304 1100
561 2275 682 2311 aliquam
704 2282 763 2302 rem
778 2285 804 2301 ».

383 2324 408 2351 6.
431 2323 529 2356 Porro,
544 2330 579 2350 ne
593 2321 657 2358 quis
677 2320 749 2349 forte
763 2319 960 2357 proprietatem
976 2318 1149 2347 interdictam

303 2369 330 2398 in
353 2370 396 2398 1113
416 2369 510 2398 verbis
531 2368 625 2397 credat
652 2375 706 2396 non
729 2367 858 2403 collegio,
879 2366 926 2394 sed
950 2365 1066 2402 privatis
1088 2373 1149 2401 per-

304 2417 393 2451 sonis3
415 2416 524 2449 audiat,
546 2415 613 2452 quid
634 2422 719 2451 super
741 2414 793 2442 hoc
814 2413 965 2450 Gregorius
979 2420 1069 2441 nonus
1086 2413 1151 2441 Fra-

302 2466 379 2492 trum
408 2461 600 2491 consultationi
629 2460 816 2497 respondetss:
844 2471 857 2485 «
878 2459 1016 2493 Dicimus,
1044 2458 1149 2496 inquit,

303 2510 377 2547 quod
397 2517 449 2538 1100
469 2509 497 2537 111
513 2508 652 2538 communi
674 2507 767 2536 necin
788 2506 899 2543 speciali
912 2506 1013 2534 debent
1027 2505 1149 2542 proprie-

304 2559 388 2586 tatem
409 2556 526 2590 habere,
548 2554 595 2584 sed
616 2554 778 2583 utensilium
800 2556 828 2582 et
847 2553 986 2582 librorum
1006 2555 1034 2581 et
1052 2560 1150 2581 eorum
1169 2571 1177 2577 „

365 2751 374 2764 ¹
392 2751 447 2780 Cap.
466 2752 503 2774 to.
520 2758 541 2774 n.
560 2752 582 2774 9.
600 2757 664 2781 seqq.
681 2763 712 2768 -
730 2751 824 2773 inferius
841 2756 884 2779 pro
901 2752 924 2774 et
934 2751 1075 2780 potestatem
1086 2756 1152 2773 vera-

303 2790 358 2813 citer
376 2790 501 2820 impitqnat
518 2790 571 2813 edd.
588 2791 615 2813 ue
628 2791 767 2820 potestatem
783 2789 899 2813 veraciter
916 2789 1046 2819 impugnet.

364 2827 373 2841 ²
392 2829 481 2852 Scilicet
498 2830 585 2857 Regula
601 2830 642 2852 FF.
660 2829 785 2857 Minorum,
803 2835 822 2851 c.
840 2829 862 2851 6.

365 2866 374 2879 ³
392 2867 522 2890 Constitut.:
542 2867 593 2895 Quo
610 2867 716 2897 elonqatz'
732 2867 864 2896 (31111230,
882 2868 920 2889 28.
938 2867 1018 2897 Sept.).
1036 2866 1082 2889 Cfr.
1095 2865 1149 2888 Sha-

302 2906 375 2932 ralea,
392 2906 475 2929 Bullar.
492 2907 635 2929 Franciscan.
654 2909 709 2929 tom.
727 2907 741 2928 1.
759 2912 782 2928 n.
801 2906 838 2928 56.
856 2912 910 2934 pag.
928 2906 964 2928 69.

364 2944 374 2957 ⁴²
391 2944 446 2972 Cap.
464 2946 485 2967 8.
502 2952 523 2967 n.
541 2946 579 2968 21.
596 2951 644 2974 seq.

366 2982 375 2995 ⁶
392 2983 454 3005 Lihr.
471 2984 517 3006 Vll.
533 2984 619 3011 Digest.
637 2984 668 3006 tit.
687 2984 708 3011 1,
725 2984 770 3011 leg.
795 2982 908 3006 Omnium
922 2982 1080 3012 praediorum
1098 2982 1147 3011 (3.),

301 3022 325 3044 in
342 3028 388 3051 qua
405 3022 500 3044 dicitur:
518 3022 549 3044 Ne
568 3025 645 3044 tamen
659 3022 680 3044 in
698 3022 833 3045 universum
845 3022 937 3044 inutiles
954 3024 1029 3045 essent
1045 3021 1147 3050 proprie-

777 230 975 261 OPUSCULUM
996 229 1037 258 XI.
1061 227 1223 257 APOLOGlA
1245 227 1427 257 PAUPERUM.
1448 227 1516 256 CAP.
1538 227 1579 255 XI.

1207 314 1279 343 quae
1300 305 1363 334 licet
1390 305 1508 339 habere,
1538 304 1613 333 Ordo
1635 312 1717 333 usum
1740 303 1855 338 habeat,
1878 306 1905 332 et
1926 303 2048 339 Fratres,

1208 352 1360 381 secundum
1389 352 1463 388 quod
1490 351 1626 389 generalis
1653 351 1697 380 vel
1724 350 1907 387 provinciales
1933 350 2048 379 Ministri

1207 398 1407 435 disponendum
1422 398 1568 432 duxerint,
1583 398 1627 426 his
1640 400 1766 426 utantur.
1781 397 1835 426 Nec
1849 396 1948 425 debent
1968 397 2048 426 vendi

1208 445 1319 474 mobilia
1340 445 1382 473 vel
1411 447 1493 473 extra
1520 444 1650 473 Ordinem
1679 443 1844 472 commutari
1866 446 1913 471 aut
1937 443 2049 472 alienari

1208 500 1321 529 quoquo
1343 492 1423 520 modo
1441 491 1491 520 nisi
1513 491 1647 519 Ecclesiae
1668 491 1803 519 Romanae
1824 490 1982 524 cardinalis,
2003 491 2051 528 qui

1207 539 1292 568 fuerit
1313 538 1424 567 Ordinis
1444 538 1630 575 gubernator,
1652 537 1771 574 generali
1803 537 1846 566 vel
1877 537 2050 574 provinciali-

1208 586 1261 614 bus
1282 585 1412 614 Ministris
1433 584 1625 613 auctoritatem
1641 592 1725 621 super
1743 584 1795 612 hoc
1810 584 1986 621 praebuerit,
2007 585 2049 613 vel

1208 640 1351 661 assensum
1366 644 1393 660 ι».
1408 648 1448 652 -—
1462 632 1532 660 Haec
1552 631 1638 659 verba
1658 631 1784 667 rescripti
1807 631 1925 667 papalis,
1948 631 1975 659 in
1990 631 2051 668 qui—

1208 680 1261 708 bus
1281 679 1390 716 sapiens
1410 681 1437 707 et
1465 678 1528 715 pius
1551 678 1666 706 antistes
1694 677 1892 715 proprietatem
1914 678 2051 714 separavit

1209 727 1243 755 ab
1258 734 1328 760 usu,
1350 726 1423 754 illam
1442 725 1491 754 sibi
1508 727 1535 753 et
1556 725 1690 753 Ecclesiae
1710 724 1848 758 retinens,
1870 724 1945 753 hunc
1959 727 2052 754 autem

1209 774 1336 802 Fratrum
1352 772 1506 801 necessitati
1522 771 1682 805 concedens,
1698 774 1790 800 sancte
1805 771 1929 808 quidem,
1944 771 2051 808 sapien-

1209 824 1251 849 ter
1273 823 1300 849 et
1321 820 1372 856 pie.
1395 819 1421 847 Si
1443 819 1517 848 enim
1539 819 1700 855 temporalia
1720 818 1792 846 bona
1813 826 1864 855 pro
1884 818 1944 847 aliis
1964 818 2051 855 possi-

1209 868 1275 896 dere
1297 875 1328 896 ac
1358 867 1533 903 dispensare,
1562 865 1609 894 ubi
1631 865 1712 894 etiam
1742 865 1892 902 temporale
1920 865 2053 902 recipitur

1210 914 1428 943 emolumentum
1449 916 1534 950 atque
1555 912 1698 946 solatium,
1720 912 1788 940 nihil
1809 912 1843 941 de
1864 912 1971 941 ratione
1991 920 2053 949 per-

1210 961 1334 989 fectionis
1349 961 1375 989 in
1399 960 1528 997 praelatis
1542 959 1684 993 diminuit,
1700 959 1771 988 sicut
1791 967 1828 987 ex
1842 959 1924 988 tertia
1942 967 2055 996 respon-

1210 1008 1309 1036 sione4
1330 1007 1471 1041 clarescit;
1494 1009 1598 1044 quanto
1620 1006 1719 1043 magis,
1735 1006 1845 1042 quando
1866 1006 1955 1034 solum
1967 1014 2054 1043 prae-

1209 1055 1319 1083 sidium
1342 1054 1524 1091 impenditur,
1539 1057 1566 1082 et
1581 1053 1687 1081 nullum
1709 1053 1860 1089 temporale
1881 1052 2054 1081 commodum

1211 1105 1403 1139 exspectatur,
1425 1101 1512 1138 ipsius
1534 1101 1634 1129 summi
1656 1100 1794 1129 Pontificis
1822 1100 1945 1128 salvatur
1966 1099 2055 1136 perfe-

1212 1149 1280 1183 ctio,
1302 1151 1329 1177 et
1350 1148 1372 1177 ei
1395 1147 1527 1177 accrescit
1547 1147 1678 1176 meritum
1700 1149 1763 1175 ante
1785 1146 1882 1175 Deum.

1291 1197 1316 1223 7.
1333 1195 1434 1232 Quodsi
1456 1195 1527 1223 forte
1548 1194 1592 1223 his
1606 1194 1754 1231 quisquam
1770 1196 1886 1222 conetur
1905 1193 2055 1229 obsistere,

1212 1250 1247 1270 ex
1279 1250 1311 1270 eo
1342 1241 1415 1278 quod
1443 1241 1527 1269 iure⁵
1553 1243 1667 1269 cautum
1697 1243 1754 1274 est,
1782 1248 1865 1268 usum
1893 1248 1949 1269 non
1976 1248 2055 1277 posse

1211 1291 1346 1325 perpetuo
1367 1296 1382 1316 a
1403 1287 1524 1316 dominio
1545 1287 1684 1324 separari3
1713 1287 1955 1324 respondebimus,
1981 1287 2055 1324 quod

1212 1336 1259 1364 lex
1280 1335 1326 1363 illa
1346 1335 1434 1363 civilis
1456 1342 1509 1362 non
1531 1334 1614 1363 habet
1635 1334 1681 1362 hic
1702 1334 1814 1368 locum,
1836 1334 1901 1370 quia
1921 1334 1974 1362 boc
1995 1334 2055 1363 ideo

1212 1383 1256 1411 1113
1277 1382 1355 1411 civile
1376 1382 1513 1415 decrevit,
1536 1389 1571 1410 ne
1591 1380 1743 1409 dominium
1765 1380 1862 1409 inutile
1883 1380 2009 1409 videatur
2024 1389 2055 1410 ac

1213 1437 1262 1466 per
1283 1429 1335 1457 1100
1357 1428 1445 1457 inanis
1459 1428 1494 1457 sit
1514 1427 1641 1456 nominis.
1657 1428 1722 1455 Nam
1738 1427 1856 1456 retentio
1876 1427 1987 1456 dominii
2003 1428 2056 1457 hu-

1213 1476 1331 1505 iusmodi
1353 1483 1449 1504 rerum
1472 1482 1536 1503 cum
1558 1474 1733 1503 concessione
1754 1481 1822 1502 usus
1836 1474 1907 1502 facta
1927 1475 2056 1511 pauperi-

1212 1523 1266 1552 bus
1287 1531 1341 1551 11011
1363 1525 1404 1551 031
1432 1521 1619 1555 infructuosa,
1646 1528 1709 1549 cum
1739 1520 1774 1549 sit
1800 1520 1873 1557 patri
1900 1528 2055 1558 pauperum

1212 1569 1355 1598 meritoria
1376 1572 1402 1597 et
1417 1568 1579 1606 professioni
1601 1568 1723 1596 filiorum
1738 1567 1848 1596 Christo
1863 1567 2057 1597 famulantium

1212 1619 1377 1653 opportuna.
1395 1632 1429 1636 —
1446 1615 1499 1644 Nec
1513 1615 1604 1643 obstat
1624 1614 1699 1651 quod
1719 1614 1896 1643 adversarius
1916 1614 2009 1643 obiicit
2024 1615 2058 1644 de

1214 1663 1315 1697 rebus,
1337 1670 1409 1700 quae
1430 1671 1488 1690 usu
1516 1664 1741 1695 consumantur,
1770 1661 1845 1698 quod
1876 1661 1903 1689 in
1932 1661 1971 1690 eis
1991 1669 2056 1698 pro-

1213 1710 1316 1747 prietas
1336 1718 1391 1738 non
1413 1712 1558 1746 separatur
1577 1709 1611 1737 ab
1632 1716 1694 1737 usu.
1717 1708 1771 1737 Hoc
1792 1708 1865 1737 enim
1885 1708 1954 1737 fallit
1969 1709 1996 1737 in
2011 1717 2058 1746 pe-

1212 1757 1285 1786 culio
1304 1756 1458 1794 profectitio
1478 1756 1662 1790 filiifamilias,
1684 1755 1732 1784 ubi
1753 1755 1945 1784 filiusfamilias
1972 1763 2056 1785 usum

1212 1803 1310 1838 habet,
1333 1806 1360 1832 et
1381 1806 1473 1831 tamen
1495 1802 1650 1839 proprietas
1670 1809 1721 1831 nec
1741 1802 1776 1830 ad
1796 1804 1966 1830 momentum
1989 1801 2056 1831 resi-

1212 1850 1257 1879 det
1277 1857 1362 1887 penes
1383 1850 1474 1886 ipsum
1485 1849 1505 1877 6.
1528 1849 1571 1878 Sic
1592 1852 1619 1878 et
1639 1848 1673 1877 de
1694 1848 1797 1877 Ordine
1811 1848 1969 1877 huiusmodi
1989 1856 2057 1885 pau-

1211 1905 1310 1935 perum
1336 1899 1465 1933 respectu
1496 1896 1633 1924 Romanae
1654 1895 1789 1924 Ecclesiae
1820 1895 1933 1932 intelligi
1965 1895 2054 1924 debet.

1212 1947 1281 1974 Sunt
1301 1944 1404 1981 quippe
1426 1943 1459 1972 de
1478 1943 1540 1972 iure
1562 1943 1701 1971 communi
1723 1950 1818 1971 omnes
1838 1942 1939 1971 Christi
1962 1942 2055 1971 fideles

1211 1991 1312 2021 summi
1334 1990 1472 2019 Pontificis
1493 1989 1557 2024 filii,
1580 1989 1712 2027 peculiari
1734 1992 1826 2018 tamen
1852 1989 1972 2026 quodam
1994 1989 2056 2018 iure

1210 2038 1238 2066 hi
1261 2041 1327 2066 sunt
1347 2037 1406 2066 eius
1427 2036 1598 2065 obedientiae
1619 2036 1721 2065 subditi
1743 2038 1770 2064 et
1791 2043 1875 2064 curae
1899 2035 2054 2070 commissi;

1210 2088 1237 2113 et
1258 2084 1334 2118 ideo,
1356 2091 1420 2112 cum
1442 2083 1487 2111 alii
1502 2083 1557 2112 31111
1578 2085 1709 2119 tanquam
1724 2082 1773 2110 filii
1788 2082 1979 2119 emancipati,
1994 2082 2055 2119 qui-

1209 2132 1262 2160 bus
1283 2131 1345 2159 licet
1366 2130 1531 2159 auctoritate
1556 2129 1625 2158 iuris
1653 2129 1692 2158 eis
1712 2129 1820 2158 indulta
1844 2129 1877 2157 de
1904 2129 1983 2158 bonis
2011 2137 2055 2158 ec-

1209 2178 1356 2207 clesiarum
1385 2185 1501 2206 suarum
1529 2176 1587 2205 sine
1614 2176 1808 2212 dilapidatione
1836 2175 1997 2212 disponere,
2025 2176 2054 2204 hi

1208 2228 1274 2253 sunt
1295 2228 1425 2261 tanquam
1444 2223 1569 2261 paruuli
1581 2226 1607 2252 et
1620 2222 1812 2260 filiifamilias
1830 2223 1950 2252 totaliter
1968 2223 2055 2260 ipsius

1208 2271 1333 2308 regimini
1365 2271 1497 2307 deputati.
1521 2270 1683 2307 Propterea,
1715 2270 1787 2298 sicut
1817 2269 1899 2306 lege⁷
1923 2272 2053 2304 cavetur,

1207 2317 1281 2354 quod
1314 2329 1327 2342 «
1350 2317 1541 2345 filiusfamilias
1572 2324 1622 2345 nec
1653 2316 1774 2345 retinere
1805 2324 1855 2345 nec
1886 2324 2054 2353 recuperare

1207 2372 1287 2401 posse
1308 2364 1510 2401 possessionem
1532 2363 1572 2392 rei
1593 2363 1741 2400 peculiaris
1762 2363 1872 2392 videtur
1887 2375 1914 2398 n,
1936 2363 1983 2392 sed
2004 2371 2052 2400 pa-

1207 2411 1243 2440 tri
1265 2419 1314 2448 per
1336 2419 1400 2440 eum
1422 2411 1583 2448 quaeritur,
1605 2410 1644 2439 sic
1662 2413 1689 2439 et
1713 2410 1741 2438 in
1762 2410 1805 2439 his
1826 2410 1995 2447 pauperibus
2015 2410 2054 2438 in-

1207 2458 1384 2495 telligendum
1400 2461 1454 2492 est,
1476 2457 1550 2494 quod
1578 2465 1673 2486 rerum
1699 2457 1800 2486 eisdem
1829 2457 1991 2485 collatarum
2019 2456 2053 2485 ad

1207 2507 1456 2534 sustentamentum
1477 2505 1602 2542 ipsorum
1623 2504 1695 2541 patri
1723 2512 1879 2541 pauperum
1904 2503 2053 2541 deputetur

1207 2552 1375 2586 dominium,
1397 2551 1451 2580 illis
1471 2559 1538 2580 vero
1559 2558 1636 2580 usus.

1208 2752 1276 2778 tates,
1294 2755 1387 2777 semper
1404 2748 1543 2771 abscedente
1555 2749 1686 2776 usufructu,
1699 2748 1783 2776 placuit
1802 2747 1869 2770 cerus
1887 2747 1961 2770 modis
1973 2747 2052 2770 exstin-

1207 2789 1247 2817 gui
1267 2789 1436 2811 usumfructum
1462 2790 1484 2810 et
1509 2787 1538 2810 ad
1563 2787 1727 2815 proprietatem
1755 2786 1847 2808 reverti.
1872 2786 1935 2808 Idem
1954 2785 2051 2808 hahetur

1206 2829 1230 2850 11.
1248 2827 1342 2850 institut.
1360 2827 1393 2849 tit.
1411 2826 1432 2849 4.
1449 2827 1493 2854 leg.
1513 2825 1677 2855 Usus-fructus.
1695 2837 1727 2841 —
1743 2825 1838 2847 Inferius
1859 2831 1901 2852 pro
1920 2824 1998 2847 inanis
2020 2823 2052 2847 sit

1205 2866 1309 2889 nominis
1327 2866 1371 2895 (ita
1388 2864 1538 2888 ABCDFG
1562 2867 1584 2887 et
1608 2864 1645 2886 ed.
1669 2864 1691 2892 rt)
1714 2864 1766 2886 Vat.
1789 2866 1811 2886 et
1833 2863 1870 2886 ed.
1892 2864 1906 2886 2
1929 2862 1999 2886 inane
2020 2862 2050 2886 sil

1205 2904 1309 2928 omnino.

1268 2943 1277 2956 ὅ
1294 2943 1340 2966 Csr.
1357 2944 1381 2965 11.
1398 2943 1492 2965 institut.
1510 2942 1543 2964 tit.
1560 2942 1582 2964 9.
1601 2942 1646 2970 leg.
1662 2941 1802 2971 Acqzcz'rz'tur
1818 2940 1893 2964 nobis.

1268 2981 1276 2995 ⁷
1293 2982 1354 3004 Libr.
1372 2983 1396 3005 L.
1414 2982 1500 3009 Digest.
1512 2981 1544 3003 tit.
1563 2981 1600 3003 17.
1613 2981 1642 3003 de
1658 2980 1753 3008 Regulis
1765 2980 1834 3006 iuris,
1851 2979 1931 3008 regula
1948 2978 1985 3001 94.
1996 2978 2050 3001 Post

1203 3026 1346 3050 recuperare
1363 3022 1436 3043 textus
1453 3019 1572 3047 originalis
1589 3019 1653 3042 addit
1669 3025 1744 3049 neque
1759 3017 1865 3048 adipisci.

2065 635 2133 660 Raecio„

2072 664 2109 679 men
2113 664 2133 683 ιω·

2067 1196 2096 1215 Ad
2104 1199 2133 1225 11101

2078 1225 2133 1244 respui

2099 1621 2112 1640 lt
2121 1635 2124 1644 ,

2073 1645 2112 1664 aliu<
2121 1645 2132 1664 -11

2074 1669 2112 1687 etun

2073 1854 2112 1875 Not,-
2123 1859 2133 1874 11
