2133 3317
52 1181 76 1200 du

15 1233 32 1248 fl-

19 1975 22 1979 '
37 1985 42 2003 1

42 946 83 967 ‘nim

31 990 89 1009 '''⁰·
99 989 219 1021 yiositate
237 987 386 1012 attenditur.
405 1002 441 1005 —
458 987 557 1012 Modus
573 988 599 1012 in
618 989 691 1019 qesta
710 988 734 1013 et
759 995 821 1013 sono
841 988 948 1013 conside—

59 1157 86 1177 lo-

31 1895 80 1914 111110.

534 222 732 250 OPUSCULUM
753 222 771 250 l.
794 221 966 251 SPECULUM
988 222 1195 252 DISCIPLINAE.
1218 224 1297 252 PARS
1319 224 1424 253 PRIMA.

106 301 248 330 mollitiem,
268 308 331 332 quae
349 308 416 326 nunc
434 308 478 331 per
502 300 621 325 lascivam
640 299 794 325 hilaritatem
820 300 950 330 dissolvit,

105 352 170 370 nunc
188 352 232 376 per
250 344 352 368 nimiam
371 343 529 368 deiectionem
548 342 672 372 infatuat,
692 343 737 367 aut
756 343 776 367 si
795 344 870 368 etiam
889 344 951 368 levi-

104 387 182 414 tatem
201 386 357 419 praetendat.
376 386 467 417 Turpis
485 387 511 410 in
533 385 684 410 humilitatis
709 386 847 417 professore
867 394 950 417 super-

104 432 158 461 bia3
177 430 247 455 foeda
258 429 265 442 ¹
279 436 382 460 prorsus
400 429 426 453 in
438 429 526 453 humili
544 428 633 453 habitu
645 429 804 460 gesticulatio
822 429 948 459 fastuosa,

104 475 138 499 sic
157 480 205 498 nou
224 473 263 497 est
287 473 333 497 viri
358 471 502 496 muliebrem
521 471 612 496 habere
634 472 764 497 mollitiem
785 472 874 503 puerili
892 473 950 497 levi-

103 517 164 542 tate.
187 516 327 540 Gravitatis
352 514 473 540 modestia
492 515 597 539 multam
621 514 694 540 affert
719 515 819 540 servata
837 516 947 540 moribus

102 559 270 588 honestatem,
284 558 397 590 neglecta
408 558 530 583 maculam
543 558 568 582 et
580 558 759 589 contemptum.
772 558 949 590 Mortificata,

103 602 236 628 secuudum
255 601 404 632 Apostolum
418 599 438 630 ²,
456 607 533 631 super
553 602 649 625 terram
668 601 781 625 membra
804 601 892 632 gestus
912 601 950 626 de-

102 645 162 670 bent
181 644 343 670 mortificatos
361 644 460 669 habere.

414 730 562 755 Cema-unum
584 730 636 756 XX.

241 816 282 841 Dc
301 816 441 847 disciplina
459 816 486 840 iii
507 816 632 841 locutione
650 817 778 842 servanda
792 816 809 841 ³.

173 901 197 926 1.
225 902 363 932 Disciplina
391 901 514 932 loquendi
541 901 593 926 tam
620 902 646 926 in
673 902 748 926 modo
772 902 798 927 et
821 903 948 934 provida,

101 945 199 978 quando
217 944 367 976 loquendum
386 944 431 974 sit,
451 945 600 969 discretione
612 952 686 976 quam
699 946 724 969 in
738 945 869 970 verborum
887 945 948 970 reli-

99 1031 152 1057 rari
170 1030 261 1062 potest.
285 1040 298 1052 α
310 1030 446 1062 Loquentis
461 1031 546 1062 gestus
564 1031 636 1055 debet
656 1038 709 1055 esse
721 1031 849 1056 modestas
862 1033 886 1056 et
905 1031 948 1056 hu-

98 1074 170 1100 milis
176 1093 183 1106 ,
202 1081 281 1099 sonus
300 1073 424 1098 demissas
443 1075 467 1098 et
483 1074 571 1098 suavis
581 1072 591 1085 ⁴
603 1084 628 1100 ».

175 1127 188 1139 ‹<
200 1116 357 1141 Modestiam
374 1116 447 1141 debet
471 1116 562 1141 habere
580 1116 668 1148 gestus
692 1117 829 1148 loquentis,
855 1117 885 1142 ut
903 1125 947 1143 nec

99 1160 239 1186 inordinate
257 1167 302 1184 nec
325 1159 470 1184 turbulente
491 1160 557 1184 inter
581 1160 730 1191 loquendum
759 1160 869 1185 membra
896 1168 948 1186 mo-

28 1204 53 1225 '¹¹=
64 1204 84 1223 in
99 1203 158 1229 veat
169 1210 214 1228 nec
230 1203 356 1228 oculorum
369 1202 485 1231 nutibus,
499 1202 621 1228 labiorum
640 1202 820 1233 contractione,
840 1203 879 1228 vel
897 1204 946 1229 alio

98 1253 149 1272 nou
176 1246 271 1271 decenti
295 1245 453 1270 alterationis
475 1245 546 1270 modo
573 1245 660 1270 vultus
684 1246 840 1271 honestatem
866 1246 948 1271 defor-

98 1289 150 1315 met
160 1288 169 1301 ⁶
182 1299 207 1319 n,
227 1288 273 1314 aut
291 1288 377 1313 faciem
389 1289 470 1319 ipsam
483 1288 587 1313 mollitie
606 1289 712 1320 quadam
726 1289 836 1314 resolvat
849 1289 947 1314 humili-

98 1332 160 1358 tatis
179 1332 291 1362 ostentu;
311 1331 354 1356 sed
372 1332 398 1356 in
414 1331 498 1356 eadem
511 1339 608 1363 semper
626 1332 713 1357 vultus
733 1332 875 1357 constantia
893 1340 946 1364 per-

98 1383 215 1405 manens,
235 1375 393 1400 severitatem
412 1374 544 1406 benignam
567 1375 593 1399 et
617 1375 774 1400 constantem
796 1375 821 1400 et
840 1375 946 1407 quodam

97 1419 169 1444 modo
187 1419 294 1450 rigidam
306 1417 486 1449 benignitatem
499 1417 655 1449 praetendat.
678 1428 691 1440 <c
700 1418 732 1443 In
745 1418 805 1443 facie
825 1419 945 1450 siquidem

97 1462 205 1487 hominis
232 1461 360 1493 speculum
387 1461 531 1492 disciplinae
559 1461 669 1491 relucet,
698 1462 736 1486 cui
765 1461 837 1487 tanto
867 1463 946 1487 maior

98 1505 209 1531 custodia
227 1505 266 1530 est
284 1505 436 1535 adhibenda,
450 1504 543 1536 quanto
562 1505 658 1535 minus,
675 1505 696 1530 si
709 1505 768 1536 quid
781 1505 806 1530 in
819 1513 848 1530 ea
861 1513 946 1537 pecca-

97 1548 152 1573 tum
165 1548 253 1580 fuerit,
265 1548 340 1573 celari
353 1547 436 1579 potest
446 1546 456 1559 ⁶
469 1558 493 1572 n.
506 1547 584 1573 Vetat
596 1555 691 1580 quoque
704 1548 844 1580 loquentem
857 1549 945 1580 gestus

97 1591 231 1621 modestia,
250 1598 281 1616 ne
294 1598 319 1616 se
335 1591 477 1616 hominibus
495 1591 600 1616 notabili
613 1591 719 1622 quadam
733 1592 943 1623 supplicationum

98 1633 268 1666 profunditate
286 1634 414 1664 incurvet,
433 1634 478 1659 aut
496 1635 549 1659 eius
567 1635 606 1659 cui
624 1634 746 1666 loquitur,
766 1635 848 1660 vultui
870 1636 944 1660 nimis

97 1677 187 1708 instet;
206 1685 237 1702 ne
255 1677 385 1703 inhoneste
404 1677 500 1708 quidem
519 1678 545 1702 in
558 1678 611 1702 eius
630 1677 716 1702 faciem
732 1677 828 1702 halitus
846 1679 944 1709 aspira-

97 1720 165 1746 tione
182 1720 307 1750 insufflet‚
326 1720 372 1745 aut
389 1720 471 1745 halitu
489 1720 543 1751 ipso
568 1720 626 1751 post
644 1720 729 1745 vinum
755 1720 869 1752 potatum
892 1728 945 1745 ma-

96 1764 161 1788 xime
184 1764 284 1788 narium
311 1770 411 1788 sensum
436 1763 552 1788 offendat.
577 1763 714 1795 Loquentis
742 1763 838 1788 halitus
862 1763 944 1788 vultui

97 1806 219 1832 auditoris
232 1806 257 1831 et
269 1806 372 1831 naribus
390 1806 478 1831 vitiose
497 1813 601 1837 prorsus
619 1806 751 1838 ingeritur.
770 1806 850 1831 Debet
869 1806 944 1831 etiam

97 1850 185 1881 gestus
196 1849 365 1874 humilitatem
377 1848 394 1879 ⁷,
407 1849 553 1875 modestiam
566 1857 595 1874 ac
608 1849 694 1874 vultus
706 1849 861 1874 hilaritatem
875 1857 944 1881 prae-

96 1892 205 1918 tendere.
223 1907 259 1911 —-
275 1892 360 1918 Sonus
378 1892 451 1917 debet
469 1900 522 1918 esse
541 1892 665 1918 demissus
678 1893 782 1924 pariter
800 1894 824 1918 et
841 1893 943 1924 suavis,

96 1936 155 1968 quia
173 1936 316 1961 clamositas
334 1935 360 1961 et
371 1936 503 1961 verborum
522 1935 646 1967 asperitas
658 1935 807 1961 locutionem
826 1935 944 1968 Religiosi

96 1980 232 2011 plurimum
251 1979 349 2011 quidem
367 1979 392 2004 et
411 1979 509 2004 dedecet
527 1979 553 2004 et
571 1978 690 2010 deturpat
701 1977 719 2003 Β.

168 2023 193 2047 2.
211 2022 356 2054 Discretio,
376 2022 474 2054 quando
492 2022 641 2054 loquendum
661 2022 707 2052 sit,
731 2023 870 2047 necessaria
888 2023 943 2053 est,

53 2067 86 2086 tio-
98 2065 156 2097 quia
174 2072 204 2090 ex
222 2072 266 2090 ore
283 2064 353 2095 fatui
371 2065 445 2090 etiam
465 2064 598 2095 parabola
616 2065 781 2096 reprobatur,
806 2065 864 2096 quia
888 2072 942 2090 nori

60 2096 86 2133 m‘f
98 2108 162 2134 dicit
179 2115 235 2133 eam
253 2108 282 2133 in
301 2109 411 2139 tempore
437 2115 484 2133 suo
494 2106 513 2132 ⁹.
538 2108 655 2139 Sapiens,
687 2108 785 2139 quando
810 2108 943 2133 tacendum

97 2151 122 2177 et
155 2151 253 2183 quando
281 2151 436 2183 loquendum
469 2151 519 2181 sit,
548 2151 684 2182 prudenter
716 2151 863 2177 considerat.
895 2151 943 2176 Est

1795 226 1846 254 601

1007 301 1091 326 autem
1118 301 1256 326 iunioribus
1284 302 1416 327 Fratribus
1445 303 1495 327 sere
1526 310 1622 334 semper
1650 304 1715 328 inter
1747 304 1854 329 seniores

1007 351 1085 375 usque
1116 344 1147 368 ad
1181 344 1402 376 interrogationem
1435 346 1578 370 tacendum.
1614 346 1769 372 Adolescens
1781 366 1787 377 ,
1818 347 1855 371 ait

1007 386 1137 417 Scriptura
1151 385 1179 416 ¹⁰,
1200 387 1303 418 loquere
1322 388 1349 412 in
1369 389 1415 412 tua
1433 395 1512 414 caiisa
1530 389 1587 421 vix,
1607 397 1665 414 cam
1684 397 1780 415 neeesse
1799 389 1856 420 fae-

1007 430 1051 454 rit.
1072 428 1101 454 Si
1120 429 1158 454 bis
1178 430 1351 462 interrogsatus
1373 429 1466 462 fueris,
1491 431 1584 456 habeat
1603 434 1680 463 caput
1704 440 1854 464 responsum

1008 473 1088 497 tumn.
1107 471 1169 497 Silet
1187 473 1261 497 etiam
1282 481 1298 497 a
1317 473 1390 498 bonis
1410 474 1544 505 Propheta.
1569 485 1581 497 ‹<
1594 475 1673 507 Ergo,
1697 477 1811 507 quamvis
1824 476 1853 501 de

1006 515 1077 540 bonis
1102 515 1127 540 et
1152 516 1245 540 sanctis
1275 516 1299 540 et
1325 517 1523 542 aedificationum
1551 518 1665 549 eloquiis,
1686 519 1801 550 perfectis
1821 519 1855 544 di-

1006 559 1108 589 scipulis
1127 566 1185 583 rara
1205 559 1346 584 conceditur
1364 560 1479 591 loquendi
1497 561 1597 586 licentia
1615 576 1650 579 ῃ
1668 569 1726 586 nam
1741 562 1811 593 loqui
1830 562 1855 587 et

1006 601 1093 626 dooere
1115 602 1263 633 magistrum
1282 602 1398 627 condecet
1419 618 1453 620 —
1476 604 1558 628 lacere
1577 604 1602 628 et
1624 604 1715 629 andire
1733 605 1854 637 discipulo

1006 645 1121 670 convenit
1133 644 1151 657 ¹¹
1163 655 1188 669 >›.
1201 645 1328 676 Loquente
1346 646 1407 675 alio,
1421 653 1548 677 nunquam
1562 647 1704 678 loquantur,
1722 648 1766 672 aut
1779 648 1854 673 verba

1005 688 1159 719 loquentium
1173 688 1260 719 quovis
1270 687 1343 719 pacto
1356 688 1538 720 interrumpere
1551 690 1725 720 praesumant3
1736 698 1780 715 nec
1793 698 1854 716 mor-

1006 731 1059 756 daci
1078 731 1117 755 vel
1130 730 1272 762 importuno
1292 731 1387 756 insultu
1402 732 1523 757 sociorum
1536 733 1684 758 locutionem
1697 734 1852 765 impugnent.

1005 774 1145 799 Stultorum
1165 774 1229 799 enim
1248 774 1308 799 haec
1327 775 1387 799 sunt
1399 773 1427 804 ¹²,
1447 776 1487 806 qui
1508 783 1551 800 nec
1573 776 1674 807 linguae
1695 784 1795 807 parcere
1810 784 1853 802 nec

1005 817 1077 842 sociis
1096 816 1190 841 deferre
1209 817 1341 842 noverunt.
1361 818 1385 841 Si
1404 818 1446 849 qui
1465 818 1538 842 etiam
1560 819 1646 843 mutua
1666 819 1796 844 collation(¹
1810 820 1852 844 im-

1005 860 1120 891 pediunt,
1141 867 1185 891 per
1210 860 1391 891 impositionem
1412 861 1504 885 silentii
1524 861 1549 886 et
1573 862 1648 886 aliam
1670 870 1772 893 poenam
1800 870 1853 887 con—

1004 903 1105 934 dignam
1124 903 1212 928 merito
1232 903 1411 934 reprimuntur.

1075 946 1100 970 3.
1119 946 1288 977 Reliqiositas
1307 946 1379 971 debet
1398 947 1422 971 in
1436 947 1558 972 locutione
1579 949 1688 977 servari,
1708 949 1738 973 ut
1756 950 1790 974 sit
1803 957 1851 974 ser-

1005 996 1044 1014 mo
1062 989 1191 1014 veridicus
1210 989 1235 1013 et
1248 996 1347 1020 purus,
1367 990 1401 1014 sit
1420 989 1501 1014 dulcis
1520 990 1545 1014 et
1563 990 1691 1016 honestus.
1710 1006 1744 1009 —
1763 992 1798 1017 De
1812 1000 1852 1017 ve-

1004 1032 1082 1057 ritate
1100 1032 1221 1057 sermonis
1233 1032 1337 1063 Sapiens
1348 1031 1368 1044 ¹³
1388 1032 1457 1057 dicit:
1471 1032 1540 1057 Ante
1559 1034 1647 1058 omnia
1660 1035 1761 1059 verbum
1774 1043 1852 1060 verax

1000 1074 1141 1105 praecedat
1160 1075 1190 1099 te.
1209 1074 1266 1100 Non
1287 1075 1365 1099 solum
1386 1075 1464 1106 igitur
1484 1076 1624 1106 mendacia3
1644 1077 1704 1101 haec
1723 1078 1787 1102 enim
1807 1079 1851 1103 cri-

1004 1118 1100 1142 minosa
1120 1118 1191 1147 sunt3
1211 1125 1297 1142 verum
1316 1118 1391 1142 etiam
1410 1119 1547 1143 locutiones
1567 1119 1740 1151 hyperbolicas
1765 1121 1790 1146 et
1808 1122 1852 1146 ali-

1004 1168 1053 1192 qua
1072 1161 1219 1192 duplicitate
1237 1161 1360 1186 notabiles
1379 1162 1479 1192 penitus
1498 1162 1586 1187 vitent.
1606 1162 1746 1194 Loquentes
1766 1164 1794 1189 de
1807 1164 1852 1189 du-

1004 1204 1051 1228 biis
1079 1204 1124 1228 aut
1151 1203 1243 1228 futuris
1271 1211 1398 1235 nunquam
1430 1204 1543 1230 absolute
1571 1205 1723 1237 loquantur,
1755 1207 1797 1231 sed
1825 1208 1850 1232 in

1002 1247 1143 1272 huiusmodi
1162 1247 1275 1272 omnibus
1288 1254 1385 1278 semper
1403 1247 1567 1273 conditionem
1580 1250 1718 1280 apponant.
1735 1250 1850 1275 Praecisa

1002 1291 1067 1315 enim
1080 1289 1099 1302 ¹⁴
1119 1290 1148 1314 de
1166 1290 1364 1315 indifferentibus
1383 1290 1459 1315 verba
1477 1291 1571 1322 Religio
1585 1299 1634 1316 non
1647 1292 1778 1317 consentit.
1793 1293 1850 1318 Non

1002 1333 1041 1358 est
1059 1333 1163 1357 alicuius
1184 1333 1291 1357 viventis
1306 1333 1410 1358 arbitrio
1423 1334 1452 1358 de
1471 1334 1673 1366 contingentibus
1692 1343 1794 1367 negare,
1810 1336 1848 1360 vel

1002 1383 1114 1400 asserere
1133 1375 1253 1401 absolute.
1274 1376 1332 1401 Non
1350 1376 1421 1401 facile
1440 1377 1469 1401 de
1488 1377 1580 1402 auditis
1600 1378 1765 1407 sententient‚
1791 1379 1849 1404 licet

1002 1419 1134 1444 veritatem
1154 1419 1246 1444 sentire
1266 1426 1291 1444 se
1310 1419 1409 1450 putent.
1428 1419 1483 1444 Sint
1502 1420 1533 1444 ad
1558 1421 1742 1451 responsionem
1769 1421 1848 1451 tardi,

1001 1469 1032 1486 ne
1051 1469 1095 1493 per
1114 1461 1361 1487 inconsiderationem
1381 1462 1471 1487 falsum
1492 1463 1591 1494 aliquod
1617 1464 1656 1488 vel
1683 1464 1849 1495 indisciplina—

1001 1505 1055 1530 tum
1075 1505 1204 1536 proferant
1222 1505 1334 1530 verbum.

1072 1548 1097 1572 4.
1117 1548 1214 1573 Debent
1233 1549 1308 1573 etiam
1322 1556 1390 1580 pure
1408 1549 1489 1580 loqui,
1509 1549 1537 1574 ut
1556 1550 1581 1574 in
1600 1557 1684 1575 eorum
1703 1551 1786 1575 verbis
1804 1558 1848 1576 nec

1001 1591 1122 1616 iactantia
1140 1599 1184 1617 nec
1203 1591 1337 1621 detractio,
1358 1592 1397 1616 vel
1416 1592 1526 1617 malitiae
1539 1593 1644 1618 alicuius
1663 1594 1708 1618 aut
1727 1594 1847 1619 vanitatis

1001 1635 1119 1660 admixtio
1138 1635 1222 1660 valeat
1239 1636 1353 1660 inveniri.
1373 1635 1507 1667 Nunquam
1527 1636 1556 1661 de
1575 1636 1678 1661 scientia
1692 1637 1730 1661 vel
1749 1637 1778 1661 de
1798 1645 1847 1662 sae-

1001 1679 1050 1703 culi
1069 1678 1138 1703 statu
1158 1686 1184 1703 se
1202 1679 1303 1703 iactent.
1322 1678 1477 1704 Erubescant
1495 1679 1574 1704 dicere
1596 1680 1625 1704 de
1653 1680 1755 1705 absente
1784 1681 1848 1712 quod

1002 1728 1056 1746 cum
1075 1722 1180 1747 caritate
1192 1729 1241 1747 non
1260 1722 1363 1753 possent
1380 1722 1458 1747 dicere
1477 1729 1559 1747 coram
1578 1724 1640 1754 ipso.
1656 1723 1726 1748 Unde
1745 1724 1847 1749 sanctus

1000 1763 1196 1789 Benedictusffi:
1227 1774 1239 1787 <‹
1257 1764 1414 1789 Murmurare
1433 1765 1478 1789 aut
1496 1766 1612 1796 conqueri
1637 1766 1763 1796 nesciant3
1789 1767 1846 1791 ante

1001 1807 1094 1836 omnia,
1109 1814 1139 1831 ne
1152 1807 1357 1832 murmurationis
1370 1808 1462 1832 malum
1482 1815 1527 1838 pro
1540 1808 1712 1840 qualicumque
1729 1816 1803 1834 causa
1822 1810 1846 1834 in

1000 1850 1083 1881 aliquo
1102 1850 1274 1881 qualicumque
1292 1850 1367 1875 verbo
1386 1850 1425 1875 vel
1444 1850 1624 1882 significatione
1643 1852 1801 1882 appareat».
1815 1852 1846 1877 In

1000 1893 1083 1918 verbis
1103 1894 1154 1918 suis
1173 1893 1218 1918 aut
1235 1893 1341 1922 litteris,
1362 1894 1382 1917 si
1401 1900 1463 1924 quas
1482 1894 1615 1925 aliquando
1635 1894 1761 1926 dirigunt,
1787 1902 1847 1926 pue-

1000 1936 1088 1961 rilibus
1107 1937 1146 1961 vel
1174 1936 1321 1961 adulatoriis
1349 1944 1398 1961 non
1425 1936 1532 1962 utantur
1551 1937 1694 1967 blanditiis,
1723 1937 1765 1962 sed
1793 1938 1847 1963 tan-

1000 1987 1074 2011 quam
1102 1979 1219 2011 Religiosi
1247 1987 1317 2004 suam
1345 1979 1454 2005 breviter
1482 1980 1507 2005 et
1534 1980 1655 2005 veraciter
1683 1981 1845 2006 intentionem

1000 2023 1132 2054 exponant.

1071 2066 1095 2090 5.
1115 2066 1280 2091 Honestatem
1293 2066 1369 2091 habet
1387 2066 1492 2096 locutio,
1512 2067 1533 2091 si
1546 2066 1571 2092 et
1590 2067 1657 2092 illius
1670 2068 1712 2099 qui
1725 2068 1843 2099 loquitur,

999 2108 1024 2133 et
1043 2109 1143 2134 illorum
1161 2108 1251 2140 quibus
1269 2109 1309 2134 vel
1333 2109 1362 2133 de
1381 2109 1470 2140 quibus
1494 2109 1525 2134 fit
1545 2117 1636 2139 sermo,
1662 2110 1793 2135 conveniat
1812 2111 1845 2135 di-

998 2151 1099 2183 gnitati.
1125 2151 1211 2176 Otiosa
1235 2159 1304 2181 vero,
1333 2151 1492 2181 ioculatoria‚
1518 2152 1653 2181 iuratoria,
1678 2152 1843 2183 contentiosa,

159 2332 167 2345 ¹
185 2332 258 2355 Codd.
276 2331 320 2355 CD
337 2333 359 2355 el
374 2331 450 2361 foeda.
475 2332 571 2354 inferius
587 2338 629 2360 pro
651 2331 736 2355 habere
758 2332 775 2355 C
786 2333 829 2354 DE
849 2335 871 2355 et
887 2332 940 2355 edd.

100 2364 118 2392 ι’
135 2363 232 2418 2²dlgo‘l:
249 2395 274 2423 3,
292 2395 319 2417 5:
337 2394 469 2416 Mortificate
490 2400 546 2422 ergo
569 2393 674 2416 membra
698 2397 786 2421 vestra,
808 2401 868 2423 quac
888 2397 942 2417 sunt

97 2432 168 2455 super
185 2429 277 2448 terram.

158 2457 168 2470 ⁸
185 2458 215 2480 lta
232 2457 250 2479 D
257 2466 263 2484 ;
280 2456 322 2480 CE
340 2457 372 2480 De
389 2456 505 2480 locutione
521 2455 704 2486 Reliqiosorum,
725 2457 743 2479 Α
754 2457 769 2478 Β
786 2459 808 2479 et
824 2457 861 2479 ed.
878 2457 891 2479 2
910 2457 942 2480 De

96 2487 220 2518 disciplina
232 2487 362 2516 locutionis,
373 2488 455 2510 Va1.et
463 2487 500 2510 ed.
514 2488 519 2509 1
535 2488 568 2510 De
577 2487 701 2517 disciplina
710 2487 735 2510 in
744 2487 813 2511 modo
825 2487 942 2518 loquendi.

158 2519 168 2532 ¹¹
185 2520 258 2548 Hug.,
275 2519 305 2542 de
321 2520 415 2542 institut.
433 2519 504 2541 novit.
522 2525 541 2541 c.
560 2519 595 2541 47.

159 2550 169 2563 ⁵
186 2552 258 2579 Hug.‚
275 2551 318 2573 loc.
331 2551 368 2573 rit.
380 2551 457 2573 Finem
476 2551 601 2572 sententiae
614 2552 686 2572 textus
703 2550 820 2578 originalis
831 2550 864 2572 sic
881 2550 940 2572 exhi-

97 2581 149 2605 bet:
170 2588 268 2611 «neque
290 2583 410 2604 oculorum
433 2581 538 2608 nutibus,
560 2584 600 2604 aut
625 2581 736 2604 indecenti
760 2582 940 2604 conformatione

96 2613 145 2636 sive
162 2613 352 2636 transmutatione
368 2613 446 2635 vultus
463 2613 579 2641 placorem
602 2613 638 2635 sui
655 2613 768 2635 sermonis
785 2613 905 2635 imminuat
918 2621 939 2635 n.

97 2644 152 2667 ibid.
170 2651 190 2667 c.
214 2645 250 2666 w.
267 2644 362 2667 dicitur:
388 2644 550 2672 Temperanda
576 2647 609 2666 est
627 2644 697 2672 igitur
722 2644 790 2666 facies
809 2647 830 2666 et
848 2644 940 2666 mortifi-

97 2676 169 2698 canda
187 2676 211 2698 in
229 2678 294 2704 gestu
312 2681 366 2702 suo,
383 2676 413 2698 ita
431 2679 455 2698 ut
471 2681 513 2698 nec
530 2678 639 2703 proterve
656 2678 815 2703 exasperetur,
832 2681 873 2697 nec
886 2676 940 2697 mol-

96 2706 145 2730 liter
161 2707 311 2734 dissolvatur,
328 2707 369 2730 sed
385 2713 478 2735 semper
494 2706 578 2730 habeat
595 2709 618 2729 et
634 2707 732 2734 rigidam
755 2706 900 2729 dnlcedInem
918 2709 940 2729 et

97 2738 187 2761 dulcem
204 2738 314 2766 rigorem.

159 2768 169 2782 ⁰
185 2769 257 2796 nug„
274 2769 316 2792 loc.
334 2769 381 2797 cit„
397 2775 417 2791 c.
436 2769 476 2791 112;
495 2770 533 2791 Est
549 2769 609 2791 enim
627 2769 696 2791 facies
707 2768 841 2796 disciplinae
857 2775 939 2796 specu-

97 2800 156 2829 lum,
173 2801 209 2823 cui
227 2804 270 2823 etc.
288 2801 330 2822 Pro
354 2800 376 2823 si
391 2799 448 2830 qaid
466 2801 514 2822 Vat.
538 2806 592 2822 cum
614 2800 650 2822 ed.
670 2801 678 2822 Ἰ
708 2799 776 2829 quod.
796 2812 825 2816 —
843 2800 937 2822 inferius

97 2837 140 2859 pro
156 2831 355 2861 supplicationem
372 2831 391 2854 D
407 2831 599 2860 supplicationis,
617 2831 657 2860 qui
678 2831 746 2853 etiam
769 2830 867 2853 subinde
884 2837 936 2853 cum

97 2861 139 2885 CE
156 2865 178 2885 et
194 2863 230 2885 ed.
248 2863 262 2885 2
279 2862 363 2885 omittit
376 2863 493 2892 potatam.

159 2892 168 2906 ⁷
185 2893 242 2916 Cod.
258 2893 276 2916 Α
301 2897 323 2916 et
343 2893 380 2916 ed.
397 2894 410 2916 2
436 2893 525 2916 addunt
549 2899 649 2922 semper,
675 2893 694 2915 D
717 2893 772 2921 legit
796 2892 937 2916 humilitatis

96 2929 189 2954 semper
205 2924 356 2953 modestiam,
373 2924 454 2948 vultus
471 2928 526 2951 etc„
544 2924 560 2947 C
571 2925 586 2947 E
603 2927 625 2946 et
642 2924 677 2947 ed.
697 2925 705 2946 i
727 2924 883 2947 humilitatem
898 2931 937 2947 sa-

95 2961 139 2985 per
154 2955 305 2983 modestiam,
322 2955 402 2978 vallus
420 2959 464 2978 etc.

158 2985 167 2999 ⁸
184 2987 255 3015 liugn,
267 2987 310 3009 loc.
326 2987 364 3009 cit.
376 2993 396 3009 c.
407 2987 446 3009 ⁴7:
459 2987 533 3009 Sonus
547 2987 661 3015 loquentis
672 2993 722 3009 esse
732 2986 936 3013 debetdemissus,

98 3023 126 3040 ne
137 3018 231 3046 strepitu
244 3021 267 3040 ct
284 3018 434 3040 immoderata
452 3018 593 3040 clamositate
605 3018 721 3040 auditores
732 3024 787 3040 suos
797 3020 836 3040 aut
852 3017 936 3040 iniuste

189 3064 313 3088 S.Bona1).
329 3077 360 3081 ·-
377 3065 445 3087 Tom.
457 3065 515 3087 Vlll.

998 2335 1081 2355 terrent
1097 2335 1136 2355 aut
1153 2332 1211 2355 iuste
1236 2332 1344 2354 offendat.
1364 2332 1447 2355 Suavis
1472 2332 1542 2355 (lebet
1566 2339 1627 2360 essc,
1658 2339 1686 2354 ne
1711 2333 1843 2360 prolationis

998 2364 1121 2391 asperitate
1143 2366 1204 2386 tanto
1228 2363 1266 2386 fiat
1286 2364 1370 2386 animis
1392 2364 1533 2386 audientium
1551 2364 1683 2391 onerosior,
1705 2367 1791 2392 quanto
1813 2365 1841 2387 nd

998 2401 1066 2417 aures
1082 2395 1162 2417 durior
1178 2395 1241 2416 venit
1258 2398 1278 2417 et
1296 2395 1451 2417 iniucundior.

1061 2424 1070 2437 ⁰
1087 2426 1154 2448 Eccli.
1174 2426 1214 2453 20,
1232 2426 1270 2447 22.
1292 2425 1336 2447 Csr.
1354 2426 1426 2453 ling„
1449 2426 1490 2448 loc.
1508 2426 1556 2453 cit,
1577 2432 1598 2448 c.
1619 2426 1652 2448 16.
1677 2439 1704 2441 -
1726 2427 1796 2448 Ecclc.
1815 2427 1842 2453 3,

997 2456 1024 2479 7:
1042 2457 1146 2484 Tempus
1163 2457 1253 2479 tacendi
1270 2459 1292 2478 et
1308 2460 1400 2484 tempus
1417 2457 1533 2485 loquendi.
1555 2470 1585 2472 —
1605 2457 1699 2479 Inferius
1722 2464 1764 2485 pro
1783 2464 1842 2487 prn-

997 2487 1078 2511 denler
1095 2487 1111 2510 C
1123 2488 1140 2510 D
1150 2489 1165 2510 Ε
1183 2487 1313 2517 diliyenter.

1061 2518 1081 2531 ¹⁰
1098 2519 1163 2541 Eccli.
1182 2520 1223 2542 32.
1244 2519 1277 2541 10.
1290 2525 1338 2548 seq.
1355 2532 1385 2535 —
1403 2520 1436 2541 ΡΞ,
1449 2519 1491 2546 38,
1505 2519 1531 2541 3:
1543 2519 1653 2542 Obmutui
1671 2522 1692 2541 et
1711 2520 1842 2542 humiliatus

997 2556 1048 2572 sum
1067 2553 1089 2572 et
1105 2550 1155 2572 silui
1174 2556 1186 2572 a
1202 2550 1276 2572 bonis.

1061 2580 1078 2595 ¹¹
1097 2581 1224 2607 Benedici„
1242 2581 1322 2609 Regni.
1334 2587 1355 2604 c.
1367 2582 1391 2609 6,
1410 2580 1449 2603 ubi
1465 2584 1539 2604 tamen
1558 2588 1569 2603 a
1588 2584 1647 2604 textu
1666 2582 1771 2609 originali
1789 2583 1841 2605 hinc

998 2613 1050 2635 inde
1068 2613 1133 2640 plura
1151 2613 1288 2635 inseruntur.
1305 2625 1336 2629 —
1359 2613 1451 2634 lnscrius
1474 2619 1516 2640 pro
1533 2619 1658 2642 nmeqzmm
1681 2612 1725 2635 CD
1742 2616 1764 2635 et
1786 2614 1838 2636 edd.

998 2643 1024 2671 l,
1042 2645 1055 2666 2
1072 2649 1127 2672 non,
1148 2647 1170 2666 et
1188 2650 1229 2671 pro
1247 2643 1329 2673 quovis
1343 2645 1413 2672 paolo
1425 2643 1598 2673 intm7·mnpere
1611 2646 1768 2673 praesumam
1785 2645 1801 2666 B
1819 2648 1841 2667 et

996 2675 1033 2697 ed.
1051 2675 1064 2697 2
1082 2681 1207 2704 nunquam
1228 2674 1418 2704 inem-rampant,
1440 2674 1482 2697 (ΣΕ
1499 2677 1521 2697 ct
1542 2675 1578 2697 ed.
1605 2676 1613 2697 ·1
1643 2681 1751 2704 unquam
1772 2675 1840 2699 inler-

996 2707 1169 2759 ⁷m'lssijsswgodd.
1186 2736 1255 2759 CDE
1271 2739 1293 2759 et
1310 2737 1347 2759 ed,
1369 2737 1373 2759 1
1396 2736 1531 2760 Stultorum
1549 2737 1602 2765 hoc,
1620 2738 1657 2760 ed.
1678 2739 1690 2759 2
1704 2737 1839 2761 Slnllorum

995 2769 1036 2791 est.
1056 2769 1150 2791 inferius
1166 2774 1209 2796 pro
1230 2767 1353 2791 collatione
1378 2767 1423 2797 [ed.
1443 2768 1450 2790 l
1472 2769 1596 2796 praemittit
1610 2768 1643 2798 se]
1656 2768 1787 2798 impediant
1802 2770 1839 2792 ed.

996 2801 1009 2821 2
1026 2806 1051 2822 se
1068 2799 1183 2823 locutione
1205 2798 1336 2829 impediant
1360 2799 1402 2828 (ita
1423 2799 1491 2822 etiam
1515 2800 1541 2826 13,
1567 2800 1653 2822 omisso
1678 2800 1724 2829 se),
1748 2801 1798 2823 Vat.
1815 2807 1839 2823 se

995 2830 1120 2854 collatione
1137 2830 1259 2860 impetunt.

1058 2861 1077 2874 ¹³
1096 2862 1160 2884 Eccli.
1180 2861 1220 2889 37,
1238 2862 1279 2884 20:
1303 2862 1360 2883 Ante
1377 2861 1452 2883 omnia
1471 2868 1542 2889 opera
1563 2861 1660 2884 verbum
1679 2865 1721 2885 etc.
1738 2875 1768 2879 —
1786 2863 1838 2885 insc-

995 2893 1042 2915 rius
1060 2899 1101 2920 pro
1119 2892 1175 2915 haec
1191 2892 1253 2915 enim
1270 2892 1321 2915 Vat.
1339 2899 1392 2915 cum
1410 2892 1447 2915 cd.
1466 2894 1473 2914 l
1495 2894 1516 2916 el
1533 2899 1600 2922 quae.

1058 2923 1077 2936 ¹⁴
1094 2924 1150 2947 Edd.
1170 2924 1191 2950 i,
1213 2925 1226 2946 2
1249 2924 1355 2946 omittunt
1372 2923 1446 2952 enim,
1467 2930 1527 2952 quae
1544 2925 1612 2946 eiiam
1631 2924 1723 2947 inferius
1745 2931 1798 2947 cum
1820 2924 1836 2947 C

994 2955 1038 2977 DE
1056 2962 1097 2983 pro
1114 2954 1217 2978 alicuius
1234 2955 1374 2978 substituunt
1391 2955 1475 2978 alieno.

1057 2985 1076 2999 ¹⁵
1093 2986 1173 3015 Regni.
1190 2992 1209 3008 c.
1227 2986 1269 3014 34,
1287 2986 1327 3009 ubi
1344 2990 1419 3009 tamen
1436 2986 1547 3009 omittitur
1564 2987 1774 3010 illurmurareaal
1786 2993 1836 3010 con-

994 3017 1063 3047 queri
1078 3017 1184 3041 nesciant
1200 3019 1250 3046 (cir.
1268 3024 1287 3040 c.
1300 3018 1321 3041 5.
1333 3020 1355 3040 et
1367 3018 1421 3047 34).
1440 3018 1482 3040 Pro
1496 3019 1550 3040 ante
1567 3018 1660 3046 omnia,
1678 3024 1707 3041 ne
1719 3019 1770 3041 Vnt.
1786 3024 1836 3041 nec.

1712 3066 1741 3088 76

1881 950 1908 970 De
1925 950 1999 974 religio-

1868 975 1922 993 sitate
1940 975 1959 992 iu
1972 975 1999 993 10-

1868 998 1942 1020 quenda
1954 1003 1998 1021 qua-

1868 1021 1985 1044 ‹ii-upliciter.

1869 1044 1896 1063 De
1912 1046 1996 1064 veritate.

1867 1551 1894 1570 De
1903 1552 1992 1576 puritate.

1860 2067 1913 2090 Item,
1924 2063 1948 2086 de
1959 2068 1991 2086 ho-

1885 2093 1964 2110 aestate.
