2133 3317
169 1358 278 1381 luci-epatu]-

161 1381 236 1408 malind.
247 1381 279 1399 ad—

160 1410 245 1424 versarii.

295 241 350 271 316
775 236 973 265 OPUSCULUM
993 236 1035 264 XI.
1058 235 1220 264 APOLOGIA
1240 235 1423 265 PAUPERUM.
1444 236 1513 265 CAP.
1535 236 1589 265 XII.

294 323 342 350 tua
363 328 427 349 cum
449 318 606 355 virginitate
627 316 770 345 humilitas
782 316 801 349 ¹,
823 314 862 343 sic
887 314 969 343 etiam
995 313 1145 351 penuriosa

295 371 453 405 paupertas.
475 366 586 393 Constat
600 366 694 392 autem
708 365 764 391 tam
778 369 828 398 per
847 361 987 398 Evangelii
1010 363 1120 390 textum
1133 361 1143 377 ²

295 422 379 451 quam
400 421 450 450 per
464 411 644 440 assertionem
659 410 821 443 doctorum,
836 408 911 445 quod
926 411 958 437 tu
972 408 999 436 in
1015 411 1145 436 extrema

294 460 387 489 vixisti
403 458 596 496 temporalium
611 457 774 486 facultatum
790 455 891 492 inopia,
903 463 965 484 611111
981 455 1144 491 Chrysosto-

295 515 358 536 mus
378 507 466 540 dle-at,
488 505 562 542 quod
583 504 632 532 vix
653 511 737 532 unam
759 503 878 532 haberes
899 502 1069 536 tuniculam,
1089 510 1144 530 non

295 554 329 583 ad
350 552 457 582 decoris
478 555 624 585 ornatum,
646 551 694 580 sed
715 550 748 579 ad
777 550 911 579 nuditatis
931 551 1145 587 tegumentum;'

297 604 324 629 et
344 600 430 633 Beda,
453 599 527 636 quod
547 598 575 626 in
596 597 735 626 oblatione
763 599 791 626 et
822 596 1042 633 praesentatione
1064 595 1144 632 Regis

297 655 395 684 regum
416 646 445 675 in
466 646 569 682 templo
589 653 640 674 1166
661 652 749 673 11111111]
770 643 893 673 valueris
913 643 1014 672 offerre
1030 642 1144 680 agnicu-

294 694 369 728 lum,
391 693 452 722 ideo
472 700 550 721 more
571 700 728 729 pauperum
749 691 873 720 obtulisti
891 699 953 728 par
974 693 1142 723 turturum,

296 744 349 769 aut
369 740 443 768 duos
463 739 558 777 pullos
579 738 784 767 columbarum
794 738 813 766 3.
830 738 882 774 Qui
896 737 982 774 igitur
997 736 1143 771 desiderio,

297 787 482 825 professione,
503 786 645 824 signaculo
666 785 779 814 habitus
800 787 827 813 et
858 784 1051 813 observantiae
1073 783 1145 812 veri-

295 838 350 863 tate
371 834 399 863 in
420 834 473 863 hac
493 833 543 862 tibi
564 832 697 870 pauperie
718 831 888 869 configurari
902 831 1054 860 studiosius
1076 833 1144 859 sata-

1201 316 1270 351 gunt
1291 322 1357 343 vere
1378 318 1444 343 sunt
1464 315 1498 343 de
1519 317 1633 344 tuorum
1656 322 1774 343 numero
1795 314 1981 351 spiritualium
2004 315 2046 344 Iu-

1200 361 1349 395 daeorum,
1372 370 1493 398 quorum
1526 362 1713 390 circumcisio
1740 370 1798 390 non
1819 365 1860 390 est
1880 362 1911 391 in
1940 371 2046 398 carne,

1199 407 1249 435 sed
1270 407 1301 435 in
1322 407 1455 443 spiritu4
1476 415 1525 444 per
1547 408 1665 437 hilarem
1694 408 1930 445 supportationem
1953 409 2046 438 multi·
2122 415 2124 438 1

1200 454 1332 482 formium
1361 454 1544 491 penuriarum
1576 457 1604 483 et
1631 455 1816 484 universalem
1847 455 2047 485 abdicationem

1199 501 1324 530 omnium
1346 501 1540 538 temporalium
1561 501 1733 531 facultatum.
1749 518 1786 522 —
1804 503 1857 531 Hos
1877 502 1963 539 igitur
1982 510 2047 532 vere
2063 510 2123 538 0111111

1200 556 1231 577 ac
1246 548 1424 585 peculiariter
1439 551 1502 577 tuos
1516 548 1561 585 pie
1575 548 1705 586 digneris,
1720 549 1925 578 misericordiae
1937 549 2047 586 Regina,

1200 596 1293 624 fovere
1304 595 1325 630 ⁵,
1347 595 1381 624 ab
1403 595 1496 624 hostili
1517 603 1630 633 quoque
1651 596 1768 625 incursu
1788 599 1915 633 potenter
1940 597 2048 634 eripere

1199 644 1227 671 et
1247 642 1381 671 adversus
1402 642 1479 670 1111116
1500 642 1609 670 hostem
1630 642 1755 679 ipsorum
1777 643 1927 679 pessimum
1949 643 2048 672 trium-

1200 689 1319 726 phaliter
1340 689 1489 723 dimicare,
1511 697 1565 717 non
1587 692 1619 717 ut
1641 697 1705 718 cum
1726 689 1811 718 Aman
1833 698 1985 727 suspensus
2005 690 2047 719 in-
2063 696 2133 719 uotam

1200 739 1303 769 tereat,
1326 735 1373 764 sed
1394 738 1426 764 ut
1447 735 1507 764 eius
1537 735 1701 764 humilietur
1730 736 1877 772 superbia,
1899 736 2047 765 damnetur

1200 790 1296 817 error,
1318 782 1475 811 illustretur
1496 782 1692 820 intelligentia,
1714 782 1884 811 rectificetur
1906 783 2046 818 voluntas,

1199 832 1227 858 et
1247 830 1373 867 spiritus
1393 829 1495 858 salvus
1515 829 1599 867 siat&

1055 977 1217 1006 CAPITULUM
1238 977 1290 1005 XII.

297 1119 428 1155 Quartae
448 1116 646 1154 responsionis
674 1115 760 1144 tertia
786 1113 937 1152 particula
965 1113 1224 1151 duodecimumque
1245 1112 1425 1150 capitulum,
1448 1112 1479 1141 in
1505 1121 1561 1151 quo
1589 1112 1858 1150 evanyetizantium
1879 1121 2049 1150 pauperum.

313 1168 506 1207 fructificatio
520 1166 714 1205 multiformis
729 1165 907 1199 ostenditur,
923 1173 1079 1202 eorumque
1093 1167 1189 1192 status
1203 1172 1223 1192 a
1237 1163 1447 1200 multiplicibus
1462 1163 1683 1192 cavillationum
1696 1163 1834 1192 versutiis
1848 1163 2028 1201 defensatur.

375 1306 399 1333 1.
421 1303 596 1333 Multiformis
616 1301 772 1331 calliditatis
793 1300 917 1338 nequitia
937 1307 1052 1337 serpens
1072 1299 1143 1327 anti-

296 1361 369 1391 quus
381 1353 401 1387 ⁷,
423 1354 533 1381 sanctae
554 1349 651 1378 matris
672 1348 809 1377 Ecclesiae
831 1347 924 1384 partui
946 1354 1055 1383 semper
1077 1345 1143 1374 insi-

295 1400 354 1429 dias
375 1406 492 1436 parans,
513 1400 652 1426 vetustam
682 1395 833 1423 Pharaon1s
861 1394 1029 1430 impietatem
1051 1393 1143 1421 novis-

295 1447 371 1476 simis
386 1446 430 1475 his
444 1446 542 1474 diebus
556 1451 691 1473 renovare
706 1445 838 1476 conatur,
854 1442 922 1470 dum
937 1449 986 1478 per
1001 1441 1143 1469 hominem

294 1494 448 1532 quendam,
471 1492 649 1530 Aegyptiacae
669 1490 776 1519 fraudis
796 1489 966 1526 malignitate
987 1488 1143 1525 repletum,

294 1542 427 1570 adversus
438 1539 649 1569 ecclesiasticam
662 1538 768 1575 prolem
780 1544 931 1573 suggerere
945 1535 1051 1572 satagit,
1063 1535 1144 1572 quid—

294 1588 361 1626 quid
381 1587 526 1616 masculini
542 1594 627 1615 sexus
648 1588 744 1614 natum
759 1584 843 1613 fuerit
864 1584 892 1612 in
913 1583 1018 1612 flumen
1033 1582 1144 1619 proiici,

295 1634 430 1673 quidquid
444 1634 564 1668 feminei,
579 1632 726 1662 reservari.
742 1631 813 1668 Quid
828 1631 901 1660 enim
916 1633 958 1659 est
972 1629 1045 1658 aliud
1061 1629 1144 1657 ratio-

294 1691 343 1711 nes
364 1682 398 1710 ad
420 1681 526 1710 virilem
549 1683 658 1709 sanctae
673 1679 844 1716 paupertatis
861 1678 991 1715 spiritum
1012 1677 1145 1705 inducen-

295 1733 336 1759 tes
357 1728 550 1758 calumniando
564 1727 691 1756 refellere
712 1734 796 1763 quam
811 1725 822 1742 ⁸
844 1724 1065 1754 effeminatorum
1084 1732 1144 1752 cor-

295 1777 371 1806 dium
394 1775 567 1813 phantasias,
589 1774 692 1811 quibus
713 1772 912 1802 emollientium
931 1771 1091 1799 divitiarum
1106 1770 1145 1799 af-

295 1823 410 1852 fluentia
424 1821 649 1855 commendatur,
665 1819 843 1857 approbando
858 1818 1009 1847 roborare?
1025 1817 1062 1845 Ad
1074 1824 1145 1854 quae

294 1871 350 1900 duo
371 1869 554 1899 calumniator
576 1868 620 1897 1116
635 1874 792 1905 pauperum
806 1866 834 1894 in
846 1866 898 1894 hac
912 1868 1039 1894 extrema
1053 1864 1146 1901 operis

297 1918 339 1947 sui
361 1920 440 1954 parte
460 1924 556 1945 omnes
577 1916 620 1944 sui
642 1915 715 1944 vires
741 1913 842 1943 conflat
874 1912 986 1950 ingenii,
1012 1911 1146 1949 quosdam

298 1964 503 1994 cavillationum
524 1963 610 1992 nodos
625 1962 636 1979 ⁹
658 1963 712 1991 iam
727 1970 778 1999 pro
792 1960 915 1989 maxima
929 1963 1008 1997 parte
1023 1959 1050 1988 in
1066 1966 1145 1996 prae*

297 2011 458 2040 cedentibus
479 2010 627 2039 dissolutos
641 2008 817 2046 frequentius
831 2007 969 2044 replicans
983 2006 1017 2035 ad
1032 2013 1146 2043 oppres-

297 2058 401 2087 sionem
422 2065 579 2095 pauperum
601 2056 718 2090 Christi,
734 2057 888 2092 quatenus,
910 2054 1011 2091 spiritu
1026 2061 1145 2090 pauper-

298 2105 361 2134 tatis
382 2104 535 2138 exstincto,
558 2103 716 2140 spirituales
737 2102 875 2131 Israelitae
896 2100 1076 2137 multiplicari
1090 2107 1145 2128 non

298 2151 418 2189 possint,
442 2151 547 2180 frustra
568 2154 675 2185 tamen,
697 2149 764 2187 quia
784 2149 876 2177 divina
907 2147 1060 2185 opitulante
1091 2147 1145 2175 cle-

360 2345 368 2358 ¹
386 2345 504 2372 Bernard„
521 2345 604 2367 Homil.
623 2344 644 2366 ¹1.
661 2350 732 2371 super
744 2342 832 2366 Missus
844 2344 885 2371 cst,
897 2348 919 2365 n.
938 2343 965 2364 6:
978 2342 1027 2364 Nou
1039 2341 1144 2364 omnium

299 2385 395 2414 quidem
412 2387 447 2407 est
464 2384 597 2411 virginitas,
614 2383 686 2405 multo
704 2386 780 2405 tamen
798 2382 934 2410 pauciorum
953 2384 987 2403 est
1004 2387 1057 2403 cum
1076 2381 1144 2408 virgi-

296 2425 366 2447 nitate
383 2424 507 2446 humilitas.
524 2423 548 2445 Si
565 2423 634 2450 igitur
651 2422 808 2450 virginitatem
831 2422 853 2443 in
870 2421 938 2443 Maria
957 2427 1001 2443 11011
1018 2422 1084 2448 potes
1101 2420 1144 2442 nisi

296 2464 383 2492 mirari,
400 2463 468 2485 stude
491 2462 642 2485 humilitatem
660 2462 756 2490 imitari,
782 2464 804 2483 et
826 2461 910 2483 sufficit
935 2460 982 2482 tibi.
1010 2459 1096 2488 Quodsi
1123 2462 1145 2481 et

296 2504 364 2532 virgo
381 2505 403 2525 et
421 2502 514 2525 humilis
531 2508 568 2529 es,
585 2502 691 2530 quisquis
709 2507 746 2528 es,
763 2507 863 2528 magnus
881 2506 912 2522 es.

360 2542 368 2555 2
386 2543 440 2565 Luc.
458 2543 484 2571 2,
501 2541 525 2564 7.
541 2554 572 2558 —-
590 2541 705 2564 Sententia
723 2540 841 2568 Chrysost.
858 2542 880 2562 et
905 2539 980 2561 Bedae
998 2539 1093 2567 allegata
1111 2541 1145 2561 est

296 2588 367 2610 supra
385 2588 404 2603 c.
421 2581 442 2603 7.
460 2587 483 2603 n.
501 2581 523 2602 7.
715 2573 718 2578 ⁸

360 2620 368 2633 ὓ
386 2622 440 2643 Luc.
459 2621 480 2647 2,
499 2620 536 2642 24.

359 2660 368 2672 4
385 2661 451 2682 Rom.
470 2661 496 2686 2,
515 2660 552 2681 28.
569 2665 631 2688 seq:
649 2659 698 2681 Non
716 2659 776 2680 enim
794 2658 833 2686 qui
857 2658 878 2680 in
896 2658 1029 2684 manifesto,
1047 2657 1144 2679 iudaeus

297 2702 343 2727 est,
360 2706 435 2728 neque
452 2705 511 2728 quac
530 2699 553 2721 in
571 2699 698 2726 manifesto,
716 2698 739 2720 in
757 2704 837 2723 earne,
863 2700 896 2719 est
919 2697 1077 2725 circumcisio,
1103 2696 1144 2719 sed

298 2739 337 2768 qui
354 2739 377 2761 in
395 2739 544 2763 abscondito.
563 2738 660 2760 Iudaeus
678 2740 722 2763 est;
746 2740 768 2759 et
788 2737 933 2760 circumcisio
951 2737 1028 2759 cordis
1054 2737 1077 2758 in
1101 2736 1146 2764 spi-

297 2779 354 2807 ritu,
373 2785 416 2801 non
440 2779 525 2805 littera,
549 2778 614 2800 euius
636 2778 685 2799 laus
711 2783 755 2799 non
773 2783 799 2799 ex
818 2776 964 2805 homiuibus,
981 2777 1021 2799 sed
1048 2782 1075 2798 ex
1098 2776 1144 2798 Deo

297 2821 337 2840 est.
355 2817 399 2840 Csr.
418 2817 496 2845 Philip.
515 2818 539 2845 3,
558 2818 578 2839 3.
598 2823 663 2845 seqq.

360 2856 369 2868 ⁵
387 2858 416 2879 lta
435 2856 544 2883 ABCG;
562 2857 615 2879 edd.
631 2856 670 2885 11ἱο
689 2855 793 2885 «liqueris
810 2855 988 2879 iniseriam-diae
1005 2855 1095 2884 nemim.
1111 2855 1144 2884 fu·

300 2901 366 2918 rore.
384 2894 482 2917 subinde
500 2895 587 2917 omisso
605 2900 704 2924 quoque.

361 2934 370 2947 ὓ
387 2934 457 2961 Epist.
476 2935 490 2955 l.
508 2933 558 2956 Cor.
577 2933 604 2960 5,
622 2933 647 2955 5:
664 2934 692 2956 Ut
709 2933 803 2961 spiritus
820 2934 899 2956 salvus
915 2933 944 2955 sit
962 2933 982 2955 in
1001 2932 1038 2955 die
1054 2932 1145 2955 Domini

300 2972 370 2994 nostri
389 2973 436 2994 lesu
463 2972 551 2994 Christi.
578 2973 634 2995 Edu.
661 2976 738 2995 contra
756 2973 774 2994 A
787 2972 828 2994 BC
840 2973 884 2994 DG
901 2973 928 2995 ut
951 2972 1064 3001 spiritus,
1084 2977 1145 3000 quae

300 3012 368 3033 etiam
385 3011 492 3038 superius
510 3018 551 3039 pro
573 3018 642 3034 error
661 3011 700 3040 (ita
718 3012 735 3033 Α
746 3012 770 3040 Β)
789 3011 931 3034 substituunt
945 3011 1075 3040 protervia.

362 3049 370 3062 ⁷
388 3050 432 3073 Csr.
450 3051 506 3072 Gen.
526 3051 553 3077 3,
572 3051 592 3072 l.
610 3054 632 3072 et
654 3051 725 3078 Apoc.
753 3051 789 3077 12,
808 3051 828 3072 1.
846 3063 877 3067 -·
895 3050 998 3073 Subinde
1023 3050 1145 3078 respicitur

1201 1298 1316 1332 mentia,
1342 1301 1374 1327 ut
1395 1298 1498 1327 veritas
1522 1306 1538 1326 a
1563 1298 1654 1335 figura
1682 1307 1737 1327 non
1765 1298 1918 1336 discrepet,
1946 1301 2050 1336 quanto

1201 1345 1289 1382 magis
1310 1345 1433 1382 oppressi
1456 1345 1575 1379 fuerint,
1598 1348 1674 1373 tanto
1695 1345 1782 1382 magis
1803 1349 1966 1375 excrescent
1978 1346 2009 1374 1⁰.

1279 1393 1305 1420 ⁹2.
1329 1392 1360 1420 Et
1380 1400 1414 1420 116
1436 1392 1499 1429 quis
1514 1392 1582 1421 haec
1596 1392 1673 1421 velut
1687 1395 1809 1421 nostram
1829 1392 2050 1422 adinventionem
2071 1379 2133 1439 {imi}

1201 1439 1397 1475 parvipendat,
1422 1439 1515 1467 audiat
1530 1439 1702 1467 Bernardum
1723 1439 1751 1467 in
1772 1447 1899 1468 sermone
1919 1440 2050 1477 vigesimo
2075 1448 2110 1462 ⁰¹1¹-

1200 1489 1301 1523 quarto
1314 1487 1336 1503 11
1351 1486 1390 1515 516
1404 1486 1553 1515 dicentem:
1574 1498 1587 1511 «
1598 1486 1702 1523 Siquid
1714 1486 1748 1515 ad
1763 1487 1880 1515 salutem
1896 1487 2052 1524 pertinens,

1201 1533 1223 1563 si
1245 1533 1312 1570 quid
1327 1533 1466 1570 religionis
1480 1533 1770 1570 oritur,quicumque
1785 1534 1903 1568 resistit,
1924 1534 2052 1571 quicum-
2121 1540 2124 1561 1

1201 1589 1256 1618 que
1277 1584 1427 1618 repugnat,
1444 1581 1523 1617 plane
1538 1588 1601 1609 611111
1613 1581 1750 1617 Aegyptiis
1765 1582 1897 1617 parvulos
1911 1581 2052 1610 Israelitici

1202 1628 1311 1665 generis
1332 1635 1431 1656 necare
1453 1630 1586 1661 conatur,
1608 1627 1692 1656 immo
1714 1636 1778 1656 cum
1806 1628 1910 1657 Herode
1938 1636 2052 1657 nascen-

1202 1678 1258 1704 tem
1273 1675 1452 1712 persequitur
1464 1675 1633 1703 Salvatorem
1645 1686 1671 1703 ».
1684 1675 1863 1712 Nequaquam
1879 1675 1963 1712 igitur
1975 1683 2050 1710 casu,

1202 1722 1249 1751 sed
1271 1722 1444 1759 providentia
1465 1721 1512 1750 Dei
1528 1724 1637 1758 gestum
1652 1730 1711 1751 esse
1726 1722 1893 1751 credendum
1909 1726 1965 1757 est,
1977 1722 2052 1759 quod

1202 1769 1290 1798 instar
1312 1769 1407 1806 loseph
1430 1769 1620 1798 descendentis
1638 1769 1665 1797 in
1681 1769 1832 1806 Aegyptum
1847 1769 1881 1798 ad
1896 1770 2051 1798 custodien-

1202 1817 1251 1845 das
1272 1820 1299 1845 et
1319 1816 1525 1845 distribuendas
1546 1816 1689 1845 alimonias
1710 1824 1875 1853 corporum,
1904 1824 1988 1854 quem
2019 1819 2052 1845 ut

1203 1871 1269 1893 vere
1289 1863 1385 1901 filium
1401 1867 1608 1892 accrescentem
1623 1871 1749 1892 crescere
1762 1863 1826 1892 fecit
1841 1863 1915 1892 Deus
1929 1863 1957 1892 in
1976 1866 2052 1892 terra

1203 1911 1375 1948 paupertatis
1396 1919 1463 1940 suae
1476 1911 1507 1945 12,
1530 1913 1619 1940 status
1633 1910 1880 1947 evangelizantium
1896 1918 2051 1948 pauperum
2120 1933 2121 1943 ,

1203 1958 1362 1987 mitteretur
1383 1958 1411 1986 in
1427 1958 1564 1987 mundum
1578 1958 1613 1987 ad
1627 1957 1815 1987 conservanda
1829 1960 1857 1986 et
1870 1957 2052 1995 dispensanda
2120 1952 2121 2002 1

1202 2005 1368 2034 documenta
1379 2005 1588 2042 Seripturarum
1604 2008 1734 2042 tanquam
1750 2005 1880 2033 alimenta
1891 2004 2051 2041 spirituum,
2120 2003 2121 2008 ’

1203 2052 1250 2089 qui
1273 2052 1355 2081 etiam
1370 2055 1396 2081 et
1418 2052 1592 2080 sacerdotum
1609 2052 1710 2081 Christi
1727 2060 1823 2081 curam
1837 2052 1929 2089 gregis
1947 2052 2052 2081 haben-

1203 2099 1272 2128 tium
1294 2102 1488 2135 cooperatores
1509 2099 1663 2128 existerent
1684 2099 1711 2128 in
1734 2099 1778 2128 1115
1792 2107 1864 2136 quae
1879 2102 2004 2136 spectant
2017 2099 2052 2128 ad

1202 2146 1318 2175 salutem
1340 2146 1505 2175 animarum.

1202 2341 1273 2363 Exod.
1291 2341 1299 2362 rl
1310 2358 1316 2367 ,
1334 2341 1375 2363 22:
1392 2340 1511 2368 Praecepit
1528 2346 1585 2368 ergo
1602 2340 1690 2362 Pharao
1708 2339 1771 2362 omni
1795 2340 1881 2368 populo
1900 2346 1942 2362 suo
1960 2339 2049 2362 dicens:

1202 2380 1321 2409 Quidquid
1338 2380 1459 2402 masculini
1476 2386 1544 2402 sexus
1556 2382 1636 2402 natum
1649 2379 1717 2402 suerit
1729 2379 1751 2401 in
1763 2380 1849 2401 flumen
1861 2379 1973 2408 proiicite,
1986 2379 2051 2408 quid-

1201 2420 1258 2449 quid
1276 2420 1391 2447 seminini,
1409 2422 1534 2442 reservate.

1264 2458 1273 2471 Β
1292 2460 1342 2481 Vat.
1360 2466 1413 2482 cum
1430 2459 1467 2482 ed.
1485 2459 1490 2481 l
1507 2458 1619 2481 revellere
1637 2464 1725 2488 quam,-
1742 2458 1844 2480 nonnulli
1861 2458 1929 2481 codd.
1944 2457 2051 2488 refellere

1201 2500 1229 2522 et.
1247 2499 1350 2521 Subinde
1367 2505 1410 2527 pro
1428 2498 1512 2528 quibus
1531 2499 1580 2521 Vnt.
1599 2497 1646 2527 qni,
1665 2500 1686 2520 et
1700 2504 1743 2525 pro
1759 2496 1875 2520 roborare
1886 2498 1904 2519 Α
1921 2496 2051 2527 reprobare

1202 2539 1254 2568 (BC
1272 2538 1370 2561 verbum
1388 2538 1496 2560 exhibent
1512 2537 1639 2567 illegibile).

1264 2576 1273 2590 ⁹
1293 2578 1322 2600 lta
1340 2577 1397 2604 CD,
1415 2577 1468 2599 cdd.
1486 2576 1576 2600 modos.
2116 2579 2119 2606 1

1264 2616 1284 2629 ¹⁰
1302 2617 1370 2639 lixod.
1389 2618 1410 2644 l,
1433 2617 1471 2638 12:
1490 2616 1628 2645 Quantoque
1645 2615 1809 2643 opprimebant
1825 2621 1865 2637 eos
1878 2614 1949 2643 [filios
1964 2614 2050 2644 lsrael]y

1202 2659 1263 2679 tanto
1273 2656 1347 2684 magis
1360 2655 1570 2683 multiplicabuntur
1579 2658 1600 2677 et
1610 2654 1752 2677 crescebant.
1761 2667 1791 2671 —
1801 2654 1858 2677 Eud.
1868 2657 1947 2676 contra
1959 2655 1976 2676 A
1984 2654 2001 2675 Β
2009 2653 2050 2676 CG

1202 2697 1343 2718 (increscent.
2115 2707 2117 2724 t

1264 2734 1283 2746 1¹
1302 2735 1346 2763 Qui
1362 2740 1425 2756 nunc
1442 2738 1475 2756 est
1498 2740 1567 2756 serm.
1585 2734 1606 2755 3.
1624 2733 1646 2755 111
1664 2733 1789 2761 Epiphania
1808 2732 1914 2760 Domini,
1931 2739 1954 2754 n.
1969 2732 1991 2754 3.
2008 2732 2050 2754 Pro
2115 2755 2116 2760 ¹

1201 2781 1274 2797 serm.
1292 2773 1335 2797 94.
1354 2774 1393 2803 (ita
1411 2774 1481 2796 BCD
1499 2776 1520 2795 et
1539 2773 1575 2795 ed.
1597 2773 1616 2802 l)
1634 2773 1653 2795 A
1677 2779 1749 2796 serm.
1774 2770 1827 2800 54,
1850 2773 1902 2794 Vat.
1927 2775 1948 2794 et
1974 2772 2011 2794 ed.
2037 2772 2050 2794 2
2115 2772 2116 2791 1

1201 2820 1272 2836 serm.
1291 2813 1317 2837 5.
1337 2813 1437 2836 Vocibus
1454 2812 1596 2842 quicumque
1618 2811 1706 2835 restem
1723 2812 1767 2834 AB
1778 2811 1848 2834 CDG
1866 2814 1888 2833 et
1905 2811 1940 2833 ed.
1954 2811 1962 2832 ’1
1984 2817 2051 2838 prae-

1202 2854 1276 2881 figunt
1287 2853 1309 2876 si
1320 2852 1379 2882 quis,
1394 2856 1416 2874 61
1428 2859 1470 2880 pre
1482 2851 1574 2881 orneris
1587 2854 1660 2874 textus
1672 2851 1790 2879 originalis
1801 2850 1917 2873 substituit
1928 2849 2051 2880 θεν-11111119.

1265 2891 1284 2904 ¹²
1302 2893 1358 2914 Gen.
1376 2892 1400 2914 11
1413 2909 1418 2919 ,
1437 2892 1478 2914 521
1492 2891 1601 2914 Crescere
1613 2897 1650 2913 me
1664 2891 1715 2913 tecit
1727 2891 1788 2913 Deus
1801 2891 1821 2912 in
1835 2893 1894 2912 terra
1909 2889 2051 2917 paupertatis

1202 2937 1276 2953 meae.
1292 2932 1325 2953 De
1343 2930 1535 2959 praecedentibus
1552 2932 1593 2953 ct'r.
1610 2930 1666 2952 Gen.
1684 2929 1725 2957 37,
1744 2930 1780 2951 28.
1799 2929 1838 2957 ((16
1855 2930 1936 2957 loseph
1959 2929 2051 2951 descen-

1202 2971 1270 2993 dente
1287 2971 1309 2993 in
1327 2970 1481 2998 Aegyptum);
1499 2970 1523 2992 41
1535 2987 1541 2997 ,
1561 2969 1597 2991 47.
1615 2976 1681 2998 seqq.
1701 2969 1739 2997 (de
1757 2969 1837 2997 loseph
1855 2970 2012 2996 congregante
2029 2970 2051 2990 et

1202 3010 1353 3032 distribuente
1371 3009 1511 3037 alimonias);
1531 3009 1571 3036 49,
1589 3009 1630 3030 221
1657 3008 1726 3030 Filius
1749 3014 1882 3030 accrescens
1904 3008 1983 3035 loseph
2007 3009 2049 3029 etc.

1202 3049 1272 3072 Exod.
1292 3050 1316 3077 sl,
1336 3050 1356 3071 l.
1374 3055 1439 3078 seqq.
1457 3048 1517 3071 Vide
1534 3048 1603 3070 etiam
1620 3049 1673 3076 Sap.
1692 3048 1733 3076 110,
1754 3048 1789 3069 13.
1806 3053 1872 3075 seqq.
