2133 3317
10 467 84 508 'wssqflq'

0 509 8 528 fi
14 511 37 526 ‚m
47 510 84 530 pn-

0 1222 81 1256 innam.

0 1833 86 1852 ninantur.

0 2159 26 2183 ιίο,
34 2165 89 2185 quare

0 2183 90 2226 ’ωψιῑξῖ

0 2234 30 2272 :3-
53 2231 90 2255 '’‘i‘

453 208 649 237 OPUSCULUM
671 208 735 236 XllI.
756 208 1064 238 DETERMINATIONES
1085 209 1325 246 QUAESTIONUM.
1347 210 1426 239 PARS
1448 210 1475 238 ll.

97 292 124 319 et
144 287 264 318 solvendi
285 295 340 315 non
362 286 506 320 habentes,
528 286 571 314 vel
593 293 642 322 per
663 293 733 323 quos
753 286 860 315 animae
882 294 939 315 ma-

97 337 137 374 gis
156 334 323 364 irretiuntur
344 333 448 370 peccati
470 332 590 369 laqueis,
612 340 696 369 quam
718 336 890 369 purgentur,
905 333 939 362 de

97 382 198 420 quibus
218 389 273 409 non
294 383 335 409 est
355 387 430 408 nunc
450 379 569 408 ulterius
591 379 825 416 prosequendum.

175 427 253 464 Quod
283 430 376 455 autem
404 426 583 455 detrahamus
610 426 650 454 eis
679 429 706 454 et
737 426 939 455 confundamus

98 483 144 505 eos
163 475 191 503 in
211 473 334 511 populo,
355 481 410 501 non
430 476 551 509 oportet,
577 472 651 510 quod
673 472 751 501 nobis
781 473 831 501 hoc
852 473 939 509 impo-

98 525 163 552 nant
184 520 377 558 singulariter,
398 527 462 548 cum
484 519 534 556 ipsi
563 528 618 548 non
646 519 815 548 abscondant
835 520 940 548 scelera

98 577 162 602 sua,
182 567 229 597 sed
250 575 300 604 per
321 566 384 595 facti
405 566 568 595 evidentiam
590 566 719 595 omnibus
740 574 771 595 ea
786 567 939 603 propalent,

97 619 124 646 et
150 615 229 644 nobis
256 614 337 643 etiam
367 613 537 647 tacentibus,
565 613 695 642 omnibus
722 613 849 649 ingerant
877 613 939 642 inde

98 661 238 691 materiam
260 659 430 690 detrahendi.
453 660 561 689 Utinam
582 667 632 688 nos
662 660 712 688 soli
734 668 766 688 ea
786 659 938 688 sciremus!

97 709 204 738 Utinam
225 708 263 736 ita
283 710 375 736 essent
395 707 503 735 occulta
517 714 614 735 eorum
631 710 756 743 peccata,
772 706 846 743 quod
861 706 940 735 nobis

97 763 128 785 ea
148 754 266 792 prodere
294 753 450 782 volentibus
478 761 531 781 non
563 752 734 786 crederetur,
756 756 783 781 et
806 753 939 781 mendacii

97 805 123 831 et
152 800 330 830 detractionis
350 808 367 828 a
394 800 496 837 populo
523 802 726 836 argueremur!
749 800 826 828 Nunc
847 802 938 828 autem

98 849 163 877 tanti
185 851 212 876 et
233 851 288 876 tam
320 847 408 884 aperti
436 849 502 875 sunt
522 847 675 875 multorum
696 854 844 880 excessus,
866 846 939 883 quod

97 895 156 924 laici
177 898 299 931 arguunt
320 902 382 927 nos,
397 902 461 922 cum
483 894 601 922 aliorum
617 893 682 921 vitia
697 893 724 921 in
739 893 940 929 praedicatione

98 944 256 978 tangamus,
278 948 365 977 quare
387 943 441 969 tam
464 940 587 969 enormia
608 942 635 968 et
655 942 751 976 aperta
765 943 792 968 et
812 940 900 968 multa
914 942 941 968 et

98 988 183 1025 magis
204 988 300 1016 nociva
321 987 485 1016 clericorum
507 987 611 1016 scelera
625 995 679 1015 non
695 986 940 1023 reprehendamus,

97 1043 160 1065 cum
181 1043 235 1063 non
256 1034 353 1063 debeat
374 1034 496 1070 acceptio
517 1041 699 1070 personarum
720 1041 780 1062 esse
800 1033 873 1070 apud
896 1041 942 1061 ve-

98 1081 186 1111 ritatis
206 1081 347 1110 doctorem
360 1082 379 1115 ¹,
400 1088 451 1109 nec
474 1089 524 1117 pro
546 1081 644 1109 timore
665 1080 709 1109 vel
729 1080 824 1108 favore
844 1080 941 1108 debeat

99 1131 222 1166 apertam
244 1128 389 1157 veritatem
410 1131 501 1156 tacere
522 1130 550 1156 et
565 1127 617 1156 hoc
631 1127 744 1164 gravius
759 1127 941 1163 redarguere,

99 1175 172 1213 quod
193 1177 235 1204 est
255 1174 392 1209 nocivius,
415 1177 442 1203 et
462 1182 519 1211 quo
540 1174 614 1203 Deus
636 1174 722 1211 magis
744 1174 892 1202 offenditur
914 1173 941 1201 in

99 1229 283 1260 quocumque.
306 1221 369 1250 lude
390 1225 447 1255 est,
469 1221 543 1258 quod
565 1224 679 1258 propter
694 1221 745 1249 hoc
761 1221 886 1257 cogimur
901 1221 943 1248 in-

99 1269 207 1298 terdum
236 1268 341 1305 aliquid
361 1268 395 1297 de
427 1268 593 1297 clericorum
622 1268 785 1297 excessibus
814 1271 941 1304 tangere,

99 1324 133 1345 ne
153 1318 285 1353 putemur
306 1323 343 1344 ex
365 1315 464 1344 timore
486 1318 593 1348 tacere,
609 1315 651 1344 vel
666 1323 702 1343 ex
717 1315 825 1351 privato
839 1314 942 1348 favore,

98 1362 177 1399 quasi
208 1369 272 1390 cum
300 1362 368 1398 ipsis
395 1364 492 1390 contra
513 1362 595 1390 laicos
616 1362 720 1398 pariter
741 1361 942 1398 conspiraveri-

98 1417 175 1444 mus,
196 1412 224 1437 et
245 1411 276 1437 ut
298 1408 357 1437 laici
380 1409 572 1445 aequanimius
593 1408 697 1442 ferant,
720 1409 741 1437 si
764 1416 811 1437 eos
826 1408 942 1445 corripi-

99 1464 176 1490 mus,
198 1455 336 1490 videntes,
358 1455 432 1493 quod
453 1464 504 1484 nec
525 1455 632 1484 clericis
661 1455 816 1492 parcimus,
838 1459 865 1484 et
886 1463 943 1483 ma-

99 1504 190 1537 xime,
212 1506 244 1531 ut
264 1503 367 1531 veritas
388 1503 526 1540 Evangelii
557 1505 700 1537 servetur,
727 1510 798 1539 quae
819 1502 942 1531 omnium

100 1553 211 1588 peccata
230 1550 396 1584 detestatur,
412 1558 446 1578 ne
468 1550 547 1578 aliter
563 1552 693 1586 putarent
708 1549 854 1586 simplices,
870 1549 943 1586 quod

100 1599 211 1634 peccata
230 1605 285 1625 non
307 1600 398 1626 essent
419 1597 475 1625 Deo
495 1596 621 1631 odibilia,
643 1604 715 1633 quae
736 1605 790 1625 non
815 1596 944 1625 audirent

100 1644 127 1672 in
149 1643 256 1673 clericis
277 1643 453 1681 reprehendi,
475 1647 502 1672 et
532 1643 633 1672 stultae
661 1643 843 1672 mulierculae
864 1645 944 1680 puta-

101 1693 178 1725 rent,
206 1699 261 1719 non
290 1698 350 1720 esse
381 1690 507 1719 illIcitum
528 1698 593 1719 cum
624 1690 690 1727 ipsis
721 1698 850 1727 peccare,
873 1690 945 1718 sicut

100 1738 239 1775 aliquibus
260 1746 357 1767 earum
378 1741 475 1766 notum
496 1741 538 1766 est
558 1737 592 1766 ab
613 1738 652 1766 eis
670 1737 755 1766 fuisse
770 1745 943 1774 persuasum.

178 1784 256 1821 Quod
277 1787 370 1813 autem
390 1793 445 1813 non
467 1784 589 1813 nitamur
610 1792 657 1813 eos
678 1784 705 1812 in
724 1784 945 1821 praedicatione

101 1831 269 1861 confundere
290 1839 340 1860 nec
362 1831 464 1868 populo
485 1831 553 1860 eos²
575 1831 689 1860 odibiles
710 1831 840 1865 reddere,
856 1833 946 1867 potest

101 1886 138 1907 ex
160 1878 212 1907 hoc
233 1881 359 1915 patenter
380 1878 507 1915 agnosci,
529 1878 603 1915 quod
631 1878 733 1906 multos
754 1886 851 1906 eorum
873 1877 946 1906 defe-

101 1927 163 1954 ctus
184 1925 288 1954 scimus
308 1928 335 1954 et
356 1925 563 1954 dissimulamus
584 1933 634 1954 nec
653 1925 755 1962 populo
769 1924 946 1961 propalamus

101 1979 249 2009 expresse,
271 1975 415 2008 parcentes
435 1972 551 2006 eisdem,
573 1979 654 2006 cum,
676 1971 726 2001 etsi
748 1980 802 2000 non
817 1972 844 2000 in
859 1971 947 1999 omni-

101 2018 170 2053 bus,
192 2021 284 2048 tamen
306 2019 334 2047 in
355 2019 484 2055 pluribus
504 2027 618 2053 eorum,
640 2019 735 2055 plures
757 2018 946 2055 reperiantur,

102 2073 151 2102 per
173 2073 243 2102 quos
274 2065 372 2094 fierent
394 2065 513 2102 despecti
535 2065 653 2103 populo,
685 2065 707 2094 si
735 2065 870 2094 vellemus
901 2072 948 2093 eos

104 2112 213 2149 publice
244 2112 419 2149 praedicare;
441 2116 468 2141 et
488 2112 561 2141 h0s³
586 2115 666 2141 caute
694 2115 817 2141 tacemus
845 2112 887 2140 his
914 2111 948 2140 de

105 2159 211 2188 causis:
233 2167 303 2193 una,
325 2162 439 2196 propter
461 2167 555 2196 pacem
577 2163 604 2188 et
625 2159 808 2188 reverentiam
824 2158 900 2192 cleri,
914 2166 948 2186 ne

106 2205 188 2234 laicos
215 2209 312 2234 contra
339 2206 452 2235 clericos
480 2214 663 2243 provocemus
692 2206 726 2234 ad
751 2205 947 2238 discordiam,

107 2260 170 2281 cum
192 2260 243 2289 pro
264 2260 331 2289 pace
352 2253 417 2281 cleri
439 2255 467 2281 et
496 2253 578 2281 etiam
606 2253 793 2281 aedificatione
819 2252 912 2289 populi
934 2259 950 2280 a

105 2299 161 2328 Deo
182 2302 209 2327 et
229 2307 245 2327 a
265 2299 333 2328 Sede
352 2299 501 2336 apostolica
515 2299 669 2336 specialiter
685 2299 759 2328 missi
779 2299 865 2328 simus
875 2299 895 2326 4.
913 2314 949 2319 —

1782 210 1838 239 357

995 287 1135 321 Secunda,
1157 287 1231 324 quod
1252 296 1306 316 non
1328 296 1472 325 possemus
1493 291 1582 317 tamen
1604 296 1653 326 per
1675 289 1727 317 hoc
1745 296 1838 317 emen·
1854 295 1946 314 secunda.

995 333 1060 362 dare
1075 342 1121 362 eos
1142 342 1192 362 nec
1217 334 1384 363 haberemus
1404 335 1471 363 alios
1492 335 1633 369 meliores,
1648 335 1696 372 qui
1717 335 1757 363 eis
1772 343 1838 363 mox

995 380 1241 415 substituerentur,
1257 381 1278 409 si
1291 381 1334 410 isti
1346 389 1450 415 omnes,
1462 382 1509 418 qui
1521 384 1587 410 sunt
1598 381 1838 418 reprehensibiles,

995 426 1195 461 abiicerentur3
1211 431 1238 456 et
1253 431 1294 456 est
1309 429 1401 457 minus
1415 429 1517 457 malum
1533 429 1626 466 aliquo
1640 428 1720 457 modo
1736 428 1839 457 habere

997 473 1062 502 istos
1083 482 1166 510 quam
1188 474 1293 508 nullos,
1315 475 1437 504 maxime
1458 483 1520 504 cum
1536 475 1656 512 episcopi
1675 479 1702 504 et
1725 475 1838 512 praelati

996 528 1051 548 non
1066 520 1239 549 intenderent
1254 521 1423 551 substituere
1444 522 1580 551 meliores.
1596 539 1634 543 —
1648 523 1748 556 Tertia,
1764 522 1839 559 quod

996 566 1145 595 deferimus
1160 567 1187 595 in
1203 568 1254 596 hoc
1269 568 1362 602 bonis,
1378 569 1425 605 qui
1441 572 1506 597 sunt
1520 569 1592 598 inter
1605 577 1667 603 eos,
1689 569 1739 598 etsi
1759 569 1839 605 pauci

997 613 1066 646 sint,
1088 613 1135 650 qui
1157 622 1220 642 cum
1235 615 1334 643 ceteris
1349 615 1594 650 confunderentur,
1610 623 1674 644 cum
1696 615 1773 644 rudis
1792 624 1840 652 po-

996 660 1080 696 pulus
1091 660 1149 689 sine
1160 660 1323 690 discretione
1335 662 1420 690 bonos
1431 665 1458 691 et
1469 662 1555 691 malos
1567 663 1695 699 persequi
1708 663 1840 699 inciperet

996 709 1024 735 et
1038 707 1122 735 odire.
1139 723 1175 727 —
1188 708 1292 744 Quarta
1306 711 1332 737 et
1347 709 1425 745 quasi
1448 709 1610 746 praecipua,
1625 717 1668 742 ne,
1683 709 1705 738 si
1720 709 1840 746 populus

997 753 1125 790 perderet
1145 755 1257 783 omnino
1278 755 1359 784 fidem
1375 756 1401 784 in
1417 756 1539 790 clericis,
1561 756 1692 785 haeretici
1714 756 1840 793 insurge-

998 804 1061 829 rent
1076 804 1103 829 et
1123 802 1296 830 attraherent
1317 802 1367 831 sibi
1390 803 1522 839 populum
1538 803 1617 840 quasi
1638 811 1704 832 oves
1724 803 1839 832 destitu-

997 850 1038 875 tas
1053 848 1211 884 pastoribus
1231 852 1258 877 et
1278 848 1400 877 facerent
1421 857 1468 878 eos
1490 850 1658 884 haereticos,
1679 850 1837 887 gloriantes,

997 895 1071 931 quod
1093 898 1188 923 nostro
1214 895 1292 932 quasi
1322 896 1477 924 testimonio
1505 899 1559 925 tam
1581 896 1649 925 viles
1670 900 1761 925 essent
1786 897 1840 925 cle-

998 941 1063 975 rici,
1086 941 1159 978 quod
1181 942 1274 970 nullus
1295 942 1334 971 eis
1355 942 1467 971 obedire
1487 943 1600 972 deberet
1621 951 1672 972 nec
1686 943 1839 972 doctrinam

997 996 1095 1016 eorum
1116 996 1224 1017 curare.
1247 988 1342 1017 Omnis
1362 989 1434 1018 enim
1459 990 1661 1018 haereticorum
1678 990 1793 1018 intentio
1806 989 1840 1018 ad

999 1034 1050 1062 hoc
1072 1034 1174 1068 tendit,
1196 1035 1284 1072 quod,
1307 1038 1399 1072 spreto
1420 1037 1511 1070 clero,
1532 1036 1572 1065 ets
1592 1036 1737 1070 credatur;
1759 1039 1786 1065 et
1806 1036 1840 1064 ad

999 1081 1050 1109 boc
1071 1089 1125 1109 non
1153 1082 1295 1115 convenit,
1327 1090 1376 1110 nos
1398 1083 1520 1119 ipsorum
1549 1091 1609 1112 esse
1631 1086 1839 1119 cooperatores,

998 1127 1045 1164 qui
1068 1127 1160 1164 potius
1180 1128 1312 1157 debemus
1333 1133 1429 1157 contra
1449 1137 1495 1158 eos
1510 1129 1588 1166 quasi
1611 1130 1690 1166 lupos
1705 1129 1840 1166 rapaces⁵

999 1174 1073 1202 clero
1093 1177 1120 1203 et
1142 1175 1275 1203 Ecclesiae
1296 1183 1355 1204 esse
1377 1179 1611 1213 propugnatores,
1626 1179 1722 1205 contra
1743 1184 1841 1205 eorum

1000 1221 1136 1249 versutias
1163 1222 1296 1258 populum
1325 1223 1557 1258 praemuniendo,
1583 1231 1693 1252 errores
1715 1223 1840 1260 ipsorum

1000 1268 1123 1296 veritatis
1144 1268 1306 1297 testimoniis
1326 1276 1362 1297 ex
1388 1269 1539 1306 Scripturis
1559 1269 1725 1298 authenticis
1746 1269 1841 1298 confu-

1000 1314 1090 1343 tando.
1106 1331 1144 1335 ——
1159 1315 1274 1351 Quinta,
1296 1316 1369 1352 quod
1392 1316 1469 1345 lucra
1484 1317 1655 1350 animarum,
1670 1324 1741 1353 quae
1756 1324 1840 1353 quae·
1856 1324 1931 1348 Quinta.

1000 1361 1101 1395 rimus,
1123 1362 1221 1390 melius
1243 1370 1438 1399 promovemus
1466 1371 1528 1391 cum
1558 1363 1748 1392 benevolentia
1774 1362 1841 1391 cleri

1000 1411 1027 1436 et
1048 1416 1174 1442 assensu,
1197 1417 1266 1445 quos
1281 1409 1301 1437 si
1319 1409 1465 1438 indiscrete
1479 1410 1583 1446 agendo
1598 1410 1840 1443 exacerbarenius,

1000 1462 1064 1483 cum
1085 1463 1139 1483 non
1161 1463 1305 1492 possemus
1333 1459 1428 1484 contra
1456 1464 1503 1485 eos
1524 1457 1707 1485 communiter
1728 1464 1842 1493 praeva-

1000 1501 1070 1535 lere,
1093 1502 1271 1538 prohiberent
1292 1511 1341 1531 nos
1355 1503 1500 1532 animabus
1516 1503 1645 1540 prodesse
1660 1502 1843 1540 praedicando

1001 1551 1028 1577 et
1049 1549 1232 1578 confessiones
1252 1549 1395 1578 audiendo.
1418 1550 1449 1578 Et
1470 1550 1509 1579 sic
1529 1550 1604 1579 salus
1619 1550 1771 1579 multarum
1785 1550 1844 1578 ani-

1001 1604 1110 1624 marum
1131 1596 1327 1633 impediretur,
1349 1601 1376 1625 et
1397 1597 1475 1626 fieret
1496 1597 1574 1634 quasi
1596 1597 1690 1626 scissio
1711 1597 1739 1625 in
1754 1597 1843 1626 Eccle-

1001 1643 1056 1677 sia,
1078 1643 1144 1671 dum
1166 1643 1257 1672 clerici
1281 1652 1330 1672 nos
1358 1644 1435 1681 quasi
1465 1644 1599 1681 reprobos
1626 1644 1756 1681 persequi
1777 1643 1844 1672 inci-

1001 1692 1115 1726 perent,
1137 1693 1164 1718 et
1184 1690 1261 1723 laici,
1282 1693 1330 1719 aut
1351 1691 1429 1719 nobis
1450 1694 1498 1719 aut
1518 1691 1584 1727 ipsis
1598 1691 1729 1725 faventes,
1743 1691 1844 1719 alteros

1001 1736 1175 1773 despicerent
1202 1740 1228 1765 et
1256 1737 1295 1766 eis
1322 1738 1435 1766 credere
1457 1741 1626 1767 recusarent.
1652 1738 1682 1766 Et
1703 1745 1766 1766 cum
1789 1745 1844 1766 uon

1003 1791 1146 1820 possemus
1167 1792 1213 1813 eos
1234 1785 1280 1821 qui
1303 1784 1381 1813 uobis
1396 1784 1524 1813 faverunt
1535 1785 1556 1819 θ,
1571 1785 1716 1813 defendere
1730 1793 1746 1813 a
1760 1784 1844 1818 clero,

1003 1830 1070 1867 quin
1092 1838 1138 1859 eos
1159 1831 1302 1860 nobiscum
1325 1835 1560 1868 persequerentur
1582 1834 1609 1860 et
1622 1831 1845 1860 excommunica-

1003 1880 1078 1911 rent,
1101 1877 1208 1906 tandem
1230 1886 1325 1906 omnes
1340 1886 1389 1907 nos
1404 1878 1576 1912 desererent,
1591 1882 1618 1907 et
1631 1886 1668 1907 ex
1682 1878 1744 1906 odio
1758 1877 1845 1906 nostri

1003 1923 1155 1952 doctrinam
1178 1927 1300 1953 nostram
1322 1924 1413 1953 clerici
1440 1925 1620 1959 infamarent,
1641 1928 1669 1953 et
1689 1925 1728 1953 sic
1749 1925 1845 1954 haere-

1004 1970 1080 2004 ticis,
1103 1971 1149 2007 qui
1173 1971 1254 2000 modo
1274 1979 1324 2000 nos
1346 1971 1457 2006 timent,
1478 1972 1569 2000 aditus
1589 1971 1623 2000 ad
1638 1971 1847 2000 subversionem

1004 2018 1126 2046 fidelium
1148 2018 1206 2047 sine
1228 2018 1443 2048 contradictione
1464 2021 1586 2055 pateret,
1608 2018 1679 2047 sicut
1694 2018 1782 2055 lupis,
1798 2018 1845 2047 ubi

1004 2072 1086 2093 canes
1107 2073 1160 2093 non
1182 2068 1326 2099 metuunt,
1348 2069 1375 2094 et
1397 2068 1521 2102 pastores
1542 2068 1607 2094 sunt
1627 2065 1742 2099 desides,
1763 2064 1846 2093 datur

1005 2111 1118 2140 audacia
1139 2120 1204 2140 oves
1224 2111 1377 2140 invadendi.
1407 2112 1462 2140 Nisi
1490 2112 1562 2140 enim
1591 2115 1681 2141 essent
1702 2112 1746 2141 isti
1767 2111 1847 2140 Ordi-

1005 2158 1075 2187 nes⁷
1104 2159 1131 2186 in
1164 2158 1296 2193 Ecclesia,
1326 2159 1373 2196 qui
1402 2167 1438 2188 ex
1466 2158 1556 2187 officio
1586 2158 1797 2196 praedicationis
1821 2161 1848 2187 et

1005 2205 1182 2234 confessionis
1203 2206 1296 2234 fideles
1318 2206 1490 2239 illuminant,
1505 2206 1559 2234 cito
1581 2205 1691 2242 plurimi
1707 2205 1848 2234 efficeren-

1006 2256 1053 2281 tur
1075 2252 1205 2281 haeretici
1227 2252 1253 2280 in
1276 2252 1319 2281 his
1340 2252 1435 2286 terris,
1456 2252 1503 2281 ubi
1526 2255 1581 2280 tam
1603 2252 1683 2289 pauci
1704 2252 1849 2281 inveniun-

1007 2302 1053 2328 tur
1075 2299 1167 2328 clerici
1190 2299 1217 2327 in
1238 2307 1316 2328 sacra
1337 2299 1480 2336 Scriptura
1500 2299 1597 2336 periti,
1619 2306 1682 2328 cum
1711 2299 1850 2328 nescirent

1855 528 1924 548 Tertia.

1856 716 1932 740 Quarta.

1864 2118 1980 2138 Notandum.

167 2455 175 2468 ²
194 2455 239 2478 Csr.
257 2457 299 2478 lac,
318 2457 344 2484 2,
366 2457 383 2478 1,

167 2493 176 2506 ²
194 2494 236 2517 Ed.
255 2495 268 2517 3
285 2500 327 2518 nec
341 2494 444 2524 populos
461 2494 506 2523 eis,
524 2501 584 2524 quae
602 2495 671 2518 etiam
689 2496 783 2518 interius
795 2502 838 2524 pro
850 2495 951 2525 despecti

105 2532 222 2556 substituit
238 2533 364 2562 despectui.

168 2571 177 2584 ²³
195 2573 224 2594 lta
243 2572 280 2594 ed.
301 2573 324 2601 1,
342 2573 398 2595 aliae
414 2574 437 2596 et
452 2572 504 2596 ltoc.

168 2610 177 2622 ⁴
196 2611 254 2633 Vide
271 2611 356 2639 Opusc.
374 2612 435 2634 xtv.
452 2613 527 2640 Quare
544 2613 633 2635 Fratres
650 2613 747 2635 Minores
759 2613 891 2640 praedicent
907 2615 948 2635 etc.

106 2662 137 2665 —
154 2649 265 2678 Superius
282 2654 334 2678 post
348 2657 394 2680 pro
411 2657 468 2680 pace
485 2658 527 2679 pro
544 2651 613 2679 cleri,
631 2652 694 2680 quod
707 2652 744 2674 ed.
757 2652 769 2673 3
787 2651 883 2678 omittit,
896 2651 950 2674 edd.

110 2688 132 2714 l,
150 2689 163 2710 2
181 2688 265 2712 clerici.

168 2726 178 2739 ⁵
194 2728 242 2749 Act.
260 2728 302 2755 20,
319 2728 360 2750 29:
379 2729 426 2757 Ego
438 2729 498 2757 scio,
515 2729 625 2758 quoniam
643 2729 782 2751 intrabunt...
796 2729 842 2757 lupi
855 2735 950 2757 rapaces

108 2765 130 2788 in
147 2772 189 2788 vos
206 2770 250 2789 etc.
269 2780 299 2782 —
316 2767 340 2789 ln
357 2768 399 2790 hac
417 2768 574 2796 propositione
592 2774 634 2796 pro
652 2767 728 2796 clero,
747 2768 809 2796 qnod
823 2767 858 2790 bis
870 2774 950 2790 occur-

107 2805 148 2832 rit,
165 2805 218 2828 edd.
237 2806 258 2832 i,
276 2807 289 2828 2
308 2806 344 2828 bis
369 2806 454 2830 clerico
480 2807 552 2836 (quod
579 2807 654 2835 primo
671 2808 733 2834 loco,
752 2810 775 2829 ut
792 2807 828 2829 ed.
846 2808 858 2829 3
877 2809 950 2835 notat,

107 2843 176 2865 etiam
194 2844 246 2867 cod.
264 2844 349 2874 nabet),
368 2848 390 2867 et
406 2851 449 2873 pro
467 2845 509 2875 qui
522 2845 600 2875 potius
619 2846 657 2874 (ita
675 2845 729 2868 edd.
745 2846 763 2873 i,
777 2846 799 2874 ²2)
814 2846 863 2868 Vat.
880 2849 902 2868 et
913 2846 950 2868 ed.

109 2883 122 2904 3
140 2883 196 2912 quin
213 2883 301 2913 potius.

171 2921 181 2934 ⁶
197 2922 237 2945 Ed.
255 2923 267 2944 3
285 2929 339 2945 cum
357 2923 409 2945 cod.
425 2923 537 2952 faverent.

171 2959 180 2972 '¹
197 2961 383 2984 Praedicatorum
401 2964 423 2984 et
440 2962 564 2990 Minorum,
583 2965 607 2984 ut
624 2962 698 2985 editor
715 2962 751 2984 ed.
768 2963 781 2984 3
799 2965 899 2990 annotat,
911 2963 951 2991 qui

108 2999 177 3021 etiam
196 3000 225 3022 ad
243 3000 311 3022 huius
328 3000 492 3028 propositionis
509 3000 580 3023 verba
593 3000 617 3023 in
629 3000 665 3024 his
682 3000 753 3024 terris
765 3001 885 3024 observat:
900 3011 910 3022 u
920 3003 950 3025 Ex

1006 2457 1048 2479 illis
1060 2463 1120 2485 quae
1132 2456 1249 2484 Opusculo
1262 2456 1366 2484 proximo
1380 2455 1465 2485 [Quare
1476 2456 1565 2478 Fratres
1577 2456 1626 2478 Min.
1642 2456 1772 2484 praedicent
1785 2456 1849 2486 ete),

1006 2496 1019 2524 ξς
1032 2496 1089 2518 Cum
1103 2494 1220 2523 contritio,
1235 2496 1349 2522 leguntur,
1362 2495 1456 2522 eruitur,
1468 2501 1543 2523 neque
1556 2495 1578 2517 in
1590 2496 1673 2522 Gallia,
1686 2501 1760 2524 neque
1773 2496 1794 2518 in
1807 2497 1850 2518 An-

1007 2535 1051 2562 glia
1070 2535 1131 2556 hunc
1149 2534 1248 2556 libellum
1267 2534 1336 2556 fuisse
1359 2535 1513 2562 perscriptum
1526 2543 1547 2556 n,
1566 2534 1652 2556 ibidem
1676 2535 1735 2557 enim
1755 2535 1849 2562 legitur:

1009 2581 1020 2593 α
1031 2573 1091 2595 Licet
1103 2573 1164 2594 enirn
1176 2573 1330 2595 communiter
1342 2572 1417 2595 clerici
1430 2573 1451 2595 in
1464 2572 1604 2601 quibusdam
1618 2573 1682 2595 terris
1698 2573 1747 2596 istis
1758 2573 1851 2596 detecti-

1007 2611 1051 2634 bus
1064 2618 1107 2634 non
1121 2612 1188 2634 valde
1199 2612 1243 2634 sint
1255 2612 1370 2640 impliciti,
1384 2616 1407 2634 ut
1419 2612 1441 2634 in
1454 2612 1547 2641 Anqlz'u,
1563 2613 1599 2634 vel
1612 2612 1723 2640 Francia,
1736 2613 1773 2635 vel
1785 2612 1851 2640 alibi,

1008 2651 1047 2673 ubi
1065 2651 1141 2673 clerici
1161 2654 1215 2674 sunt
1231 2651 1320 2674 litterati
1333 2652 1368 2673 vel
1386 2652 1518 2674 clericaliter
1537 2652 1619 2674 vivunt
1636 2654 1658 2674 et
1673 2652 1779 2674 subditos
1796 2658 1852 2675 suos

1009 2690 1068 2712 bene
1080 2693 1176 2718 regunt,
1190 2694 1264 2712 tamen
1277 2690 1302 2713 in
1310 2689 1423 2719 pluribus
1435 2690 1488 2713 aliis
1498 2690 1568 2714 terris
1578 2691 1633 2713 tanti
1641 2691 1745 2714 desectus
1757 2691 1777 2713 in
1790 2692 1851 2714 clero

1007 2729 1153 2757 reperiuntur
1166 2738 1176 2749 n
1189 2733 1232 2751 etc.
1244 2730 1304 2751 Haec
1316 2732 1392 2752 tamen
1405 2729 1475 2752 verba
1492 2730 1551 2753 docti
1564 2730 1658 2753 editoris
1670 2733 1757 2753 tantum
1775 2731 1853 2754 valent

1008 2768 1030 2790 in
1047 2768 1217 2796 suppositione,
1236 2771 1324 2796 partem
1337 2769 1395 2791 illam
1417 2769 1478 2791 citati
1496 2769 1613 2797 opusculi:
1627 2769 1707 2798 Quare
1727 2770 1774 2793 FF.
1794 2770 1851 2794 Min.

1007 2807 1142 2836 praedicent
1159 2810 1213 2835 ete.,
1226 2814 1276 2830 esse
1288 2808 1423 2835 genuinam,
1436 2809 1499 2837 quod
1511 2815 1554 2831 nos
1565 2809 1709 2837 gravissimis
1726 2809 1853 2832 rationibus

1008 2846 1069 2868 ducti
1088 2852 1214 2874 negamus,
1231 2847 1315 2869 sutt‘ulti
1338 2847 1406 2869 etiam
1430 2848 1564 2871 auctoritate
1588 2848 1659 2871 nostri
1682 2849 1777 2871 codicis.
1799 2849 1853 2871 Pars

1009 2885 1088 2907 ultima
1106 2885 1164 2908 illius
1188 2886 1293 2913 opusculi
1319 2885 1349 2908 ab
1373 2887 1417 2909 alio
1442 2890 1535 2910 auctore
1551 2890 1574 2910 et
1590 2888 1613 2910 in
1630 2888 1751 2910 Germania
1769 2889 1852 2916 scripta

1009 2924 1077 2946 fnisse
1095 2925 1189 2946 omnino
1207 2925 1309 2952 videtur,
1327 2925 1367 2947 sed
1386 2926 1459 2953 prima
1478 2929 1500 2948 et
1517 2927 1616 2954 genuina
1634 2933 1687 2955 pars
1705 2927 1725 2949 in
1744 2928 1814 2950 Gallia
1832 2933 1853 2951 et

1008 2963 1151 2991 probabilius
1168 2964 1266 2986 Parisiis.
1285 2964 1344 2987 Vide
1366 2965 1423 2987 intra
1446 2965 1603 2989 Additament.
1625 2973 1647 2989 n.
1665 2967 1686 2988 3.
1703 2979 1734 2984 -
1751 2967 1853 2990 Subinde

1008 3009 1034 3025 ex
1052 3003 1106 3025 edd.
1126 3003 1145 3030 t,
1169 3004 1182 3025 2
1208 3003 1370 3031 supplevimus
1387 3005 1409 3027 et
1424 3004 1584 3034 confessionis.
