2133 3317
93 866 164 885 Finalis
172 865 223 884 eius-

87 890 130 909 dem
148 889 223 908 conclu-

86 914 114 932 sio
124 913 221 932 evertitur.

105 1430 217 1454 Responsio.

102 2183 222 2207 &unaqueu-

90 2207 130 2226 uae
153 2207 222 2226 erroris

91 2230 191 2250 absurdae.

234 216 290 244 242

233 294 288 323 litis
309 292 570 323 condescendentiae
602 290 710 319 divinae
741 289 895 318 dulcedinis
920 289 948 317 in
979 289 1082 318 nostris

233 340 416 378 suscipiendis
441 338 649 367 infirmitatibus
680 337 836 366 temeritate
864 336 983 373 quadam
1004 344 1082 365 erro-

233 396 285 417 nea
305 389 487 424 coaequaret;
519 393 551 413 ac
582 385 603 413 si
635 387 731 421 aperte
762 383 879 413 diceret:
912 383 933 412 si
954 383 1083 412 Christus

233 433 426 464 condescendit
445 432 599 460 infirmitati
621 432 761 460 humanae
780 431 806 459 in
828 434 893 459 actu
908 430 1083 460 comestionis

233 485 260 511 et
281 482 377 518 fugae,
400 480 458 517 pari
482 479 589 508 ratione
610 478 830 507 condescendere
852 477 948 507 debuit
969 477 996 506 in
1018 480 1083 506 actu

233 575 271 604 tio
292 583 343 603 sua
364 582 419 602 non
440 573 521 601 valet.
545 573 576 601 Et
597 580 663 601 vere
688 580 743 601 non
772 572 858 606 valet,
880 572 945 609 quia
966 580 1021 600 non
1043 574 1085 600 est

233 621 322 651 simile
344 621 408 649 binc
429 620 508 654 inde,
530 619 597 656 quia
618 619 645 647 in
667 618 721 647 illis
753 618 961 647 infirmitatibus
991 618 1084 647 decuit

233 668 312 697 nohis
333 666 553 697 condescendere
575 666 731 700 Christum,
747 674 818 703 quae
840 665 1026 694 communiter
1041 673 1084 694 re-

233 715 354 752 spiciunt
376 718 506 743 naturam
528 714 633 750 lapsam
654 720 705 741 nec
726 713 847 750 aliquam
876 712 979 741 hahent
1000 712 1085 741 foedi-

233 765 318 791 tatem
339 769 495 795 annexam,
518 761 544 789 in
567 760 628 789 aliis
649 768 716 789 vero
737 767 915 797 nequaquam
928 760 948 788 2.

315 810 359 837 10.
382 808 502 837 Tandem
534 808 556 836 si
588 807 651 845 quis
683 807 829 844 vigilanter
860 807 996 841 attendat,
1018 806 1085 844 quid

235 856 355 885 finaliter
376 855 494 884 intendit
515 854 697 889 concludere,
714 857 840 891 patenter
855 854 996 888 advertet,
1011 854 1085 891 quod

235 912 264 933 se
279 904 369 941 ipsum
386 902 598 940 paralogizando
620 902 765 939 multiplici
788 901 903 930 involvit
923 909 1029 931 errore.
1045 901 1086 930 Ait

234 950 322 980 enim:
349 962 362 975 «
378 950 446 978 Cum
468 949 539 978 duae
571 949 626 978 sint
653 949 830 986 perfectionis
851 951 960 985 partes,
983 949 1087 978 scilicet

231 1007 290 1027 suu
310 997 431 1026 vendere
452 1005 487 1025 ac
509 996 683 1025 distribuere
704 1000 731 1025 et
754 995 905 1025 Christum
927 996 1086 1025 Dominum

232 1045 354 1084 sequi³;
376 1044 448 1073 sicut
468 1043 501 1072 ad
524 1043 734 1072 fundamentum
763 1043 939 1080 perfectionis
964 1043 1085 1080 requiri-

234 1096 281 1121 tur
303 1091 475 1125 necessario‚
498 1090 571 1127 quod
593 1090 657 1127 quis
678 1090 770 1119 omnia
796 1098 847 1119 sua
868 1090 1024 1127 relinquat,
1047 1090 1086 1119 sic

235 1140 269 1168 ad
298 1139 533 1176 complementum
565 1137 705 1174 exigitur,
737 1137 812 1174 quod
844 1145 895 1165 sua
925 1137 1086 1174 relinquens

233 1187 375 1215 Christum
398 1185 523 1214 imitetur
555 1184 583 1213 in
604 1184 733 1213 omnihus
765 1184 846 1212 iuxta
878 1184 1086 1221 possibilitatem

233 1234 387 1263 humanam
401 1244 428 1260 ».
451 1233 566 1269 Propter
592 1231 666 1268 quod
687 1239 742 1260 non
765 1239 879 1268 parvam
900 1231 1000 1260 asserit
1027 1238 1086 1260 esse

233 1279 434 1318 blasphemiam
460 1279 565 1313 dicere,
595 1278 737 1307 Christum
759 1278 788 1306 in
812 1278 856 1307 his
888 1285 960 1315 quae
988 1285 1087 1306 secun-

234 1329 301 1358 dum
324 1330 453 1356 naturam
469 1329 592 1355 nostram
607 1326 706 1363 gessit,
722 1334 777 1354 non
793 1325 820 1353 in
835 1325 981 1358 omnihus,
997 1324 1044 1354 sed
1058 1324 1087 1353 in

233 1376 374 1413 aliquibus
395 1373 575 1407 imitandum,
597 1373 637 1402 eis
658 1372 814 1410 potissime,
829 1372 877 1409 qui
898 1371 1012 1409 perfecti
1027 1379 1087 1400 esse

234 1426 379 1452 conantur.
402 1438 440 1441 —
462 1421 565 1449 Verum
590 1420 654 1448 licet
674 1419 760 1448 verba
784 1419 944 1448 huiusmodi
966 1418 1087 1456 aliquam

234 1469 446 1507 superficialiter
461 1468 608 1497 videantur
629 1467 763 1495 rationem
779 1466 973 1504 praetendere,
996 1469 1087 1495 tamen

234 1516 387 1547 secundum
416 1515 561 1544 veritatem
590 1514 778 1543 ratiocinatio
803 1522 854 1542 sua
874 1513 983 1542 nullum
1006 1513 1088 1541 habet

233 1564 346 1594 omnino
358 1563 490 1600 vigorem,
502 1561 549 1590 sed
561 1564 588 1590 et
599 1561 745 1589 conclusio
760 1560 950 1589 multimodam
966 1560 1088 1589 continet

234 1612 388 1640 falsitatem.
412 1610 468 1637 Non
484 1609 557 1637 enim
579 1611 620 1637 est
641 1608 730 1636 simile
748 1608 781 1636 de
796 1607 955 1636 dimissione
971 1615 1087 1636 suorum

234 1662 261 1688 et
276 1658 428 1687 imitatione
443 1659 555 1685 actuum
571 1655 682 1684 Christi.
698 1655 765 1684 Nam
780 1663 838 1683 suu
852 1654 996 1683 dimittere
1010 1657 1088 1683 actus

234 1709 276 1735 est
296 1712 371 1734 unus
392 1707 419 1733 et
440 1703 599 1737 uniformis,
621 1702 668 1739 qui
692 1702 852 1738 perfectioni
867 1710 921 1730 non
943 1703 1088 1735 consonat,

235 1753 257 1782 si
279 1752 430 1784 diminute,
454 1751 505 1779 linc
533 1753 575 1778 est
596 1749 750 1778 secundum
771 1752 879 1786 partem
908 1752 935 1777 et
960 1756 1015 1777 non
1046 1756 1090 1777 se-

235 1799 358 1829 cundum
380 1801 469 1826 totum
492 1797 569 1825 flate.
592 1796 674 1825 Actus
692 1799 786 1824 autem
807 1795 909 1824 Christi
931 1798 997 1824 sunt
1017 1796 1089 1824 mul-

235 1847 360 1876 tiformes
381 1848 409 1874 et
438 1844 520 1878 varii,
552 1846 579 1873 et
611 1843 739 1880 quamvis
760 1843 788 1871 in
820 1842 1025 1880 comparatione
1055 1843 1089 1871 ad

235 1893 337 1922 Christi
358 1899 505 1930 personam
527 1898 623 1919 omnes
643 1890 698 1919 sint
720 1889 849 1927 perfecti,
878 1892 969 1919 tamen
991 1897 1090 1919 secun-

236 1941 303 1970 dum
324 1943 453 1968 naturam
476 1938 581 1975 proprii
604 1937 713 1975 generis
734 1937 847 1974 quidam
866 1940 932 1966 sunt
952 1937 1090 1966 excellen-

237 1991 293 2022 tes,
316 1987 429 2025 quidam
451 1985 622 2019 mediocres,
644 1985 755 2022 quidam
775 1984 996 2019 condescensivi,
1019 1984 1091 2014 sicut

237 2035 266 2063 in
287 2033 540 2071 praecedentibus⁵
562 2032 719 2070 aliqualiter
734 2032 824 2069 patuit
845 2034 872 2061 et
887 2031 1091 2069 subsequenter

236 2081 324 2119 magis
345 2080 457 2118 patebit.

320 2129 364 2156 ll.
393 2128 463 2156 Sane
484 2126 505 2155 si
538 2134 636 2155 verum
661 2129 718 2160 est,
739 2126 812 2154 sicut
840 2125 994 2159 concludit,
1016 2125 1091 2162 quod

236 2174 376 2213 perfectio
397 2174 470 2203 dicat
491 2173 678 2202 universalem
706 2172 928 2202 conformitatem
952 2172 987 2201 ad
1006 2180 1092 2209 opera

238 2222 339 2251 Christi
362 2224 390 2250 et
410 2219 590 2258 imperfectio
611 2220 806 2249 dissonantiam
820 2243 827 2254 ,
849 2219 936 2248 multa
957 2227 1006 2256 per
1032 2227 1091 2248 om-

237 2278 300 2299 nem
325 2268 438 2298 modum
470 2270 628 2305 sequuntur
656 2267 785 2296 absurda.
817 2267 884 2295 Nam
916 2265 981 2295 cum
1012 2266 1092 2295 Chri-

238 2319 298 2346 stus
325 2316 457 2345 mulieres
478 2323 507 2344 se
535 2315 696 2343 comitantes
717 2317 745 2343 et
772 2316 958 2343 sustentantes
986 2314 1091 2343 habue-

238 2364 275 2393 rit
289 2364 310 2398 6,
333 2363 473 2400 sequitur,
495 2361 570 2399 quod
591 2361 770 2399 imperfectus
798 2361 882 2390 fuerit
907 2361 1020 2395 Paulus,
1042 2361 1090 2398 qui

713 211 912 241 OPUSCULUM
934 211 977 240 xl.
1000 210 1162 240 APOLOGIA
1184 211 1366 240 PAUPERUM.
1389 211 1457 240 CAP.
1481 211 1509 239 ΙΙ.

1138 289 1192 318 hoc
1223 289 1381 323 recusavit;
1413 297 1477 318 cum
1507 289 1634 319 Christus
1665 289 1737 318 inter
1762 290 1887 319 homines
1916 290 1993 319 habi-

1140 336 1253 370 taverit,
1284 335 1462 373 imperfectus
1490 336 1604 365 Ioannes
1631 336 1764 374 Baptista,
1797 337 1861 374 qui,
1890 337 1993 366 relictis

1140 383 1245 417 turbis,
1266 383 1389 412 solitaria
1410 383 1469 412 loca
1489 383 1641 420 quaesivit;
1664 391 1728 412 cum
1750 383 1878 413 Christus
1896 384 1992 413 vinum

1140 430 1254 464 biberit,
1276 429 1456 467 imperfectus
1476 429 1549 459 idem
1571 430 1704 467 Baptista,
1725 431 1773 468 qui
1795 430 1890 459 vinum
1913 434 1940 459 et
1961 430 1994 459 si-

1141 485 1232 506 ceram
1254 485 1308 505 non
1331 476 1488 514 gustavit⁷;
1510 485 1574 506 cum
1595 476 1723 506 Christus
1748 477 1824 506 solus
1845 485 1910 506 cum
1932 485 1993 506 mu-

1140 524 1208 553 liere
1230 524 1341 552 locutus
1358 523 1458 558 fuerit,
1480 523 1660 560 imperfectus
1680 524 1734 553 erit
1747 524 1795 561 qui
1814 532 1830 553 a
1844 524 1994 553 mulierum

1140 571 1287 601 consortiis
1311 579 1340 600 se
1361 571 1482 608 elongat3
1505 579 1569 600 cum
1590 570 1717 600 Christus
1741 571 1887 608 peccatrici
1912 571 1995 608 pedes

1141 618 1305 648 osculandos
1320 618 1490 655 praebuerit,
1502 618 1690 655 imperfectus,
1701 618 1749 655 qui
1765 618 1916 647 mulierum
1930 626 1995 647 con-

1141 669 1232 696 tactus
1253 666 1386 694 abhorret
1400 668 1427 694 et
1448 665 1531 700 vitat;
1553 673 1617 694 cum
1640 665 1768 694 Christus
1785 665 1908 694 dividere
1923 665 1995 694 inter

1142 714 1243 743 fratres
1264 712 1445 741 hereditatem
1465 712 1637 741 recusaverit
1648 712 1668 746 ⁸,
1688 712 1866 749 imperfectus
1880 712 1933 741 erit
1947 712 1996 750 qui

1142 761 1285 798 iurgantes
1306 768 1357 796 pro
1389 759 1550 788 hereditatis
1570 759 1705 788 divisione
1726 767 1872 796 germanos
1893 759 1927 788 ad
1948 767 1996 796 pa-

1143 816 1202 837 cem
1233 810 1261 836 et
1281 806 1450 844 aequitatem
1476 805 1600 840 reducit;
1632 813 1696 835 cum
1724 806 1852 835 Christus
1877 806 1996 835 scienter

1143 855 1248 883 loculos
1279 854 1334 882 furi
1367 853 1571 882 conservandos
1602 853 1785 887 commiserit,
1818 853 1997 890 imperfectus

1142 901 1234 930 omnis
1254 901 1321 935 erit,
1343 901 1391 938 qui
1412 900 1504 929 furem
1528 900 1746 937 dispensatorem
1768 900 1912 937 expellens
1929 900 1996 929 fide-

1144 949 1196 977 lem
1219 948 1351 985 requirit3
1374 955 1438 977 cum
1459 947 1588 976 Christus
1609 947 1769 976 imminente
1790 947 1917 984 passione
1941 950 1997 976 tre-

1143 995 1311 1033 pidaveritss,
1333 994 1512 1031 imperfectus
1533 993 1635 1028 omnis,
1657 994 1705 1031 qui
1723 994 1757 1022 ad
1779 994 1933 1031 passionem
1955 1002 1998 1023 se-

1144 1050 1231 1071 curus
1255 1045 1283 1071 et
1303 1041 1401 1070 hilaris
1429 1041 1533 1075 currit;
1555 1049 1619 1069 cum
1638 1041 1765 1070 Christus
1793 1041 1821 1069 in
1849 1041 1909 1078 ipsa
1935 1049 1998 1078 pas-

1144 1090 1220 1119 sione
1248 1089 1381 1123 tacuerit,
1403 1088 1583 1125 imperfectus
1614 1088 1718 1123 omnis,
1740 1088 1788 1125 qui
1816 1096 1867 1125 pro
1888 1088 1998 1117 Christo

1144 1136 1251 1174 patiens
1272 1136 1416 1165 veritatem
1438 1135 1511 1164 dicit.
1529 1135 1560 1163 Et
1581 1135 1620 1164 sic
1634 1135 1662 1164 in
1684 1135 1813 1172 pluribus
1827 1135 1887 1164 aliis
1909 1138 1998 1172 potest

1144 1184 1267 1212 inductio
1295 1183 1371 1217 fieri,
1401 1186 1432 1211 ut
1459 1182 1493 1212 de
1521 1183 1587 1220 fuga
1602 1183 1635 1217 1⁰,
1664 1183 1832 1212 comestione
1853 1185 1881 1212 et
1901 1182 1999 1212 loculis

1144 1234 1304 1264 taceamus;
1330 1238 1401 1267 quae
1432 1229 1525 1258 omnia
1556 1232 1613 1258 tam
1638 1229 1760 1259 absurda
1784 1233 1865 1264 sunt,
1891 1233 1923 1258 ut
1950 1229 1998 1267 qui

1144 1286 1177 1307 ea
1197 1280 1313 1306 conetur
1334 1276 1481 1306 defendere
1502 1284 1556 1305 non
1576 1280 1632 1305 tam
1654 1276 1782 1306 videatur
1796 1285 1893 1306 errare
1914 1284 1999 1314 quam

1145 1325 1274 1354 insanire.

1226 1372 1270 1400 12.
1293 1371 1327 1400 Ut
1348 1373 1440 1399 autem
1462 1371 1530 1399 haec
1552 1373 1579 1399 et
1594 1370 1637 1399 his
1658 1370 1758 1399 similia
1778 1370 1998 1399 inconvenientia

1145 1418 1268 1456 prudens
1289 1418 1376 1447 lector
1390 1418 1514 1455 effugiat,
1537 1417 1564 1446 in
1586 1425 1658 1454 quae
1677 1417 1701 1446 is
1718 1417 1762 1446 cui
1784 1417 1997 1454 respondemus,

1145 1474 1181 1495 ex
1210 1465 1458 1495 inconsideratione
1486 1465 1609 1499 devenit,
1630 1464 1773 1494 attendere
1800 1464 1897 1499 debet,
1925 1464 2000 1502 quod

1144 1513 1313 1550 deceptionis
1328 1513 1413 1541 huius
1427 1512 1532 1549 duplex
1554 1512 1661 1541 exstitit
1682 1519 1778 1541 causa:
1794 1512 1896 1549 prima,
1919 1511 1999 1549 quia,

1145 1568 1209 1589 cum
1231 1560 1330 1594 sciret,
1352 1559 1495 1587 Christum
1517 1566 1577 1587 esse
1598 1558 1687 1587 omnis
1708 1558 1884 1595 perfectionis
1905 1566 2000 1587 exem-

1145 1607 1206 1644 plar
1219 1608 1251 1641 ¹¹,
1272 1606 1385 1635 modum
1407 1609 1499 1634 tamen
1524 1606 1609 1634 huius
1629 1605 1849 1642 exemplaritatis
1870 1605 2000 1640 nescivit,

1146 1654 1189 1683 vel
1210 1654 1333 1691 neglexit
1351 1653 1511 1687 advertere;
1530 1652 1663 1687 secunda,
1678 1652 1756 1690 quia,
1771 1660 1835 1681 cum
1850 1653 1924 1682 clare
1938 1660 2002 1690 per-

1146 1701 1291 1738 penderet,
1306 1700 1541 1737 imperfectionem
1563 1708 1580 1729 a
1600 1699 1768 1737 perfectione
1787 1699 1921 1734 deficere,
1943 1707 2001 1728 mo-

1146 1749 1212 1778 dum
1235 1751 1328 1777 tamen
1350 1747 1510 1777 defectionis
1531 1747 1617 1776 huius
1638 1755 1693 1776 non
1714 1747 1804 1784 potuit
1824 1747 1999 1784 investigare.

1148 1796 1411 1833 —Intelligendum
1432 1798 1474 1824 est
1501 1795 1602 1832 igitur,
1624 1794 1698 1832 quod
1719 1802 1783 1823 cum
1810 1794 1937 1823 Christus
1965 1794 2000 1822 sit

1148 1843 1270 1873 Verbum
1286 1843 1452 1872 increatum
1467 1844 1494 1871 et
1515 1842 1720 1875 incarnatum,
1742 1841 1846 1878 duplex
1862 1843 1904 1870 est
1924 1841 1952 1870 in
1967 1848 2000 1870 eo

1147 1891 1218 1920 ratio
1246 1889 1480 1927 exemplaritatis,
1502 1892 1637 1918 aeternae
1661 1888 1788 1918 videlicet
1808 1890 1836 1917 et
1856 1891 2000 1926 temporu-

1148 1938 1199 1966 tie:
1220 1940 1362 1971 aeternae,
1384 1937 1512 1974 inquam,
1535 1936 1689 1965 secundum
1710 1935 1785 1973 quod
1803 1938 1844 1965 est
1864 1935 2001 1973 splendor

1144 1989 1289 2022 pateruae
1301 1984 1415 2022 gloriae
1435 1987 1463 2012 et
1477 1983 1580 2021 fiyura
1596 1983 1779 2012 substantiae
1795 1983 1848 2011 Dei
1862 1982 1965 2011 Patris
1976 1982 2000 1999 ¹²

1147 2035 1232 2069 atque
1253 2032 1365 2060 candor
1380 2031 1455 2060 lucis
1477 2034 1611 2060 aeternae
1638 2034 1664 2059 et
1683 2030 1834 2068 speculum
1854 2030 1917 2058 siue
1936 2038 2000 2058 mu-

1148 2079 1217 2108 culu
1238 2078 1401 2106 maiestatis
1423 2077 1482 2106 Dei.
1506 2077 1534 2106 In
1556 2085 1612 2114 quo
1633 2077 1745 2114 quidem
1771 2076 1884 2113 speculo
1905 2084 2000 2105 exem-

1148 2126 1264 2163 plariter
1284 2128 1385 2154 cuncta
1398 2125 1537 2159 relucent,
1559 2132 1631 2161 quae
1651 2132 1667 2152 a
1681 2124 1817 2161 principio
1837 2123 2000 2152 conditionis

1148 2172 1244 2201 mundi
1265 2180 1356 2209 usque
1384 2172 1411 2200 in
1440 2171 1524 2201 finem
1544 2171 1579 2200 ad
1607 2170 1804 2208 perfectionem
1832 2171 1917 2199 totius
1938 2170 2000 2199 uni—

1148 2220 1221 2249 versi
1247 2222 1302 2248 tam
1331 2219 1513 2256 spiritualiter
1541 2226 1626 2256 quam
1653 2218 1820 2247 sensibiliter
1841 2217 2000 2255 producun-

1148 2269 1204 2295 tur.
1228 2266 1259 2295 Et
1280 2266 1433 2295 secundum
1462 2266 1515 2295 hoc
1536 2268 1578 2295 est
1598 2265 1726 2294 Christus
1754 2267 1787 2294 ut
1807 2264 1929 2294 Verbum
1959 2265 2000 2293 in-

1148 2317 1273 2343 creatum
1289 2313 1433 2350 speculum
1448 2313 1633 2342 intellectuale
1647 2315 1675 2342 et
1690 2312 1833 2349 exemplar
1854 2315 1999 2341 aeternum

1147 2360 1233 2389 totius
1256 2360 1399 2389 machinae
1421 2359 1570 2389 mundialis
1581 2359 1613 2388 ¹³.
1636 2376 1673 2381 -
1695 2360 1723 2388 In
1748 2362 1884 2396 quantum
1905 2361 1998 2388 autem

306 2513 310 2527 ¹
331 2513 388 2535 Edd.
406 2512 562 2536 contentione.
578 2512 674 2534 insci-ius
691 2518 733 2539 pro
750 2517 799 2534 uon
815 2510 878 2534 calet
898 2511 942 2534 AC
953 2512 971 2533 D
994 2511 1091 2534 omnmo

238 2552 299 2576 nihil
315 2552 387 2580 valet,
405 2553 422 2574 B
440 2551 510 2574 uutla
527 2553 572 2578 est,
591 2550 652 2574 mule
669 2550 767 2574 omuino
792 2550 946 2579 (coniungens
965 2551 1024 2573 lianc
1041 2557 1091 2579 pro-

239 2592 377 2620 positionem
396 2597 450 2614 cum
471 2590 538 2620 seq).

302 2630 311 2643 ²
329 2630 374 2654 Csr.
393 2631 488 2657 Bonan,
507 2630 538 2652 ΙΙΙ.
558 2631 619 2652 Sent.
636 2630 659 2652 d.
678 2630 715 2652 45.
733 2635 775 2657 per
792 2631 871 2651 totam.

302 2669 311 2682 ⁸
329 2670 389 2692 Vide
406 2670 483 2692 Mattli.
504 2669 545 2696 49,
568 2670 605 2691 21.
623 2682 653 2684 —
671 2669 767 2691 Inferius
793 2675 835 2697 pro
859 2668 1011 2698 perfectionis
1036 2668 1090 2691 edd.

240 2708 374 2738 Reliqiom's.

303 2747 312 2760 ‘²
329 2748 435 2776 Ηίθνοῐι.γ
452 2749 485 2770 lll.
497 2748 521 2770 in
534 2748 610 2770 Matth.
629 2748 671 2774 19,
688 2748 730 2769 21ι
748 2747 896 2776 Quicumque
912 2748 1028 2775 perfectus
1040 2752 1091 2769 esse

240 2787 351 2814 voluerit,
369 2787 439 2810 debet
456 2787 558 2810 vendere
575 2793 635 2816 quac
652 2786 733 2815 habet,
751 2789 773 2808 et
790 2793 836 2809 non
853 2792 884 2809 ex
892 2787 963 2816 porte
977 2786 1090 2813 vendere,

240 2827 299 2849 sicut
316 2826 416 2848 Ananias
433 2829 455 2848 et
473 2827 571 2854 Saphira
583 2826 643 2855 [Act.
661 2826 686 2854 5,
705 2825 744 2854 2.],
761 2826 802 2848 sed
815 2827 890 2849 totum
907 2825 1008 2848 vendere
1024 2828 1067 2847 etc.

304 2865 313 2878 ⁵
330 2866 385 2894 Cap.
406 2867 426 2888 l.
446 2873 468 2888 n.
488 2866 522 2888 lo.
541 2872 589 2894 seq.
605 2878 637 2882 —
654 2865 711 2888 Edd.
729 2868 807 2887 eontra
824 2865 892 2887 codd.
905 2865 997 2893 legunt:
1010 2870 1091 2888 secun·

241 2904 423 2928 damnaturum
433 2904 561 2934 propriam
573 2904 670 2934 quidam
687 2906 743 2928 sunt
760 2903 911 2932 excellentes,
929 2903 1027 2934 quidam
1039 2909 1091 2927 con·

241 2943 380 2972 slescensirz‘,
398 2943 460 2967 sicut
476 2943 500 2966 in
517 2943 717 2972 praecedentibus.

305 2982 314 2995 ⁵
331 2983 386 3005 Luc.
404 2983 429 3011 8,
447 2984 469 3005 2.
486 2989 534 3011 seq.
553 2983 585 3004 De
601 2981 677 3005 Paulo
695 2983 734 3004 cfr.
753 2983 767 3004 l.
785 2982 836 3005 Cor.
860 2982 885 3009 9,
903 2982 926 3004 5.
947 2988 995 3010 seq.
1018 2984 1040 3004 et
1062 2981 1091 3003 de

241 3023 330 3045 Ioamie
348 3022 423 3044 lllatth.
441 3022 466 3048 3,
486 3022 507 3043 l.
521 3027 588 3050 seqq.

1212 2510 1220 2523 ⁷
1238 2511 1314 2533 matth.
1337 2511 1373 2538 ll,
1394 2511 1432 2533 le.
1456 2516 1504 2539 seq.
1523 2512 1545 2532 et
1565 2510 1618 2532 Luc.
1641 2510 1659 2536 l,
1678 2509 1714 2531 115.
1733 2509 1765 2531 De
1782 2508 1871 2531 Christo
1892 2509 1998 2537 loquente

1148 2557 1201 2573 cum
1219 2550 1319 2573 viatim-e.
1329 2549 1488 2573 Samm'taria
1500 2550 1541 2572 cfr.
1559 2550 1618 2571 toan.
1631 2549 1657 2577 4,
1674 2548 1697 2570 7.
1715 2554 1780 2577 seqq.
1793 2550 1815 2570 et
1831 2554 1885 2570 cum
1897 2547 1998 2570 muliere

1145 2589 1278 2620 peccatrice
1295 2590 1350 2612 Luc.
1367 2590 1393 2616 7,
1412 2589 1449 2611 37.
1466 2595 1531 2617 seqq.

1211 2627 1220 2640 ⁸
1237 2629 1292 2651 Luc.
1311 2629 1353 2655 112,
1372 2628 1409 2651 13.
1428 2634 1477 2656 seq.
1489 2628 1522 2650 De
1539 2626 1623 2650 loculis
1641 2627 1710 2649 tudae
1722 2626 1853 2649 commissis
1870 2626 1925 2648 vide
1936 2627 1996 2649 ioan.

1149 2669 1190 2697 42,
1207 2669 1228 2690 e.

1211 2706 1220 2719 ⁹
1237 2708 1315 2730 lllatth.
1332 2707 1373 2734 26,
1391 2706 1427 2728 37.
1445 2712 1510 2735 seqq.
1528 2706 1592 2728 Hanc
1614 2704 1796 2733 propositionem
1814 2711 1841 2727 ex
1858 2704 1927 2727 codd.
1944 2710 1997 2732 sup-

1147 2747 1276 2775 plevimus;
1294 2747 1323 2769 de
1340 2753 1389 2775 seq.
1407 2746 1446 2768 cfr.
1465 2746 1542 2768 lllattli.
1559 2745 1600 2772 26,
1619 2745 1660 2767 63:
1678 2745 1740 2767 lesus
1757 2746 1834 2766 antem
1853 2743 1950 2766 tacebat.

1211 2785 1230 2800 ¹⁰
1247 2785 1291 2809 Csr.
1309 2791 1380 2813 supra
1397 2791 1421 2807 n.
1437 2785 1460 2807 9.

1211 2824 1229 2837 ¹¹
1248 2825 1306 2847 Edd.
1322 2823 1467 2853 exemplum.
1484 2823 1547 2846 idem
1564 2823 1600 2845 his
1616 2822 1714 2845 recurrit
1729 2822 1846 2851 aliquanto
1863 2821 1966 2844 inferius.

1211 2863 1231 2876 ¹²
1249 2863 1319 2886 Hebr.
1338 2865 1361 2892 t,
1379 2864 1402 2886 3.
1418 2866 1441 2886 et
1457 2863 1542 2885 deinde
1558 2863 1612 2891 Sap.
1629 2863 1654 2890 7,
1672 2862 1711 2884 26.
1722 2874 1752 2878 ——
1767 2861 1861 2884 inferius
1872 2864 1924 2889 post
1940 2866 1998 2884 cirn-

1148 2904 1186 2926 cta
1202 2903 1256 2925 edd.
1273 2905 1352 2925 contra
1370 2902 1469 2925 ABCD
1485 2902 1576 2924 addunt
1595 2903 1684 2925 creata.

1211 2941 1231 2954 ¹³
1248 2941 1293 2964 Cfr.
1311 2942 1411 2968 Bonnv„
1428 2940 1507 2964 Collat.
1525 2941 1548 2963 in
1569 2940 1677 2963 Hexaem.
1696 2940 1770 2963 collat.
1794 2940 1814 2961 l.
1836 2946 1858 2962 n.
1877 2940 1913 2961 ἸΟ.
1931 2945 1996 2968 seqq.

1148 2984 1170 3004 et
1187 2982 1209 3003 3.
1226 2981 1301 3004 collat.
1318 2988 1341 3004 n.
1361 2982 1383 3004 2.
1403 2987 1468 3010 seqq.

2010 1377 2083 1402 Duplex
2093 1382 2102 1397 e
2111 1387 2116 1393 ·

2019 1406 2061 1420 rum
2073 1406 2104 1421 cau

2027 1801 2095 1820 Contra
2116 1811 2120 1816 ·

2016 1829 2065 1843 mam
2088 1829 2120 1844 ei-

2016 1850 2069 1875 catur
2077 1847 2105 1872 du}
2113 1853 2120 1868 ’ί

2015 1873 2064 1890 ratio
2084 1876 2105 1891 ex
2117 1881 2120 1887 ·

2016 1895 2106 1919 plaritatis

2017 1942 2045 1962 De
2055 1943 2106 1961 aeter

2016 2342 2044 2362 De
2060 2343 2110 2366 temp

2052 2366 2093 2385 rali.
