2133 3317
524 223 722 253 OPUSCULUM
744 223 762 251 1.
784 223 954 252 SPECULUM
977 223 1185 252 DlSClPLlNAE.
1206 224 1286 253 PARS
1307 224 1413 253 PRIMA.

97 304 153 336 quis
171 311 200 328 ex
218 303 279 328 vitio
297 303 400 328 meliora
418 303 447 327 de
465 302 588 327 communi
607 301 685 333 eligat
696 302 824 333 portione,
837 301 866 326 ut
879 301 943 333 quod

96 348 122 373 in
141 354 205 378 pane
224 347 335 378 sapidius
354 346 393 371 vel
411 346 438 370 in
456 346 513 370 aliis
531 345 622 370 viderit
640 345 728 370 melius
747 345 800 376 ipse
818 345 865 369 sibi
884 345 944 369 acci-

96 390 164 422 piat;
183 390 204 414 si
223 397 238 414 a
256 389 392 414 maioribus
410 389 482 420 panis
501 388 589 413 frustis
606 388 725 419 incipiat,
744 388 896 417 minoribus,
922 388 943 412 si

96 432 194 462 adsint,
212 432 271 457 licet
288 432 371 456 minus
389 431 515 461 delicatis,
535 431 587 455 sine
606 431 749 456 rationabili
768 438 844 455 causa
862 431 944 455 dimis-

97 476 144 505 sis,
163 482 219 500 cum
238 475 311 506 panis
328 475 369 499 vel
388 481 428 499 res
446 474 496 498 alia
514 474 609 505 quanto
627 474 708 505 magis
726 474 758 498 ad
770 473 943 505 integritatem

95 518 202 547 accedit,
221 517 294 543 tanto
312 517 344 542 ad
362 524 474 542 mensam
495 516 626 541 honestius
650 516 734 541 valeat
759 516 897 548 reportari;
923 516 944 540 si

96 562 128 587 ad
145 562 263 586 maiorem
282 561 379 592 saporis
406 559 595 585 delectationem
622 559 795 584 inveniendam
826 560 852 584 in
880 566 944 590 pano

95 604 178 635 ipsum
195 603 336 628 inordinate
354 602 505 634 frangendo,
523 602 717 627 circumcidendo
739 602 778 627 vel
806 602 943 626 micatenus

96 646 260 672 excrustando
278 646 412 675 deformet;
431 646 453 670 si
471 646 556 670 vinum
575 653 630 670 cum
648 652 715 676 aqua
733 645 871 676 temperare
894 652 944 670 non

95 690 179 719 cnret;
198 690 220 714 si
237 690 340 721 longum
359 689 385 714 et
402 688 583 720 interpolatum
601 688 678 713 saciat
694 688 828 718 haustum3
853 688 875 712 si
894 688 944 712 sal-

96 740 149 758 sam
161 732 169 745 ¹
188 740 342 758 communem
360 733 433 763 panis
450 732 606 763 appositione
626 731 756 756 consumat
768 731 825 760 aut,
838 738 892 755 eam
906 731 945 755 in-

96 783 204 808 congrue
222 775 276 800 toto
294 782 353 800 vase
372 775 517 800 transverso
536 775 576 799 vel
594 774 709 799 circulari
722 774 854 799 venatione
867 773 944 798 vindi-

95 818 148 848 cet,
167 825 222 843 cum
241 818 276 842 sit
293 819 374 849 magis
393 818 418 842 in
431 817 510 842 medio
522 817 705 848 intingendum.
718 816 787 841 Sicut
799 817 863 841 enim
876 816 944 847 apud

95 862 214 887 honestos
231 862 351 893 quosdam
369 862 395 886 in
414 861 511 886 saeculo
538 860 688 892 imputatur,
713 860 734 884 si
761 859 944 885 corrosionibus

96 905 188 931 ossium
207 905 328 930 curiosius
347 904 464 933 insistas,
484 904 529 928 aut
546 910 634 928 carnes
652 911 697 934 per
710 910 814 934 magnos
827 902 945 927 notabili-

95 948 136 973 ter
152 948 222 973 bolos
240 948 341 979 praeter
359 947 508 978 exigentiam
533 946 632 971 scindas
653 946 693 971 vel
718 945 790 975 edas,
807 945 860 975 aut,
885 945 944 969 dum

96 990 201 1019 scindis,
221 991 326 1015 scissum
345 989 485 1014 immediate
503 989 662 1018 morsellum,
681 988 815 1020 antequam
834 988 860 1012 in
879 994 944 1012 com-

95 1034 165 1058 muni
182 1033 236 1058 loco
254 1033 380 1064 posueris,
394 1033 534 1064 praeripias
544 1031 553 1044 ²
570 1046 606 1050 ——
618 1039 633 1056 a
644 1031 711 1056 meta
730 1031 860 1060 communi,
874 1030 944 1055 iuxta

94 1077 199 1108 vulgare
217 1076 389 1108 proverbium,
409 1083 459 1101 non
485 1075 594 1100 curando
613 1075 739 1106 discrepas
757 1089 793 1093 —-
810 1075 856 1099 aut
874 1074 944 1099 tactu

95 1127 163 1145 more
180 1120 296 1151 palponis
314 1119 419 1144 electum
438 1119 496 1150 post
514 1118 609 1143 tactum
633 1119 774 1150 relinquas,
799 1118 839 1142 vel
864 1117 944 1142 simile

95 1163 223 1194 quippiam
241 1162 345 1192 actites;
365 1163 400 1187 sic
418 1162 549 1193 Religiosis
562 1161 601 1186 est
613 1161 728 1186 indecens
737 1180 743 1191 ,
757 1161 778 1185 si
790 1161 815 1185 in
829 1161 868 1185 his
881 1168 944 1192 quae

96 1206 143 1231 sibi
161 1213 207 1237 pro
226 1205 337 1237 tempore
355 1204 508 1230 conveniunt
535 1204 596 1229 cibis
620 1204 706 1229 notam
724 1203 870 1235 gulositatis
893 1210 944 1228 non

95 1248 185 1274 vitent.
198 1249 235 1278 Si,
250 1248 348 1280 qnando
367 1255 407 1273 eos
420 1248 504 1273 ieiunii
516 1247 627 1278 tempore
639 1248 697 1272 vino
710 1247 819 1272 confecto
832 1247 871 1271 vel
885 1247 944 1271 sim-

95 1292 153 1323 plici
172 1291 231 1317 ante
249 1291 436 1320 comestionem,
455 1291 495 1316 vel
514 1291 566 1316 sive
585 1290 644 1315 ante
663 1291 715 1315 sive
734 1289 791 1321 post
803 1289 887 1315 herbis
901 1297 943 1315 seu

95 1333 243 1366 speciebus⁸
261 1334 396 1359 infirmitas
414 1334 452 1359 uti
471 1334 592 1366 coegerit,
620 1333 714 1359 occulte
741 1332 896 1362 huiusmodi,
923 1333 944 1357 si

96 1377 235 1409 potuerint,
255 1377 368 1407 sumant,
381 1385 412 1402 ne
425 1377 563 1408 simplices,
577 1377 641 1401 idem
654 1376 701 1401 sibi
714 1376 775 1407 ipsis
788 1375 881 1406 absque
894 1375 943 1400 suf-

95 1420 188 1446 ficienti
205 1420 353 1445 necessitate
371 1421 444 1445 licere
462 1419 597 1451 putantes,
617 1419 648 1444 ad
667 1418 812 1444 solvendum
825 1418 943 1443 ieiunium

96 1471 141 1489 suo
157 1463 294 1488 incitentur
312 1463 432 1494 exemplo.

166 1506 192 1531 3.
211 1506 259 1531 Est
275 1506 379 1537 insuper
397 1506 532 1531 diversitas
550 1505 664 1537 respectu
677 1504 724 1530 cibi
737 1504 762 1529 et
774 1503 944 1535 praeparatio-

97 1557 157 1575 num
176 1549 287 1574 vitanda.
306 1549 377 1574 Nihil
396 1549 428 1574 ad
446 1556 557 1574 mensam
576 1549 682 1580 speciale
701 1548 837 1579 apportent
858 1548 898 1572 vel
916 1547 942 1572 in

96 1600 183 1618 mensa
200 1592 331 1624 requirant
349 1592 449 1624 praeter
468 1592 505 1617 sal
524 1592 550 1616 et
568 1599 673 1623 aquam,
687 1598 749 1622 quac
762 1590 869 1622 possunt
882 1597 944 1615 sem-

96 1643 141 1667 per
158 1643 214 1660 cum
232 1635 363 1660 honestate
382 1636 482 1667 requiri.
501 1634 643 1659 Privandus
660 1634 831 1660 communibus
850 1633 889 1658 est
900 1633 943 1665 qui

96 1679 213 1710 specialia
231 1679 258 1704 in
276 1678 453 1704 communitate
471 1677 588 1709 usurpat.
608 1677 785 1702 communibus
809 1677 888 1708 igitur
906 1676 943 1700 di-

96 1721 169 1747 scant
186 1729 240 1747 esse
257 1722 376 1747 contenti.
395 1721 429 1746 Os
448 1728 520 1745 suum
539 1721 570 1745 ad
589 1721 685 1750 omnia,
710 1727 773 1752 quae
797 1720 840 1745 alii
863 1727 944 1745 come-

95 1765 173 1795 dunt,
191 1764 349 1794 assuescant,
368 1764 412 1794 ut,
433 1765 454 1789 si
473 1763 527 1788 fieri
540 1763 637 1795 potest,
651 1763 748 1788 nullum
762 1763 861 1788 omnino
873 1770 944 1794 repu-

96 1808 165 1833 dient
183 1815 226 1833 seu
238 1808 412 1834 abominentur
424 1807 513 1832 cibum.
529 1806 628 1831 Grande
640 1806 744 1836 vitium,
759 1806 780 1830 si
793 1806 922 1837 potagium
932 1805 943 1818 ⁴¹

96 1852 122 1877 et
139 1852 278 1877 communia
296 1858 414 1882 respuas,
433 1850 463 1875 ut
481 1851 506 1875 in
526 1849 674 1881 specialibus
686 1849 781 1874 lautius
794 1849 943 1880 procureris.

95 1894 189 1925 Porro,
208 1894 280 1920 modo
298 1894 397 1923 mollia,
416 1893 488 1918 modo
506 1893 583 1923 dura,
602 1893 674 1918 modo
692 1892 797 1924 frigida,
819 1892 889 1917 modo
902 1899 944 1917 ca-

95 1938 159 1968 lida,
179 1938 250 1963 modo
274 1947 286 1959 α
298 1937 376 1966 frixa,
395 1936 466 1962 modo
485 1936 549 1961 elixa
567 1935 736 1967 praegnantes
762 1935 844 1961 solent
868 1942 944 1966 appe-

96 1980 149 2006 tere
167 1981 284 2006 mulieres
294 1979 303 1992 ⁵
313 1989 342 2010 »3
366 1989 379 2002 e<
392 1979 529 2011 prudenter
547 1978 630 2003 autem
644 1978 772 2010 sobrieque
785 1977 944 2003 conversanti

97 2024 160 2049 satis
178 2023 217 2049 est
235 2023 267 2048 ad
285 2030 356 2048 omne
375 2022 557 2048 condimentum
577 2022 615 2046 sal
634 2029 690 2046 cum
708 2021 772 2046 fame
785 2031 810 2045 ».

166 2066 192 2091 4.
211 2066 310 2091 Debent
326 2066 402 2091 etiam
421 2072 548 2090 excessum
566 2065 592 2089 in
611 2065 672 2089 cibis
690 2064 715 2089 et
739 2065 844 2089 maxime
869 2063 944 2095 potus

61 2136 66 2139 ,
97 2109 240 2142 quantitate
256 2109 349 2138 vitare,
368 2109 398 2134 ut
415 2109 519 2140 crapula
537 2109 577 2133 vel
598 2108 703 2133 satietas
718 2108 796 2132 nimia
817 2115 867 2133 non
889 2107 944 2132 sub-

68 2145 75 2150 *
98 2153 177 2185 repat.
201 2152 298 2178 «Nihil
316 2153 351 2177 sic
369 2152 522 2177 contrarium
548 2151 614 2176 omni
642 2150 799 2180 Christiano,
823 2150 944 2182 quomodo

97 2196 201 2227 crapula
212 2205 238 2225 1»,
256 2195 317 2220 dicit
336 2194 438 2220 sauctus
456 2194 605 2219 Benedictus
616 2192 634 2217 ⁶.

167 2238 192 2262 5.
211 2238 328 2269 Amplius
345 2244 441 2269 quoque
460 2236 581 2267 qualiter,
599 2236 646 2261 hoc
664 2235 710 2265 est,
730 2241 805 2267 quam
822 2236 944 2266 decenter,

76 2288 83 2313 ζ
97 2280 191 2306 munde
209 2287 237 2305 ac
256 2281 393 2311 temperate
412 2280 446 2304 sit
463 2279 652 2309 comedendum,
671 2278 806 2303 attendant
817 2277 834 2302 ⁷.
847 2278 946 2303 Decem-

78 2331 85 2336 ·
100 2324 151 2349 tiae
169 2323 281 2348 detrahit
299 2324 354 2355 qui,
374 2323 454 2348 cibum
473 2323 499 2347 in
517 2329 559 2347 ore
586 2322 681 2346 habens
707 2322 748 2347 vel
775 2321 895 2353 scyphum
919 2322 945 2346 in

77 2378 85 2383 ·
99 2374 175 2392 manu
194 2367 322 2396 detinens,
340 2366 467 2397 loquitur,
486 2366 528 2397 qui
546 2372 622 2389 manu
641 2364 753 2394 armata,
773 2364 797 2389 id
810 2364 849 2389 est
861 2364 946 2389 cultel-

1790 225 1845 253 603

998 302 1051 326 lum
1070 301 1192 331 habente,
1210 302 1291 327 cibum
1310 303 1347 328 ori
1364 302 1507 332 ministrat,
1526 303 1566 328 vel
1578 304 1599 328 ei
1611 303 1721 328 nondum
1734 302 1847 334 expedito

999 351 1014 368 a
1032 344 1086 369 cibo
1105 344 1191 375 potum
1210 344 1372 370 nihilominus
1390 346 1496 377 ingerit,
1515 345 1561 370 aut
1578 346 1636 370 dum
1655 345 1718 370 bibit
1731 345 1771 370 vel
1784 352 1846 370 com-

999 386 1064 416 edit,
1091 387 1168 418 caput
1195 387 1264 412 tenet
1290 388 1316 412 in
1343 388 1443 419 caputio
1471 388 1659 419 profundatum.
1682 402 1717 406 —
1736 388 1847 413 Mundi-

1001 430 1064 454 tiam
1083 429 1173 454 debent
1191 430 1222 454 ad
1241 431 1370 461 proprium
1389 430 1414 455 et
1432 431 1553 456 sociorum
1579 431 1662 456 cibum
1680 430 1706 456 et
1730 431 1762 455 ad
1779 438 1846 456 oneu-

999 480 1056 498 sam
1073 473 1169 504 ipsam,
1189 480 1264 504 super
1282 480 1356 504 quam
1375 473 1519 503 comeditur,
1544 473 1685 499 observare.
1710 474 1847 499 Munditias

1001 516 1074 540 simul
1093 523 1122 540 ac
1140 516 1265 541 decentiae
1284 516 1368 548 gratia
1385 516 1501 546 caveant,
1523 524 1554 542 ne
1572 517 1597 542 in
1623 517 1768 548 paropside,
1794 524 1849 548 scy-

1001 558 1050 589 pho
1068 559 1108 583 vel
1128 566 1172 584 ovo
1192 566 1362 590 praemorsum
1374 557 1383 571 ⁸
1402 559 1497 590 aliquid
1515 560 1605 584 iterum
1625 560 1757 585 comesturi
1776 568 1848 591 repo-

1000 601 1071 626 nant.
1091 602 1171 627 Foede
1189 602 1289 627 tuorum
1317 602 1435 633 reliquias
1460 602 1571 627 dentium
1597 603 1670 628 alicui
1693 603 1746 628 cibo
1770 604 1848 628 immi-

1000 652 1061 670 sces.
1080 644 1216 676 Nunquam
1235 645 1355 676 scyphum
1374 645 1460 677 digitis
1480 646 1580 677 potagio
1599 647 1638 671 vel
1664 647 1713 672 alio
1738 647 1848 678 quolibet

1000 688 1134 713 madidatis
1152 688 1289 719 accipiant,
1309 688 1355 713 ant
1372 689 1485 719 pollicem
1505 689 1592 720 poculo
1614 689 1778 721 immergant,
1803 697 1848 714 nec

1000 738 1076 762 super
1094 730 1181 762 potum
1200 731 1225 756 in
1244 731 1336 763 scypho
1354 731 1394 756 vel
1408 739 1483 763 super
1495 732 1575 756 cibum
1589 732 1724 763 quemlibet
1737 733 1847 758 sufflent.

1000 774 1146 799 Indecenter
1164 774 1257 806 agitur,
1277 775 1298 799 si
1315 774 1407 806 digitos
1426 775 1481 805 quis
1499 775 1615 799 immittit
1633 775 1733 807 potagio
1747 776 1772 800 ct
1785 776 1846 801 offas

1000 817 1040 842 vel
1058 817 1126 842 olera
1143 817 1217 842 nudis
1235 817 1349 842 articulis
1367 817 1501 842 cochlearis
1520 818 1572 843 vice
1590 818 1715 849 piscatur,
1730 819 1750 843 si
1764 826 1847 850 super-

999 860 1111 885 fluitates
1131 861 1235 891 piscium
1247 860 1273 885 et
1285 859 1396 885 similia⁰
1415 868 1444 885 ex
1456 868 1497 886 ore
1510 861 1609 892 proiicit
1627 869 1702 892 super
1720 869 1845 891 mensam,

1000 903 1040 928 vel
1059 910 1134 928 nuces
1152 903 1195 928 alii
1213 910 1287 934 quam
1306 903 1352 928 sibi
1371 903 1467 935 frangit
1480 911 1535 928 cum
1549 903 1678 934 dentibus3
1693 905 1714 929 si
1726 905 1782 936 quis
1796 905 1848 929 tus-

1001 945 1035 970 sit
1052 945 1097 970 aut
1116 945 1257 974 sternutat,
1277 953 1327 970 non
1345 953 1434 971 aversa
1453 946 1513 971 facie
1536 954 1551 971 a
1576 954 1675 976 mensa;
1701 955 1758 973 raro
1783 948 1847 972 enim

1000 988 1046 1013 hoc
1064 988 1095 1013 fit
1113 989 1165 1013 sine
1184 989 1357 1020 qualicumque
1376 990 1505 1014 emissione
1519 990 1679 1020 reliquiarum
1693 991 1758 1020 oris;
1772 991 1791 1015 si
1805 998 1848 1015 nu-

1000 1032 1057 1056 dam
1076 1039 1178 1056 manum
1196 1032 1222 1056 in
1241 1039 1327 1056 mensa
1344 1031 1449 1056 naribus
1467 1033 1629 1064 emungendis
1647 1033 1687 1057 vel
1712 1034 1781 1058 carni
1805 1041 1848 1058 nu·

1000 1074 1045 1098 dae
1064 1074 1211 1105 scalpendae
1229 1073 1348 1105 apponit,
1368 1074 1407 1098 vel
1425 1081 1526 1098 manum
1545 1074 1625 1105 ipsam
1644 1075 1676 1099 ad
1699 1074 1848 1099 vestimenta

1000 1117 1118 1148 detergit.
1138 1116 1280 1141 Cavendum
1300 1124 1411 1148 quoqne,
1430 1124 1460 1141 ne
1479 1117 1535 1148 quis
1553 1117 1612 1142 ante
1636 1117 1722 1142 faciem
1747 1118 1848 1143 circum-

1001 1160 1124 1185 stantium
1144 1159 1263 1184 Fratrum
1283 1167 1327 1191 pro
1341 1160 1393 1184 sale
1406 1160 1431 1184 et
1443 1160 1500 1185 aliis
1513 1161 1673 1190 necessariis,
1686 1168 1748 1192 quae
1762 1168 1776 1185 a
1789 1161 1848 1185 Fra-

1000 1203 1083 1228 tribus
1101 1203 1168 1228 tradi
1187 1203 1307 1234 possunt,
1327 1210 1428 1227 manum
1448 1211 1523 1234 super
1541 1211 1651 1229 mensam
1672 1204 1802 1233 extendat,
1822 1204 1847 1229 et

1000 1253 1084 1271 eorum
1103 1246 1184 1271 cibum
1202 1253 1258 1270 cum
1276 1246 1379 1270 manicis
1398 1253 1441 1270 seu
1458 1246 1547 1271 habitu
1561 1253 1605 1271 suo
1619 1246 1718 1278 tangat.
1732 1247 1850 1272 Scinden-

1000 1289 1047 1314 dus
1065 1289 1140 1314 etiam
1158 1289 1232 1320 panis
1250 1288 1345 1320 pectori
1364 1296 1407 1313 seu
1426 1289 1490 1314 vesti
1509 1290 1632 1314 communi
1657 1296 1707 1314 non
1732 1289 1771 1314 est
1796 1290 1848 1314 sine

1000 1331 1189 1363 interpositione
1208 1330 1315 1356 tobaliae
1326 1330 1347 1343 ¹⁰
1366 1331 1539 1362 applicandus.
1558 1346 1593 1349 -
1610 1331 1734 1356 Munditia
1746 1339 1849 1357 mensae

1000 1374 1119 1406 requirit,
1137 1374 1167 1399 ut
1185 1374 1294 1399 mensale
1319 1381 1475 1405 nequaquam
1503 1374 1627 1406 frequenti
1654 1375 1693 1399 vel
1721 1375 1848 1406 superflua

1000 1417 1138 1443 detersione
1156 1417 1252 1442 cultelli
1270 1417 1310 1442 vel
1329 1425 1447 1442 manuum
1466 1417 1622 1448 deturpetur,
1642 1418 1780 1449 purgandis
1800 1426 1849 1443 mr.-

999 1461 1063 1486 xime
1082 1460 1199 1486 dentibus
1216 1460 1363 1485 nullatenus
1390 1461 1570 1492 exponendum.
1598 1461 1705 1486 Foedum
1733 1462 1798 1486 enim
1823 1462 1849 1486 et

999 1504 1048 1528 vile
1072 1510 1178 1534 mappas
1205 1503 1230 1528 et
1248 1503 1407 1534 manutergia
1429 1502 1548 1527 Fratrum
1573 1504 1713 1528 communia
1736 1504 1848 1528 dentium

998 1546 1128 1571 fricatione
1147 1546 1253 1571 foedare.
1267 1546 1313 1575 Qui
1326 1545 1500 1571 conventualia
1519 1546 1668 1571 dehonestat
1681 1546 1815 1571 committit
1827 1546 1846 1559 ¹¹

999 1590 1085 1621 utique
1104 1590 1130 1614 in
1149 1589 1306 1614 conventum.

1070 1632 1095 1657 6.
1119 1642 1131 1655 «
1145 1632 1353 1663 Temperantiam
1365 1632 1541 1662 manducandi,
1555 1632 1591 1657 ait
1604 1633 1678 1664 Hugo
1691 1632 1718 1662 ¹²,
1732 1633 1848 1665 intelligi-

1000 1683 1054 1701 mus
1067 1676 1092 1700 in
1105 1682 1140 1704 eo,
1151 1676 1172 1700 si
1184 1675 1257 1700 homo
1267 1675 1367 1700 tractim
1375 1675 1400 1700 et
1406 1682 1455 1700 non
1463 1683 1518 1700 cum
1529 1676 1605 1700 nimia
1615 1676 1773 1701 festinatione
1785 1683 1848 1702 com-

999 1718 1095 1743 edat».
1107 1733 1142 1736 ——
1154 1718 1292 1743 Festinatio
1311 1718 1336 1742 in
1355 1717 1517 1742 inchoatione
1535 1717 1561 1742 et
1574 1718 1754 1749 prosecutione
1772 1726 1847 1744 come-

1000 1762 1089 1787 stionis
1107 1761 1255 1791 attenditur,
1275 1761 1372 1792 quando
1391 1760 1505 1786 videlicet
1523 1761 1548 1785 in
1562 1761 1632 1786 initio
1645 1769 1744 1786 mensae
1757 1762 1845 1787 statim

999 1805 1092 1836 absque
1111 1804 1231 1829 orationis
1250 1804 1354 1828 alicuius
1373 1803 1533 1835 praeambulo
1552 1803 1583 1828 ad
1601 1803 1682 1828 cibum
1701 1812 1790 1829 manus
1809 1812 1847 1829 ex-

999 1847 1123 1876 tenditur,
1142 1847 1188 1872 aut
1205 1854 1261 1872 cuin
1280 1847 1386 1878 quadam
1405 1846 1543 1872 voracitate
1567 1846 1716 1877 comeditur3
1737 1848 1758 1872 si
1776 1848 1846 1879 prius

1000 1891 1036 1915 ori
1049 1890 1129 1915 cibum
1142 1889 1280 1919 ministras,
1291 1897 1365 1921 quam
1378 1889 1409 1914 ab
1422 1889 1471 1914 alio
1484 1888 1566 1914 sumto
1576 1889 1651 1914 fuerit
1664 1889 1805 1920 expeditum
1816 1889 1846 1916 ¹³.

1001 1933 1115 1958 Ceterum
1135 1940 1179 1964 per
1197 1939 1320 1957 morosam
1345 1932 1518 1958 comestionem
1542 1932 1758 1964 congregationem
1784 1933 1847 1958 deti-

999 1983 1058 2001 nere
1076 1976 1108 2000 ad
1126 1983 1250 2005 mensam,
1265 1975 1321 2005 aut,
1335 1975 1357 2000 si
1375 1975 1473 2006 quando
1492 1974 1563 2000 extra
1581 1975 1730 2000 conventum
1743 1976 1845 2006 bibitur,

998 2019 1069 2044 iuxta
1087 2019 1173 2050 potum
1192 2026 1285 2043 moram
1305 2018 1451 2043 contrahere
1475 2025 1525 2044 non
1544 2018 1582 2043 est
1601 2019 1697 2043 decens.
1714 2019 1779 2044 Hinc
1801 2027 1847 2050 per

1000 2062 1141 2093 Sapientem
1154 2061 1174 2074 ¹⁴
1195 2062 1276 2087 sobrio
1295 2061 1398 2086 dicitur:
1417 2061 1492 2086 Cossa
1501 2062 1580 2093 prior
1593 2069 1671 2087 cuztsa
1685 2062 1844 2093 disciplinae.

1871 386 1898 405 De
1912 387 1968 406 modo

1882 410 1959 429 mundo.

1866 1332 1979 1352 Notandum.

1877 1636 1903 1655 Do
1916 1636 1971 1655 modo

1865 1662 1981 1683 temperante

1864 1683 1915 1702 etde
1926 1688 1984 1702 mora.

1000 2119 1035 2122 —
1053 2105 1084 2130 In
1103 2105 1243 2130 comedendi
1261 2105 1287 2129 et
1305 2104 1404 2129 bibendi
1421 2104 1566 2135 frequentia
1589 2105 1711 2129 servanda
1736 2106 1775 2130 est
1793 2105 1846 2130 dili·
1860 2104 1886 2124 00
1899 2104 1986 2146 Γῐΐίζξιῡθῡ-

1000 2148 1088 2180 genter
1107 2147 1286 2179 temperantiae
1306 2147 1445 2178 disciplina.
1465 2148 1527 2172 Sane
1552 2148 1610 2178 post
1634 2147 1791 2172 refectionem
1815 2148 1846 2173 ad

1001 2191 1087 2222 potum
1106 2191 1199 2220 redire,
1219 2190 1265 2215 aut
1283 2198 1327 2221 per
1345 2190 1408 2215 diem
1428 2191 1454 2215 in
1472 2190 1544 2215 domo
1562 2198 1592 2215 ex
1609 2190 1700 2215 vitiosa
1719 2191 1847 2216 consuetu-

1000 2235 1070 2264 dine,
1090 2234 1135 2259 aut
1152 2234 1217 2265 quod
1236 2234 1337 2265 turpius
1356 2234 1407 2263 est,
1426 2233 1483 2264 post
1496 2233 1690 2264 Completorium
1703 2233 1784 2258 bibere
1798 2241 1846 2259 non

1001 2278 1129 2303 mediocris
1148 2277 1203 2302 vitii
1220 2277 1306 2302 notam
1325 2277 1409 2302 habet.
1428 2277 1565 2302 Honestius
1584 2277 1615 2301 ad
1634 2284 1758 2306 mensam,
1772 2284 1847 2308 quan-

1001 2321 1055 2345 tum
1069 2320 1176 2352 indiges,
1189 2320 1261 2349 bibis,
1275 2327 1348 2351 quam
1363 2320 1467 2345 bibendo
1481 2327 1525 2351 per
1537 2320 1601 2344 diem
1614 2320 1754 2345 meribibuli
1766 2319 1786 2332 ¹⁵
1799 2327 1847 2345 mo-

1002 2371 1054 2389 rem
1072 2363 1147 2394 geris.
1166 2363 1274 2388 Fructus
1293 2363 1333 2387 vel
1360 2363 1429 2388 aliud
1456 2363 1625 2394 quodcumque
1652 2363 1846 2388 extraordinarie

98 2485 184 2507 sarium
201 2486 236 2507 etc
251 2492 256 2506 z
274 2483 407 2513 Propitius,
425 2483 533 2510 idoneus,
550 2484 631 2510 11111115,
649 2481 738 2504 habilis.
755 2495 786 2498 —-
803 2483 846 2505 Pro
860 2481 940 2511 Propi-

98 2516 157 2539 lium
175 2516 226 2538 Vnt.
244 2515 397 2544 Promptum,
413 2518 435 2536 et
452 2520 495 2542 pro
513 2513 629 2543 quaedam
652 2514 670 2535 D
692 2520 752 2542 quur*-
773 2515 814 2536 est.
836 2513 941 2535 Subinde

98 2554 140 2576 pro
158 2546 180 2570 si
195 2553 210 2569 a
226 2546 357 2569 maioribus
372 2545 443 2575 panis
460 2544 544 2575 frustis
561 2544 658 2574 incipiat
676 2545 726 2567 Vnt.
743 2544 765 2567 si
785 2544 880 2567 maiora
900 2551 942 2574 pu-

99 2578 136 2602 nis
152 2578 289 2608 [rnamenta
305 2578 392 2599 sumat.

160 2609 168 2621 ¹
187 2610 221 2631 Du
238 2608 328 2636 Gange,
345 2608 485 2630 Glossarium
497 2610 553 2630 etc:
566 2606 650 2635 Salsa,
662 2607 743 2634 salt-ia,
755 2607 941 2634 condimentum,

98 2640 167 2663 Gallis
183 2645 277 2663 sance...
295 2641 359 2668 Quae
374 2639 445 2662 salsis
462 2645 502 2661 scu
520 2639 672 2660 condimentis
684 2638 823 2665 inserviunt,
836 2638 943 2660 videlicet

99 2672 171 2700 piper,
188 2671 275 2699 sinapis
292 2676 347 2698 eun,
364 2671 419 2693 Gall.
437 2669 647 2693 assaisonuement.
659 2682 690 2685 —
703 2670 745 2692 Pro
762 2675 912 2692 communem
925 2669 942 2690 D

98 2702 232 2729 comedens,
250 2702 266 2724 C
280 2703 295 2724 ti
312 2701 413 2725 comedet
431 2701 471 2729 2'n,-
488 2707 531 2729 pro
554 2702 601 2724 toto
622 2701 638 2723 C
657 2701 717 2729 tota,
744 2701 794 2723 Vnt.
816 2701 902 2728 lotam,
921 2703 943 2722 et

101 2740 143 2762 pro
160 2733 259 2756 vindicet
277 2734 293 2755 Α
312 2736 334 2756 et
350 2733 387 2755 ed.
405 2733 418 2755 ⁶2
436 2732 557 2755 me'udI'cet.

161 2765 170 2777 ²
188 2765 240 2786 Vnt.
254 2764 382 2793 qim-ipius.

162 2795 170 2808 ³
188 2796 321 2818 Secundum
340 2796 373 2817 Du
392 2794 469 2822 Gange
485 2793 572 2823 species
589 2794 624 2816 vel
642 2794 703 2816 idcm
725 2796 803 2820 sonat,
825 2793 889 2822 (111011
906 2799 944 2815 vc-

101 2826 188 2849 teribus
207 2828 296 2854 fruges,
313 2833 336 2848 v.
353 2833 375 2854 g.
394 2826 522 2853 legumina,
540 2826 576 2847 vcl
594 2828 696 2847 aromata
718 2825 767 2847 sive
789 2831 825 2847 rcs
847 2825 945 2853 quaevis

100 2858 232 2880 aromatica.
250 2870 280 2873 —
297 2858 348 2880 Vat.
366 2857 448 2880 omittit
464 2857 512 2879 siva
529 2858 583 2879 ante
599 2856 653 2879 sire.

159 2888 169 2901 ⁴
187 2888 319 2911 Secundum
338 2889 370 2910 Du
387 2888 465 2915 Gange
485 2887 610 2917 poeayz'um
634 2890 668 2909 cst
693 2887 728 2909 vel
749 2887 811 2914 potio
828 2886 944 2915 <quinctium

100 2919 145 2943 (ins
160 2926 201 2942 scu
219 2920 356 2947 iusculum),
368 2920 404 2941 vcl
417 2925 486 2941 omne
503 2919 646 2946 leguminum
663 2924 703 2940 scu
721 2918 808 2940 olerum
825 2918 945 2945 8911115,ἱί-

99 2951 137 2973 lud
155 2951 301 2978 pracsertim,
313 2951 375 2979 1111011
388 2950 509 2972 condiendi
523 2950 634 2977 pulmenti
646 2955 714 2971 causa
727 2949 748 2971 in
762 2950 829 2971 ollam
843 2949 945 2971 mittitur.

160 2981 170 2994 ⁶
188 2982 215 3004 Ut
232 2982 331 3004 insinuat
348 2983 419 3009 llug„
437 2982 480 3003 loc.
497 2982 545 3006 cit„
564 2987 583 3002 c.
605 2981 639 3002 10.
657 2993 686 2996 —
704 2981 756 3009 Seq.
779 2981 887 3002 sententia
912 2983 945 3002 cst

99 3012 220 3040 Bet-nardi,
238 3013 307 3041 Epist.
329 3013 347 3035 1,
364 3019 386 3035 n.
408 3013 446 3039 tt,
464 3013 485 3034 iu
502 3019 548 3041 qna
567 3012 617 3034 Vnt.
634 3014 656 3034 ct
675 3011 713 3034 cd.
733 3012 738 3033 l
761 3014 839 3033 contra
860 3015 944 3033 textum

598 3054 610 3061 l

999 2481 1134 2509 originalem
1151 2480 1302 2510 providenter
1320 2486 1362 2507 pro
1376 2479 1508 2508 prudantm·
1526 2482 1547 2501 et
1562 2486 1625 2508 pane
1643 2486 1685 2508 pro
1697 2479 1761 2509 same
1774 2479 1818 2508 (etl.
1833 2481 1845 2502 2

997 2519 1060 2542 pune
1076 2514 1097 2535 et
1114 2512 1192 2541 summ
1210 2513 1250 2534 cfr.
1268 2517 1337 2539 supra
1357 2517 1410 2538 pag.
1429 2511 1486 2538 482,
1504 2514 1556 2532 uota
1578 2511 1630 2538 10.).

1062 2543 1071 2555 ‘⁵
1088 2544 1169 2571 Regni.
1186 2550 1206 2565 c.
1225 2543 1262 2564 39.
1279 2542 1322 2564 Csr.
1342 2543 1412 2569 ling,
1429 2543 1472 2563 loc.
1490 2542 1539 2569 cit,
1558 2548 1578 2563 r.
1596 2542 1632 2563 20.

1063 2574 1071 2587 ⁷
1089 2575 1148 2596 Vide
1165 2575 1237 2601 nug„
1255 2574 1297 2595 loc.
1315 2574 1360 2600 cit,
1377 2580 1397 2595 c.
1415 2573 1452 2595 21.
1469 2586 1499 2588 —
1517 2573 1610 2595 lusci-lus
1628 2573 1673 2595 flue
1690 2572 1734 2595 CD
1746 2574 1760 2595 E
1772 2576 1794 2596 et
1805 2573 1844 2596 ed.

1001 2607 1014 2628 2
1032 2606 1193 2634 supplevimus
1211 2604 1234 2627 nl
1250 2606 1292 2627 est.

1062 2636 1071 2649 Β
1091 2637 1130 2659 Ed.
1149 2638 1162 2659 ‘Z
1179 2641 1327 2665 praemorso.
1345 2635 1441 2658 lnserins
1461 2635 1512 2657 voci
1532 2634 1606 2657 alii-nt
1622 2635 1638 2657 C
1651 2635 1666 2657 E
1683 2638 1705 2658 et
1722 2635 1759 2657 ed.
1778 2636 1785 2656 1
1808 2635 1845 2657 «111-

1000 2668 1058 2691 (lunt
1070 2667 1169 2695 (militur,
1184 2667 1269 2696 quibus
1282 2667 1427 2689 consentiunt
1438 2667 1455 2688 Α
1468 2670 1488 2688 ct
1499 2666 1536 2688 ed.
1549 2667 1561 2687 ‘2
1574 2667 1676 2693 lugentes
1688 2666 1731 2688 111ἰί
1742 2665 1843 2689 cuilibet.

1063 2698 1073 2711 ⁰
1089 2699 1162 2722 Coun.
1180 2698 1249 2720 (1013
1267 2700 1288 2721 el
1304 2697 1433 2724 similium,
1450 2698 1486 2720 eu.
1506 2698 1518 2719 ‘Z
1537 2696 1571 2719 rel
1588 2697 1731 2720 lno‘nsmode‘.
1751 2698 1845 2720 lnl'crius

1000 2730 1016 2753 C
1028 2731 1070 2752 DE
1088 2734 1109 2753 ct
1127 2730 1179 2752 cdd.
1201 2731 1223 2756 l,
1241 2731 1254 2751 ‘z
1272 2730 1379 2751 omittunt
1395 2728 1417 2751 si
1434 2728 1486 2758 quis
1504 2728 1597 2751 lussit...
1614 2728 1670 2751 oris.

1063 2761 1082 2773 ¹⁰
1101 2762 1133 2783 Du
1152 2761 1241 2788 Congo,
1259 2761 1397 2782 Glossarium
1416 2763 1471 2782 cte:
1492 2759 1600 2786 Tolmlirt,
1619 2759 1722 2786 tobnllia,
1743 2760 1845 2782 mantile.

1064 2792 1080 2806 ¹¹
1100 2793 1232 2814 Secundum
1246 2792 1278 2814 Du
1291 2791 1369 2819 Gange
1386 2791 1542 2817 committere,
1560 2791 1578 2812 si
1591 2791 1652 2813 nuile
1664 2791 1769 2817 sumitur,
1783 2791 1844 2812 idem

1001 2827 1035 2846 est
1051 2830 1077 2845 ac
1094 2824 1180 2846 crimen
1197 2823 1354 2849 committere,
1371 2823 1430 2845 sicut
1446 2823 1513 2845 etium
1532 2822 1684 2845 commissum
1699 2822 1790 2850 ponitur
1802 2828 1844 2850 pro

1001 2854 1118 2877 delutum.

1064 2885 1083 2898 ¹²
1102 2887 1133 2908 Dc
1151 2885 1245 2908 institut.
1262 2885 1334 2907 novit.
1351 2891 1370 2907 r.
1388 2885 1425 2906 21.

1064 2916 1083 2929 ¹³
1101 2918 1129 2939 lta
1148 2917 1165 2938 Α
1183 2920 1205 2939 ct
1221 2917 1258 2939 ed.
1276 2918 1302 2944 23
1320 2916 1370 2938 Vnt.
1387 2922 1440 2938 cnm
1458 2915 1494 2938 etl.
1517 2916 1522 2937 l
1544 2921 1617 2944 quum
1633 2914 1680 2938 alio
1700 2916 1778 2938 sumto
1796 2915 1845 2944 fuc-

1001 2947 1035 2971 ris
1052 2947 1208 3001 ‘'¹1²2'’‘1'AHJ'S‘U

1109 2980 1143 3001 ico
1154 2980 1166 3001 i.
1184 2995 1188 3000 .
1220 2996 1225 3003 ,
1243 2980 1278 3000 ¹20.

1064 3009 1083 3022 ¹³
1100 3010 1173 3033 Cothl.
1186 3011 1202 3032 A
1211 3011 1227 3032 B
1239 3014 1260 3032 ct
1272 3010 1308 3032 cd.
1321 3010 1334 3032 Ξ
1347 3010 1434 3031 atltlunt
1446 3008 1470 3031 id
1481 3008 1654 3038 estlintnhn·1's‚·
1667 3010 1706 3031 cfr.
1717 3009 1750 3031 Du
1761 3008 1844 3036 Congo.
