2133 3317
904 400 1212 437 OPUSGULUM
1236 400 1365 436 XVII.

531 529 855 594 SERMO
900 529 1211 593 SUPER
1252 528 1742 592 REGULAM

846 684 1102 727 FRATRUM
1134 684 1388 727 MINORUM
1403 678 1422 726 ¹.
2112 676 2115 723 l

984 817 1110 830 ——-‹³<>

336 1211 360 1238 1.
383 1210 463 1238 Idem
483 1209 640 1247 sapiamus
661 1212 686 1238 et
707 1209 738 1238 in
759 1209 857 1238 eadem
874 1217 1106 1246 permaneamus
1243 1210 1268 1238 2.
1292 1209 1418 1238 Secundo
1439 1209 1569 1238 hortatur
1590 1209 1624 1238 ad
1646 1209 1881 1248 uniformitatem
1899 1209 2015 1247 profes—
2031 1214 2116 1234 Secunda-

143 1498 239 1518 Francisci

108 1523 191 1542 hortatio
205 1522 239 1541 du-

108 1547 159 1570 plex.
168 1546 237 1565 Prima.

254 1257 358 1295 reyula
377 1257 396 1284 2.
433 1257 508 1286 Istud
537 1256 655 1285 verbum
683 1256 831 1293 dupliciter
863 1257 1030 1293 exponitur,
1062 1256 1105 1285 vel

254 1307 344 1342 potest
369 1304 471 1341 exponi
499 1304 663 1341 dupliciter:
681 1304 857 1337 litteraliter,
879 1306 907 1332 et
921 1303 960 1332 sic
981 1306 1023 1332 est
1037 1303 1106 1340 Apo-

255 1352 316 1381 stoli
339 1352 415 1380 Pauli
436 1352 575 1389 loquentis
596 1351 631 1380 ad
657 1351 845 1388 Philippenses
866 1351 963 1385 tertio;
984 1350 1107 1379 morali-

255 1402 310 1433 ter,
333 1402 360 1428 et
381 1399 420 1428 sic
435 1402 477 1428 est
498 1399 615 1428 verbum
637 1399 722 1427 sancti
745 1398 898 1432 Francisci,
921 1398 1059 1435 loquentis
1073 1397 1106 1426 ad

256 1446 326 1475 filios
341 1454 415 1481 suos,
428 1446 453 1474 id
470 1448 511 1475 est
526 1446 560 1474 ad
574 1446 684 1474 Fratres
696 1445 830 1479 Minores,
845 1453 916 1482 quos
931 1445 1061 1473 hortatur
1072 1444 1107 1473 ad

256 1494 326 1522 duo:
349 1493 454 1530 primo,
469 1493 502 1522 ad
517 1492 752 1529 conformitatem
775 1492 1034 1529 contemplationis,
1057 1499 1106 1528 per

256 1541 308 1569 hoc
329 1540 404 1577 quod
425 1540 505 1569 dicit:
528 1540 608 1568 Idem
635 1540 805 1577 sapiamus,
831 1539 973 1568 identitate
1004 1539 1108 1568 scilicet

255 1587 509 1624 contemplationis,
541 1586 694 1615 secundum
727 1587 795 1615 illud
826 1586 859 1615 ad
891 1586 1065 1615 Colossenses
1080 1586 1106 1613 ³:

257 1635 337 1670 Quae
351 1642 474 1662 sarsum
488 1637 557 1662 sant
577 1634 685 1671 sapite,
708 1642 766 1662 non
780 1642 855 1671 qaae
872 1642 962 1670 saper
981 1637 1107 1667 terram,

255 1682 386 1719 quoniam
402 1682 430 1710 iu
452 1681 535 1710 terris
556 1684 598 1710 est
611 1681 782 1715 amaritudo,
798 1681 952 1710 secundum
971 1680 1039 1709 illud
1055 1681 1108 1709 lsa-

256 1728 312 1757 iae:
334 1728 370 1756 In
396 1736 470 1765 pace
491 1728 664 1756 amaritudo
691 1736 771 1761 mea,
802 1728 828 1756 in
854 1727 1020 1756 caelestibus
1041 1735 1108 1756 vero

256 1779 297 1804 est
312 1775 438 1809 dulcedO,
461 1775 614 1804 secundum
630 1775 698 1803 illud
720 1775 806 1803 Petri:
829 1775 863 1803 Si
889 1778 987 1803 tamen
1006 1778 1108 1812 pasta—

256 1823 326 1857 scis,
349 1822 490 1861 qnoniam
511 1822 606 1851 (lalcis
620 1825 660 1850 est
677 1822 828 1850 Dominus.
851 1822 1029 1851 Dulcedinem
1045 1830 1109 1859 par-

256 1870 351 1906 ticipat
372 1870 475 1906 triplex
492 1869 612 1906 potentia
633 1869 754 1903 animae,
770 1869 873 1898 scilicet
894 1870 1047 1903 memoria,
1063 1869 1109 1898 in-

257 1917 412 1954 telligentia
434 1920 461 1945 et
481 1916 634 1950 voluntas,
658 1916 695 1945 ita
717 1916 791 1953 quod
812 1917 956 1945 memoria
977 1917 1109 1945 informa-

258 1967 304 1993 tur
326 1964 502 1998 aeternitate,
525 1963 713 2001 intelligentia
729 1964 858 1998 veritate,
880 1964 1018 1992 voluntas
1038 1964 1109 1992 cari—

258 2014 321 2039 tate.
337 2010 415 2047 Quod
437 2011 516 2039 docet
530 2011 700 2047 AugustInus
721 2010 884 2039 duodecimo
898 2011 932 2040 de
953 2011 1110 2039 Trinitate4

257 2057 366 2086 dicens:
394 2070 407 2083 «
422 2058 649 2094 Contemplationi
672 2060 852 2086 aeternorum
868 2060 972 2095 quanto
994 2058 1111 2086 intendit

258 2112 337 2132 mens
358 2107 384 2133 et
406 2104 553 2137 adhaeret,
576 2106 651 2132 tanto
672 2104 706 2132 ad
725 2104 871 2140 imaginem
893 2104 941 2132 Dei
962 2104 1110 2138 formatur,

259 2153 285 2179 et
307 2154 411 2187 quanto
425 2154 467 2179 est
488 2150 684 2187 contemplatio
699 2150 850 2187 limpidior,
866 2153 942 2178 tanto
964 2154 1005 2179 est
1020 2150 1110 2187 imago

258 2197 307 2226 Dei
329 2198 531 2234 expressior».

323 2366 330 2379 ¹
351 2367 447 2389 Textum
466 2367 535 2389 huius
553 2367 672 2389 Sermonis
690 2368 810 2396 hucusque
828 2367 906 2389 inediti
921 2367 1067 2395 publicamus
1079 2374 1112 2390 se-

261 2407 363 2429 cundum
378 2407 483 2433 unicum,
494 2406 534 2428 sed
547 2409 701 2434 praestantem
714 2406 827 2428 codicem.
842 2407 909 2435 Quod
919 2407 940 2428 S.
950 2407 1111 2429 Bonaventura

260 2446 365 2469 eiusdem
383 2446 412 2468 sit
428 2449 520 2474 auctor,
539 2446 583 2468 alio
601 2446 669 2468 etiam
688 2446 819 2468 testimonio
837 2449 859 2468 et
872 2449 916 2468 tota
934 2446 1010 2469 indole
1027 2453 1112 2469 sermo-

261 2486 295 2508 nis
313 2485 470 2507 conssrmatur.
488 2486 520 2507 De
538 2487 581 2507 hoc
598 2485 652 2507 ride
670 2486 835 2513 Prolegomena
854 2491 873 2507 c.
893 2486 905 2507 Ι.
924 2485 937 2514 ’Ξ
959 2486 992 2508 17.

324 2523 332 2536 ²
351 2525 407 2547 Phil.
427 2525 451 2551 3,
474 2525 506 2547 16.
525 2524 567 2548 cfr.
587 2531 657 2553 supra
675 2531 729 2553 pag.
748 2525 804 2552 391,
822 2528 874 2547 nota
893 2525 917 2553 4,
939 2525 979 2547 ubi
1001 2526 1112 2553 allegatur

263 2565 286 2587 ll.
298 2564 350 2587 Cor.
367 2564 404 2592 10,
421 2565 457 2586 16:
471 2564 519 2586 Non
532 2565 554 2586 in
572 2564 644 2586 allena
657 2564 736 2592 regula
750 2564 772 2586 in
785 2564 812 2586 iis
825 2570 885 2593 quae
897 2568 1034 2592 praeparata
1047 2568 1112 2594 sunt,

262 2604 363 2632 gloriari.

325 2641 334 2654 ⁸
351 2643 407 2671 Cap.
425 2644 450 2671 3,
469 2644 490 2665 2.
509 2656 537 2658 —
556 2643 605 2665 Duo
628 2649 693 2672 seqq.
717 2643 760 2665 loci
783 2645 836 2665 sunt
861 2643 909 2665 lsai,
927 2643 968 2670 33,
993 2643 1029 2665 17.
1047 2643 1110 2672 (cod.

263 2688 385 2710 perperam
403 2682 534 2705 secundum
551 2682 612 2705 illud
623 2681 725 2707 Psalmi)
744 2685 766 2704 et
783 2683 797 2704 1.
813 2682 871 2704 Petr.
891 2683 915 2709 Ξ,
933 2682 955 2704 3.

326 2720 335 2733 ‘²
353 2721 408 2749 Cap.
426 2722 448 2743 7.
471 2728 495 2743 n.
516 2722 554 2743 1οῑ
573 2722 636 2744 Sicut
658 2721 687 2743 de
704 2724 786 2744 natura
812 2722 928 2743 humanae
951 2722 1034 2744 mentis
1056 2722 1112 2744 dixi-

264 2767 326 2788 mus,
344 2761 410 2789 quia,
428 2764 451 2783 et
467 2761 484 2783 si
498 2763 543 2783 tota
556 2761 725 2788 contempletur
743 2761 876 2787 veritatem,
890 2761 967 2788 imago
980 2761 1019 2783 Dei
1033 2764 1079 2788 est,
1091 2763 1113 2783 et

263 2806 316 2822 cum
334 2806 361 2821 ex
379 2806 405 2821 ea
422 2799 567 2822 distribuitur
585 2800 671 2828 aliquid
689 2803 711 2821 ct
732 2800 832 2828 quadam
851 2800 976 2822 intentione
993 2800 1112 2822 derivatur

264 2839 293 2861 ad
306 2839 418 2861 actionem
437 2845 514 2861 rerum
534 2839 694 2867 temporalium
703 2857 708 2866 ,
720 2839 869 2861 nihilominus
886 2845 912 2861 ex
925 2845 970 2868 qua
982 2842 1048 2867 parte
1060 2845 1113 2861 con-

265 2880 367 2905 spectam
385 2878 483 2900 consulit
500 2878 633 2905 veritatem,
652 2878 729 2906 imago
746 2878 787 2900 Dei
804 2880 849 2904 est,
867 2884 893 2900 ex
906 2884 951 2907 qua
970 2885 1026 2900 vero
1043 2878 1113 2900 inten-

265 2916 326 2938 ditur
343 2916 365 2937 in
380 2917 468 2943 agenda
482 2917 587 2939 inferiora
596 2935 601 2945 ,
612 2923 659 2939 nou
671 2920 705 2939 est
717 2917 795 2944 imago
808 2917 855 2939 Dei.
868 2918 894 2939 Et
906 2917 1029 2946 quoniam,
1041 2924 1112 2946 quan-

265 2958 417 2983 tumcumque
434 2961 458 2977 se
475 2956 601 2978 extenderit
618 2956 639 2978 in
658 2956 681 2978 id
701 2957 764 2984 quod
783 2960 902 2978 aeternum
920 2960 965 2983 est,
987 2959 1048 2978 tanto
1066 2962 1112 2978 ma-

265 2994 300 3021 gis
317 2994 371 3016 inde
390 2995 500 3016 formatur
518 2995 546 3017 ad
565 2995 689 3022 imaginem
708 2995 760 3022 Dei,
779 2998 800 3017 et
818 2998 939 3023 propterea
957 3002 1001 3017 non
1019 2998 1052 3017 est
1075 3001 1113 3017 co—

266 3032 379 3059 hibenda,
397 3035 421 3055 ut
439 3039 463 3055 se
481 3033 533 3055 inde
548 3034 663 3055 contineat
680 3040 706 3056 ac
724 3037 848 3061 temperet,
866 3034 918 3056 ideo
937 3034 973 3057 vir
986 3040 1033 3057 non
1049 3033 1114 3056 debet

1162 1256 1272 1290 sionis,
1288 1264 1351 1285 cum
1367 1256 1447 1285 dicit:
1465 1257 1501 1285 Et
1518 1256 1550 1285 in
1564 1257 1664 1285 eadem
1676 1266 1907 1294 permaneamus
1928 1266 2015 1295 requ-

1163 1303 1209 1337 la,
1232 1312 1316 1340 quam
1331 1303 1436 1332 scilicet
1450 1303 1542 1340 accepi
1558 1304 1585 1332 in
1605 1307 1699 1333 monte
1721 1305 1960 1341 contemplationis
1977 1322 2016 1326 —

1163 1351 1235 1379 sicut
1256 1351 1361 1387 Moyses
1383 1351 1470 1387 legem
1485 1351 1591 1388 accepit
1612 1351 1638 1379 in
1660 1354 1753 1380 monte
1768 1351 1841 1380 Sinai
1853 1352 1864 1369 ⁵
1879 1368 1916 1372 —
1931 1360 2015 1389 quam

1164 1398 1235 1434 Papa
1262 1397 1399 1426 Honorius
1430 1398 1620 1432 confirmavit,
1649 1398 1802 1427 secundum
1823 1399 1907 1428 illud:
1937 1410 1950 1424 (ι
1967 1399 2016 1428 Ea-

1164 1448 1294 1482 propter,
1316 1445 1407 1474 dilecti
1430 1445 1456 1473 in
1473 1445 1590 1474 Domino
1612 1445 1703 1480 filii»,
1725 1449 1752 1475 et
1767 1447 1910 1483 sequitur:
1937 1458 1951 1472 «
1965 1455 2015 1475 au-

1165 1492 1292 1521 ctoritate
1313 1492 1462 1529 apostolica
1483 1492 1682 1521 confirmamus
1696 1504 1728 1527 »;
1750 1501 1834 1530 quam
1860 1493 1938 1522 vobis
1959 1496 2016 1522 tra-

1164 1539 1236 1573 didi,
1258 1539 1331 1568 sicut
1344 1540 1450 1575 Moyses
1470 1539 1557 1576 legem
1579 1543 1719 1576 acceptam
1735 1540 1799 1569 filiis
1821 1541 1916 1575 lsrae13
1932 1548 2016 1578 quam

1165 1586 1281 1623 professi
1303 1586 1369 1614 estis
1390 1594 1440 1623 per
1465 1586 1648 1615 obedientiam
1671 1587 1838 1622 salutarem,
1860 1587 2015 1616 secundum

1166 1632 1234 1661 illud
1256 1632 1369 1661 secundi
1385 1633 1498 1669 capituli
1510 1633 1537 1661 ⁶:
1558 1644 1571 1658 c<
1586 1634 1673 1662 Finito
1687 1642 1759 1662 anno
1774 1634 1957 1671 probationis,
1973 1642 2016 1664 re-

1165 1680 1304 1716 cipiantur
1326 1680 1359 1708 ad
1381 1680 1580 1715 obedientiam,
1609 1681 1803 1717 promittentes
1830 1681 1914 1710 vitam
1935 1682 2016 1710 istam

1165 1730 1192 1755 et
1214 1727 1345 1763 Regulam
1367 1734 1476 1764 semper
1497 1727 1647 1756 observare
1661 1739 1692 1762 »;
1715 1728 1852 1757 secundae
1866 1728 1900 1757 ad
1921 1728 2017 1757 Corin-

1166 1774 1239 1802 thios
1260 1774 1382 1803 decimo:
1406 1773 1465 1802 Nos
1492 1783 1551 1802 non
1575 1774 1606 1803 in
1627 1775 1803 1803 immensam
1828 1775 2015 1813 gloriamur,

1166 1822 1231 1858 quia
1252 1821 1305 1850 hoc
1326 1821 1412 1850 solius
1435 1821 1481 1850 Dei
1503 1825 1557 1856 est,
1579 1822 1627 1858 qui
1649 1825 1690 1850 est
1705 1822 1856 1851 immensus
1877 1825 1904 1851 et
1925 1822 2016 1851 infini-

1166 1872 1227 1902 tus,
1249 1868 1299 1897 secl
1319 1877 1369 1897 nos
1390 1868 1543 1906 gloriamur
1564 1869 1724 1897 secundum
1739 1878 1911 1898 mensuram
1931 1878 2018 1907 reyn-

1166 1916 1224 1950 lae,
1247 1924 1337 1954 qnam
1358 1924 1477 1944 mensas
1491 1918 1532 1944 est
1551 1915 1634 1944 nobis
1651 1916 1735 1944 Dens.
1759 1916 1834 1945 Istud
1851 1919 1941 1953 potest
1955 1917 2017 1954 qui-

1167 1963 1234 1992 libet
1254 1963 1349 1991 Frater
1371 1963 1478 1991 dicere:
1505 1974 1518 1988 «
1534 1962 1593 1991 Nos
1617 1972 1676 1991 non
1701 1963 1731 1991 in
1754 1963 1930 1992 immensum
1956 1963 2017 2002 ylo-

1167 2010 1303 2043 riamztr,
1326 2010 1392 2047 quia
1413 2010 1466 2039 hoc
1487 2010 1573 2039 solius
1588 2010 1635 2039 Dei
1657 2012 1711 2044 est,
1733 2010 1780 2047 qui
1802 2014 1843 2039 est
1864 2010 2016 2040 immensus

1167 2060 1194 2086 et
1222 2057 1360 2091 infinitus,
1382 2057 1432 2085 sed
1460 2065 1510 2085 nos
1534 2057 1687 2094 gloriamur
1713 2057 1874 2086 secandam
1902 2066 2017 2086 mensu-

1168 2112 1235 2132 ram
1251 2103 1392 2141 Reyalae,
1415 2112 1506 2142 qaam
1519 2112 1638 2132 mensus
1652 2107 1693 2132 est
1713 2104 1796 2132 nobis
1819 2105 1910 2139 Deus,
1932 2113 2016 2142 quam

1169 2158 1282 2179 mensus
1307 2154 1348 2179 est
1369 2151 1449 2179 nobis
1476 2151 1574 2179 beatus
1595 2151 1772 2186 Franciscus,
1799 2160 1883 2189 quam
1904 2160 2017 2181 mensus

1168 2200 1209 2226 est
1239 2198 1309 2234 Papa
1338 2197 1511 2226 Innocentius
1523 2197 1543 2232 ⁷,
1569 2198 1616 2235 qui
1645 2206 1704 2227 eam
1729 2199 1909 2236 approbavit,
1933 2207 2017 2237 quam

1170 2368 1247 2391 velare
1265 2370 1337 2397 caput
1354 2368 1381 2397 [l.
1399 2368 1452 2391 Cor.
1471 2369 1494 2390 ·11
1507 2385 1512 2395 ,
1530 2368 1569 2397 7.].
1589 2368 1645 2397 Quia
1672 2375 1728 2391 vero
1745 2369 1776 2391 illi
1800 2369 1903 2391 rationali
1920 2369 2016 2397 actioni,

1169 2413 1229 2436 quae
1247 2408 1268 2429 in
1287 2407 1357 2430 rebus
1374 2407 1534 2435 corporalibus
1555 2407 1770 2436 temporalibusque
1792 2412 1910 2436 versatur,
1927 2408 2017 2436 pericu-

1169 2448 1215 2469 losa
1234 2451 1267 2469 est
1284 2448 1355 2469 nimia
1373 2448 1396 2469 in
1414 2448 1519 2470 inferiora
1535 2448 1680 2475 progressio,
1698 2446 1763 2471 debet
1778 2447 1864 2471 habere
1877 2450 2017 2477 potestatem

1169 2492 1241 2515 super
1259 2487 1330 2515 caput
1348 2486 1375 2515 [1.
1393 2486 1444 2509 Cor.
1467 2487 1504 2513 11,
1526 2486 1580 2515 lO.],
1603 2486 1665 2515 quod
1689 2486 1773 2508 indicat
1790 2487 1957 2515 velamentum,
1970 2493 2017 2515 quo

1169 2525 1311 2552 significatur
1328 2531 1378 2547 esse
1401 2525 1538 2547 cohibenda.
1560 2525 1604 2547 Csr.
1627 2526 1749 2553 Bernard.,
1768 2526 1841 2548 Serm.
1863 2526 1897 2548 11.
1914 2526 1935 2548 in
1953 2525 2018 2549 Cant.

1169 2570 1192 2586 n.
1210 2564 1238 2585 5:
1258 2564 1306 2592 Qui
1322 2564 1396 2593 replet
1416 2564 1438 2587 in
1463 2564 1528 2587 boras
1551 2564 1694 2587 desideriam
1716 2565 1807 2587 animae
1831 2564 1875 2594 [ΡΞ.
1896 2566 1954 2592 102,
1972 2565 2014 2595 5.],

1170 2603 1219 2631 ipse
1236 2603 1317 2625 rationi
1336 2604 1426 2626 futurus
1443 2607 1477 2626 est
1494 2604 1612 2631 plenitudo
1624 2604 1692 2630 lucis,
1705 2604 1754 2631 ipse
1766 2605 1877 2626 voluntati
1895 2604 2017 2627 multitudo

1170 2643 1245 2670 pacis,
1263 2643 1313 2670 ipse
1331 2643 1457 2665 memoriae
1468 2643 1608 2666 continuatio
1621 2643 1767 2665 aeternitatis.
1780 2643 1798 2666 O
1811 2644 1909 2672 veritas,
1922 2644 2017 2671 caritas,

1169 2682 1307 2704 aeternitas!
1326 2682 1383 2704 Vide
1400 2683 1499 2709 Bonan,
1517 2683 1532 2704 l.
1551 2683 1611 2704 Sent.
1630 2682 1653 2705 d,
1673 2683 1695 2705 3.
1714 2689 1737 2710 p.
1755 2683 1779 2705 ll.
1796 2689 1817 2705 a.
1839 2684 1856 2705 l.
1873 2689 1896 2712 q.
1910 2683 1931 2705 1.
1943 2683 1971 2705 ad
1990 2683 2017 2710 4,

1170 2720 1209 2743 ubi
1227 2722 1364 2749 explicatur,
1382 2722 1501 2750 quomodo
1520 2721 1597 2749 imago
1614 2721 1654 2743 Dei
1672 2721 1694 2743 in
1711 2721 1779 2744 nobis
1797 2725 1843 2744 tam
1862 2722 1884 2744 in
1902 2722 2017 2749 praesenti

1170 2760 1216 2782 vita
1234 2766 1304 2789 quam
1322 2760 1344 2782 in
1364 2762 1438 2783 sutura
1456 2762 1601 2783 reformatur.

1232 2798 1241 2811 ⁶
1258 2799 1302 2822 cfr.
1321 2800 1391 2822 Exod.
1417 2800 1458 2827 31,
1481 2800 1518 2822 18.
1537 2802 1559 2822 et
1581 2800 1623 2827 34,
1641 2800 1678 2822 28.
1700 2806 1749 2828 seq.
1765 2812 1797 2816 —
1814 2799 2016 2822 Confirmationem

1168 2839 1269 2865 Reginae
1288 2838 1316 2860 ab
1334 2839 1435 2861 Honorio
1449 2839 1526 2861 datam
1545 2839 1599 2861 vide
1616 2845 1685 2866 supra
1704 2845 1757 2866 pag.
1776 2839 1827 2860 391.

1232 2876 1241 2889 ⁶
1259 2878 1348 2900 Scilicet
1364 2878 1478 2906 Regulae5
1502 2879 1542 2900 cl'r.
1559 2884 1630 2906 supra
1654 2884 1708 2906 pag.
1725 2878 1778 2900 397.
1796 2891 1825 2893 —
1843 2877 1946 2900 Subinde
1967 2878 2018 2900 alle-

1169 2919 1236 2944 gatur
1254 2918 1277 2939 ll.
1296 2916 1346 2939 Cor.
1371 2918 1407 2944 10,
1426 2918 1466 2945 13,
1490 2918 1518 2940 de
1536 2924 1582 2946 quo
1604 2917 1657 2940 vide
1675 2923 1744 2945 supra
1768 2923 1823 2945 pag.
1844 2918 1901 2944 3911,
1924 2920 1976 2940 nota
1995 2917 2016 2940 4.

1170 2956 1212 2977 Pro
1230 2962 1303 2985 quam
1319 2962 1416 2979 mensus
1433 2958 1468 2979 est
1485 2957 1583 2984 Vulgata
1601 2963 1649 2986 qna
1666 2962 1762 2979 mensus
1779 2958 1819 2979 est.

1232 2993 1240 3006 ⁷
1259 2995 1348 3017 Scilicet
1366 2996 1478 3017 lnnocent.
1497 2996 1530 3017 111.
1548 2995 1592 3018 Csr.
1610 2996 1708 3022 Bonav.,
1726 2996 1834 3024 Legenda
1853 2996 1873 3018 S.
1890 2996 2017 3023 Francisci,

1169 3040 1188 3056 c.
1206 3034 1227 3056 3.
1246 3036 1267 3056 et
1285 3034 1305 3056 t.
1324 3034 1382 3056 Vide
1400 3040 1469 3062 supra
1487 3041 1541 3062 pag.
1554 3035 1609 3062 318,
1628 3038 1707 3057 notam
1723 3035 1760 3057 12.
1772 3048 1802 3050 -
1815 3035 1922 3063 Sequitur
1940 3035 2015 3058 Matth.
