2133 3317
119 754 134 772 Ν
139 754 235 772 otandum.

120 1225 147 1243 De
160 1224 242 1243 secundo

108 1248 170 1266 officio
181 1247 243 1271 quoad

108 1272 118 1290 3
132 1276 200 1294 genera
211 1271 243 1290 de-

107 1295 240 1319 linquentium.

108 1365 136 1384 De
145 1365 201 1384 modo
210 1365 242 1384 de·

116 1389 214 1412 linquendi
224 1391 242 1408 et

117 1417 189 1435 gemma
202 1413 220 1431 1.

111 2213 139 2232 De
148 2213 203 2232 modo
213 2213 245 2231 de-

118 2236 216 2260 linquendi
226 2238 244 2255 01

119 2265 192 2284 gemma
204 2260 222 2278 2.

250 201 305 230 llil*

249 283 316 309 sunt
336 279 453 312 ieiunia,
486 276 642 309 silentium,
674 275 834 304 solemnitas
854 274 1013 303 divinorum
1039 274 1100 302 offi-

250 327 357 356 ciorum
378 328 406 354 et
426 324 581 354 exteriores
596 322 782 359 corporalium
798 321 1030 350 exercitationum
1050 321 1100 349 110-

249 376 385 406 nestates,
407 379 479 409 quae
507 370 587 399 iuxta
617 369 791 406 Apostolum,
820 368 927 405 primae
948 368 982 396 ad
1009 367 1100 396 Timo-

250 421 347 449 ‘theum
370 420 471 456 quarto
482 418 501 451 1,
524 420 580 445 tam
610 416 694 445 utiles
722 418 788 444 sunt
819 415 891 444 sicut
915 415 1101 444 instrumenta

250 475 302 504 pro
322 465 459 498 artificiis,
475 471 546 501 quae
567 465 680 500 possent
701 465 727 491 et
747 462 828 491 aliter
849 462 942 499 peragi
958 470 974 490 a
994 461 1100 499 peritis,

251 521 314 543 cum
337 511 415 549 prius
429 511 534 539 fuerint
548 513 622 539 artes
637 517 721 546 quam
737 509 801 538 talia
815 509 1009 538 instrumenta.
1025 509 1101 538 Unde

251 560 388 589 discretus
409 558 566 595 praelatus,
589 565 652 586 cum
674 556 824 585 necessitas
838 556 938 593 exigit,
953 556 997 585 vel
1014 556 1101 585 maior

251 607 357 636 utilitas
379 605 513 642 requirit,
535 604 676 640 dispensat
697 603 724 632 in
746 611 830 632 causa
851 611 902 640 pro
924 603 1026 632 talibus
1051 611 1102 640 pro

252 654 311 682 loco
333 655 360 681 et
381 655 523 688 tempore,
545 651 604 680 sine
634 650 812 684 difficultate,
835 658 898 679 cum
930 650 1030 678 viderit
1051 658 1102 678 ex-

252 700 356 737 pedire.
379 699 428 728 Ubi
454 701 548 727 autem
577 698 664 727 maior
686 698 791 726 utilitas
812 697 855 726 vel
877 697 1026 726 necessitas
1047 705 1102 725 non

252 747 354 784 exigit,
376 746 498 775 studiose
518 745 600 774 faciat
620 753 653 774 ea
673 752 794 774 servare.
818 761 853 765 —
876 745 904 773 In
926 745 979 773 1100
999 744 1103 781 indiget

252 794 394 831 praelatus
414 801 469 821 non
493 792 600 821 modica
620 792 801 825 discretione,
823 795 855 820 ut
879 791 947 820 sciat
971 791 1043 819 inter
1065 790 1103 819 ri-

252 849 347 878 gorem
369 843 396 869 et
418 839 608 869 remissionem
629 839 751 867 medium
773 842 876 867 tenere.
899 839 925 867 Si
947 841 1040 867 autem
1062 838 1103 866 ni-

252 888 305 917 mis
325 888 411 916 fuerit
441 887 561 924 rigidus,
583 889 610 915 et
641 887 700 923 ipse
722 886 814 915 minus
835 886 888 915 erit
909 886 1026 915 dilectus
1047 885 1103 914 fra-

253 935 357 969 tribus,
379 937 406 963 et
427 934 465 963 illi
487 934 580 963 minus
607 937 691 963 erunt
713 933 861 962 voluntarii
887 933 921 962 ad
942 933 1009 967 alia,
1032 941 1104 970 quae

252 982 365 1010 utiliora
380 984 407 1010 et
421 981 610 1009 necessariora
625 980 723 1009 forent.
740 980 874 1014 Rursum,
891 979 911 1008 si
927 979 1012 1008 suerit
1027 980 1103 1016 plus,

254 1037 337 1066 quam
360 1028 500 1062 convenit,
523 1028 671 1061 remissus,
693 1027 719 1056 in
742 1027 845 1055 talibus
866 1027 920 1056 cito
941 1026 1028 1055 maior
1050 1027 1104 1055 dis-

254 1076 355 1105 solutio
376 1076 573 1112 subsequetur.
598 1075 656 1111 Qui
682 1074 794 1112 spernit
814 1074 930 1103 modica
956 1074 1103 1111 paulatim

254 1123 394 1152 decidet2.

334 1171 359 1198 8.
382 1170 461 1198 Circa
481 1170 636 1206 lapsorum
657 1169 866 1205 correptionem
881 1168 1010 1197 discretio
1025 1176 1105 1205 prae—

255 1217 301 1246 lati
325 1217 450 1246 similiter
472 1217 566 1253 vigere
586 1216 676 1245 debet.
709 1216 755 1244 Hic
787 1219 828 1244 est
858 1215 927 1244 ordo
949 1215 1105 1248 secundus,

256 1269 314 1293 tres
335 1272 457 1301 gemmas
478 1264 637 1297 continens,
659 1263 725 1300 quia
746 1263 850 1299 triplex
866 1263 1056 1291 continentia3
1072 1262 1106 1291 ad

256 1313 308 1341 hoc
329 1315 371 1340 est
392 1311 556 1345 necessaria,
578 1311 650 1339 sicut
671 1314 736 1339 sunt
751 1310 804 1338 tria
825 1318 928 1347 genera
942 1310 1106 1346 delinquen-

255 1359 333 1388 tium.
358 1376 393 1379 ——
416 1358 532 1395 Quidam
554 1358 640 1391 enim,
663 1365 727 1386 cum
749 1357 944 1394 deliquerunt,
966 1365 1043 1391 mox,
1058 1359 1107 1385 aut

255 1406 331 1434 intus
353 1405 418 1434 moti
441 1413 457 1433 a
478 1404 594 1441 spiritu,
621 1407 669 1433 aut
689 1404 757 1433 foris
779 1404 899 1440 correpti
921 1404 955 1432 ab
978 1403 1106 1437 homine,

256 1453 296 1481 ad
325 1452 517 1489 poenitentiae
553 1451 713 1480 remedium
750 1450 933 1489 confugiunt.
967 1451 1012 1479 His
1041 1458 1104 1480 cum

256 1500 416 1529 clementiae
437 1499 565 1528 fomentis
597 1499 721 1527 medicus
746 1499 899 1535 spiritualis
921 1498 1043 1527 remedia
1064 1506 1107 1527 sa-

256 1547 418 1576 tisfactionis
439 1547 477 1575 sic
498 1549 651 1583 temperata
682 1546 763 1575 debet
784 1546 933 1580 adhibere,
955 1546 1058 1582 quibus
1079 1548 1107 1574 et

256 1594 423 1624 satisfaciant
444 1594 500 1622 Deo
521 1593 555 1622 de
576 1593 687 1622 offensis
708 1596 735 1622 et
756 1593 887 1630 proximo
908 1593 942 1621 de
968 1593 1106 1627 scandalo,

255 1645 288 1670 ut
308 1641 392 1670 ceteri
415 1648 530 1677 peccare
552 1640 638 1677 magis
660 1640 786 1674 timeant;
808 1643 835 1669 et
867 1643 958 1669 tamen
991 1643 1106 1677 propter

255 1688 394 1717 levitatem
416 1688 529 1716 remedii
545 1688 618 1724 ipsos
640 1696 693 1716 non
717 1687 863 1724 poeniteat,
878 1695 907 1716 se
922 1687 1106 1724 poenitentiae

255 1735 430 1769 submisisse3
443 1735 476 1763 ad
491 1734 599 1763 Galatas
614 1736 729 1763 sext04:
746 1734 779 1763 Si
789 1739 1027 1771 praeoccupatas
1041 1733 1106 1771 fue-

256 1783 297 1811 rit
317 1781 400 1811 1101110
432 1782 464 1810 in
495 1781 594 1820 aliquo
616 1781 732 1815 delicto,
755 1790 821 1815 vos,
851 1781 904 1819 qai
932 1781 1106 1818 spirituales

255 1830 336 1864 estis,
358 1829 493 1858 subaudi:
516 1829 627 1863 medici,
649 1828 822 1857 huiusmodi
842 1829 979 1857 instruite
1000 1828 1031 1857 in
1045 1829 1106 1865 spi-

255 1877 317 1905 ritu
339 1876 482 1910 lenitatis,
505 1876 697 1904 considerans
715 1876 895 1913 temetipsam
918 1879 979 1910 010,
1002 1876 1028 1904 id
1051 1879 1105 1910 est,

255 1924 337 1953 talem
359 1924 383 1952 ei
412 1923 624 1952 satisfactionem
657 1923 805 1960 imponite,
827 1931 878 1960 per
899 1931 983 1960 quam
1005 1931 1107 1960 cogno-

256 1974 314 2000 scat
334 1970 442 2008 pondus
464 1973 558 1999 reatus
580 1970 639 2004 sui,
660 1970 699 1998 ita
726 1973 817 1998 tamen
850 1970 1009 2004 clementer,
1035 1970 1107 1999 sicut

256 2018 363 2047 tibimet
384 2018 469 2046 velles
490 2017 575 2045 alium
598 2017 732 2054 compati,
755 2018 775 2046 si
800 2018 844 2045 tali
878 2020 990 2054 peccato
1018 2017 1106 2046 delin-

256 2073 366 2102 queres.
388 2082 427 2086 ——
450 2065 480 2093 Et
502 2065 570 2093 haec
591 2067 633 2093 est
654 2072 710 2093 una
737 2072 846 2101 gemma
867 2064 979 2093 secundi
1002 2064 1107 2093 ordinis

256 2112 385 2140 discretio
406 2112 476 2140 talis.

337 2160 362 2187 9.
385 2159 443 2193 Alii,
466 2167 530 2188 cum
551 2159 734 2196 delinquunt,
757 2162 872 2196 10911111,
895 2158 1037 2195 palliant,
1061 2159 1106 2188 de-

257 2205 390 2243 fendunt,
420 2209 447 2235 et
477 2206 556 2235 virus
584 2206 702 2235 interius
724 2206 797 2234 latet.
821 2206 852 2234 Et
873 2206 936 2234 licet
957 2209 1049 2234 rector
1070 2214 1107 2235 ex

257 2253 341 2282 certis
362 2253 469 2282 indiciis
489 2253 695 2290 deprehendat,
718 2253 754 2281 ibi
771 2253 875 2281 saniem
891 2253 1030 2289 putridam
1047 2261 1107 2282 esse

257 2300 414 2334 collectam,
436 2303 527 2329 tamen
549 2308 604 2329 non
626 2300 663 2328 ita
684 2300 805 2337 erumpit
827 2300 966 2334 exterius,
985 2308 1035 2329 nec
1057 2308 1106 2336 per

257 2347 369 2376 evidens
395 2347 582 2376 testimonium
609 2355 659 2376 nec
681 2355 730 2384 per
752 2347 936 2375 voluntariam
959 2347 1107 2376 confessio-

257 2402 336 2429 nem,
358 2394 433 2431 quod
455 2394 540 2431 possit
560 2397 717 2431 opportune
732 2394 806 2423 ferro
824 2397 936 2431 apertae
958 2394 1107 2423 correctio-

257 2442 300 2470 nis
321 2449 423 2470 secare.
446 2441 471 2469 Si
494 2441 625 2478 corripit,
647 2449 701 2469 non
734 2441 842 2478 proficit
870 2444 897 2470 et
917 2441 1027 2470 videtur
1049 2449 1107 2470 ma-

257 2489 298 2526 gis
320 2488 451 2517 vitiorum
473 2488 628 2517 diffamator
650 2496 733 2525 quam
762 2488 925 2517 vitiosorum
948 2491 1105 2524 corrector;

256 2536 279 2565 si
307 2539 436 2564 movetur
467 2539 494 2564 et
521 2536 689 2570 dissimulat,
712 2536 806 2564 uritur
837 2539 864 2564 et
894 2536 1028 2564 anxiatur
1051 2539 1106 2564 tam

256 2591 307 2620 pro
328 2583 419 2611 anima
439 2583 534 2612 fratris
562 2591 645 2620 quam
676 2591 727 2620 pro
749 2591 793 2617 se,
823 2583 889 2620 quia
916 2591 970 2611 non
993 2583 1107 2620 corrigit

692 196 889 226 OPUSCULUM
911 196 975 224 Vlll.
996 196 1040 224 DE
1062 196 1123 224 SEX
1145 196 1215 224 ALIS
1236 195 1405 225 SERAPHIM.
1426 196 1494 225 CAP.
1516 196 1558 225 Vl.

1156 273 1371 311 delinquentem.
1387 274 1455 302 Cum
1471 282 1537 311 ergo
1552 274 1627 303 aliud
1641 282 1764 311 congrue
1776 274 1866 303 facere
1877 283 1931 303 non
1944 283 2007 312 pos-
2024 281 2109 301 Notandu
2128 287 2133 299 1

1157 320 1201 354 011,
1222 322 1344 357 oportet,
1359 323 1391 349 ut
1405 321 1560 350 dissimulet
1581 321 1631 350 et⁵
1653 321 1812 358 patientiam
1828 330 1907 350 suam
1923 330 2006 351 exer-

1157 370 1232 401 ceat;
1254 370 1281 396 et
1302 367 1376 404 quod
1397 368 1540 404 arguendo
1554 376 1609 396 non
1624 368 1696 397 valet
1711 368 1816 397 orando
1838 368 1944 397 laboret
1958 368 2007 397 ob—

1157 413 1259 447 tinere,
1280 416 1313 442 ut
1333 416 1382 442 aut
1402 414 1477 442 Deus
1498 415 1579 443 citius
1606 414 1718 443 demum
1741 415 1877 452 corrigat,
1899 418 1948 444 aut
1968 416 2008 444 la-

1157 464 1261 490 tentem
1282 461 1342 490 eius
1365 461 1496 489 malitiam
1519 461 1644 498 detegat,
1665 465 1698 490 ut
1719 462 1829 499 aliquod
1852 462 2007 491 remedium

1158 510 1326 544 apponatur;
1349 508 1420 537 sicut
1442 508 1575 537 Dominus
1597 508 1689 537 ludam
1714 509 1882 546 proditorem
1904 509 1953 538 diu
1968 512 2008 538 ta-

1159 555 1212 583 cite
1232 555 1375 589 toleravit,
1397 555 1463 592 quia
1484 563 1548 584 eum
1569 558 1665 592 aperte
1686 564 1740 584 non
1762 557 1907 593 corripuit,
1922 557 2009 586 donec

1158 602 1186 630 in
1207 605 1315 631 tantum
1337 602 1398 631 eius
1419 602 1550 639 iniquitas
1571 603 1673 637 crevit,
1696 603 1770 640 quod
1792 612 1842 640 per
1863 612 1892 633 se
1914 607 2009 641 paten-

1160 652 1202 678 ter
1224 649 1332 686 erupit;
1354 657 1438 686 quae,
1461 649 1595 686 quamdiu
1611 650 1704 684 latuit,
1720 650 1783 679 licet
1798 651 1825 679 in
1841 658 1870 680 se
1891 651 2009 680 letaliter

1159 698 1330 733 aegrotaret,
1353 699 1445 725 tamen
1467 695 1528 725 aliis
1549 705 1602 725 non
1626 697 1735 731 nocuit,
1758 700 1785 726 et
1806 697 1866 727 ideo
1887 698 2010 735 irrepre-

1159 743 1332 772 hensibiliter
1364 743 1455 780 potuit
1487 743 1567 772 tacite
1596 744 1721 778 tolerari3
1752 745 1881 774 Matthaei
1903 745 2009 774 decimo

1159 791 1279 820 tertioss:
1303 790 1394 819 Sinite
1415 794 1541 829 atraque
1562 799 1690 819 crescere
1712 800 1803 830 nsque
1817 792 1858 820 ad
1877 801 2008 827 messem,
2117 787 2133 843 ᾖ

1160 838 1187 866 id
1208 841 1250 867 est
1277 838 1381 866 zizania
1401 846 1465 866 cum
1488 838 1594 872 tritico;
1616 839 1792 876 Apocalypsis
1817 839 1928 868 ultimo:
1953 840 2011 876 Qui
2121 844 2124 871 l

1160 885 1192 913 in
1212 885 1350 913 sordibus
1371 888 1412 913 est
1438 885 1589 913 sordescat
1609 884 1715 914 adhuc.
1740 902 1775 906 -—
1799 886 1884 915 Debet
1916 889 2125 937 111010110311111131ςέὶῖ

1161 932 1278 966 talibus,
1301 932 1348 961 ubi
1380 936 1485 970 potest,
1507 935 1588 961 caute
1609 933 1701 962 caveri
1725 933 1760 961 ab
1784 934 1926 962 occasione
1947 942 2011 971 pec-

1161 979 1239 1007 candi
1262 982 1289 1008 et
1309 979 1336 1007 in
1358 979 1498 1007 communi
1515 979 1621 1008 moneri
1640 979 1756 1014 debent,
1779 982 1811 1008 ut
1831 980 2010 1017 resipiscant;

1162 1026 1289 1054 Matthaei
1312 1026 1444 1063 vigesimo
1466 1029 1562 1055 sexto:
1590 1027 1646 1055 Vae
1667 1025 1779 1055 homini
1793 1027 1845 1061 illi,
1858 1036 1912 1065 per
1927 1036 2011 1066 quem

1162 1073 1258 1102 Filius
1279 1072 1405 1102 homin-is
1427 1074 1570 1102 tradetur.
1593 1074 1645 1103 Sed
1666 1082 1730 1103 cum
1745 1075 1779 1103 ad
1801 1077 1856 1103 tam
1871 1075 2012 1112 singulare

1162 1120 1268 1149 facinus
1290 1129 1343 1149 non
1366 1121 1501 1157 potuisset
1522 1121 1602 1150 ludas
1623 1122 1715 1150 subito
1730 1122 1882 1159 proruisse,
1897 1122 1948 1151 nisi
1964 1122 2013 1151 (1111

1162 1167 1294 1204 paulatim
1310 1168 1337 1195 in
1360 1167 1483 1196 [leterius
1497 1176 1607 1205 semper
1627 1169 1788 1206 prolapsus;
1804 1173 1929 1206 apparet,
1948 1177 2012 1198 eum

1162 1223 1179 1243 a
1199 1215 1315 1243 Domino
1337 1215 1363 1242 in
1386 1215 1458 1243 malo
1479 1218 1552 1243 statu
1574 1216 1622 1244 diu
1643 1217 1750 1245 occulte
1772 1217 1936 1245 toleratum:
1954 1217 2013 1253 Eyo

1164 1264 1261 1289 tacens
1282 1265 1308 1289 et
1327 1261 1416 1299 quasi
1435 1270 1495 1289 non
1515 1262 1615 1290 videns
1627 1262 1646 1290 ⁷.
1663 1263 1735 1291 Talis
1749 1271 1816 1300 ergo
1830 1263 2013 1292 dissimulatio

1164 1309 1192 1336 111
1213 1308 1296 1337 corde
1328 1309 1443 1337 rectoris
1474 1310 1563 1337 multa
1594 1309 1759 1338 discretione
1792 1310 1910 1347 indiget,
1931 1313 1964 1338 ut
1985 1310 2012 1338 10

1164 1358 1265 1384 neutro
1285 1356 1377 1385 deviet
1398 1364 1414 1384 a
1434 1356 1516 1385 iusto.
1534 1373 1570 1377 -
1585 1357 1617 1385 Et
1631 1357 1700 1386 haec
1714 1360 1756 1386 est
1776 1366 1886 1394 gemma
1899 1357 2013 1386 secundi

1164 1403 1269 1432 ordinis
1291 1403 1412 1432 secunda
1433 1403 1460 1431 in
1483 1407 1595 1440 pectore
1616 1404 1774 1433 sacerdotis.

1246 1451 1289 1479 lO.
1313 1451 1396 1479 Tertii
1426 1450 1575 1488 offendant
1604 1451 1754 1488 praviter,
1776 1455 1874 1489 aperte
1905 1455 1932 1480 et
1955 1461 2014 1481 non
2027 1458 2055 1477 De
2064 1448 2133 1484 modos

2034 1482 2121 1506 linquenti
2125 1483 2133 1506 ³¹.

1163 1497 1310 1534 recipiant
1330 1497 1455 1526 debitam
1471 1498 1686 1532 correctionem,
1710 1499 1751 1527 vel
1773 1499 1836 1528 ficte
1858 1499 2013 1536 recipiunt,
2035 1508 2133 1535 gemmae?

1164 1544 1230 1581 quia
1250 1552 1304 1572 non
1326 1545 1524 1579 emendantur,
1540 1548 1567 1574 et
1581 1545 1625 1573 alii
1648 1553 1684 1574 ex
1706 1546 1745 1574 eis
1761 1546 1831 1574 fiunt
1852 1546 2014 1582 deteriores,

1163 1592 1207 1620 vel
1229 1592 1451 1620 scandalizantur
1472 1592 1506 1621 de
1527 1592 1606 1629 ipsis,
1622 1593 1665 1621 vel
1680 1592 1780 1621 imitari
1804 1601 1850 1622 eos
1868 1593 2013 1631 incipiunt,

1164 1639 1185 1667 si
1208 1639 1316 1673 vident,
1338 1647 1384 1668 eos
1406 1639 1519 1676 impune
1541 1647 1671 1676 peccare,
1700 1641 1824 1669 volentes
1848 1641 1898 1670 sibi
1921 1642 2013 1678 parci,

1164 1686 1236 1715 sicut
1256 1686 1310 1715 illis
1332 1686 1465 1723 parcitur.
1485 1686 1658 1724 Ubicumque
1672 1695 1738 1725 ergo
1753 1690 1874 1725 quatuor
1889 1689 1935 1717 illa
1949 1697 2014 1718 con-

1164 1734 1292 1767 veniunt,
1314 1734 1417 1763 scilicet
1436 1734 1585 1771 yraoiter,
1608 1738 1706 1771 aperte
1736 1744 1872 1772 peccare,
1902 1739 1929 1765 et
1955 1745 2014 1766 non

1163 1788 1222 1808 esse
1252 1789 1333 1817 spem
1354 1781 1543 1809 correctionis
1573 1784 1688 1818 propter
1719 1782 1931 1811 obstinationem
1964 1791 2014 1812 seu

1163 1828 1344 1856 inveteratam
1366 1828 1429 1856 mali
1451 1828 1694 1863 consuetudinem,
1716 1831 1743 1858 et
1764 1829 1839 1858 alios
1860 1829 1943 1867 infici
1964 1838 2013 1867 per

1163 1875 1223 1904 eius
1244 1876 1423 1912 exemplum,
1445 1875 1489 1904 vel
1510 1876 1705 1910 scandalizari,
1728 1877 1794 1913 quia
1815 1877 2014 1906 1011010101οη-

1164 1925 1226 1956 tur;
1248 1923 1315 1960 quid
1337 1926 1438 1957 restat,
1460 1923 1511 1952 nisi
1534 1926 1566 1952 ut
1586 1924 1645 1952 ovis
1666 1924 1793 1953 morbida
1810 1924 1969 1959 abiiciatur,
1988 1927 2016 1954 et

1163 1970 1322 1999 membrum
1344 1970 1488 2007 putridum
1511 1971 1703 2007 praecidatur,
1726 1979 1761 2000 ne
1782 1979 1848 2000 sana
1869 1972 1931 2001 inde
1952 1972 2015 2001 infi-

1164 2017 1274 2046 ciantur
1295 2020 1322 2046 et
1343 2021 1581 2054 corrumpantur?
1603 2018 1636 2046 ad
1658 2018 1766 2047 Galatas
1791 2019 1928 2055 quint08:
1955 2020 2014 2048 Uti-

1163 2073 1236 2093 nam
1256 2068 1281 2093 et
1301 2064 1518 2093 abscindantur
1545 2065 1597 2103 qui
1622 2073 1673 2093 vos
1694 2065 1870 2094 conturbant
1877 2077 1887 2100 ;
1908 2067 2015 2103 primae

1164 2111 1198 2140 ad
1219 2111 1376 2140 Corinthios
1396 2111 1508 2148 quinto:
1532 2110 1654 2149 Auferte
1674 2112 1788 2141 matam
1808 2121 1843 2141 eac
1866 2113 2014 2142 vobismet—

1164 2158 1245 2195 ipsis.
1264 2158 1375 2194 Qnoctsi
1389 2158 1515 2195 infidelis
1536 2159 1673 2193 discedit,
1696 2159 1842 2194 discedam
1863 2160 1953 2190 Lucae
1967 2161 2014 2190 de-

1164 2205 1235 2234 cimo
1256 2206 1355 2234 tertio:
1377 2206 1499 2234 Saceicte
1520 2215 1588 2243 erqo
1610 2206 1709 2241 illam,
1732 2207 1835 2236 scilicet
1863 2208 1948 2237 ficum
1973 2208 2015 2237 in-

1163 2252 1351 2287 fructuosam,
1373 2257 1407 2281 at
1427 2253 1499 2291 quid
1526 2254 1615 2282 etiam
1647 2257 1759 2282 terrain
1783 2255 1923 2292 occupat?
1946 2256 2013 2284 Mat-

1164 2300 1237 2328 thaei
1259 2300 1341 2329 tertio
1352 2300 1378 2328 ⁹:
1403 2301 1505 2329 Omnis
1519 2300 1627 2335 arbor,
1643 2310 1718 2339 qaae
1732 2310 1791 2330 non
1804 2301 1863 2338 fert
1876 2301 2013 2339 fractam.

1165 2347 1287 2381 bonum,
1320 2348 1486 2381 eoecidetar;
1518 2348 1704 2377 Numerorum
1734 2349 1847 2386 quinto:
1872 2350 2014 2387 Praecipe

1163 2394 1233 2431 filiis
1254 2394 1365 2428 Israel,
1388 2398 1421 2423 at
1441 2395 1559 2423 eiiciant
1581 2395 1615 2424 de
1645 2397 1753 2424 eastris
1783 2404 1898 2425 omnem
1920 2396 2012 2434 lepro-

1163 2450 1244 2476 sam,
1277 2446 1303 2470 et
1332 2442 1384 2481 qai
1413 2443 1521 2471 semine
1550 2442 1617 2479 fluit
1637 2443 1821 2481 pollutusque
1853 2447 1895 2472 cst
1922 2452 2014 2482 saper

1163 2492 1297 2523 mortno,
1318 2498 1354 2517 ne
1375 2490 1571 2518 contaminent
1591 2498 1639 2524 ea,
1662 2499 1729 2518 cuin
1744 2489 1943 2520 habitaverint
1965 2500 2014 2520 vo-

1165 2536 1276 2565 biscum
1298 2539 1349 2565 etc.
1372 2537 1409 2565 Ad
1431 2537 1483 2565 ista
1504 2540 1595 2566 tamen
1616 2545 1671 2565 non
1693 2537 1794 2566 debent
1814 2537 1921 2574 impetu
1936 2537 2014 2573 ferri,

1164 2583 1212 2612 sed
1232 2586 1343 2612 maturo
1375 2584 1488 2613 consilio
1520 2584 1690 2620 prudentum
1713 2587 1740 2613 et
1765 2584 1895 2621 spiritum
1918 2585 1966 2614 Dei
1987 2588 2014 2614 et

321 2773 328 2785 ¹
348 2773 412 2796 Vers.
431 2774 456 2795 S:
476 2774 531 2796 Nam
550 2774 676 2802 corporalis
698 2774 829 2796 exercitatio
852 2774 882 2796 ad
904 2774 1023 2797 modicum
1048 2774 1108 2796 utilis

257 2815 303 2839 est,
321 2812 394 2840 pietas
412 2816 489 2835 autem
507 2816 550 2835 etc.

321 2851 330 2863 ²
348 2852 413 2873 Eccli.
436 2852 474 2879 19,
493 2853 513 2874 l.

321 2889 329 2902 ³
349 2891 377 2912 lta
395 2890 447 2912 cod.
464 2893 487 2913 et
503 2891 557 2913 edd.
574 2891 596 2913 Si
615 2897 660 2913 non
678 2893 712 2913 est
729 2897 794 2913 error
807 2891 966 2920 111110110111111,
984 2891 1107 2919 0001111110-

257 2929 296 2952 bet
313 2936 366 2951 cum
381 2930 413 2952 Du
427 2929 515 2958 Gange,
528 2930 669 2953 Glossarium
688 2932 729 2953 etc.
748 2931 770 2953 111
789 2937 870 2953 sensu:
888 2930 984 2953 Habitus
1001 2930 1073 2953 moris
1085 2933 1107 2953 et

258 2970 337 2996 gestus
355 2969 519 2995 conformatio,
536 2969 618 2991 Gallice
637 2968 790 2992 Contenance.

320 3006 329 3019 4
347 3007 414 3030 Yers.
433 3008 454 3029 l.

1227 2773 1237 2786 ⁵
1254 2775 1284 2796 lta
1302 2775 1367 2801 cod,
1386 2775 1436 2796 Vat.
1454 2777 1477 2796 01
1498 2775 1518 2802 l,
1537 2775 1549 2796 2
1560 2775 1650 2803 portet,
1664 2774 1807 2802 dissimulet,
1817 2774 1958 2803 patientium
1970 2778 2013 2797 010.

1227 2811 1237 2825 ⁶
1255 2813 1319 2835 Vers.
1337 2814 1380 2840 303
1398 2816 1527 2842 sequuntur
1538 2814 1610 2841 Apoc.
1623 2814 1664 2841 22,
1681 2814 1686 2835 1
1698 2814 1702 2835 l
1715 2821 1720 2842 ;
1733 2814 1818 2836 deinde
1830 2814 1906 2836 Matth.
1920 2814 1948 2836 26
1957 2831 1962 2841 ,
1975 2814 2013 2836 24.

1228 2851 1236 2864 ⁷
1254 2852 1303 2874 lsai.
1320 2853 1362 2880 57,
1380 2853 1416 2874 ¹ll.
1434 2865 1464 2869 —
1483 2853 1557 2880 Supra
1575 2855 1627 2880 post
1641 2851 1772 2882 prolapsus
1790 2853 1887 2880 supple:
1906 2856 1974 2875 esset.

1227 2890 1236 2903 s
1254 2892 1319 2914 Vers.
1338 2892 1379 2919 ¹123
1397 2895 1527 2920 sequuntur
1544 2892 1557 2914 1.
1576 2891 1628 2914 Cor.
1646 2892 1672 2919 5,
1691 2892 1732 2920 1l3;
1750 2892 1776 2919 7,
1798 2892 1836 2914 15:
1855 2892 1943 2920 Quodsi
1965 2892 2014 2914 infi-

1164 2930 1221 2953 delis
1238 2933 1293 2957 etc.;
1310 2931 1365 2953 Luc.
1388 2931 1426 2958 13,
1443 2931 1467 2953 7.

1227 2968 1236 2981 ⁹
1253 2970 1319 2991 Vers.
1338 2970 1378 2996 ‘¹03
1396 2973 1525 2998 sequuntur
1543 2970 1610 2992 Num.
1628 2971 1654 2998 5,
1667 2971 1688 2992 2.
1702 2970 1727 2997 33
1740 2970 1824 2992 deinde
1837 2970 1902 2992 Eccli,
1916 2970 1958 2998 32,
1972 2970 2011 2993 24,

1165 3008 1285 3037 (Vulgataz
1303 3009 1355 3035 Fili,
1372 3009 1421 3031 siue
1438 3009 1531 3032 consilio
1549 3010 1604 3031 nihil
1621 3009 1689 3032 facias
1708 3011 1759 3038 etc.)
1777 3009 1854 3031 Matth.
1872 3010 1913 3036 18,
1931 3009 1952 3031 6.
