2133 3317
11 495 63 523 tertia

8 525 17 539 e
28 521 69 539 tria.

0 822 73 841 trimum.

0 1852 70 1871 undum.

324 223 520 253 OPUSCULUM
540 222 606 251 XVI.
628 221 801 251 EXPOSITIO
823 222 926 251 SUPER
947 222 1101 252 REGULAM
1122 223 1276 253 FRATRUM
1297 223 1459 253 MINORUM.
1480 223 1548 252 CAP.
1567 223 1596 252 11.

89 301 239 339 implicare.
275 301 351 338 Quae
382 304 474 330 autem
506 300 551 329 hic
581 300 729 334 dicuntur,
761 299 931 336 colliguntur

88 349 189 382 Extra,
210 347 243 376 de
262 347 446 376 Conversioue
467 347 694 383 coniugatorum,
716 346 836 383 capitulo
859 346 932 375 Cum

88 395 162 428 sts1,
183 397 210 423 et
230 394 291 423 aliis
312 393 449 430 pluribus.

168 442 193 469 6,
217 441 322 469 Dicant
344 440 401 469 illis
428 440 549 468 verbam
573 440 670 468 sancti
698 439 856 477 Evangelii.
886 439 932 468 Hic

89 487 181 525 agitur
195 487 228 515 de
243 487 338 521 tertio,
360 486 463 515 scilicet
477 486 511 515 de
526 486 683 524 Reliyz'onis
696 486 838 523 puritate,
860 494 932 523 quae

89 533 117 562 in
138 533 229 562 tribus
250 533 386 562 consistit:
408 533 435 561 10
450 533 619 561 venientium
632 533 643 549 ²
661 532 855 561 denudatione
870 540 932 569 per-

88 581 174 615 fecta,
202 580 230 608 in
257 579 433 618 fruyalitate
461 579 662 617 recipientium
688 579 846 613 manifesta,
875 578 931 607 ibi:

89 628 124 656 Et
137 630 258 655 caveant
273 628 396 655 Fratres
410 630 434 655 et
455 635 557 655 eorum
579 626 723 659 Ministri,
744 635 779 654 ne
800 625 932 658 solliciti;

87 674 179 707 tertio,
204 673 232 702 in
254 673 410 702 directione
431 674 471 702 ad
491 673 691 702 relevationem
712 680 881 709 pauperum
895 672 933 700 di-

90 724 196 754 screta,
218 720 271 749 ibi:
294 720 326 749 Si
346 724 442 749 tamen
463 719 618 749 consilium
640 719 822 758 requiratur.

166 768 218 796 Pro
239 768 330 804 primo
360 767 441 796 dicit:
466 767 572 795 Dicant
602 767 660 795 illis
690 765 811 795 verbani
837 766 934 794 saneti

89 814 255 852 Evanqelii,
283 815 360 853 qnod
389 814 502 842 vadant
534 817 560 842 et
592 814 720 842 vendant
744 813 845 841 omnia
875 821 933 841 saa

88 865 115 890 et
134 870 167 890 ea
188 861 323 890 studeant
345 860 529 898 pauperibus
556 869 687 898 erogare.
709 860 763 888 Hoc
785 860 857 888 enim
886 867 933 888 su-

87 908 174 937 mitur
194 907 228 936 de
250 907 363 936 consilio
385 907 506 941 Domini,
527 907 655 935 Matthaei
683 906 790 935 decimo
818 914 890 934 nono
906 906 931 940 ³;

66 975 73 980 .
88 957 120 984 ut
140 954 196 983 sint
216 954 321 983 scilicet
341 954 408 982 nudi
430 962 484 982 non
507 954 596 982 solum
619 953 720 987 corde,
742 957 773 982 ut
798 956 864 982 sunt
885 953 932 990 qui

88 1009 136 1031 cor
156 1001 258 1030 divitiis
279 1001 380 1029 habitis
395 1009 449 1029 non
464 1004 622 1038 apponunt,
643 1008 694 1029 nec
715 1000 809 1028 nudati
825 1003 932 1029 tantum

87 1047 239 1086 chlamyde
259 1055 322 1076 cum
351 1048 447 1084 Ioseph
475 1047 633 1084 Aegyptiam
655 1047 793 1084 fugiente,
821 1047 933 1075 Genesis

86 1095 229 1132 trigesimo
250 1103 338 1128 nono,
360 1102 443 1131 quem
459 1094 619 1128 imitantur,
641 1094 703 1131 qui,
726 1094 829 1123 relictis
843 1094 933 1131 impli-

86 1141 197 1175 cativis‚
220 1141 271 1170 sihi
293 1141 414 1169 retinent
427 1141 632 1177 operimentum
653 1140 794 1169 sufficiens
815 1141 932 1169 nuditati

85 1190 113 1216 et
133 1195 185 1216 suo
211 1187 294 1216 modo
321 1187 388 1215 nudi
410 1187 512 1215 nudam
539 1194 651 1215 crucem
680 1191 856 1223 sequuntur;
885 1186 932 1215 sed

86 1235 141 1264 sint
161 1234 243 1263 etiam
264 1234 333 1263 adeo
354 1234 437 1268 nudi,
457 1237 489 1262 ut
504 1234 559 1262 sint
580 1234 688 1270 spoliati
709 1234 831 1262 sindone
844 1242 933 1271 saper

85 1281 181 1314 nudo,
202 1283 234 1309 ut
261 1288 277 1309 a
305 1281 498 1318 propinquiori
526 1289 590 1309 cum
611 1281 782 1309 adolescente
803 1281 933 1317 diligente

85 1327 233 1356 Dominum
265 1336 332 1364 prae
363 1328 481 1362 ceteris,
514 1331 544 1356 ut
576 1322 677 1364 legitur
712 1328 794 1356 Marci
826 1328 932 1356 decimo

86 1375 210 1412 quarto4
229 1375 257 1403 in
287 1377 368 1403 textu
396 1379 423 1403 01
444 1375 471 1403 10
499 1375 609 1408 Glossa,
636 1375 709 1403 omni
737 1375 844 1403 abiecto
866 1383 932 1411 pon-

85 1421 166 1456 dere,
188 1421 216 1450 in
231 1421 364 1450 nuditatis
379 1421 498 1450 termino
520 1422 602 1450 statui
619 1421 678 1450 viae
693 1422 814 1458 possibili
830 1421 931 1450 Christi

85 1469 201 1506 vestigia
218 1468 372 1497 imitentur.
389 1485 425 1488 —
442 1469 525 1504 Quod
538 1469 566 1497 si
579 1467 678 1505 faeere
692 1477 750 1497 non
769 1468 931 1505 potuerint,

85 1518 200 1552 propter
221 1515 273 1544 loci
295 1515 468 1548 distantiam,
490 1515 532 1543 vel
555 1518 670 1552 propter
698 1515 788 1543 litium
811 1515 932 1552 implica-

86 1562 206 1596 tionem,
227 1561 335 1600 sufficz't
355 1562 395 1590 eis
418 1562 492 1590 bona
514 1562 664 1596 voluntas,
679 1562 745 1599 quia
766 1562 839 1590 licite
861 1561 932 1591 cedi-

86 1612 133 1638 tur
154 1612 181 1637 01
202 1609 293 1637 omnia
321 1612 554 1644 contemnuntur,
576 1609 657 1637 iuxta
682 1609 749 1637 illud
776 1609 932 1645 Hieronymi

86 1656 118 1685 ad
141 1656 325 1685 Paulinum⁵:
351 1667 364 1681 α
380 1656 406 1684 Si
429 1656 514 1685 habes
535 1664 580 1685 res
601 1659 679 1690 tuas,
701 1655 805 1690 vende;
827 1656 849 1684 si
877 1664 931 1684 non

85 1703 187 1737 habes,
208 1703 320 1740 proiice.
349 1703 434 1732 Nemo
462 1703 676 1732 renuntiaturus
704 1703 816 1731 saeculo
843 1705 933 1739 potest

85 1749 155 1779 bene
177 1750 296 1779 vendere
316 1758 388 1788 quae
410 1750 587 1787 contempsit,
609 1753 641 1779 ut
662 1750 833 1779 venderet».

165 1799 191 1825 7.
214 1797 346 1834 Sequitur
366 1797 400 1826 de
417 1797 551 1834 puritate
572 1805 591 1825 a
609 1800 696 1834 parte
713 1797 932 1834 recipientium,

86 1852 150 1873 cum
172 1844 298 1873 additur:
315 1845 349 1873 Et
370 1847 494 1873 caveant
508 1845 638 1873 Fratres.
662 1843 735 1872 Istud
757 1844 866 1873 videtur
880 1843 933 1872 dici

82 1890 288 1929 prohibitorie,
304 1899 368 1920 cum
383 1891 542 1920 inhibeatur
557 1894 588 1920 ut
602 1891 744 1924 illicitum,
764 1891 837 1928 quod
859 1890 934 1919 colli-

85 1938 161 1976 gitur
176 1946 212 1967 ex
236 1939 286 1967 hoc
301 1938 374 1975 quod
390 1938 534 1975 sequitur:
557 1938 590 1967 Si
610 1941 705 1967 tamen
720 1937 875 1966 eonsilium
889 1946 933 1966 re-

85 1985 235 2023 quiratur.
252 1985 292 2013 Ex
307 1993 363 2022 quo
378 1985 450 2014 0010]
467 1985 577 2014 licentia
598 1985 624 2014 in
644 1986 696 2014 hoc
712 1988 820 2014 tautum
834 1985 932 2019 datur,

86 2031 114 2060 in
135 2031 188 2060 alio
208 2031 369 2069 denegatur.
390 2049 426 2052 —
446 2033 479 2060 Et
500 2040 600 2060 eorum
623 2032 768 2065 Ministri,
794 2040 828 2059 ne
856 2031 934 2060 solli-

86 2079 137 2107 citi
157 2079 217 2107 sint
237 2079 270 2107 de
291 2079 377 2107 rebus
398 2079 462 2107 sais
483 2078 704 2116 temporalibus,
726 2082 759 2106 ut
780 2078 865 2106 libere
885 2077 933 2115 fa-

87 2125 168 2154 ciant
188 2125 222 2153 de
242 2124 328 2153 rebus
348 2125 426 2159 sais,
449 2125 593 2163 quidquid
611 2125 755 2153 Dominus
771 2124 933 2162 inspirave-

148 2270 156 2284 ²
174 2270 235 2294 Libr.
254 2271 287 2293 lll.
310 2271 399 2293 Decret.
415 2271 512 2299 Gregor.
539 2271 578 2294 IX.
603 2271 636 2294 tit.
653 2272 690 2294 32.
717 2278 738 2294 c.
761 2271 783 2294 4.
804 2271 850 2294 Ctr.
872 2271 928 2294 ibid.

87 2316 106 2332 c.
119 2311 141 2332 8.
158 2314 179 2332 et
198 2310 235 2332 13.

148 2347 158 2361 ⁹
175 2348 232 2371 Cod.
250 2349 268 2370 D
284 2348 348 2371 addit
364 2348 396 2371 ad
412 2355 473 2371 eam.
486 2349 580 2371 Interius
597 2355 638 2377 pro
650 2349 752 2372 discreta
769 2349 891 2372 ABCFG
908 2352 930 2372 et

87 2388 124 2410 ed.
142 2388 150 2410 1
172 2387 274 2411 sincera.

148 2424 158 2438 ⁸
177 2426 241 2449 Vers.
259 2427 300 2448 21:
320 2426 341 2448 Si
359 2426 396 2448 vis
413 2427 529 2454 perfectus
545 2433 608 2453 esse,
625 2426 696 2454 vade,
714 2427 790 2449 vende
809 2432 870 2455 quae
893 2427 930 2448 ha-

88 2465 129 2488 bes
145 2468 167 2488 et
184 2465 212 2487 da
231 2465 380 2493 pauperihus.
399 2466 449 2487 Vat.
466 2465 571 2493 adiungit
588 2466 642 2488 Luc.
660 2466 685 2492 9,
703 2466 741 2487 61.
761 2472 809 2494 seq.
826 2478 857 2482 —
874 2465 930 2488 Sub-

87 2504 142 2527 inde
159 2505 313 2532 respiciuntur
335 2505 370 2527 Ps.
388 2505 429 2532 61,
448 2505 488 2527 11;
513 2505 609 2526 Divitiae
629 2504 648 2526 si
671 2505 775 2532 affluant,
798 2504 867 2526 nolite
890 2510 930 2526 cor

86 2549 216 2572 apponere;
233 2544 289 2566 Gen.
307 2544 348 2572 39,
370 2544 407 2566 l2:
425 2544 480 2572 Qui,
492 2544 570 2566 relicto
587 2543 610 2565 in
622 2549 692 2565 manu
704 2543 754 2565 01115
766 2543 843 2571 pallio,
861 2543 930 2570 fugin

86 2582 179 2605 Hieron.
196 2583 318 2605 sententia:
340 2591 350 2604 ‹
363 2583 487 2611 Solemque
512 2588 604 2605 crucem
630 2582 691 2604 nuda
713 2582 839 2611 sequaris»
860 2588 930 2610 supra

87 2627 142 2649 pag.
158 2622 215 2648 280,
233 2625 284 2644 nota
304 2621 326 2644 t.
346 2622 450 2649 allegata.

149 2659 159 2673 ⁴
178 2661 243 2683 Vers.
260 2660 298 2683 51.
315 2667 364 2689 seq.
381 2660 426 2683 Ctr.
445 2666 516 2688 supra
533 2666 586 2688 pag.
605 2660 661 2688 254,
678 2663 732 2682 nota
745 2660 786 2688 10,
804 2659 843 2682 ubi
861 2660 929 2682 eliam

87 2699 117 2721 de
133 2699 213 2721 Glossa
238 2699 362 2722 ordinaria
388 2705 414 2722 ex
440 2699 501 2721 Beda
519 2699 543 2721 in
569 2700 629 2721 hunc
655 2699 739 2721 locum.
756 2711 787 2716 —
804 2699 846 2721 Pro
866 2698 932 2721 omni

87 2736 174 2761 abiecto
188 2737 293 2767 pondere
311 2738 354 2765 (ita
373 2739 399 2767 D)
417 2738 472 2760 alias
489 2744 543 2761 cuni
560 2737 647 2760 abiecto
662 2737 774 2766 pondere.

150 2775 160 2789 ⁶
177 2777 245 2804 Epist.
264 2777 301 2799 53.
315 2777 380 2805 (alias
399 2777 460 2806 103.)
479 2783 502 2798 n.
518 2777 556 2798 l0:
575 2777 645 2798 Nemo
657 2777 829 2798 renuntiaturus
839 2776 930 2798 saeculo

88 2813 146 2837 hene
163 2818 238 2843 potest
254 2816 355 2838 vendere
375 2821 435 2844 quae
460 2815 609 2843 contempsit,
626 2819 650 2837 ut
667 2815 802 2837 venderet...
819 2815 842 2837 Si
860 2815 931 2837 habes

89 2854 112 2876 in
129 2857 240 2882 potestate
256 2861 305 2877 rem
324 2857 398 2883 tuam,
417 2855 505 2882 vende;
522 2855 541 2877 si
558 2861 604 2876 non
627 2853 709 2882 habes,
730 2854 825 2882 proiice.
841 2867 872 2871 -
889 2854 930 2876 Cui

88 2893 211 2915 sententiae
229 2894 246 2916 Α
264 2896 285 2916 et
302 2894 340 2916 ed.
361 2894 368 2915 1
391 2893 479 2916 addunt
496 2896 581 2916 textum
603 2894 657 2915 Luc.
675 2893 700 2919 9,
722 2893 759 2915 61.
782 2898 843 2921 seq.,
860 2899 930 2921 quem

89 2931 141 2954 Vat.
161 2935 214 2954 nota
233 2933 253 2954 3.
277 2933 364 2955 retulit:
387 2933 465 2955 Simile
488 2939 583 2961 quoque
605 2932 688 2960 legitur
705 2932 758 2954 Luc.
776 2932 802 2959 9,
820 2931 859 2953 ubi
877 2931 931 2954 dici-

89 2972 138 2993 tur:
155 2970 249 3000 Sequar
265 2972 297 2999 te,
316 2971 437 2994 Domine...
453 2973 524 2999 aptus
540 2972 574 2994 est
590 2977 664 3001 regno
677 2970 725 2993 Dei.
743 2983 773 2988 —
791 2971 864 2999 Supra
888 2977 930 2999 pro

89 3008 149 3033 licite
165 3010 315 3032 ABCDFG
332 3013 354 3032 et
371 3010 407 3032 ed.
428 3011 435 3032 1
457 3009 503 3038 liti,
525 3011 581 3033 torte
599 3009 659 3033 licite
676 3009 718 3032 liti.

1777 224 1832 253 399

989 301 1029 329 rit
1049 301 1097 329 eis.
1130 301 1183 330 Hoc
1211 301 1332 330 sumitur
1359 309 1396 330 ex
1427 301 1555 338 exemplo
1583 301 1691 331 Domini
1718 301 1833 331 dicentis

989 347 1117 376 Matthaei
1138 347 1244 376 decimo
1265 356 1338 377 nono
1352 348 1378 376 ⁶:
1402 349 1491 377 Vende
1511 348 1622 382 omnia,
1644 357 1718 387 qaae
1731 347 1832 383 lzabes,

988 397 1013 422 et
1033 394 1073 422 da
1093 394 1284 431 pauperibus.
1307 395 1391 424 Secus
1418 398 1478 424 erat
1499 395 1526 424 in
1555 395 1666 424 Actibus
1694 396 1833 433 Apostolo-

989 448 1052 468 rum
1067 443 1179 477 quarto,
1201 441 1248 469 ubi
1264 441 1378 476 dicitur,
1400 442 1474 479 quod
1492 446 1606 479 propter
1628 442 1832 471 multitudinem

989 487 1115 515 virorum
1136 495 1167 516 ac
1188 488 1337 516 mulierum
1360 489 1442 517 simul
1463 489 1655 523 existentium,
1677 489 1749 518 inter
1763 497 1834 527 quos

989 533 1083 562 nullus
1104 536 1164 562 erat
1185 542 1283 571 egens,
1304 535 1422 571 Apostoli
1445 536 1578 572 gerebant
1598 536 1731 573 pecuniae
1752 536 1832 573 pretii

989 587 1085 608 rerum
1107 581 1281 609 venditarum
1303 581 1336 610 ad
1362 585 1471 619 tempus
1492 582 1719 617 sollicitudinem,
1748 590 1831 620 quam

989 626 1042 655 cito
1057 626 1223 655 dimiserunt
1241 627 1313 656 sicut
1330 628 1515 665 impeditivam
1541 629 1618 658 verbi
1634 629 1695 663 Dei,
1711 629 1782 658 sicut
1796 629 1833 658 le—

988 673 1064 709 gitur
1085 674 1202 702 11010110]
1224 678 1313 703 sexto.
1336 675 1491 704 Districtior
1513 675 1584 704 enim
1607 680 1634 704 et
1655 676 1833 705 excellentior

989 722 1030 748 est
1051 720 1148 756 regula
1168 720 1202 749 ab
1224 721 1283 757 ipso
1298 721 1415 750 Domino
1437 722 1586 751 constituta
1607 723 1753 759 Apostolis,
1769 730 1832 751 cum

989 766 1059 794 dixit
1074 767 1113 795 eis
1135 767 1261 796 Matthaei
1284 768 1390 797 decimo
1402 769 1426 797 ⁷:
1448 768 1541 797 Nolite
1555 769 1704 806 possidere
1722 778 1833 798 aarum

989 821 1078 851 neque
1099 817 1270 851 argentam,
1292 823 1375 851 quani
1398 816 1443 843 illa
1464 823 1535 852 quae
1557 816 1706 844 constituta
1726 819 1767 845 est
1781 816 1832 845 sub

989 860 1123 897 Apostolis
1153 861 1323 890 multitudini
1353 862 1509 898 primitivae
1536 863 1620 891 simul
1649 863 1831 891 habitantium

989 907 1115 935 virorum
1136 910 1163 935 et
1184 908 1347 941 mulierum,
1363 908 1410 936 ubi
1429 909 1523 937 nullus
1537 917 1634 937 eorum
1653 909 1756 946 aliquid
1771 917 1831 946 pos—

990 953 1107 987 sidebat,
1140 962 1230 992 neque
1263 963 1351 982 suani
1388 954 1501 993 aliquid
1533 964 1591 984 esse
1625 955 1750 990 dicebat,
1786 955 1831 984 sed

990 1000 1080 1036 ipsum
1102 1001 1129 1029 in
1152 1001 1290 1030 communi
1313 1009 1376 1030 cum
1398 1002 1459 1030 aliis
1473 1002 1635 1038 possidebat.
1658 1002 1730 1031 Hanc
1752 1010 1834 1039 regu-

990 1047 1043 1075 lam
1066 1047 1274 1084 51111100510115
1302 1048 1479 1077 constitutam
1507 1049 1626 1077 instituit
1656 1049 1754 1078 beatus
1781 1050 1833 1077 Au-

989 1094 1117 1130 gustinus
1129 1094 1139 1111 8
1161 1094 1211 1123 sibi
1228 1097 1255 1123 et
1276 1095 1383 1124 clericis
1398 1096 1468 1129 suis,
1488 1099 1624 1129 statuens,
1640 1103 1673 1124 ne
1689 1095 1755 1132 quid
1770 1103 1833 1132 pro-

990 1141 1042 1177 prii
1064 1141 1244 1177 possiderent.
1270 1141 1322 1170 Sed
1343 1142 1408 1178 quia
1429 1142 1496 1171 vidit
1524 1142 1708 1179 Augustinus,
1730 1150 1790 1171 eam
1818 1150 1833 1172 a

990 1187 1097 1216 clericis
1118 1196 1172 1216 non
1195 1189 1317 1222 servari,
1347 1189 1465 1217 mutavit
1485 1189 1627 1218 decretum
1656 1197 1703 1218 eos
1731 1190 1833 1219 habere

989 1235 1133 1271 proprium
1166 1235 1343 1269 sustinendo,
1372 1239 1403 1264 ut
1434 1239 1509 1272 patet
1539 1237 1627 1265 Causa
1656 1237 1832 1271 duodecima,

989 1282 1149 1318 quaestione
1170 1282 1275 1318 prima,
1298 1290 1401 1311 canone
1425 1283 1503 1311 Certe
1523 1292 1581 1320 690.

1067 1329 1093 1356 8.
1117 1329 1190 1357 Hanc
1211 1329 1325 1358 eandem
1351 1330 1537 1358 multitudinis
1558 1330 1681 1367 regulam
1710 1330 1833 1359 imitatus

989 1378 1101 1404 sanctus
1122 1375 1307 1404 Βο00111011159
1330 1376 1480 1410 mandavit,
1502 1377 1572 1405 hona
1587 1377 1620 1405 ad
1642 1377 1772 1405 Ordinem
1788 1385 1833 1405 ve-

988 1422 1140 1456 nientium,
1163 1423 1213 1451 0151
1242 1423 1376 1451 darentur
1398 1423 1582 1459 pauperihus,
1610 1423 1722 1460 adiungi
1751 1423 1834 1452 rebus

989 1469 1120 1497 ecclesiae
1136 1469 1350 1504 monachorum,
1372 1473 1403 1498 ut
1419 1470 1484 1506 ipsi,
1506 1470 1630 1499 viventes
1648 1470 1706 1499 sine
1721 1470 1834 1507 proprio

989 1516 1139 1552 personali,
1156 1516 1289 1545 haberent
1307 1516 1492 1553 possessiones
1507 1517 1681 1545 monasteriis
1695 1517 1833 1554 proprias3

989 1563 1092 1599 quibus
1124 1563 1181 1599 ipse
1209 1563 1316 1591 nullum
1346 1563 1476 1600 praefixit
1497 1563 1610 1592 limitem
1639 1566 1765 1592 terrenae
1796 1563 1834 1592 af—

989 1609 1119 1638 fluentiae
1134 1609 1335 1646 acquirendae,
1354 1610 1427 1639 unde
1442 1618 1549 1647 agrum
1565 1619 1638 1648 ayro
1653 1619 1706 1639 000
1728 1613 1835 1639 cessant

990 1664 1079 1693 usque
1094 1656 1175 1685 hodie
1190 1664 1286 1685 eorum
1302 1657 1414 1694 plurimi
1430 1657 1575 1694 copulare.
1591 1674 1629 1678 —
1643 1658 1699 1686 Alia
1714 1658 1766 1686 suit
1779 1657 1834 1686 for-

989 1711 1034 1731 ma
1048 1703 1226 1740 antiquorum
1241 1704 1455 1738 monachorum,
1471 1704 1551 1732 iuxta
1565 1704 1638 1741 quod
1659 1707 1755 1733 narrat
1768 1704 1834 1733 Gre-

989 1750 1085 1790 gorius
1106 1750 1188 1779 tertio
1204 1750 1380 1787 Dialogorum
1395 1751 1417 1768 ²⁰
1438 1751 1471 1780 de
1493 1754 1587 1779 sancto
1602 1752 1674 1780 Isaac
1689 1751 1832 1780 monacho.

989 1797 1038 1825 Cui
1060 1804 1124 1825 cum
1146 1797 1258 1834 plurimi
1282 1798 1466 1834 possessiones
1487 1798 1619 1827 offerrent
1639 1798 1672 1827 ad
1698 1802 1834 1827 monaste—

990 1844 1064 1873 rium
1080 1844 1313 1878 constituendum,
1325 1845 1370 1874 ille
1381 1845 1472 1873 omnia
1488 1845 1578 1873 oblata
1594 1853 1737 1882 respuens,
1754 1857 1767 1870 α
1782 1845 1834 1874 for-

990 1894 1044 1920 tem
1058 1891 1167 1920 tenebat
1178 1891 1350 1926 sententiam,
1365 1892 1470 1921 dicens:
1487 1893 1645 1926 Monachus,
1657 1893 1704 1929 qui
1721 1893 1834 1921 interra

990 1938 1189 1974 possessionem
1212 1939 1334 1975 quaerit,
1349 1939 1501 1967 monachus
1521 1947 1575 1967 non
1591 1942 1632 1968 est
1645 1951 1672 1967 n.
1690 1939 1720 1968 Et
1741 1939 1834 1968 Hiero-

990 1992 1090 2021 nymus
1104 1984 1137 2013 ad
1155 1985 1297 2013 Paulinum
1314 1986 1349 2013 ¹¹:
1369 1985 1479 2014 «Habet
1500 1985 1719 2022 unumquodque
1734 1994 1834 2023 propo—

990 2031 1073 2060 situm
1089 2031 1227 2068 principes
1242 2039 1319 2065 suos;
1336 2032 1470 2060 habemus
1484 2035 1510 2060 et
1525 2040 1574 2061 nos
1587 2033 1725 2069 principes
1737 2041 1834 2069 propo-

990 2078 1033 2106 siti
1055 2078 1156 2111 nostri,
1174 2078 1270 2106 Paulos
1291 2081 1318 2107 et
1339 2079 1476 2107 Antonios.
1499 2079 1578 2113 Item,
1597 2083 1690 2108 noster
1706 2079 1834 2116 princeps

990 2124 1074 2158 Elias,
1095 2127 1188 2153 noster
1208 2124 1327 2159 Eliseus,
1349 2125 1436 2154 nostri
1457 2125 1541 2154 duces
1556 2126 1603 2154 filii
1618 2126 1832 2163 Prophetarum,

1048 2270 1058 2284 ὓ
1077 2272 1141 2294 vers.
1159 2272 1195 2293 21.
1213 2284 1244 2287 —-
1261 2270 1364 2293 Subinde
1381 2272 1509 2299 allegantur
1520 2272 1568 2294 Act.
1582 2271 1606 2298 4,
1619 2271 1656 2294 34.
1668 2278 1717 2300 seq.
1734 2272 1792 2300 016,
1811 2273 1832 2294 2.

985 2316 1049 2339 seqq.
1069 2323 1098 2326 —
1116 2310 1227 2338 Superius
1245 2310 1351 2332 omittunt
1369 2311 1414 2332 AG
1432 2314 1455 2332 et
1470 2310 1508 2333 ed.
1529 2311 1534 2332 1
1556 2310 1660 2334 sumitur
1677 2317 1719 2338 ear,
1738 2314 1760 2332 et
1777 2311 1832 2333 inse-

986 2349 1046 2376 rius,
1063 2348 1187 2371 substituto
1205 2355 1290 2372 curam
1307 2355 1350 2376 pro
1365 2349 1492 2378 pecuniae,
1510 2349 1529 2371 D
1546 2349 1629 2371 omittit
1641 2348 1830 2372 sollicitudinem.

1049 2386 1057 2399 ⁷
1076 2387 1141 2410 Vei-s.
1159 2388 1181 2409 9.
1193 2400 1224 2404 -
1235 2387 1338 2410 Subinde
1350 2388 1472 2415 respicitur
1488 2388 1537 2410 Act.
1556 2388 1580 2415 4,
1593 2388 1634 2414 32,
1652 2388 1693 2410 ubi
1704 2388 1741 2410 ed.
1755 2389 1762 2410 1
1778 2394 1832 2410 cum

987 2426 1056 2448 AFG
1073 2425 1115 2449 ubi
1130 2425 1212 2449 nullus
1233 2425 1325 2455 aliquis!
1345 2432 1429 2449 eorum
1446 2432 1506 2455 qnae
1522 2425 1683 2456 possidebant,
1699 2432 1770 2449 sumn
1783 2432 1832 2450 esse

986 2463 1083 2487 dicebat.
1100 2476 1131 2481 -
1148 2464 1260 2492 Superius
1277 2471 1320 2492 pro
1339 2464 1472 2488 Districtior
1484 2464 1546 2488 enim
1564 2465 1606 2493 (ita
1624 2466 1641 2487 11
1652 2465 1697 2488 DG
1714 2468 1736 2487 et
1752 2465 1789 2487 ed.
1808 2465 1830 2494 1)

987 2503 1038 2526 Vat.
1057 2502 1193 2531 Discretior,
1213 2507 1235 2526 et
1253 2510 1295 2531 pro
1312 2505 1345 2527 est
1361 2504 1447 2533 regula.
1465 2505 1482 2527 D
1499 2505 1551 2527 erat
1567 2504 1661 2534 remila.

1049 2540 1058 2554 ³
1076 2542 1121 2564 Csr.
1138 2548 1208 2570 supra
1227 2548 1280 2570 pag.
1298 2542 1355 2569 284,
1378 2545 1432 2565 nota
1450 2543 1472 2565 8.
1489 2555 1518 2559 -
1536 2543 1631 2565 Inferius
1652 2543 1763 2571 allegatur
1780 2549 1829 2566 can.

988 2581 1025 2603 18.
1042 2580 1109 2604 Caus.
1128 2582 1164 2603 42.
1189 2588 1212 2610 q.
1233 2582 1255 2608 l,
1280 2582 1320 2610 qui
1338 2585 1428 2604 sumtus
1453 2585 1486 2604 est
1503 2588 1531 2604 ex
1555 2582 1664 2609 August„
1687 2583 1760 2605 Serm.
1778 2583 1830 2606 355.

987 2620 1052 2649 (alias
1071 2620 1107 2642 49.
1125 2620 1154 2642 de
1171 2620 1281 2649 Diversis)
1300 2627 1321 2643 c.
1339 2620 1360 2642 4.
1377 2627 1399 2642 n.
1417 2621 1438 2643 6.

1050 2657 1059 2670 ⁰
1076 2660 1156 2687 Regul.
1174 2666 1194 2681 c.
1211 2660 1254 2682 58:
1272 2660 1328 2686 Res,
1345 2660 1364 2681 si
1380 2666 1439 2688 quas
1456 2659 1537 2686 habet,
1554 2662 1593 2682 aut
1609 2662 1689 2687 eroget
1701 2660 1765 2687 prius
1777 2666 1831 2688 pau-

987 2698 1095 2726 peribus,
1117 2701 1157 2720 aut
1178 2699 1234 2720 facta
1258 2699 1391 2721 solemniter
1407 2698 1542 2726 donatione,
1560 2700 1661 2721 conserat
1678 2699 1830 2726 monasterio,

987 2737 1043 2760 1111111
1059 2737 1103 2759 sibi
1121 2743 1242 2760 reservans
1260 2744 1285 2760 ex
1303 2736 1412 2760 omnibus
1429 2740 1470 2760 etc.
1489 2738 1545 2760 Intra
1563 2737 1683 2765 respicitur
1700 2738 1747 2760 lsai.
1765 2738 1791 2765 5,
1809 2738 1830 2760 8.

1050 2775 1069 2788 ¹⁰
1086 2775 1140 2803 Cap.
1160 2776 1195 2798 14.
1213 2775 1257 2798 Csr.
1275 2782 1345 2804 supra
1362 2782 1416 2804 pag.
1435 2776 1490 2803 278,
1505 2779 1558 2799 nota
1575 2777 1596 2799 3.
1614 2789 1644 2793 -
1662 2777 1773 2804 Superius
1791 2783 1831 2799 vo-

987 2814 1054 2837 cibus
1070 2814 1125 2838 Alia
1141 2814 1186 2844 suit
1204 2815 1222 2836 D
1240 2815 1353 2837 interserit
1367 2816 1454 2838 autem.

1050 2853 1068 2866 ¹¹
1087 2854 1157 2881 Epist.
1174 2854 1211 2876 58.
1230 2853 1354 2882 (attusia.)
1368 2860 1390 2876 n.
1407 2855 1429 2876 5.
1441 2854 1493 2876 Post
1504 2853 1626 2884 principes
1636 2860 1692 2878 suos
1705 2857 1778 2878 textus
1789 2855 1831 2877 ori-

988 2892 1070 2920 ginalis
1087 2893 1152 2920 plura
1170 2892 1233 2915 addit
1250 2895 1273 2915 et
1289 2892 1390 2916 subinde
1407 2899 1480 2920 pauca
1503 2893 1623 2916 interserit.
1640 2893 1683 2916 Pro
1704 2893 1792 2917 Paulos
1809 2895 1832 2917 et

988 2931 1102 2955 Antonios
1120 2932 1165 2959 (ita
1188 2932 1257 2954 etiam
1279 2934 1353 2954 textus
1375 2932 1501 2961 orIginalis)
1524 2933 1575 2955 Vat.
1595 2932 1700 2956 Paulum
1722 2934 1830 2957 01117110-

987 2970 1068 2998 nium,
1084 2977 1145 2999 quae
1161 2971 1230 2993 etiam
1248 2971 1330 2994 omittit
1346 2972 1368 2994 et
1383 2970 1509 2995 solitudine
1527 2971 1610 3000 (textus
1621 2972 1738 3000 originalis
1755 2973 1778 2995 et
1793 2977 1830 2995 so-

989 3008 1145 3037 litatlinibus).

1874 683 1901 702 De
1914 688 1978 702 norma

1847 706 1890 748 ¹tii-'gui
1900 707 1978 731 Aposto-

1846 870 1888 888 alia
1896 871 1925 888 est
1932 869 1979 888 mul-

1847 893 1933 912 titudinis
1941 893 1979 917 pri-

1846 916 1928 936 mitivae.

1856 1339 1883 1358 De
1896 1340 1966 1363 Regula

1846 1363 1865 1381 S.
1873 1363 1978 1383 Benedicti.

1852 1666 1879 1686 De
1891 1667 1935 1686 alia.
