2133 3317
15 716 46 737 eti.

10 775 13 792 1

9 798 12 809 Ι

10 819 12 832 1

0 853 13 938 ,l

461 203 660 233 OPUSCULUM
682 202 770 231 XXIII.
793 202 942 230 LEGENDA
965 202 1079 231 SANCTI
1100 202 1274 231 FRANCISCI.
1296 202 1365 231 CAP.
1388 202 1428 231 IV.

1759 202 1813 231 513

831 351 990 380 CAPrrULum
1013 351 1054 380 IV.

240 476 278 504 De
295 474 430 513 profectu
454 474 574 503 Ordinis
594 473 648 502 sab
668 482 762 502 mana
783 473 877 511 ipsias
897 476 923 501 ec
942 473 1162 510 confirmatione
1183 474 1308 511 Reyulae
1326 475 1414 511 prius
1439 474 1619 512 approbatae
1631 476 1649 503 ¹.

156 611 180 639 1.
202 610 299 638 Fretus
319 609 421 638 exinde
448 608 609 637 Franciscus
640 616 761 645 superna
781 608 869 644 gratia
889 611 916 636 et

0 655 60 769 &iffi-¹
77 657 238 687 auctoritate
259 655 364 693 papali,
385 663 448 684 cum
470 655 569 684 fiducia
590 655 678 683 multa
698 662 796 683 versus
817 655 915 683 vallem

78 704 247 742 Spoletanam
269 703 321 731 iter
342 702 474 739 arripuit,
496 706 527 730 ut
548 702 724 738 Evangelium
745 701 846 730 Christi
868 701 916 739 fa-

77 753 149 780 ceret
168 753 195 778 et
214 749 323 777 doceret
335 750 354 776 ².
377 749 448 777 Dum
469 751 562 777 autem
585 748 612 776 in
634 748 680 776 via
698 748 836 777 conferret
850 756 914 776 cum

77 796 170 830 sociis,
191 796 311 833 qualiter
332 795 477 832 Regulam,
499 803 583 832 quam
598 798 793 831 susceperant,
809 795 915 823 sincere

76 845 232 876 servarent,
254 842 373 879 qualiter
394 841 426 869 in
446 841 521 870 omni
535 841 689 870 sanctitate
703 844 727 869 et
742 841 857 869 institia
871 850 916 869 co-

59 897 141 920 ·ram
158 889 214 917 Deo
235 888 408 923 incederent,
430 888 549 925 qualiter
569 888 596 916 111
619 895 647 916 50
670 888 736 924 ipsis
751 888 916 924 proficerent

77 938 104 965 et
123 939 214 965 esseut
234 935 294 964 aliis
314 935 340 963 in
363 935 539 972 exemplum3
565 934 670 963 diutius
691 934 835 963 collatione
857 942 918 970 pro-

77 985 178 1016 tracta,
199 982 269 1011 hora
289 982 456 1019 pertransiit.
479 981 511 1009 Et
531 989 594 1010 cum
624 981 678 1009 iam
706 981 797 1009 lassati
825 984 917 1009 essent

77 1037 112 1059 ex
131 1029 313 1058 diuturnitate
336 1028 451 1062 laboris,
482 1028 636 1057 esurientes
668 1028 695 1056 in
716 1028 835 1064 quodam
858 1028 917 1056 loco

77 1076 229 1106 solitudinis
250 1076 442 1105 substiterunt.
465 1076 534 1103 Sane
555 1083 617 1103 cum
640 1075 729 1103 omnis
744 1075 788 1103 via
801 1075 916 1109 deesset,

77 1130 131 1160 qua
151 1125 261 1159 possent
282 1122 331 1150 sibi
354 1122 388 1151 de
408 1121 483 1150 victu
505 1121 659 1150 necessario
679 1121 841 1157 providere,
863 1124 917 1149 sta-

77 1168 124 1198 tim
145 1168 223 1197 affuit
243 1168 415 1205 providentia
430 1168 486 1196 Dei.
501 1168 568 1196 Nam
582 1167 674 1196 subito
688 1167 817 1204 apparuit
835 1167 918 1195 homo

77 1215 193 1244 afferens
213 1222 311 1252 panem
333 1215 360 1243 in
382 1222 482 1248 manu,
503 1222 586 1251 quem
618 1213 795 1250 pauperculis
815 1213 916 1242 Christi

77 1262 164 1296 dedit,
186 1261 333 1299 subitoque
354 1261 504 1298 disparuit,
523 1261 695 1298 incognitus,
716 1261 790 1289 unde
811 1261 918 1289 venerit

77 1309 120 1338 vel
140 1317 195 1346 quo
216 1309 277 1337 iret.
299 1308 499 1345 Cognoscentes
519 1310 611 1336 autem
634 1316 683 1344 per
704 1308 756 1336 hoc
783 1315 919 1344 pauperes

78 1356 200 1390 Fratres,
222 1363 375 1392 supernum
397 1355 448 1384 sibi
469 1355 496 1383 in
518 1355 650 1383 comitatu
678 1355 729 1383 viri
752 1354 800 1383 Dei
822 1355 918 1384 adesse

78 1402 258 1440 praesidium,
281 1402 366 1439 magis
396 1402 468 1430 dono
499 1401 670 1430 liberalitatis
700 1401 809 1429 divinae
834 1409 917 1438 quam

79 1448 138 1478 cibo
158 1448 250 1477 carnis
270 1448 399 1485 propriae
414 1451 478 1477 sunt
493 1448 602 1482 refecti3
618 1448 732 1484 insuper
747 1447 839 1476 divina
852 1456 918 1476 con-

51 1534 54 1536 ·
78 1495 207 1524 solatione
228 1495 340 1532 repleti,
362 1498 520 1524 statuerunt
540 1495 658 1523 firmiter
679 1498 706 1523 et
732 1495 918 1523 irrevocab‘di-

78 1545 119 1571 ter
139 1541 390 1575 confirmaverunt,
412 1542 516 1570 nullius
538 1541 643 1570 inediae
663 1545 712 1570 aut
733 1541 919 1570 tribulationis

78 1588 198 1625 impulsu
219 1596 235 1617 a
255 1591 364 1617 sanctae
386 1588 556 1625 paupertatis
577 1588 684 1617 resilire
705 1588 840 1625 promisso
852 1588 871 1616 ⁸.

155 1637 181 1664 2.
204 1635 308 1664 Exinde
339 1636 365 1663 in
398 1635 496 1663 vallem
529 1635 703 1671 Spoletanam
731 1642 794 1663 cum
824 1638 919 1663 sancto

53 1715 58 1720 ⁵
79 1682 218 1720 proposito
238 1682 401 1715 redeuntes,
424 1684 543 1710 tractare
571 1684 737 1718 coeperunt,
760 1684 855 1710 utrum
878 1682 919 1710 111-

45 1740 60 1754 ··
80 1731 121 1758 ter
142 1728 266 1757 homiues
286 1728 443 1757 conversari
464 1728 609 1762 deberent,
635 1736 668 1756 an
691 1728 725 1756 ad
747 1728 805 1756 loca
825 1729 918 1757 solita-

24 1776 29 1783 “
79 1775 121 1804 ria
140 1783 169 1804 se
196 1775 329 1804 conferre.
351 1775 402 1803 Sed
423 1774 524 1803 Christi
546 1782 645 1803 servus
666 1775 842 1809 Franciscus,
864 1783 918 1803 non

79 1822 112 1851 de
132 1829 182 1851 sua
202 1821 246 1850 vel
267 1829 383 1850 suorum
410 1821 551 1850 confidens
572 1821 724 1855 industria,
747 1829 796 1858 per
817 1822 918 1850 oratio-

79 1869 121 1897 nis
140 1868 297 1897 instantiam
318 1868 426 1897 divinae
447 1876 532 1905 super
554 1868 605 1897 hoc
627 1868 776 1897 voluntatis
790 1869 919 1905 benepla-

80 1915 163 1945 citum
194 1915 347 1952 requisivit.
380 1916 521 1952 Supernae
552 1915 637 1952 igitur
659 1915 834 1944 revelationis
856 1916 919 1945 illu-

81 1965 182 1992 stratus
202 1962 330 1995 oraculo,
352 1962 504 1995 intellexit,
527 1969 555 1991 se
576 1962 609 1990 ad
631 1962 683 1990 hoc
705 1962 819 1991 missum
834 1971 851 1991 a
866 1963 918 1991 Do-

81 2009 168 2043 mino,
189 2012 221 2038 ut
241 2008 351 2037 Christo
371 2008 529 2037 lucraretur
550 2009 671 2043 animas,
702 2017 772 2046 quas
792 2009 918 2038 diabolus

80 2055 230 2085 conabatur
260 2055 379 2084 auferre.
412 2055 529 2092 Ideoque
561 2056 646 2092 magis
676 2055 805 2084 omnibus
832 2064 916 2093 quam

80 2101 129 2131 sibi
144 2102 193 2131 soli
208 2101 301 2131 vivere
322 2101 484 2138 praeelegit,
500 2102 574 2131 illius
595 2105 761 2139 provocatus
781 2103 918 2139 exemplo,

81 2148 126 2186 qui
147 2156 221 2178 unus
242 2156 293 2185 pro
312 2148 441 2177 omnibus
461 2149 530 2177 mori
553 2148 682 2186 dignatus
702 2152 751 2178 est.

157 2195 183 2224 3.
205 2195 352 2232 Recollegit
372 2195 465 2232 itaque
486 2203 515 2224 se
535 2195 578 2223 vir
599 2195 646 2224 Dei
669 2203 732 2224 cum
753 2195 853 2224 ceteris
876 2203 920 2224 so-

82 2242 130 2271 ciis
142 2243 170 2271 in
184 2242 302 2280 quodam
318 2242 430 2279 tugurio
446 2242 577 2271 derelicto
588 2242 600 2259 4
620 2242 701 2271 iuxta
721 2242 858 2271 civitatem
873 2243 920 2271 As-

38 2288 44 2295 ’
83 2289 153 2324 sisii,
173 2289 201 2318 in
222 2297 278 2326 quo
298 2289 450 2318 secundum
471 2292 580 2317 sauctae
604 2289 775 2325 paupertatis
801 2288 917 2317 formam

81 2334 109 2363 in
129 2335 222 2364 labore
242 2335 330 2364 multo
350 2337 377 2363 et
404 2335 495 2371 inopia
522 2335 697 2369 victitabant,
720 2335 806 2372 magis
830 2335 918 2371 lacry-

82 2389 189 2410 marum
211 2389 294 2418 quam
325 2381 486 2410 deliciarum
509 2381 627 2418 panibus
658 2381 733 2410 refici
755 2384 918 2418 satagentes.

82 2427 218 2457 Vacabant
239 2428 312 2457 enim
334 2428 434 2457 ibidem
454 2427 554 2456 divinis
576 2428 706 2464 precibus
733 2427 917 2462 incessanter,

82 2475 235 2504 mentaliter
256 2475 348 2512 potius
368 2483 451 2512 quam
483 2475 614 2503 vocaliter
635 2475 726 2503 studio
747 2475 918 2504 intendentes

83 2521 212 2550 orationis
230 2521 359 2557 devotae,
381 2529 432 2559 pro
453 2529 485 2550 eo
517 2521 589 2559 quod
613 2521 734 2550 nondum
756 2521 919 2550 ecclesiasti-

84 2574 129 2597 cos
147 2568 233 2598 libros
253 2568 407 2603 habebant,
428 2568 455 2597 in
477 2568 580 2606 quibus
601 2571 713 2605 possent
734 2569 817 2597 horas
837 2576 918 2597 cano-

146 2751 153 2765 ¹
171 2752 215 2776 Ctr.
232 2753 314 2776 Thom.
331 2759 344 2776 a
361 2753 457 2781 Celano,
475 2754 526 2776 Vita
549 2754 563 2776 l.
586 2760 608 2782 p.
632 2755 646 2776 1.
668 2760 688 2777 e.
712 2754 794 2781 14-18ς
815 2754 921 2783 Legenda

85 2791 152 2814 trium
169 2792 302 2820 Sociorum,
318 2798 339 2815 c.
356 2793 392 2815 13.
410 2799 459 2821 seq.

145 2829 155 2843 '¹
171 2831 298 2858 Respicitur
315 2832 363 2854 Act.
387 2832 411 2859 1,
434 2832 460 2858 l,
477 2832 518 2854 cfr.
534 2838 604 2860 supra
623 2838 677 2860 pag.
693 2832 752 2859 511,
774 2835 827 2855 nota
849 2833 870 2855 8.
891 2845 922 2849 —

87 2867 186 2892 Subinde
202 2870 322 2898 respicitur
338 2870 393 2893 Luc.
415 2871 436 2899 l,
453 2870 491 2893 75.

145 2906 155 2920 ⁸
172 2907 218 2931 cfr.
234 2909 370 2937 WaddIng.,
388 2910 431 2932 loc.
447 2909 496 2937 cit„
514 2909 543 2932 ad
560 2916 597 2932 an.
614 2910 686 2937 1210,
704 2916 726 2932 n.
743 2910 780 2932 20.
792 2916 869 2939 seqq.,
881 2910 922 2933 sed

87 2945 227 2973 probabilius
244 2947 284 2969 suit
300 2953 336 2970 an.
355 2948 428 2976 ⁴20⁹;
445 2949 484 2971 cfr.
506 2949 610 2971 Analecta
633 2948 795 2976 Franctscana,
817 2952 872 2971 tom.
889 2949 921 2971 111.

87 2989 140 3012 pag.
154 2984 207 3008 713.

177 3032 202 3056 S.
211 3032 300 3056 Bonav.
316 3046 347 3049 —
363 3034 432 3056 Tom.
444 3034 502 3056 Vlll.

972 607 1046 636 nicas
1067 607 1222 636 decantare.
1245 609 1314 637 Loco
1346 611 1435 638 tamen
1465 609 1575 638 illorum
1598 610 1700 639 librum
1723 612 1814 641 crucis

971 653 1072 681 Christi
1095 653 1261 683 continuatis
1281 655 1438 691 aspectibus
1459 655 1556 685 diebus
1577 664 1608 685 ac
1630 657 1756 686 noctibus
1771 666 1814 687 re-

973 700 1133 734 volvebant,
1154 701 1283 738 exemplo
1310 702 1398 730 Patris
1428 705 1455 731 et
1486 703 1595 740 eloquio
1626 704 1743 739 eruditi,
1765 705 1813 742 qui

974 747 1074 783 iugiter
1094 747 1210 776 faciebat
1230 748 1269 776 eis
1293 748 1326 777 de
1347 748 1448 777 Christi
1471 757 1554 778 cruce
1576 758 1739 780 sermonem.
1763 752 1813 780 Ro-

972 793 1101 830 gantibus
1122 797 1214 823 autem
1237 795 1392 829 Fratribus,
1414 799 1445 824 ut
1466 804 1512 825 eos
1533 797 1644 826 doceret
1665 806 1759 832 orare,
1774 799 1814 827 di-

973 840 1032 868 xit:
1064 852 1078 865 <1
1095 841 1168 869 Cum
1198 842 1338 876 orabitis,
1366 843 1471 872 dicite.-
1496 844 1585 872 Pater
1615 848 1712 873 noster
1724 845 1745 878 ⁵,
1771 848 1813 874 et:

973 887 1125 916 Adoramus
1146 891 1188 922 te,
1210 888 1333 923 Christe,
1349 889 1382 917 ad
1403 898 1499 919 omnes
1514 891 1642 919 ecclesia's
1657 895 1727 926 tuas,
1742 900 1814 928 quae

973 936 1038 961 sunt
1059 934 1085 961 in
1108 937 1164 962 toto
1195 935 1313 969 mundo,
1335 938 1362 964 et
1385 936 1572 965 benedicimus
1594 937 1657 971 tibi,
1679 938 1744 974 quia
1765 946 1814 975 per

973 983 1094 1008 sanctam
1116 988 1226 1009 crucem
1250 984 1324 1009 tuam
1347 982 1486 1011 redemisti
1518 983 1653 1012 mundum
1668 996 1694 1012 ».
1717 984 1815 1013 Docuit

974 1026 1087 1063 insuper
1108 1035 1154 1056 eos
1175 1028 1261 1056 Deum
1284 1028 1397 1057 laudare
1418 1029 1444 1057 in
1466 1030 1595 1059 omnibus
1615 1034 1642 1059 et
1663 1038 1699 1059 ex
1727 1031 1814 1060 omni-

973 1073 1025 1101 bus
1046 1074 1197 1107 creaturis,
1219 1075 1355 1104 honorare
1377 1076 1526 1113 praecipua
1546 1078 1702 1106 reverentia
1723 1086 1813 1107 sacer-

973 1120 1065 1154 dotes,
1088 1120 1149 1149 fidei
1171 1130 1282 1158 quoque
1303 1122 1462 1157 veritatem,
1483 1124 1635 1152 secundum
1657 1125 1731 1161 quod
1753 1133 1814 1153 san-

974 1170 1017 1195 cta
1039 1167 1157 1195 Romana
1179 1171 1252 1197 tenet
1272 1172 1299 1197 et
1319 1169 1398 1198 docet
1420 1170 1552 1204 Ecclesia,
1575 1174 1602 1199 et
1623 1171 1741 1200 firmiter
1756 1179 1815 1201 ere-

974 1213 1039 1242 dere
1060 1218 1087 1242 01
1108 1214 1269 1251 simpliciter
1290 1216 1423 1245 confiteri.
1456 1217 1629 1246 Servabant⁶
1658 1218 1695 1246 illi
1728 1219 1814 1247 Patris

975 1261 1058 1288 sancti
1081 1260 1246 1290 documenta
1267 1270 1316 1298 per
1337 1263 1429 1291 omnia
1449 1267 1476 1292 et
1503 1264 1536 1292 ad
1564 1272 1659 1293 omnes
1687 1266 1815 1294 eeclesias

975 1310 1001 1335 et
1022 1315 1134 1341 cruceS‚
1156 1316 1225 1344 quas
1246 1317 1261 1337 e
1282 1309 1431 1346 longinquo
1453 1310 1545 1339 videre
1574 1313 1714 1347 poterant,
1736 1312 1815 1341 iuxta

974 1354 1064 1382 datam
1086 1354 1137 1382 sibi
1158 1355 1274 1384 sormam
1295 1359 1421 1391 orantes,
1443 1365 1472 1385 se
1494 1357 1637 1386 humiliter
1659 1362 1815 1395 prosterne-

975 1400 1048 1428 bant.

1053 1448 1079 1476 [1.
1101 1448 1334 1478 Contrahentibus
1354 1453 1446 1479 autem
1477 1451 1620 1480 Fratribus
1650 1460 1755 1481 moram
1788 1453 1815 1481 in

976 1494 1034 1522 loco
1055 1494 1192 1531 praefato,
1214 1495 1256 1523 vir
1278 1499 1390 1525 sanctus
1410 1497 1453 1526 die
1474 1497 1593 1534 quadam
1615 1499 1724 1527 Sabbati
1751 1500 1816 1528 civi-

976 1543 1057 1569 tatem
1081 1541 1193 1570 intravit
1207 1543 1311 1576 Assisii,
1326 1544 1537 1579 praedicaturus
1558 1553 1637 1574 mane
1657 1546 1709 1575 diei
1730 1546 1816 1575 domi-

975 1588 1067 1623 nicae,
1089 1590 1225 1617 1111110115
1246 1593 1320 1623 erat,
1348 1590 1373 1618 in
1403 1591 1517 1619 eeclesia
1544 1592 1703 1621 cathedrali.
1732 1594 1815 1622 Cum-

975 1642 1030 1671 que
1051 1635 1078 1663 iu
1100 1635 1217 1672 quodam
1240 1636 1351 1672 tugurio
1372 1637 1423 1665 sito
1451 1637 1478 1665 in
1507 1638 1587 1666 horto
1618 1639 1813 1668 canonicorum

976 1681 1018 1709 vir
1039 1682 1095 1710 Deo
1116 1682 1232 1711 devotus
1254 1683 1280 1711 in
1302 1683 1424 1711 oratione
1446 1684 1493 1712 Dei
1516 1692 1592 1713 more
1614 1685 1693 1714 solito
1718 1695 1817 1723 perno-

975 1731 1078 1763 ctaret,
1099 1730 1280 1766 corporaliter
1307 1730 1466 1759 absentatus
1494 1740 1509 1759 a
1541 1732 1618 1766 filiis;
1650 1740 1728 1767 ecce,
1760 1733 1816 1762 1010

977 1775 1064 1803 media
1085 1775 1171 1804 noctis
1187 1776 1271 1809 hora,
1286 1776 1450 1813 quibusdam
1466 1785 1501 1805 ex
1517 1778 1659 1807 Fratribus
1673 1779 1817 1816 quiescen-

976 1822 1064 1855 tibus,
1086 1822 1252 1858 quibusdam
1275 1824 1516 1859 perseverantibus
1537 1824 1562 1852 in
1579 1825 1698 1860 orando,
1713 1834 1816 1855 currus

976 1868 1072 1904 igneus
1093 1869 1209 1896 mirandi
1225 1869 1389 1905 splendoris,
1406 1878 1454 1906 per
1469 1870 1569 1899 ostium
1584 1871 1683 1900 domus
1697 1872 1816 1907 intrans,

976 1915 1031 1943 huc
1053 1918 1135 1952 atque
1158 1915 1222 1943 illuc
1244 1924 1292 1952 per
1313 1916 1482 1945 douncilium
1506 1918 1587 1946 tertio
1609 1926 1637 1947 se
1666 1920 1816 1954 convertit,

976 1970 1061 1998 supra
1082 1970 1164 1999 quem
1186 1962 1284 1999 globus
1305 1962 1413 1991 luridus
1434 1963 1585 1999 residebat,
1607 1965 1654 2002 qui
1684 1966 1748 1995 50115
1769 1967 1817 1995 ha-

976 2008 1044 2037 bens
1064 2012 1222 2045 aspectum,
1244 2013 1350 2038 noctem
1372 2010 1499 2039 clarere⁷
1528 2011 1598 2040 fecit.
1628 2012 1816 2049 Obstupefacti

976 2059 1041 2084 sunt
1063 2056 1220 2092 vigilantes,
1242 2056 1353 2085 excitati
1376 2057 1458 2085 simul
1479 2060 1506 2086 et
1527 2058 1654 2087 exterriti
1678 2059 1817 2089 dormien—

976 2105 1031 2137 tes,
1053 2105 1080 2131 et
1100 2111 1153 2131 uon
1177 2103 1267 2131 minus
1288 2107 1434 2132 senserunt
1455 2104 1545 2133 cordis
1565 2105 1717 2134 claritatem
1733 2115 1815 2143 quam

976 2149 1116 2185 corporis,
1137 2149 1203 2177 dum
1226 2157 1262 2177 ex
1285 2149 1387 2178 virtute
1415 2150 1532 2179 mirandi
1562 2151 1672 2180 luminis
1703 2152 1816 2182 alterius

976 2195 1054 2224 alteri
1076 2196 1241 2224 conscientia
1272 2196 1346 2224 nuda
1376 2196 1436 2224 11111.
1469 2197 1667 2227 intellexerunt
1697 2207 1816 2236 namque

976 2242 1148 2271 concorditer
1169 2250 1278 2277 omnes,
1301 2243 1456 2272 videntibus
1481 2244 1596 2273 invicem
1624 2245 1762 2274 universis
1789 2246 1816 2275 in

977 2288 1107 2317 cordibus
1127 2288 1314 2325 singulorum,
1330 2292 1454 2318 sanctum
1469 2290 1576 2318 Patrem
1597 2291 1736 2320 absentem
1757 2300 1817 2321 cor-

977 2343 1058 2371 pore,
1081 2339 1253 2372 praesentem
1274 2336 1389 2372 spiritu,
1411 2337 1455 2364 tali
1472 2337 1699 2374 transfiguratum
1714 2338 1816 2375 effigie,

977 2382 1105 2418 supernis
1126 2382 1288 2410 irradiatum
1309 2382 1463 2419 fulgoribus
1484 2386 1511 2411 et
1535 2383 1683 2413 ardoribus
1711 2385 1817 2413 inssam-

978 2431 1083 2457 matum
1112 2429 1316 2465 supernaturali
1348 2429 1450 2458 virtute
1481 2430 1508 2458 in
1540 2438 1627 2458 curru
1658 2431 1818 2468 splendente

977 2475 1059 2503 simul
1080 2478 1107 2503 et
1127 2475 1206 2512 igneo
1227 2475 1277 2504 sibi
1299 2475 1481 2504 demonstrari
1503 2484 1517 2504 a
1541 2477 1671 2511 Domino,
1700 2481 1730 2506 111
1759 2481 1818 2506 tan-

977 2530 1059 2559 quam
1082 2523 1139 2551 veri
1163 2522 1299 2551 Israelitae
1320 2525 1381 2559 post
1403 2523 1479 2551 illum
1495 2523 1666 2558 incederent,
1682 2525 1728 2561 qui
1745 2525 1818 2554 viro-

978 2576 1041 2597 rum
1063 2568 1265 2605 spiritualium,
1287 2571 1318 2597 ut
1338 2569 1407 2597 alter
1423 2569 1508 2604 Elias,
1523 2569 1612 2598 sactus
1626 2570 1716 2599 fuerat
1731 2579 1746 2599 a
1761 2571 1816 2600 Deo

1042 2753 1051 2766 ⁴
1068 2755 1140 2776 uivus
1157 2756 1229 2776 tortus
1246 2754 1315 2776 dicto.
1331 2766 1362 2771 —
1379 2754 1482 2777 Subinde
1498 2755 1619 2783 respicitur
1636 2756 1671 2778 Ρ5.
1688 2755 1729 2784 79,
1742 2756 1767 2778 6:
1785 2756 1819 2779 Ci-

979 2793 1046 2815 11111115
1062 2799 1105 2815 nos
1122 2800 1181 2821 pane
1197 2794 1349 2821 lacrymarum
1367 2796 1410 2816 etc.

1042 2831 1051 2844 ⁵
1068 2833 1121 2854 Luc.
1140 2832 1164 2854 11
1176 2850 1181 2860 ,
1198 2833 1227 2854 2:
1245 2832 1301 2854 Cum
1319 2833 1402 2860 oratis,
1418 2833 1501 2855 dicite:
1519 2833 1592 2856 Pater.
1608 2833 1653 2856 Cfr.
1668 2834 1745 2856 Matth.
1756 2835 1783 2862 6,
1796 2835 1817 2856 9.

978 2883 1009 2887 —
1026 2871 1125 2893 Breviar.
1143 2871 1239 2893 Roman.
1257 2871 1279 2893 in
1299 2872 1354 2893 testo
1372 2872 1508 2894 inventionis
1525 2873 1548 2894 S.
1565 2872 1643 2895 Crucis
1660 2873 1682 2900 (3
1695 2873 1755 2902 Maii)
1772 2876 1818 2896 ant.

979 2910 1010 2932 111.
1029 2910 1104 2932 Noct.:
1121 2910 1250 2932 Adoramus
1267 2914 1300 2938 te,
1317 2909 1417 2938 Christe,
1434 2913 1455 2933 et
1472 2910 1630 2934 benedicimus
1645 2911 1698 2940 tibi,
1710 2912 1763 2941 qnia
1777 2918 1818 2940 per

978 2954 1070 2970 crucem
1088 2951 1152 2971 tuam
1169 2949 1284 2972 redemisti
1303 2949 1423 2973 mundum.

1040 2987 1050 3000 ⁴³
1066 2987 1122 3010 Cod.
1140 2989 1156 3010 B
1173 2988 1237 3010 addit
1253 2988 1338 3018 itaque.
1550 2989 1558 3002 ⁷
1575 2989 1632 3013 Cod.
1648 2990 1665 3013 B
1683 2990 1818 3014 clm-escere.

1696 3038 1725 3060 05

1829 1453 1962 1477 1111111110ιῖ13-

1860 1476 1927 1495 tribus.
