2133 3317
148 910 224 929 Dictum
236 915 269 928 no-

177 934 241 952 tabile.

150 1193 269 1216 Contempla-

166 1216 221 1235 batur
234 1217 253 1235 in

164 1240 256 1259 creaturis

174 1264 241 1283 Deum.

150 1904 202 1926 Item,
216 1903 269 1922 Chri-

158 1930 207 1946 stum
219 1932 261 1951 pas-

185 1956 233 1969 sum.

138 1999 184 2017 Cum
194 1998 271 2017 ieiunio.

288 213 344 242 530

678 212 876 240 OPUSCULUM
898 212 986 240 XXIII.
1008 211 1160 241 LEGENDA
1182 212 1297 241 SANCTI
1318 213 1492 242 FRANCISCI.
1515 213 1584 242 CAP.
1607 213 1647 242 IX.

1050 365 1211 394 CAPITULUM
1232 366 1273 394 lx.

793 489 832 517 De
853 488 969 526 fervore
990 488 1127 517 caritatis
1148 492 1173 517 et
1194 489 1337 517 desiderio
1358 490 1501 528 martyrii
1515 491 1530 517 ¹.

367 628 390 654 1.
406 626 553 654 Caritatem
570 625 735 660 ferventem,
752 633 808 662 qua
822 625 919 661 Sponsi
935 624 1042 653 amicus
1056 624 1137 653 Fran-

287 674 377 703 ciscus
398 673 528 707 ardebat,
550 673 614 710 quis
635 680 768 701 enarrare
790 672 930 701 sufficiat?
952 672 1039 700 Totus
1059 679 1136 700 nam-

285 729 340 757 que
361 720 440 757 quasi
463 719 575 757 quidam
591 719 674 748 carbo
688 719 792 756 ignitus
807 719 891 748 divini
907 718 1009 747 amoris
1024 718 1136 747 flamma

284 768 431 796 videbatur
452 767 610 804 absorptus.
633 767 729 795 Subito
750 766 823 795 enim
843 766 876 794 ad
891 766 1016 794 auditum
1033 766 1136 795 amoris

285 814 393 843 Domini
409 814 595 848 excitabatur,
610 813 793 847 afficiebatur,
809 812 1044 847 inflammabatur,
1056 813 1134 850 quasi

285 862 391 899 plectro
413 861 487 890 vocis
508 861 682 889 extrinsecae
704 860 808 889 chorda
829 860 920 888 cordis
942 860 1057 888 interior
1076 863 1135 888 tan-

285 912 407 946 geretur.
431 908 522 937 Talem
545 916 596 944 pro
617 907 798 944 eleemosynis
820 915 933 936 censum
962 907 1063 936 offerre
1086 915 1136 935 no-

284 957 367 985 bilem
383 955 603 993 prodigalitatem
620 955 743 990 dicebat,
758 958 785 984 et
800 963 847 984 eos
862 955 909 992 qui
933 955 1024 983 minus
1043 954 1135 991 ipsum

284 1012 368 1041 quam
390 1003 518 1032 denarios
539 1005 714 1039 reputarent,
737 1010 796 1031 esse
822 1002 1015 1037 stultissimos,
1030 1009 1082 1038 pro
1103 1009 1135 1030 eo

285 1050 358 1087 quod
381 1050 467 1079 solius
488 1050 572 1079 divini
601 1050 704 1078 amoris
734 1049 920 1086 impretiabile
951 1049 1072 1085 pretium
1101 1048 1136 1077 ad

285 1106 403 1135 regnum
426 1097 566 1126 caelorum
587 1097 708 1125 sufficiat
721 1096 955 1133 comparandum⁷
971 1099 998 1125 et
1013 1096 1073 1124 eius
1087 1095 1135 1132 qui

285 1153 336 1173 nos
357 1145 477 1173 multum
499 1144 616 1178 amavit,
639 1144 758 1172 multum
780 1143 815 1172 sit
836 1151 914 1172 amor
935 1143 1078 1171 amandus.
1097 1159 1136 1163 —

284 1192 318 1220 Ut
339 1194 432 1220 autem
454 1200 490 1220 cx
512 1191 641 1220 omnibns
662 1191 835 1219 excitaretur
856 1191 889 1219 ad
915 1198 1037 1219 amorem
1066 1190 1136 1218 divi-

285 1247 368 1272 num,
384 1238 550 1267 exsultabat
571 1238 601 1267 in
623 1238 735 1267 cunetis
757 1238 894 1275 operibus
906 1238 916 1254 ²
932 1245 1066 1266 manuum
1083 1238 1135 1266 Do-

283 1285 350 1314 mini
373 1288 399 1313 et
421 1293 470 1322 per
492 1285 671 1313 iucunditatis
696 1285 853 1321 spectacula
867 1285 895 1313 in
911 1284 1047 1313 vivificam
1071 1292 1135 1313 con-

284 1332 416 1369 surgebat
448 1332 581 1360 rationem
611 1335 639 1360 et
669 1339 790 1360 causam.
813 1331 1003 1360 Contuebatur
1024 1331 1050 1359 in
1075 1331 1135 1367 pul-

284 1380 339 1409 cris
360 1379 583 1416 pulcherrimum
605 1382 633 1408 et
664 1387 714 1416 per
745 1379 880 1415 impressa
908 1378 993 1407 rebus
1022 1378 1136 1415 vestigia

283 1427 507 1464 prosequebatur
528 1426 633 1463 ubique
654 1426 802 1460 dilectum,
817 1425 851 1455 de
866 1425 995 1454 omnibus
1010 1425 1061 1454 sibi
1077 1433 1135 1453 sca-

283 1475 337 1503 lam
359 1474 477 1507 faciens,
501 1482 549 1511 per
564 1482 648 1511 quam
664 1473 862 1502 conscenderet
876 1473 909 1501 ad
924 1472 1134 1509 apprehenden-

283 1522 350 1550 dum
365 1530 430 1550 eum
448 1521 496 1558 qui
517 1524 559 1550 est
570 1520 772 1549 desiderabilis
784 1523 860 1549 totus
872 1520 891 1548 ³.
906 1520 1046 1548 Inauditae
1058 1528 1136 1548 narn*

283 1577 338 1605 que
359 1568 513 1597 devotionis
533 1568 634 1597 affectu
655 1567 785 1596 fontalem
819 1567 893 1595 illam
924 1567 1075 1595 bonitatem
1108 1566 1134 1594 in

284 1616 421 1645 creaturis
442 1616 559 1652 singulis
579 1618 711 1652 tanquam
734 1615 761 1643 in
784 1615 882 1643 rivulis
903 1614 1083 1651 degustabat,
1109 1616 1137 1642 et

284 1663 362 1700 quasi
385 1663 530 1692 caelestem
552 1665 717 1691 concentum
738 1662 895 1698 perciperet
914 1661 942 1689 in
957 1661 1136 1690 consonantia

284 1711 420 1738 virtutum
443 1713 470 1738 et
491 1713 604 1738 actuum
626 1709 665 1738 eis
680 1709 809 1737 datorum
824 1717 840 1737 a
854 1709 923 1742 Deo,
940 1709 1012 1745 lpsas
1027 1708 1061 1737 ad
1075 1708 1135 1737 lau-

283 1757 344 1786 dem
367 1757 474 1785 Domini
498 1764 575 1785 more
597 1756 749 1793 Prophetae
770 1756 880 1784 David4
900 1755 1019 1784 dulciter
1042 1755 1135 1784 horta-

283 1804 375 1833 batur.

364 1853 390 1880 2.
413 1851 541 1880 Christus
563 1852 637 1880 Iesus
659 1851 815 1880 crucifixus
836 1851 919 1879 intra
941 1858 1007 1879 suae
1035 1850 1136 1879 mentis

285 1898 378 1928 ubera.
400 1903 431 1927 ut
452 1897 594 1937 myrrhae
614 1897 779 1936 fasciculus
800 1898 903 1934 iugIter
923 1897 1101 1926 morabatur
1113 1897 1135 1932 ⁵,

285 1946 313 1975 in
334 1954 417 1983 quem
439 1946 551 1983 optabat
572 1953 622 1982 per
643 1945 779 1974 excessivi
801 1944 903 1973 amoris
922 1944 1079 1973 incendium
1095 1946 1136 1973 to—

286 1993 377 2022 taliter
399 1993 601 2022 transformari.
625 1993 818 2029 Praerogativa
846 2000 959 2029 quoque
987 1991 1136 2028 peculiaris

285 2041 438 2070 devotionis
460 2040 493 2069 ad
514 2041 606 2077 ipsum
627 2040 662 2069 ab
694 2039 862 2076 Epiphaniae
890 2039 959 2068 festo
990 2046 1080 2076 usque
1102 2038 1136 2067 ad

285 2088 431 2117 continuos
452 2087 636 2125 quadraginta
656 2087 729 2121 dies,
752 2094 784 2115 eo
805 2086 909 2115 scilicet
924 2089 1063 2122 tempore,
1079 2093 1136 2122 quo

285 2134 413 2163 Christus
433 2133 514 2162 latuit
535 2134 562 2161 in
583 2133 693 2162 deserto
704 2133 724 2167 ⁶,
746 2132 780 2161 ad
801 2132 957 2161 solitudinis
979 2132 1038 2160 loca
1052 2131 1135 2160 decli-

285 2189 354 2210 nans
375 2181 499 2217 cellaque
521 2180 664 2214 reclusus,
694 2183 798 2217 quanta
828 2182 936 2216 poterat
968 2178 1136 2207 arctitudine

285 2228 336 2257 cibi
359 2231 386 2257 et
407 2231 504 2265 potus,
527 2227 651 2261 ieiuniis,
674 2226 846 2255 orationibus
873 2229 900 2255 et
929 2226 1058 2254 laudibus
1086 2225 1133 2254 Dei

1193 625 1252 654 sine
1273 625 1477 654 intermissione
1500 626 1621 654 vacabat.
1644 626 1711 654 Tam
1739 626 1845 654 fervido
1875 626 1986 663 quidem
2014 627 2040 656 in

1192 671 1335 700 Christum
1358 672 1500 701 ferebatur
1521 672 1637 707 affectu,
1660 672 1706 701 sed
1728 675 1756 701 et
1783 672 1900 702 dilectus
1927 673 1965 702 illi
1987 676 2041 703 tam

1193 718 1358 747 familiarem
1381 719 1548 756 rependebat
1569 727 1708 754 amorem,
1730 722 1762 748 ut
1780 720 1922 749 videretur
1937 720 1988 757 ipsi
2003 721 2042 750 fa-

1194 766 1271 794 mulo
1293 766 1340 794 Dei
1362 766 1440 803 quasi
1463 766 1555 803 iugem
1577 774 1644 803 prae
1664 766 1752 795 oculis
1780 766 1867 803 ipsius
1895 767 2042 797 Salvatoris

1192 813 1296 842 sentire
1317 813 1519 849 praesentiam,
1542 813 1613 842 sicut
1634 813 1781 850 aliquando
1803 813 1883 842 sociis
1901 813 2042 842 familiari-

1192 862 1234 888 ter
1250 860 1390 889 revelavit.
1403 876 1441 880 —
1453 860 1597 897 Flagrabat
1611 868 1676 897 erga
1691 860 1899 889 Sacramentum
1913 860 2041 889 dominici
2054 861 2133 908 ¹³33?th

1192 908 1317 944 corporis
1337 908 1447 936 fervore
1468 907 1592 936 omnium
1608 907 1810 940 medullarum,
1828 910 1942 944 stupore
1956 907 2041 936 admi·
2074 910 2132 931 ment..

1192 962 1258 983 rans
1279 955 1454 992 permaximo
1469 954 1543 983 illam
1558 954 1729 983 carissimam
1753 955 1938 992 dignationem
1961 957 1989 984 et
2003 954 2042 983 di-

1192 1002 1420 1039 gnantissimam⁷
1442 1002 1593 1031 caritatem.
1606 1002 1691 1038 Saepe
1706 1002 1927 1031 communicabat
1941 1004 1968 1031 et
1988 1004 2043 1031 tam

1192 1049 1306 1083 devote,
1328 1052 1360 1077 ut
1381 1049 1448 1077 alios
1469 1049 1583 1078 devotos
1603 1049 1741 1083 efficeret,
1764 1048 1832 1077 dum
1854 1048 1888 1077 ad
1909 1048 2043 1077 immacu-

1193 1096 1240 1124 lati
1256 1096 1322 1133 Agni
1339 1096 1558 1133 degustationem
1581 1104 1708 1130 suavem,
1724 1096 1803 1133 quasi
1819 1096 1919 1133 spiritu
1935 1095 2042 1131 ebrius,

1193 1143 1219 1171 in
1242 1143 1342 1172 mentis
1363 1146 1395 1172 ut
1416 1143 1569 1180 plurimum
1592 1143 1752 1180 rapiebatur
1774 1151 1930 1172 excessum.

1273 1190 1298 1219 3.
1322 1191 1435 1219 Matrem
1458 1190 1565 1219 Domini
1579 1190 1589 1207 ⁸
1611 1191 1672 1219 lesu
1693 1190 1795 1219 Christi
1818 1190 1949 1219 indicibili
1969 1198 2042 1219 com-

1192 1238 1365 1275 plectebatur
1388 1245 1497 1271 amore,
1519 1245 1552 1266 eo
1571 1238 1644 1275 quod
1659 1238 1809 1266 Dominum
1824 1238 1974 1266 maiestatis
1988 1237 2043 1266 fra-

1193 1289 1263 1314 trem
1286 1285 1366 1314 nobis
1387 1285 1524 1319 effecerit,
1539 1288 1566 1313 et
1581 1293 1630 1321 per
1646 1293 1705 1313 ean]
1723 1285 1810 1313 simus
1824 1285 2043 1313 misericordiam

1192 1332 1342 1361 consecuti.
1369 1332 1396 1360 In
1419 1333 1478 1369 ipsa.
1505 1335 1567 1369 post
1592 1332 1732 1360 Christum
1762 1332 1911 1369 praecipue
1939 1331 2042 1367 fidens,

1192 1388 1252 1408 eam
1274 1380 1316 1409 sui
1339 1388 1370 1408 ac
1392 1387 1507 1408 suorum
1530 1379 1688 1408 advocatam
1717 1379 1859 1408 constituit
1883 1381 1911 1407 et
1939 1379 1972 1408 ad
1994 1379 2043 1408 ho-

1192 1435 1287 1456 norem
1310 1427 1397 1464 ipsius
1418 1435 1434 1455 a
1455 1426 1524 1455 festo
1544 1427 1736 1463 Apostolorum
1758 1426 1830 1455 Petri
1851 1430 1878 1455 et
1900 1426 1974 1455 Pauli
1996 1434 2042 1455 us-

1192 1482 1247 1511 que
1275 1474 1308 1503 ad
1337 1474 1438 1503 festum
1460 1474 1641 1502 Assumtionis
1668 1473 1843 1502 devotissime
1872 1473 2041 1502 ieiunabat⁹.

1192 1521 1326 1558 Angelicis
1347 1520 1491 1557 spiritibus
1505 1520 1668 1549 ardentibus
1689 1520 1752 1557 igne
1771 1520 1888 1549 mirifico
1906 1520 1940 1549 ad
1961 1527 2042 1549 exce-

1192 1568 1313 1597 dendum
1335 1568 1362 1596 in
1384 1568 1472 1596 Deum
1495 1571 1522 1596 ct
1539 1568 1691 1596 electorum
1706 1567 1811 1596 animas
1833 1567 2043 1596 inflammandas

1193 1615 1385 1651 inseparabilis
1407 1618 1466 1643 erat
1487 1614 1590 1643 amoris
1607 1614 1718 1643 vinculo
1733 1614 1879 1650 copulatus
1899 1617 1927 1643 et
1947 1614 1982 1642 ob
1997 1614 2044 1643 de-

1193 1662 1330 1691 votionem
1352 1662 1476 1699 ipsorum
1499 1662 1533 1690 ab
1564 1662 1737 1690 Assnmtione
1767 1661 1888 1698 Virginis
1908 1661 2042 1699 gloriosae

1193 1708 1378 1745 quadraginta
1398 1708 1496 1737 diebus
1521 1708 1646 1737 ieiunans
1667 1708 1784 1736 orationi
1806 1708 1907 1745 iugiter
1935 1708 2042 1737 insiste-

1192 1756 1239 1784 bat
1252 1756 1283 1783 10.
1304 1756 1386 1784 Beato
1400 1758 1492 1784 autem
1508 1755 1631 1784 Michaeli
1651 1755 1832 1792 Archangelo,
1852 1763 1883 1784 eo
1900 1755 1974 1792 quod
1989 1754 2043 1783 ani-

1192 1811 1301 1831 marum
1325 1802 1622 1839 repraesentandarum
1639 1802 1753 1831 haberet
1773 1802 1909 1836 officium,
1931 1802 2041 1839 speciali

1193 1853 1252 1879 erat
1273 1858 1368 1879 amore
1389 1850 1513 1879 devotior
1529 1852 1643 1886 propter
1664 1849 1802 1878 fervidum
1817 1857 1900 1886 quem
1924 1849 2043 1878 habebat

1192 1898 1284 1927 zelum
1305 1897 1339 1926 ad
1361 1898 1479 1926 salutem
1501 1897 1625 1925 omnium
1653 1896 1857 1925 salvandorum.
1880 1896 1921 1925 Ex
1950 1904 2042 1925 recor-

1192 1945 1303 1974 datione
1331 1945 1496 1973 Sanctorum
1518 1944 1642 1972 omnium
1658 1946 1790 1981 tanquam
1812 1943 1946 1981 lapidum
1967 1943 2043 1981 iyni-

1194 1992 1327 2020 commu
1342 1991 1368 2020 in
1385 1991 1514 2019 deificum
1536 1991 1721 2020 recalescebat
1735 1990 1909 2025 incendium,
1930 1991 2042 2027 Aposto-

1193 2040 1234 2068 los
1254 2046 1366 2073 omnes,
1388 2042 1415 2067 et
1436 2038 1585 2075 praecipue
1600 2038 1711 2067 Petrum
1733 2040 1761 2067 et
1781 2038 1913 2072 Paulum,
1928 2039 2042 2074 propter

1192 2085 1326 2114 fervidam
1349 2085 1506 2119 caritatem,
1535 2093 1618 2122 quam
1642 2084 1802 2113 habuerunt
1829 2084 1863 2113 ad
1884 2084 2041 2118 Christum,

1193 2140 1303 2161 summa
1324 2132 1469 2161 devotione
1490 2132 1684 2168 complexans3
1706 2132 1742 2160 ob
1763 2139 1883 2168 qnorum
1912 2138 2042 2160 reveren-

1192 2179 1257 2207 tiam
1289 2182 1316 2207 et
1344 2186 1467 2207 amorem
1500 2179 1731 2215 Quadragesimae
1758 2178 1883 2215 specialis
1907 2178 2040 2207 ieiunium

1191 2225 1307 2254 Domino
1321 2225 1464 2254 dedicabat
1476 2226 1508 2253 ¹2.
1524 2225 1580 2253 Non
1597 2225 1716 2254 habebat
1730 2225 1804 2254 aliud
1819 2225 1920 2254 Christi
1936 2232 2042 2262 pauper

347 2389 355 2401 ¹
374 2389 418 2412 Cl'r.
437 2389 521 2412 Thom.
539 2396 549 2411 a
569 2388 665 2417 Celano,
686 2389 735 2410 Vita
753 2389 768 2410 I.
786 2395 807 2416 p.
827 2389 841 2411 1.
859 2394 878 2410 r.
897 2388 934 2411 20.
951 2391 973 2411 et
988 2389 1030 2417 29;
1045 2389 1093 2411 Vita
1109 2389 1132 2411 ll.

284 2436 307 2457 p.
324 2429 349 2451 ll.
366 2435 386 2451 c.
404 2430 425 2451 2.
442 2432 464 2451 Ol.
482 2430 508 2455 9;
526 2435 547 2457 p.
567 2429 599 2451 111.
617 2434 636 2450 C.
659 2429 708 2450 101.
731 2428 779 2450 108.
802 2428 909 2450 125-130.

347 2467 356 2480 2
373 2468 457 2491 Psalm.
474 2469 517 2493 91,
535 2468 557 2490 5.

346 2507 355 2519 ³
373 2507 436 2530 Cant.
456 2508 482 2535 5,
501 2508 539 2530 16.
556 2520 586 2523 —
604 2508 646 2529 Pro
663 2506 889 2536 apprelzrnrlendzmt
906 2509 923 2529 A
938 2506 1133 2536 conzprelzenden-

284 2545 349 2569 (lum.
367 2547 479 2575 Superius
496 2553 538 2575 pro
556 2546 692 2576 spectacula
710 2546 764 2568 edd.
780 2545 884 2575 specula.

346 2585 356 2598 ⁴
374 2586 457 2608 Psalm.
479 2586 532 2613 118,
556 2586 572 2608 l.
590 2592 655 2614 seqq.
673 2598 703 2602 --
723 2585 780 2608 Vide
802 2585 943 2613 Wadding„
966 2586 1010 2607 loc.
1032 2585 1082 2612 cir,
1104 2585 1133 2608 ad

284 2631 320 2647 an.
339 2625 411 2652 ‹l2slO,
428 2631 451 2647 n.
469 2625 548 2647 54-50.

347 2663 356 2676 ⁵
374 2663 438 2686 Cant.
460 2665 481 2691 l,
504 2665 541 2686 12:
560 2664 691 2687 Fasciculus
708 2664 816 2691 myrrhae
833 2664 931 2686 dilectus
944 2670 1010 2686 meus
1022 2664 1090 2692 mihi,
1103 2664 1134 2686 in-

284 2706 318 2725 ter
336 2702 407 2725 ubera
425 2709 476 2725 mea
494 2703 685 2726 commorabitur.

346 2740 356 2753 Β
373 2742 450 2764 Matth.
468 2742 494 2769 4,
513 2743 534 2764 ·1.
552 2748 600 2771 seq.
624 2742 669 2765 Csr.
692 2742 779 2770 Regula
801 2742 843 2764 FF.
866 2742 992 2770 Minorum,
1010 2748 1030 2764 c.
1049 2742 1074 2770 3,
1093 2741 1134 2764 nbi

284 2780 314 2803 de
331 2782 373 2803 hac
391 2781 573 2809 Quadragesima
592 2780 630 2810 (ab
648 2781 784 2810 Epiphania)
803 2781 899 2803 dicitur:
914 2789 925 2800 a
937 2786 1009 2809 quam
1021 2781 1134 2803 Dominus

284 2826 326 2842 suo
344 2823 423 2843 sancto
440 2821 525 2843 ieiunio
543 2821 720 2843 consecravit».
809 2819 817 2832 ⁷
835 2820 891 2843 Cod.
909 2821 916 2842 l
934 2819 1133 2849 dzfflzatissimum.

347 2858 356 2871 ²³
374 2860 431 2882 Edd.
448 2860 551 2883 Matrem
568 2859 666 2883 Domini
679 2859 764 2883 nostri.

348 2897 357 2910 ⁹
374 2899 415 2921 Die
432 2900 470 2921 29.
488 2900 543 2921 lunii
560 2899 660 2922 occurrit
673 2900 755 2921 festum
767 2899 931 2927 Apostolorum
944 2898 1002 2920 Petri
1020 2901 1042 2920 et
1059 2898 1133 2925 Pauli,

285 2938 368 2960 festum
386 2944 441 2960 vero
459 2939 612 2961 Assumtionis
629 2939 652 2960 Β.
671 2939 699 2960 M.
717 2939 781 2966 Virg.
807 2938 845 2961 die
868 2938 903 2960 15.
925 2938 1031 2966 Augusti.
1048 2950 1080 2953 —
1096 2938 1132 2959 ΡΞ.

289 2977 341 3004 103,
359 2976 385 2999 4:
403 2977 447 3005 Qui
465 2978 519 3000 sacis
536 2978 634 3005 Angelos
651 2981 702 3000 tuos
718 2978 836 3005 spiritus...
854 2977 932 3005 ignem
949 2980 1062 2999 urentem.

347 3014 367 3027 ¹⁰
384 3016 460 3044 Usque
473 3016 502 3038 ad
515 3017 597 3038 festum
610 3016 763 3039 Dedicationis
777 3017 800 3039 S.
812 3016 927 3039 Michaelis
938 3016 1074 3044 Archangeli
1087 3016 1135 3045 (29.

1192 2388 1277 2417 Sept),
1295 2394 1356 2416 quae
1373 2388 1431 2409 infra
1452 2394 1472 2410 c.
1497 2387 1529 2409 13.
1552 2394 1573 2409 n.
1593 2387 1614 2409 ¹l.
1632 2386 1815 2415 Quadragesima
1837 2386 1867 2409 ad
1884 2387 1995 2409 honorem
2014 2386 2038 2408 S.

1192 2427 1307 2449 Michaelis
1324 2427 1460 2455 Archangeli
1472 2429 1577 2448 vocatur.
1590 2439 1619 2442 —
1637 2427 1658 2448 ln
1677 2427 1753 2448 officio
1766 2426 1875 2448 Breviarii
1892 2426 1990 2448 Romani
2004 2425 2041 2448 die.

1192 2467 1230 2488 29.
1249 2467 1311 2494 Sept.
1331 2467 1400 2494 Resp.
1417 2466 1447 2488 ad
1468 2466 1489 2488 5.
1514 2466 1564 2488 lect.
1590 2465 1685 2488 dicitur:
1708 2474 1718 2485 κ
1731 2465 1771 2488 Cui
1798 2464 1921 2494 [Michaeli]
1947 2465 2040 2487 tradIdit

1192 2506 1253 2528 Deus
1270 2506 1358 2527 animas
1376 2506 1526 2532 Sanctorum,
1544 2508 1569 2527 111
1586 2505 1698 2532 perducat
1715 2510 1753 2526 eas
1771 2504 1792 2526 in
1816 2504 1951 2532 paradisum
1968 2503 2041 2526 exsul-

1191 2545 1282 2567 tationis
1294 2552 1319 2572 »3
1338 2547 1359 2566 et
1377 2547 1422 2566 ant.
1434 2544 1456 2566 3.
1468 2544 1497 2566 ad
1509 2544 1612 2566 Laudes:
1632 2552 1643 2563 ιι
1655 2544 1798 2571 Archangele
1815 2543 1922 2572 Michael,
1934 2543 2039 2566 constitui

1191 2587 1212 2606 te
1230 2584 1357 2612 principem
1375 2590 1444 2611 super
1461 2589 1543 2606 omnes
1560 2583 1648 2606 animas
1662 2583 1823 2611 suscipiendas
1834 2592 1855 2605 ».

1254 2623 1272 2636 ¹¹
1291 2624 1371 2646 Ezech.
1389 2624 1430 2651 28,
1449 2623 1486 2645 44.
1500 2626 1523 2645 et
1540 2623 1577 2645 16.

1255 2662 1274 2676 ¹²
1292 2663 1381 2686 Scilicet
1397 2663 1551 2692 quadraginta
1569 2662 1631 2689 dies,
1649 2668 1709 2691 quae
1727 2663 1810 2685 festum
1823 2662 1985 2690 Apostolorum
2002 2662 2040 2684 Pe-

1190 2703 1218 2725 tri
1237 2706 1259 2725 ct
1277 2702 1338 2725 Pauli
1350 2702 1501 2730 praecedunt.
1518 2703 1600 2725 Utrum
1612 2702 1633 2723 in
1647 2702 1689 2724 hac
1707 2701 1865 2729 propositione
1876 2704 1967 2729 praeter
1980 2701 2039 2730 Qua-

1191 2741 1347 2769 dragesimam
1366 2741 1529 2769 Apostolorum
1547 2740 1605 2763 Petri
1623 2742 1645 2762 et
1663 2740 1725 2763 Pauli
1743 2740 1870 2763 insinuetur
1887 2740 1964 2762 adhuc
1985 2740 2039 2767 alia,

1191 2781 1277 2803 scilicet
1294 2781 1315 2802 in
1334 2781 1446 2802 honorem
1464 2780 1573 2802 Omnium
1591 2780 1728 2802 Sanctorum
1752 2779 1872 2808 (incipiens
1889 2785 1901 2801 3
1925 2780 1982 2801 sesto
1999 2779 2039 2801 De-

1191 2820 1311 2842 dicationis
1328 2820 1350 2842 S.
1368 2820 1483 2842 Michaelis
1507 2819 1645 2847 Archangeli
1667 2825 1741 2847 usque
1766 2819 1794 2841 ad
1820 2819 1903 2841 festum
1928 2818 2037 2840 OmnIum

1191 2858 1353 2887 Sanctorum),
1370 2864 1441 2887 quam
1459 2858 1597 2885 Wadding„
1615 2858 1657 2880 loc.
1674 2858 1727 2885 cit.,
1745 2857 1775 2879 ad
1786 2863 1821 2879 an.
1841 2857 1908 2885 Ἰ1224,
1921 2863 1943 2879 n.
1961 2857 1987 2884 6,
2003 2862 2038 2879 re-

1191 2899 1243 2926 fert,
1261 2898 1290 2921 dc
1305 2899 1348 2920 hoc
1366 2897 1477 2920 iudicium
1495 2897 1649 2925 relinquimus
1660 2896 1745 2919 lectori.
1763 2897 1866 2924 Quatuor
1883 2895 1941 2925 [non
1952 2895 2036 2923 tribus,

1191 2940 1215 2959 ut
1227 2940 1306 2959 11013111
1317 2937 1372 2959 Acta
1384 2937 1432 2965 SS.]
1445 2937 1468 2958 in
1481 2936 1603 2964 praedictis
1615 2938 1677 2958 certo
1689 2935 1761 2958 allatis
1777 2935 1966 2964 Quadragesimis
1977 2935 2037 2957 duae

1190 2977 1247 2998 aliae
1264 2976 1426 3004 adiungendae
1449 2978 1528 3002 erunt,
1545 2975 1630 2998 scilieet
1649 2975 1685 2997 illa
1707 2981 1767 3004 quae
1787 2974 1934 2997 observanda
1951 2976 1986 2996 est
2006 2973 2036 2996 ab

1191 3015 1301 3038 omnibus
1318 3014 1426 3037 fidelibus
1445 3014 1506 3044 (ante
1517 3014 1613 3043 Pascha)
1632 3017 1654 3036 et
1666 3014 1700 3036 illa
1718 3020 1778 3043 quae
1790 3014 1932 3042 praecipitur
1948 3013 1970 3035 in
1982 3019 2002 3036 c.
2015 3012 2035 3035 4.

2069 1195 2115 1219 1111111,
2121 1202 2132 1221 g

2058 1219 2112 1239 Matre

2117 1104 2120 1136 l

2117 1210 2133 1241 111

2066 1243 2119 1262 sanct»
2126 1249 2133 1263 e

2075 1266 2113 1290 Aug

2068 1477 2112 1497 leiut

2117 1273 2132 1287 '3-

2117 1297 2119 1311 l

2120 1483 2129 1497 Ε

2077 1501 2112 1526 dup
2121 1515 2125 1520 .

2057 2182 2106 2202 leiun

2084 2207 2124 2234 ter.
