2133 3317
114 863 184 885 Tertio,
197 863 244 882 visio

124 887 245 905 humanitatis

123 910 199 929 Christi.

131 2126 252 2154 Desidet-ium

151 2155 233 2169 ammae.

261 215 296 243 66

259 295 335 322 certe
368 292 421 321 iam
455 300 508 320 non
535 292 700 324 eiulantem,
723 290 920 319 vociferantem
942 293 969 319 et
991 290 1111 319 claman-

259 343 335 369 tem:
369 339 442 375 Quis
463 337 538 367 milti
558 338 620 372 det,
642 342 676 366 ut
696 337 814 366 moriar
832 346 889 374 pro
912 341 952 371 te,
973 336 1018 374 fili
1045 337 1110 365 mi?

259 394 323 415 cum
345 389 431 414 staret
452 392 539 422 prope
567 384 741 421 unigenitum
764 383 863 411 Filium
884 391 967 412 suum
990 383 1112 412 morien-

259 436 313 462 tem
336 435 363 462 et
384 432 549 469 pendentem
573 432 599 459 in
622 430 716 459 crucis
737 430 880 467 patibulo;
912 431 970 459 iam·
989 438 1044 459 non
1073 430 1112 458 la-

258 482 428 509 mentantem
449 478 680 515 lacrymabiliter,
702 486 767 506 cum
788 477 840 507 sibi
861 477 977 506 daretur
1004 489 1017 502 «
1031 477 1112 506 disci-

258 527 343 564 pulus
364 534 415 563 pro
438 526 586 563 magistro,
619 533 719 554 servus
748 533 799 562 pro
822 525 959 553 Domino¹
976 537 1003 559 21,
1032 524 1112 562 quasi

258 574 366 602 alienus
388 581 438 610 pro
460 572 603 610 unigenito
625 576 652 601 et
672 572 833 601 dulcissimo
855 572 939 601 Filio:
965 572 1012 601 sed
1041 572 1112 601 hanc

259 620 399 657 quondam
422 623 536 656 propter
558 627 608 648 nos
630 622 685 647 tam
706 619 854 653 miseram,
876 622 917 647 tot
936 618 1113 647 moeroribus

259 668 384 704 plenam,
406 667 460 695 iam
482 674 557 695 nunc
579 666 817 695 inaestimabiliter
839 674 924 703 super
945 666 1046 694 choros
1060 666 1113 694 An-

259 715 385 751 gelorum
408 717 435 743 et
456 722 565 743 omnem
588 717 745 742 creaturam
762 714 929 746 exaltatam,
951 716 1112 750 regnantem

259 770 324 791 cum
346 761 456 790 Christo
478 761 543 790 Filio
565 762 639 790 su0²
661 761 688 790 in
710 761 853 789 Trinitatis
873 760 983 797 palatio.

339 810 384 838 527.
408 809 430 837 O
452 809 558 843 anima,
581 811 673 837 mente
694 808 792 837 devota
807 810 959 845 pertracta,
975 815 1058 844 quam
1078 806 1113 835 sit

259 857 373 894 plenum
406 856 481 885 omni
513 856 649 885 suavitate
677 855 810 892 gaudium
846 854 941 883 videre
973 854 1112 882 hominem

260 904 381 933 hominis
401 903 590 937 Conditorem,
606 903 736 932 feminam
758 902 914 931 Conditoris
934 901 1112 939 genitricem,

262 951 352 980 Iesum
366 951 482 980 fratrem
499 954 626 979 nostrum
643 950 781 987 quondam
799 949 955 986 perditum,
974 948 1112 977 abiectum

262 1002 289 1028 et
309 999 488 1035 despectum,
511 1005 585 1026 nunc
600 998 762 1031 inventum,
778 1004 853 1025 nunc
868 1004 1024 1029 reversum,
1039 1002 1114 1023 nunc

261 1048 440 1083 regnantem,
463 1052 537 1073 nunc
558 1044 688 1073 omnibus
710 1044 903 1080 imperantem.
923 1042 945 1071 Ο
960 1042 1027 1080 qziz's
1041 1040 1116 1069 milti

262 1093 323 1126 dec,
346 1095 378 1120 ut
396 1092 513 1120 videam
536 1095 560 1119 ie
580 1090 709 1128 fratrem
731 1098 827 1118 uicum
848 1093 997 1127 suyentem
1022 1088 1115 1116 ubera

264 1139 370 1168 umbris
391 1147 488 1172 meae,
504 1142 537 1166 ut
551 1138 702 1166 inveniam
718 1141 741 1165 te
756 1136 832 1174 foris
847 1140 871 1165 et
886 1135 1034 1164 deosculer
1046 1136 1056 1152 5
1077 1135 1116 1163 la-

264 1187 317 1216 biis
338 1186 507 1219 devotionis,
529 1185 681 1222 amplectar
703 1188 729 1212 te
751 1184 873 1212 brachiis
900 1182 1070 1216 dilectionis,
1091 1185 1116 1210 et

263 1236 326 1264 iam
346 1243 391 1263 me
412 1242 494 1262 izemo
516 1233 674 1270 despiciat,
696 1240 761 1261 cum
782 1232 968 1260 introduxero
983 1235 1010 1260 te
1024 1231 1053 1259 in
1068 1239 1116 1259 cu-

263 1282 388 1311 biculum
410 1290 473 1310 cum
496 1280 642 1309 dulcedine
663 1279 844 1308 suavissimae
865 1278 1028 1307 fruitionis?
1043 1278 1117 1306 Hanc

262 1330 395 1359 visionem
417 1328 591 1357 desiderabat
613 1327 658 1356 ille
679 1327 796 1355 devotus
817 1326 963 1355 Anselmus
984 1326 1011 1353 in
1034 1325 1118 1353 Medi—

264 1376 453 1410 tationibus4,
476 1375 587 1412 quando
608 1374 735 1403 dicebat:
763 1385 776 1398 «
791 1373 813 1401 O
841 1372 1001 1401 dulcissime
1030 1380 1116 1409 puer,

264 1423 375 1461 quando
397 1426 423 1451 te
452 1422 566 1455 videbo,
596 1421 707 1458 quando
728 1423 792 1449 ante
814 1420 911 1449 faciem
935 1423 1010 1448 tuam
1033 1427 1117 1456 appa-

268 1471 351 1504 rebo,
374 1469 485 1507 quando
507 1468 628 1497 satiabor
648 1467 837 1504 pulcritudine
859 1470 923 1500 tua,
945 1466 1056 1503 quando
1078 1465 1118 1494 vi-

263 1518 334 1547 debo
355 1517 465 1546 vultum
487 1520 567 1545 tuum
589 1515 818 1549 desiderabilem,
850 1514 882 1543 iu
903 1522 986 1552 quem
1009 1513 1118 1542 deside-

265 1569 336 1594 rant
358 1564 463 1602 Auyeli
480 1562 673 1600 prospicere?
697 1563 751 1591 Vae
765 1562 873 1590 animae
889 1565 915 1590 te
930 1569 985 1589 non
1000 1561 1117 1595 amanti,

265 1616 291 1641 te
312 1620 367 1640 non
389 1611 552 1648 quaerenti!
576 1618 663 1647 quae,
686 1610 707 1638 si
730 1609 867 1637 mundum
888 1608 993 1645 diligit,
1022 1616 1118 1644 pecca-

265 1659 300 1688 tis
321 1658 422 1693 servit,
456 1666 600 1695 nunquam
622 1660 664 1685 est
692 1657 802 1693 quieta,
832 1664 975 1693 nunquam
1007 1658 1048 1684 est
1077 1663 1119 1684 se-

265 1715 342 1736 cura.
365 1706 452 1739 Nihil,
475 1713 593 1742 quaeso,
616 1705 675 1733 sine
697 1707 723 1733 te
744 1704 812 1732 mibi
835 1704 956 1740 placeat,
972 1703 1041 1731 nihil
1057 1703 1119 1731 dul-

265 1757 370 1788 cescat,
402 1753 470 1781 nihil
503 1752 672 1789 speciosum,
704 1751 773 1779 nihil
806 1754 918 1787 praeter
950 1753 976 1779 te
997 1750 1119 1778 arrideat

264 1801 427 1838 pretiosum.
458 1800 596 1829 Vilescant
627 1799 719 1828 onmia
750 1802 862 1835 praeter
895 1801 930 1827 te.
963 1798 1041 1834 Quod
1070 1797 1117 1826 tihi

265 1852 306 1878 est
327 1848 476 1877 adversum
499 1847 565 1876 mihi
592 1847 627 1876 sit
649 1846 813 1879 molestum,
836 1848 863 1874 et
885 1848 966 1874 tuum
988 1845 1119 1881 benepla-

266 1895 352 1925 citum
374 1895 409 1924 sit
430 1902 525 1923 meum
547 1894 707 1923 indeficiens
728 1893 907 1921 desiderium.
923 1892 1041 1921 Taedeat
1056 1900 1120 1929 gau-

266 1942 333 1971 dere
354 1942 412 1970 sine
434 1944 475 1975 te,
497 1940 614 1969 delectet
635 1940 757 1977 gaudere
778 1943 870 1968 tecum
886 1942 913 1968 et
928 1939 995 1967 flere
1018 1942 1118 1967 tecum.

267 1989 289 2018 O
311 1990 383 2018 bone
405 1989 481 2022 lesu,
504 1988 525 2017 si
548 1991 604 2016 tam
635 1987 717 2016 dulce
748 1990 790 2015 est
821 1986 889 2015 flere
914 1986 948 2015 de
969 1989 1012 2020 te,
1035 1994 1118 2023 quam

269 2036 350 2065 dulce
371 2036 425 2065 erit
446 2035 567 2072 gaudere
588 2035 622 2063 de
645 2038 670 2063 te
685 2037 717 2062 »¹2
739 2034 809 2062 Haec
831 2033 984 2062 Anselmus.

347 2083 447 2111 Auum.
470 2082 493 2110 O
515 2082 613 2115 1101110,
636 2081 690 2109 iam
712 2088 807 2109 amore
839 2080 948 2108 videndi
970 2079 1119 2107 Dominum

269 2131 357 2159 Deum
389 2132 542 2158 creatorem
576 2136 670 2157 meum
703 2128 836 2164 langueo,
868 2126 968 2155 ardore
990 2126 1119 2155 cernendi

810 212 1007 241 OPUSCULUM
1029 212 1057 240 11.
1081 211 1312 248 SOLlLOQUIUM.
1334 211 1403 240 CAP.
1426 211 1467 240 lV.

1168 290 1257 318 Iesum
1279 290 1393 318 fratrem
1423 293 1449 318 et
1481 289 1685 326 redemptorem
1708 297 1801 318 meum
1830 289 1936 318 deficio.
1965 290 2018 318 lam

1168 336 1304 366 desiderio
1325 336 1449 365 intuendi
1472 337 1585 365 Matrem
1608 336 1748 373 Virginem
1778 336 1924 364 vulnerata
1944 335 2019 372 inge-

1168 383 1263 412 misco.
1291 383 1341 411 «O
1363 383 1474 420 quando
1506 383 1605 411 videbo
1636 382 1770 419 gaudium
1802 390 1913 417 meum,
1945 382 2020 419 quod

1169 430 1315 464 desidero;
1347 430 1459 467 quando
1490 429 1636 466 apparebit
1663 429 1766 466 gloria,
1788 437 1872 466 quam
1901 429 2020 458 esurio?

1169 477 1191 505 O
1213 477 1324 514 quando
1345 477 1437 505 veniet
1458 476 1615 505 consolator
1636 484 1731 510 meus,
1757 484 1842 513 quem
1862 478 2020 513 exspecto?

1169 524 1192 553 O
1213 523 1324 561 quando
1346 523 1506 552 inebriabor
1527 523 1562 551 ab
1594 523 1722 551 ubertate
1752 523 1852 551 domus
1883 523 1958 556 eius,
1986 522 2021 551 ad

1169 578 1254 608 quam
1276 570 1410 607 suspir0⁵
1424 572 1458 598 n?
1491 570 1545 598 lam
1567 569 1660 606 gravis
1681 572 1722 598 est
1744 569 1811 598 mihi
1834 569 1923 598 omnis
1944 577 2020 598 crea-

1170 621 1233 647 tura
1255 618 1289 646 ad
1310 617 1474 651 videndum,
1497 617 1563 654 quia
1583 616 1666 650 nimis
1692 617 1946 653 incomparabiliter
1974 624 2021 645 su-

1169 665 1324 702 pereminet
1345 664 1405 693 eius
1427 663 1603 701 pulcritudo,
1625 672 1641 692 a
1662 672 1719 700 quo
1740 666 1938 700 processerunt
1952 663 2020 692 haec

1169 712 1271 740 onmia.

1249 759 1335 787 Hono.
1358 759 1380 786 O
1401 758 1508 792 anima,
1530 761 1662 794 exspecta
1677 765 1740 786 cum
1757 757 1897 794 patientia,
1912 760 1943 786 ut
1962 765 2022 786 cre-

1170 809 1247 835 scant
1268 809 1317 834 tua
1337 805 1489 839 desideria,
1511 805 1577 842 quia
1598 805 1735 841 scriptum
1759 805 1840 833 est⁶:
1864 804 2021 839 Modicum,

1169 858 1194 882 et
1215 862 1273 881 11011
1294 853 1426 881 videbilis
1447 861 1508 887 me,
1529 856 1555 881 et
1576 853 1683 881 iterum
1704 852 1870 886 modicum,
1899 855 1925 880 et
1944 852 2022 881 vide-

1171 901 1237 929 bitis
1258 909 1310 929 me.

1250 949 1350 976 Auum.
1382 947 1405 975 Ο
1438 947 1578 975 modicum
1610 947 1740 983 longum,
1772 946 1913 975 modicum
1941 946 2024 975 nimis

1172 996 1329 1032 prolixum,
1362 994 1428 1031 quia
1459 994 1511 1023 etsi
1532 993 1639 1022 modica
1660 994 1715 1022 sint
1735 993 1850 1027 merita,
1873 993 1954 1030 longa
1984 996 2023 1021 ta-

1171 1050 1233 1071 men
1256 1046 1322 1071 sunt
1342 1041 1479 1070 desideria
1491 1041 1510 1068 ⁷.

1251 1089 1338 1117 110110.
1361 1088 1383 1116 O
1405 1088 1512 1121 anima,
1534 1087 1556 1116 si
1579 1088 1660 1124 longa
1674 1090 1701 1116 et
1717 1095 1815 1124 magna
1829 1086 1960 1116 videntur
1976 1086 2023 1115 tibi

1173 1140 1220 1165 tua
1241 1136 1393 1170 desideria,
1426 1135 1529 1172 quibus
1550 1138 1661 1164 aestuas
1682 1134 1716 1163 ad
1737 1137 1879 1163 aeternam
1901 1133 2023 1162 clarita—

1173 1187 1227 1213 tem
1242 1182 1497 1219 contemplandam3
1510 1185 1623 1219 quanto,
1639 1184 1730 1219 putas,
1746 1181 1882 1210 desiderio
1897 1183 2024 1209 aestuare

1173 1230 1256 1259 debes
1277 1229 1311 1258 ad
1326 1233 1468 1258 aeternam
1492 1229 1647 1257 bonitatem
1660 1228 1787 1266 perfecte
1802 1228 1982 1265 diliyemlam
1997 1230 2024 1256 et

1174 1284 1311 1306 summam
1333 1276 1513 1304 maiestateiiz
1538 1275 1726 1304 aeternaliter
1745 1274 1975 1312 possidendam?
1997 1275 2024 1303 Si

1174 1324 1246 1353 enim
1270 1331 1378 1352 summe
1399 1331 1455 1351 non
1475 1323 1620 1360 diligeres,
1637 1322 1776 1359 quomodo
1791 1322 1824 1351 de
1839 1322 1944 1351 visione
1958 1330 2026 1359 gau-

1174 1371 1276 1399 deres?
1299 1370 1329 1398 Et
1350 1370 1372 1399 si
1394 1370 1464 1399 bene
1485 1369 1594 1398 videres
1616 1372 1643 1398 et
1663 1369 1808 1406 diligeres,
1831 1372 1859 1397 et
1877 1372 1968 1397 tamen
1983 1376 2026 1397 se-

1175 1426 1241 1447 cura
1265 1421 1357 1446 mente
1378 1425 1432 1445 non
1455 1417 1629 1453 possideres3
1652 1416 1791 1453 quomodo
1816 1416 1896 1444 beata
1918 1423 2026 1452 perma-

1174 1468 1278 1494 neres?
1304 1476 1317 1489 «
1333 1464 1370 1493 lbi
1393 1464 1479 1501 igitur
1501 1463 1661 1492 vacabimus
1682 1466 1709 1492 et
1730 1463 1901 1497 videbimus,
1924 1462 2027 1491 videbi-

1174 1520 1238 1541 mus
1253 1515 1280 1540 et
1294 1511 1460 1545 amabimus,
1478 1511 1634 1539 amabimus
1649 1513 1677 1539 et
1691 1510 1856 1539 habebimus
1867 1510 1878 1526 8
1894 1522 1921 1538 ».
1941 1521 1955 1535 α
1967 1510 2026 1546 lpse

1175 1559 1248 1588 enim
1270 1562 1312 1587 est
1333 1558 1396 1587 finis
1417 1558 1619 1587 desideriorum
1636 1561 1815 1591 nostrorum,
1835 1557 1958 1594 quisine
1972 1556 2028 1585 fine

1176 1606 1331 1640 videbitur,
1354 1606 1412 1635 sine
1433 1605 1542 1634 fastidio
1563 1605 1717 1639 amabitur,
1740 1605 1799 1634 sine
1820 1604 1979 1642 fatigatione
2000 1604 2028 1632 in

1176 1662 1285 1682 summa
1299 1653 1428 1682 felicitate
1444 1653 1471 1681 in
1493 1656 1639 1681 aeternum
1662 1652 1822 1680 laudabitur
1837 1663 1863 1680 ».
1889 1667 1923 1672 ——
1945 1650 2027 1685 Audi,

1176 1701 1243 1738 quid
1263 1701 1297 1729 de
1320 1700 1467 1737 praedictis
1491 1700 1622 1728 omnibus
1643 1699 1808 1728 caelestibus
1829 1699 1936 1736 gaudiis
1956 1699 2029 1727 dicat

1176 1748 1221 1776 ille
1236 1748 1353 1776 devotus
1374 1747 1519 1775 Anselmus
1541 1747 1568 1775 in
1591 1746 1646 1775 fine
1669 1746 1839 1783 Proslogiiss,
1861 1749 1888 1774 et
1909 1745 2028 1780 attende,

1181 1807 1195 1821 (1
1209 1803 1292 1832 qnam
1314 1794 1476 1823 delectabile
1498 1794 1533 1822 sit
1555 1794 1623 1822 illud
1645 1793 1768 1828 bonum,
1801 1793 1875 1830 quod
1907 1792 2029 1822 continet

1177 1841 1378 1871 iucunditatem
1400 1841 1525 1870 omnium
1547 1841 1695 1869 honorum.
1718 1840 1745 1868 Si
1767 1840 1890 1868 iucunda
1911 1843 1952 1868 est
1973 1839 2030 1868 vita

1177 1892 1285 1923 creata,
1317 1897 1401 1926 quarn
1424 1888 1546 1917 iucunda
1567 1891 1608 1917 est
1629 1887 1752 1916 creatrix
1775 1887 1911 1916 essentia!
1938 1886 1965 1915 Si
1987 1886 2030 1915 iu-

1177 1937 1267 1966 cunda
1288 1939 1329 1965 est
1351 1936 1426 1964 salus
1447 1936 1534 1970 facta,
1550 1943 1634 1972 quam
1649 1934 1771 1964 iucunda
1786 1934 1877 1968 salus,
1899 1941 1971 1971 quae
1992 1933 2030 1962 fe—

1177 1985 1215 2013 cit
1235 1983 1346 2012 omnia!
1381 1983 1407 2011 Si
1440 1982 1565 2011 amabilis
1597 1985 1638 2011 est
1666 1981 1800 2019 sapientia
1821 1981 1854 2010 de
1876 1981 2029 2015 creaturis,

1177 2038 1261 2067 quam
1283 2029 1453 2058 delectabilis
1474 2033 1516 2058 est
1536 2029 1583 2057 illa
1604 2036 1675 2065 quae
1697 2031 1738 2057 est
1759 2028 1793 2056 de
1814 2028 1900 2056 rebus
1923 2027 2030 2056 increa-

1178 2078 1213 2106 tis
1225 2078 1249 2094 ²⁰
1265 2080 1292 2105 »!
1320 2088 1334 2101 ετ
1348 2077 1404 2105 Cur
1427 2085 1493 2113 ergo
1524 2084 1574 2113 per
1605 2076 1693 2104 multa
1714 2075 1839 2112 vagaris,
1871 2074 2030 2112 quaerendo

1178 2125 1249 2154 hona
1271 2127 1386 2153 creata?
1408 2125 1473 2152 Ama
1494 2132 1582 2152 unum
1598 2123 1719 2157 bonum,
1734 2122 1761 2151 in
1778 2131 1834 2160 quo
1849 2126 1915 2151 sunt
1929 2122 2028 2151 omnia.

334 2275 341 2288 ¹
360 2275 484 2303 Be1*na1·(l.‚
502 2276 576 2297 Serm.
594 2274 616 2296 in
634 2274 752 2296 Dominica
772 2274 828 2295 insra
847 2273 896 2296 Oct.
918 2274 1020 2296 Assumt.
1047 2274 1071 2295 B.
1093 2273 1121 2295 M.

270 2316 336 2344 Vin-g.
354 2322 376 2337 n.
398 2315 438 2336 15:
456 2314 474 2337 O
491 2314 713 2336 commutationem!
740 2314 834 2335 loannes
851 2312 892 2334 tibi
919 2319 960 2340 pro
987 2313 1036 2334 lesu
1055 2312 1122 2334 tradi-

270 2358 320 2381 tur,
337 2360 420 2376 servus
437 2360 479 2381 pro
499 2352 608 2380 Domino,
626 2352 753 2380 discipulus
765 2358 808 2380 pro
820 2352 939 2379 magistro.
952 2351 997 2374 Csr.
1009 2352 1121 2379 Anselm.‚

272 2394 333 2416 Orat.
352 2394 389 2415 20.

335 2432 343 2445 ²
361 2433 404 2454 Pro
423 2431 483 2454 Filio
501 2437 545 2454 suo
564 2431 602 2458 (ita
621 2431 673 2459 DE)
693 2432 709 2452 A
721 2430 787 2453 CFL
805 2429 869 2459 felici
884 2429 971 2459 [storia.
997 2430 1046 2451 Vat.
1070 2435 1122 2451 con-

271 2475 305 2495 tra
323 2471 366 2494 AC
377 2471 445 2493 DEL
465 2470 628 2499 prosequitur:
646 2470 669 2492 in
688 2470 804 2491 Trinitatis
829 2468 1037 2497 superbenedictae
1063 2469 1123 2496 pala-

272 2512 302 2533 tio
326 2514 469 2538 cantantem,
496 2509 631 2531 iubilantem
649 2512 671 2531 et
688 2509 819 2531 dicentem:
847 2508 921 2531 Tenui
943 2508 1012 2531 illum
1030 2513 1072 2531 uec·
1089 2507 1123 2530 di-

273 2550 367 2573 mittam
384 2549 461 2579 [Cant.
479 2550 505 2576 3,
525 2549 563 2578 Ji.].
595 2548 672 2571 Venite
690 2548 722 2571 ad
738 2554 775 2571 me
792 2554 886 2576 omues,
905 2547 947 2577 qui
964 2547 1079 2571 laboratis
1102 2548 1123 2570 ei

273 2589 367 2613 onerati
376 2588 442 2616 estis,
455 2590 478 2611 et
493 2594 534 2618 esso
553 2587 661 2618 reficiam
678 2594 720 2611 ‘ros
739 2587 826 2617 [Matth.
844 2588 881 2614 111,
899 2588 955 2615 28.].
967 2588 994 2609 Et
1006 2587 1059 2609 illud
1073 2586 1124 2616 [Ec-

273 2630 309 2652 cli.
327 2628 369 2657 et,
388 2628 451 2658 26.]:
472 2627 581 2651 Tratisiie
598 2627 630 2650 ad
646 2633 683 2650 me
701 2633 795 2655 onmes,
810 2626 854 2656 qui
865 2626 1031 2656 concupiscitis
1046 2632 1090 2653 me,
1103 2627 1124 2648 el

272 2675 288 2692 a.
304 2667 496 2698 qenerationibus
514 2667 572 2690 meis
589 2666 761 2696 adimplemini.

336 2707 345 2720 ⁸
363 2707 427 2730 Cant.
446 2708 471 2734 8,
491 2707 511 2728 Ἰ1.

336 2746 346 2758 ⁴
364 2747 429 2775 Quae
446 2746 554 2768 [insoluto
572 2745 729 2768 attribuuntur
746 2745 897 2767 inveniuntur
916 2747 964 2766 tum
978 2744 999 2766 in
1012 2743 1075 2766 Orat.
1092 2743 1125 2769 19,

275 2785 313 2808 ubi
331 2786 431 2808 occurrit
450 2785 469 2808 O
486 2784 645 2808 dulcissime...
663 2784 826 2814 pulcritudine
851 2785 911 2812 tua,·
937 2786 987 2806 tum
1012 2784 1034 2805 in
1058 2782 1126 2805 Medi-

274 2827 313 2846 tat.
335 2824 369 2846 rt.
386 2831 406 2847 e.
424 2825 450 2851 3,
469 2824 509 2846 ubi
527 2824 625 2846 habetur
646 2824 692 2846 Vae
709 2823 828 2846 animae...
846 2825 881 2846 est
901 2829 986 2846 secura
995 2831 1005 2851 ,·
1030 2825 1078 2844 tum
1103 2822 1125 2843 in

275 2864 337 2886 Orat.
355 2865 381 2891 ²2,
399 2863 438 2885 nbi
457 2863 573 2885 invenitur
591 2862 657 2886 Niliil
673 2868 784 2892 quaeso...
802 2862 859 2891 flere
885 2864 970 2885 tecam.
996 2861 1079 2884 Omnia
1102 2860 1126 2882 in

275 2909 347 2926 unum
366 2903 458 2925 collecta
476 2902 590 2925 habentur
607 2903 628 2924 in
647 2903 819 2925 Lamentatione
837 2902 858 2924 in
885 2902 1018 2930 passionem
1043 2900 1126 2923 Christi

276 2943 344 2971 (inter
361 2948 432 2970 opera
450 2942 578 2971 Bernardi),
596 2949 619 2964 n.
637 2943 661 2964 3.
676 2942 793 2969 Allegatur
811 2942 826 2964 l.
844 2942 902 2964 Petr.
924 2942 944 2968 1,
963 2941 1000 2963 112.

339 2981 348 2994 ⁵
367 2982 480 3009 Anselm.‚
498 2981 559 3003 Orat.
578 2982 615 3003 ⁴20.
634 2981 657 3003 ln
675 2981 777 3003 secunda
795 2983 909 3009 etquarta
923 2979 1082 3008 propositione
1094 2985 1127 3001 re-

276 3021 372 3049 spicitur
391 3021 425 3043 Ps.
448 3021 487 3047 16,
506 3020 542 3042 t5.
560 3023 583 3042 et
600 3021 642 3047 35,
661 3020 682 3042 9.

1243 2272 1329 2294 ὗ101111.
1352 2272 1390 2299 16,
1413 2271 1446 2293 to.

1243 2311 1251 2324 ⁷
1269 2311 1402 2333 Set-undum
1422 2310 1547 2337 Boi-nara„
1566 2309 1640 2331 Serui.
1658 2308 1696 2330 74.
1714 2308 1738 2330 in
1756 2308 1819 2331 Cant.
1838 2315 1860 2330 n.
1880 2307 1900 2330 4.

1243 2350 1251 2363 '³
1270 2352 1379 2379 August„
1398 2350 1467 2372 xxu.
1486 2349 1515 2371 de
1532 2348 1581 2371 Civ.
1601 2348 1653 2375 Dei,
1670 2354 1689 2370 c.
1709 2348 1746 2370 30.
1765 2354 1786 2369 n.
1805 2348 1830 2374 5,
1849 2347 1887 2369 uhi
1907 2353 1949 2375 pro
1962 2346 2032 2369 liabe-

1180 2390 1257 2413 bimus
1284 2393 1357 2412 textus
1382 2388 1502 2417 originalis
1527 2391 1550 2410 et
1572 2388 1577 2409 l
1604 2386 1770 2415 laudabimus,
1796 2387 1895 2409 ACDE
1920 2386 2032 2408 brevius:

1180 2428 1215 2451 Ilii
1232 2428 1306 2457 igyilur
1324 2427 1459 2450 amabimus
1477 2428 1498 2450 et
1514 2425 1658 2453 ridebimus,
1686 2425 1815 2448 ridebimus
1840 2427 1861 2448 ei
1887 2424 2031 2448 habebimus.

1180 2468 1237 2490 ibid.
1257 2474 1279 2489 11.
1302 2468 1320 2489 1.
1332 2467 1430 2489 habetur
1442 2472 1492 2495 seq.
1507 2467 1583 2492 lorus,
1596 2466 1617 2488 in
1631 2471 1678 2494 qno
1691 2468 1765 2487 textus
1777 2465 1896 2493 originalis
1913 2464 1996 2486 omittit
2008 2463 2032 2486 in

1179 2513 1274 2530 summu
1288 2506 1397 2536 felicitate
1409 2506 1434 2529 iuv
1446 2507 1578 2528 aeternum..
1596 2505 1651 2527 Fide
1668 2506 1686 2526 Α
1696 2504 1712 2527 C
1723 2505 1766 2526 DE
1776 2505 1791 2526 F
1801 2505 1817 2526 L
1835 2504 1956 2526 omisimus
1972 2509 2032 2532 quae

1181 2547 1233 2568 Yat.
1251 2546 1287 2568 nic
1304 2546 1383 2568 addit:
1405 2554 1416 2565 z(
1428 2545 1476 2567 Una
1494 2545 1556 2566 enim
1574 2544 1605 2566 ibi
1623 2547 1645 2566 et
1664 2546 1708 2566 [ota
1726 2543 1800 2565 virtus
1818 2546 1852 2565 cst
1872 2548 1951 2564 amare
1968 2541 2032 2570 quod

1181 2586 1275 2613 videas,
1293 2590 1314 2607 et
1331 2591 1423 2607 summa
1441 2585 1535 2607 felicitas
1552 2584 1696 2606 aeternaliter
1714 2582 1801 2605 hahere
1818 2583 1881 2611 qnod
1907 2588 1979 2604 amas.
2000 2581 2032 2603 lbi

1181 2625 1247 2647 beata
1274 2625 1319 2647 rita
1346 2625 1368 2646 111
1395 2630 1437 2646 suo
1456 2625 1517 2646 tonte
1542 2623 1610 2651 plene
1635 2624 1735 2651 perfecte
1760 2621 1860 2648 bibitur,
1887 2621 1948 2644 unde
1974 2621 2032 2643 miro

1182 2664 1286 2693 quodam
1301 2664 1372 2686 modo
1385 2667 1407 2686 et
1419 2662 1584 2685 delectabiliter
1596 2662 1708 2690 impressa
1720 2661 1769 2683 sitis
1781 2661 1848 2683 simul
1861 2663 1931 2689 atque
1942 2660 2034 2682 satietas

1182 2704 1314 2726 alternatur.
1333 2704 1378 2725 Sed
1396 2704 1465 2730 longe
1482 2709 1494 2724 a
1512 2702 1548 2724 siti
1566 2702 1690 2724 necessitas
1707 2701 1837 2729 repellitur,
1855 2701 1925 2728 longe
1941 2706 1952 2722 a
1966 2700 2033 2722 satie-

1182 2746 1227 2765 tate
1246 2743 1362 2765 fastidium
1380 2746 1536 2764 amovetur».
1553 2742 1614 2763 Ilaec
1632 2741 1774 2769 Augustinus
1801 2739 1860 2769 [ΧΗ.
1877 2740 1906 2762 de
1924 2740 1980 2762 Gen.
2004 2739 2033 2761 ad

1183 2783 1213 2805 lit.
1231 2789 1250 2805 c.
1270 2783 1306 2804 26.
1325 2789 1347 2805 n,
1367 2782 1412 2810 54;
1431 2782 1556 2810 Speculum
1576 2782 1643 2810 (inter
1660 2786 1731 2809 opera
1749 2779 1856 2808 August.)
1876 2786 1896 2801 c.
1913 2778 1969 2808 29.].
1989 2779 2034 2801 Sed

1183 2828 1210 2844 ne
1229 2824 1250 2843 te
1268 2822 1327 2848 iam,
1345 2828 1358 2844 o
1376 2822 1460 2847 anima,
1478 2821 1565 2843 diutius
1582 2821 1725 2849 protraham.

1247 2860 1256 2872 ⁹
1273 2860 1330 2888 Cap.
1347 2861 1384 2883 24.
1403 2861 1476 2882 Etiam
1494 2859 1667 2888 Breviloqninm
1686 2859 1860 2881 Bonaventurae
1873 2858 1936 2886 (tom.
1951 2857 1988 2885 V.)
2000 2863 2034 2879 ex-

1183 2900 1247 2929 plicit.
1264 2900 1382 2922 afferendo
1399 2899 1501 2922 eundem
1519 2899 1619 2921 Anselmi
1637 2899 1722 2920 locum.

1247 2938 1266 2951 ¹0
1285 2939 1371 2961 Textus
1388 2939 1507 2966 originalis
1519 2942 1541 2960 et
1552 2938 1568 2960 F
1580 2937 1660 2962 salus.
1673 2943 1734 2967 quae
1744 2935 1798 2966 fecit
1811 2942 1903 2959 omnem
1915 2934 2034 2958 salutem?

1183 2977 1234 3001 Si...
1260 2977 1301 3000 illa
1324 2984 1385 3007 quae
1403 2977 1483 3000 omnia
1502 2976 1606 3000 condidit
1621 2983 1652 2999 eat
1673 2975 1756 2999 m'liilo.
1773 2975 1829 2998 Cod.
1856 2975 1871 2996 L
1897 2980 1950 2996 cum
1974 2976 2034 2995 textu

1183 3017 1289 3045 originali
1314 3017 1392 3039 addit:
1419 3016 1531 3045 Denique,
1548 3016 1566 3038 si
1592 3016 1677 3038 multae
1702 3018 1724 3037 et
1749 3020 1847 3042 magnae
1872 3013 2034 3036 delectationes

2062 1092 2121 1111 secun
2127 1099 2133 1113 11

2037 1108 2133 1138 gaudiumlii

2038 1140 2061 1158 de
2069 1138 2132 1160 dilecti

2045 1163 2119 1182 divinae
2124 1170 2133 1184 ,1

2053 1186 2117 1205 uitatis
2124 1189 2125 1193 ¹

2041 1210 2133 1234 possessi!

2037 1235 2133 1254 aeternari

2065 1258 2127 1276 111511111

2046 1657 2122 1699 Effwssu

2075 1681 2122 1700 nselr

2042 1797 2122 1817 Gaudiui

2058 1822 2122 1848 heatitt
2130 1845 2131 1848 Ἰ

2057 1850 2122 1870 propri
2130 1852 2131 1871 1

2131 1908 2132 1985 ᾗ

2131 1986 2133 2026 l

2131 2044 2133 2070 l

2132 2073 2133 2096 l
