2133 3317
157 639 223 663 Quoad
236 639 275 658 offi-

178 943 197 961 lu
210 943 273 961 choro.

152 2064 279 2092 irreverentia

162 2094 182 2107 m
196 2093 280 2107 011115810-

290 221 346 248 590

290 297 329 323 est
347 298 392 322 tibi
411 297 490 322 facilis
509 297 553 320 aut
572 296 634 320 liber
654 302 781 325 accessus,
800 294 930 319 honestius
949 295 1013 319 enim
1032 294 1064 318 ad
1083 302 1139 319 eum

290 342 329 366 cui
348 340 512 365 reverentiam
532 339 618 368 debes,
638 339 666 363 tu
685 338 793 369 accedis,
815 345 890 369 quam
917 338 1000 369 ipsum
1026 338 1139 362 accedere

290 383 322 408 ad
341 383 365 407 te
385 383 454 407 facis.
474 382 568 406 Nullus
587 382 662 406 etiam
680 381 771 406 Frater
790 381 828 405 est
847 388 909 412 puro
934 381 1032 405 nomine
1057 381 1140 412 appel-

290 426 381 450 landus
395 425 411 454 ¹,
432 425 474 449 sed
493 425 594 456 proprio
612 425 706 449 nomini
724 424 899 455 apponendum
924 423 963 448 est
981 431 1077 455 semper
1102 431 1141 448 re-

289 469 392 500 ligiosae
411 467 649 499 praenominationis
667 468 778 498 insigne;
798 467 840 491 sed
859 474 903 491 nec
923 467 974 492 solo
996 467 1140 498 cognomine

290 512 330 536 vel
348 511 446 536 nomine
465 511 576 541 patriae,
596 510 658 541 puta
677 510 831 535 Lombardus
851 510 890 534 vel
910 509 1035 539 Granicus,
1049 509 1140 534 Frater

291 554 330 579 est
348 554 439 585 aliquis
458 553 650 584 nuncupandus.

362 597 386 621 5.
403 597 442 621 Ad
460 596 521 621 haec
531 595 548 625 ²,
562 596 667 620 humilia
680 595 704 620 et
716 595 841 620 laboriosa
855 595 934 620 officia
948 595 1141 620 recommendari

292 639 465 670 coaequalibus
488 638 512 663 et
530 637 669 663 iunioribus
700 638 805 662 maxime
827 637 949 662 convenit.
969 637 1038 667 Quod
1057 637 1140 662 autem

292 689 364 706 suum
384 682 486 712 quisque
506 681 612 706 officium
627 688 671 706 suo
684 680 816 705 dumtaxat
828 680 954 711 compari,
969 680 998 705 ut
1010 680 1141 711 acolythus

291 725 423 756 acolytho,
443 725 608 749 subdiaconus
628 724 791 753 subdiacono,
811 724 836 748 et
855 724 890 748 sic
908 724 937 748 de
956 724 1026 753 aliis,
1053 730 1141 748 recom-

290 768 403 797 mendet,
422 769 447 792 in
468 768 546 793 officio
565 768 648 792 divino
668 767 809 798 specialiter
827 767 908 792 locum
927 767 1015 796 habet,
1032 767 1074 791 ubi
1088 774 1141 797 per-

291 818 409 836 sonarum
427 818 476 836 non
496 811 593 842 quidem
613 810 722 841 acceptio
741 810 845 839 vitiosa,
866 810 908 834 sed
922 810 1036 835 ordinata
1055 810 1142 834 discre-

290 854 325 879 tio
350 854 419 878 iuxta
439 853 571 878 cuiuslibet
599 853 693 878 statum
714 852 739 877 et
759 853 869 877 ordinem
890 852 928 877 est
955 852 1083 881 habenda,
1112 859 1142 876 ne

291 897 404 922 ordinum
424 897 520 921 sancita
534 895 543 908 ³
562 896 668 921 Patrum
687 895 836 921 auctoritate
860 895 986 920 distinctio
1011 895 1143 920 confunda-

291 939 342 964 tur.
360 939 467 970 Propter
485 939 544 968 hoc,
564 939 612 963 etsi
628 938 738 964 cantoris
751 938 859 963 officium
872 938 904 962 ad
917 938 1020 962 Fratres
1036 938 1144 963 novitios

291 983 361 1007 nullo
380 983 450 1007 modo
469 982 608 1013 pertineam
629 983 649 1007 si
669 982 767 1013 quando
786 982 871 1006 tamen
890 981 921 1006 ad
939 981 985 1006 hoc
1005 989 1048 1012 per
1074 988 1144 1012 supe—

291 1026 380 1051 riorem
401 1025 537 1057 cogantur,
557 1025 629 1050 caute
643 1025 805 1056 provideant,
819 1025 884 1056 quod
896 1025 1027 1054 lectiones,
1045 1031 1144 1055 respon-

292 1069 358 1094 soria
376 1068 401 1093 et
421 1068 572 1099 antiphonas
591 1068 745 1093 distribuant
763 1068 884 1097 ordinate,
898 1067 1012 1092 ordinum
1025 1067 1144 1099 gradibus

292 1111 445 1140 observatis,
466 1112 560 1142 primas
580 1111 732 1142 antiphonas
759 1111 909 1140 maioribus,
934 1110 1048 1135 videlicet
1076 1117 1145 1141 prae-

291 1154 358 1184 lato,
378 1155 417 1179 vel
436 1154 641 1183 hebdomadario,
661 1154 701 1179 vel
727 1155 819 1179 seniori
842 1154 916 1178 alicui
945 1153 1080 1182 sacerdoti,
1104 1153 1144 1177 vel

292 1197 390 1229 (111011ᾶο
419 1205 472 1222 11103
490 1198 574 1227 habet,
600 1197 738 1222 minoribus
763 1198 789 1221 in
814 1197 942 1228 Vesperis,
962 1196 1092 1221 Nocturno
1120 1196 1145 1220 et

291 1240 418 1265 Laudibus
448 1240 609 1269 offerrentes,
637 1240 739 1269 deinde,
768 1239 825 1270 post
852 1246 929 1263 unum
958 1239 997 1263 vel
1025 1239 1098 1268 duos,
1125 1239 1146 1263 si

292 1283 445 1315 oportuerit,
465 1282 568 1308 Fratres
586 1283 680 1314 gradus
700 1282 821 1311 eiusdem,
841 1282 873 1306 ad
892 1282 954 1307 alios
973 1282 1086 1307 ordinate
1111 1289 1146 1306 se-

292 1327 399 1352 cundum
418 1326 511 1358 gradus
531 1326 645 1351 ordinum
665 1326 813 1357 processuri.
833 1325 885 1350 Nec
903 1325 975 1350 facile
991 1325 1145 1350 diversorum

292 1371 318 1395 in
338 1369 465 1395 ordinibus
484 1369 608 1401 graduum
627 1369 731 1393 Fratres
750 1368 905 1397 combinent,
925 1368 970 1392 aut
988 1369 1084 1393 minora
1113 1368 1146 1393 of-

292 1412 348 1437 ficia
366 1413 392 1437 in
411 1412 498 1437 maiori
517 1412 601 1437 ordine
626 1411 771 1437 constitutis
790 1410 929 1442 imponant.
949 1411 1023 1435 Prius
1049 1418 1145 1442 quoque

293 1454 420 1480 ordinatos
439 1455 495 1479 aliis
514 1454 689 1485 praeferendos
707 1454 763 1478 iura
782 1453 926 1478 decernunt.
939 1453 964 1478 Si
973 1453 1145 1484 praeordina-

294 1498 358 1522 tioni
377 1498 459 1522 rarius
478 1497 606 1527 deferunt,
626 1497 714 1521 ordini
742 1496 826 1520 tamen
854 1503 951 1527 semper
964 1495 988 1526 ’ς
1017 1503 1145 1527 nunquam

294 1541 407 1566 ordinum
427 1540 594 1565 confusionem
613 1540 637 1564 in
658 1539 732 1564 choro
751 1540 895 1570 religionem
915 1539 1018 1570 putent,
1047 1546 1102 1563 cum
1121 1538 1146 1563 id

292 1584 374 1615 magis
392 1583 535 1608 abusionem
560 1583 784 1613 irreverentiaeque
812 1582 944 1607 obnoxium
963 1589 1016 1607 esse
1040 1582 1146 1607 constet.

297 1626 406 1656 Omnia,
426 1626 508 1658 inquit
526 1626 664 1657 Apostolus
678 1625 695 1656 ⁵,
715 1625 817 1650 honeste
836 1627 860 1650 ot
885 1625 1004 1650 ordinate
1029 1625 1096 1655 stant
1117 1625 1146 1649 in

293 1670 375 1700 vobis;
394 1670 419 1694 et
437 1670 463 1694 in
483 1669 692 1700 Paralipomenon
710 1669 740 1693 de
763 1668 886 1693 ministris
914 1668 1013 1693 Domini
1040 1668 1145 1696 dicitur,

294 1713 358 1744 quod
376 1713 482 1737 stabant
498 1712 638 1737 secundum
658 1712 775 1737 ordinem
792 1719 868 1736 suum
896 1712 924 1736 in
946 1712 1098 1736 ministerio.
1122 1711 1147 1736 Si

294 1756 349 1787 quis
368 1755 481 1780 sedilium
499 1755 568 1780 chori
586 1754 718 1779 dumtaxat
734 1754 843 1779 ordinem
857 1755 909 1779 sine
923 1754 971 1779 alio
984 1761 1147 1785 personarum

294 1798 390 1823 delectu
409 1799 434 1823 in
454 1797 595 1823 huiusmodi
613 1797 731 1822 aestimat
750 1797 946 1826 observandum,
967 1797 1063 1828 penset,
1084 1798 1105 1821 si
1133 1804 1147 1821 a

294 1841 460 1873 carpentariis
479 1840 638 1866 constructus
657 1840 783 1872 lignorum
802 1840 860 1865 ordo
879 1841 906 1865 111
922 1840 1040 1865 sedilibus
1059 1840 1093 1864 sit
1111 1847 1148 1865 or-

294 1884 346 1909 dini
364 1883 540 1915 praeferendus
560 1883 733 1908 ecclesiastico.
752 1883 784 1908 In
804 1884 916 1914 personis
939 1883 1090 1910 servandum
1118 1884 1144 1908 111

295 1928 397 1952 ecclesia
416 1927 540 1952 Ecclesiae
560 1927 669 1952 ordinem
688 1926 797 1951 decrevit
819 1926 971 1956 auctoritas,
991 1926 1104 1957 aequitas
1123 1926 1148 1951 et

294 1971 421 1996 honestas.

365 2013 389 2038 6.
422 2012 567 2038 Omitt‘endo
581 2011 590 2025 ⁶
618 2012 704 2038 notam
739 2013 916 2037 irreverentiae
944 2013 999 2043 quis
1026 2012 1147 2043 incurrit,

296 2056 394 2088 quando
415 2056 552 2081 senioribus
571 2056 596 2080 et
614 2056 718 2080 maxime
738 2055 858 2086 praelatis
877 2055 999 2079 honorem
1024 2055 1063 2080 vel
1082 2055 1148 2080 obse-

296 2100 386 2130 quium
404 2099 528 2128 debitum,
547 2099 592 2124 aut
610 2099 635 2123 in
655 2099 771 2129 obsequio
789 2099 843 2129 ipso
862 2098 1029 2122 reverentiam
1042 2098 1149 2130 negligit

297 2142 419 2167 exhibere.
439 2142 530 2173 Aliqua
549 2142 578 2166 de
597 2142 642 2167 hoc
661 2142 745 2172 potius
764 2141 922 2172 expressione
941 2141 1072 2172 patebunt.
1091 2141 1148 2166 Ho-

296 2185 358 2209 nori
377 2185 433 2216 quis
452 2185 576 2213 detrahit,
597 2185 618 2209 si
636 2185 671 2209 eis
689 2184 818 2208 humiliter
836 2191 886 2208 non
904 2184 1030 2215 assurgit,
1054 2184 1093 2208 vel
1113 2184 1148 2208 eis

297 2228 424 2252 stantibus
439 2226 456 2257 ⁷,
476 2228 528 2258 ipse
548 2227 628 2257 sedet;
648 2227 668 2251 si
688 2226 859 2251 deficientibus
877 2226 903 2250 in
922 2226 996 2251 choro
1023 2227 1062 2251 vel
1088 2227 1148 2251 alibi

297 2271 410 2300 sedibus,
429 2270 510 2295 locum
530 2271 565 2295 eis
583 2277 633 2295 non
652 2269 735 2299 offert3
757 2270 777 2294 si
796 2270 831 2294 eis
850 2270 875 2294 in
897 2269 985 2299 choro,
1004 2270 1030 2294 in
1049 2277 1147 2299 mensa,

296 2315 322 2338 in
342 2314 459 2343 sedendo,
479 2313 558 2338 eundo
578 2313 603 2338 et
620 2312 774 2342 huiusmodi,
795 2313 816 2337 si
835 2312 958 2337 commode
978 2312 1074 2343 potest,
1097 2320 1147 2337 non

297 2356 368 2381 cedit.

719 216 915 245 OPUSCULUM
937 216 954 244 1.
977 216 1149 245 SPECULUM
1170 216 1377 245 DlSClPLlNAE.
1402 216 1481 245 PARS
1503 216 1610 244 PRIMA.

1267 295 1291 319 7.
1314 294 1437 325 Obsequio
1456 294 1580 323 detrahit,
1600 294 1620 318 si
1634 294 1696 318 hacc
1708 301 1791 319 eorum
1805 295 1931 325 personis,
1945 296 2041 326 quando
2057 303 2076 321 tu
2085 304 2133 331 oum

1196 338 1279 368 palam
1299 337 1388 369 egent,
1409 344 1458 362 non
1478 337 1589 367 exhibet,
1610 337 1631 361 si
1649 337 1684 361 eis
1702 337 1728 361 in
1747 336 1829 368 aliquo
1847 337 1936 361 humili
1954 337 1993 362 vel
2008 338 2042 362 la-

1196 380 1292 405 borioso
1311 380 1389 405 officio
1408 381 1433 405 111
1453 381 1491 405 3111
1510 380 1652 411 praesentia
1672 380 1797 411 occupatis
1817 387 1842 404 se
1861 380 1893 404 ad
1911 381 1936 405 id
1955 380 2041 406 facien-

1196 423 1253 448 dum
1273 423 1313 448 vel
1332 423 1528 448 coadiuvandum
1546 430 1596 448 non
1614 423 1713 448 exhibet
1726 421 1749 453 ⁸3
1771 424 1791 447 si
1819 423 1884 454 quod
1909 423 1940 448 ad
1966 431 1990 448 se
2015 431 2043 449 ex

1197 466 1275 491 officio
1295 465 1404 497 pertinet
1422 466 1457 490 eis
1476 465 1613 490 faciendum
1633 466 1746 490 dimittit.
1765 466 1872 497 Expedit
1890 466 1988 497 itaque,
2015 467 2045 491 ut

1196 509 1304 534 iuniores
1323 509 1441 537 Fratres,
1461 508 1599 533 senioribus
1612 508 1744 533 Fratribus
1758 509 1886 533 humiliter
1899 509 2043 540 deferentes,

1197 559 1238 576 eos
1257 552 1283 576 in
1301 551 1340 576 his
1360 558 1421 582 quae
1441 558 1502 582 pure
1510 550 1581 575 sssunt
1600 552 1695 580 oneris,
1724 558 1774 576 non
1801 551 1902 577 honoris
1929 552 2044 583 agendis,

1198 596 1249 619 sive
1268 594 1299 619 ad
1318 594 1425 619 officium
1444 594 1555 619 divinum
1574 594 1625 618 sive
1643 594 1674 618 ad
1701 594 1751 619 alia
1780 594 1923 625 pertineant
1950 595 2046 620 humili-

1198 637 1259 662 tatis
1280 637 1367 667 officia,
1388 637 1506 661 studeant
1525 637 1683 668 praevenire:
1703 637 1734 661 ad
1759 637 1938 668 providendum
1956 638 1985 663 de
2011 639 2046 663 111-

1197 681 1262 705 mine
1282 687 1310 704 00
1328 680 1400 704 libris
1419 680 1444 704 in
1464 679 1552 709 choro,
1571 680 1603 704 ad
1616 679 1748 704 tenendam
1761 680 1889 705 candelam
1902 681 1933 705 ad
1946 681 2045 712 librum,

1198 724 1229 748 ad
1247 723 1376 748 dicendum
1394 723 1420 747 in
1439 723 1513 747 choro
1527 721 1536 734 ⁹
1564 723 1589 747 et
1607 723 1678 747 extra
1703 722 1816 748 Officium
1843 723 1929 748 beatae
1952 723 2046 749 Mariae

1198 767 1310 798 Virginis
1328 766 1450 797 quantum
1470 765 1501 790 ad
1520 765 1698 790 Invitatorium
1711 766 1736 790 et
1749 766 1890 796 Lectiones,
1904 774 1959 791 cum
1973 767 2047 798 plane

1198 809 1329 838 dicuntur,
1353 808 1467 833 Officium
1480 815 1575 840 quoque
1588 808 1743 834 mortuorum
1763 809 1884 840 quantum
1904 809 1935 834 ad
1954 810 2047 840 primas

1199 852 1327 877 Lectiones
1344 859 1389 876 nec
1406 859 1456 876 non
1476 852 1500 876 et
1520 851 1645 876 Horarum
1664 852 1813 881 versiculos,
1833 852 1875 877 ubi
1897 852 1929 877 ad
1941 852 2002 877 haec
2014 853 2047 877 di-

1199 895 1276 919 cenda
1294 902 1412 926 praesens
1431 901 1481 919 non
1499 894 1575 919 fuerit
1603 895 1693 926 aliquis
1721 895 1862 926 specialiter
1889 895 2047 927 assignatus,

1200 938 1231 962 ad
1251 937 1401 962 offerendum
1420 944 1510 968 aquam
1529 944 1574 968 pro
1594 937 1708 962 manibus
1721 937 1904 967 abluendis,ad
1916 938 2049 962 levandum

1200 987 1312 1009 mensas,
1332 979 1411 1004 finitis
1429 980 1528 1011 gratiis,
1548 980 1573 1004 et
1596 980 1627 1004 ad
1646 980 1840 1005 ministrandum
1867 981 2049 1006 celebrantibus

1200 1024 1226 1048 in
1245 1024 1321 1048 altari
1336 1022 1371 1053 ¹=⁰;
1391 1023 1487 1054 quoties
1506 1024 1672 1048 necessarium
1691 1023 1779 1053 fuerit,
1794 1031 1822 1048 ex
1834 1024 1914 1049 officio
1933 1031 1985 1054 suo,
1999 1025 2050 1049 sive

1200 1067 1226 1091 in
1246 1067 1383 1091 minoribus
1408 1067 1459 1091 sive
1478 1067 1504 1091 in
1523 1067 1600 1091 sacris
1628 1066 1722 1091 fuerint
1749 1067 1877 1092 ordinibus
1903 1066 2047 1098 constituti,

1201 1109 1301 1134 solliciti
1320 1110 1371 1134 sint
1390 1109 1415 1134 et
1434 1110 1556 1140 prompti,
1575 1117 1620 1134 nec
1637 1109 1688 1134 ista
1700 1110 1745 1134 aut
1758 1110 1849 1134 similia
1861 1110 1999 1135 senioribus
2017 1110 2051 1135 fa-

1201 1152 1287 1177 cienda
1305 1152 1486 1183 derelinquant.
1516 1152 1655 1177 Erubescat
1679 1152 1797 1177 diaconus
1821 1153 1861 1177 vel
1886 1153 2050 1178 subdiaconus

1202 1202 1294 1219 vacans
1313 1195 1338 1219 et
1357 1195 1493 1220 obtendens
1514 1194 1634 1224 officium,
1649 1195 1713 1226 quod
1737 1195 1795 1226 apte
1820 1195 1904 1226 potest
1927 1195 2051 1221 dimittere

1202 1239 1241 1263 vel
1260 1238 1371 1267 differre,
1391 1238 1517 1263 sacerdote
1537 1238 1569 1262 ad
1587 1238 1690 1263 Missam
1709 1239 1761 1263 vice
1780 1238 1875 1264 diaconi
1893 1239 1932 1263 vel
1951 1239 2052 1264 diacono

1202 1289 1247 1313 pro
1261 1282 1409 1306 subdiacono
1422 1281 1591 1306 ministrante.
1602 1281 1655 1306 Nec
1664 1289 1783 1313 magnum
1796 1281 1842 1311 est,
1853 1282 1875 1306 si
1886 1281 2052 1307 hebdomadas

1202 1332 1261 1349 00311
1280 1325 1409 1350 continuet
1420 1334 1425 1354 3
1438 1325 1556 1356 graviora
1569 1325 1663 1355 passim
1676 1324 1854 1350 continuantur
1867 1324 1954 1350 officia.
1974 1325 2053 1350 Debe-

1203 1368 1245 1392 tur
1258 1368 1359 1392 cuilibet
1373 1367 1453 1392 ordiui
1471 1367 1565 1399 gradus
1585 1374 1660 1399 suus,
1673 1374 1718 1392 nec
1730 1367 1759 1392 de
1776 1367 1961 1399 gradatioribus
1976 1366 1995 1380 ¹²
2014 1367 2052 1393 est

1202 1410 1325 1441 agendum
1335 1429 1341 1439 ,
1360 1410 1408 1434 nisi
1422 1409 1485 1434 forte
1499 1409 1567 1434 aliud
1580 1417 1690 1441 congrua
1702 1406 1828 1434 interdum
1841 1417 1916 1434 causa
1928 1410 2052 1441 deposcat.

1274 1452 1296 1477 8.
1318 1452 1349 1477 In
1369 1452 1493 1483 obsequiis
1512 1459 1596 1477 eorum
1621 1453 1726 1477 maxime
1749 1453 1792 1484 qui
1810 1453 1862 1477 vice
1890 1452 1985 1477 Christi
2011 1460 2054 1478 no-

1202 1495 1313 1519 strarum
1345 1495 1405 1519 sunt
1432 1495 1572 1519 animarum
1601 1495 1729 1524 custodes,
1762 1502 1812 1520 non
1840 1495 1878 1520 est
1909 1495 2052 1520 reverentia

1201 1537 1350 1566 omittenda,
1370 1545 1432 1569 quae
1443 1536 1463 1549 ¹²
1483 1545 1527 1568 per
1540 1538 1633 1568 caputii
1651 1538 1853 1567 abstractionem,
1867 1538 1925 1562 dum
1939 1539 1973 1563 eis
1985 1538 2054 1563 mini-

1202 1582 1313 1606 stramus
1332 1581 1377 1605 aut
1394 1581 1533 1612 loquimur,
1546 1588 1589 1612 per
1602 1580 1720 1605 humilem
1739 1581 1849 1612 corporis
1868 1581 2053 1606 inclinationem

1203 1631 1248 1655 pro
1266 1624 1319 1649 1000
1338 1624 1363 1648 et
1381 1624 1506 1655 tempore,
1529 1624 1569 1649 vel
1596 1624 1660 1648 alias
1688 1631 1732 1655 per
1757 1624 1875 1649 humilem
1904 1624 2052 1656 obsequendi

1203 1667 1302 1692 modum
1321 1667 1470 1692 ostenditur.
1494 1676 1506 1689 ‹<
1519 1667 1645 1698 Superbus
1664 1667 1764 1697 autem,
1793 1667 1822 1692 ut
1846 1667 1883 1692 ait
1902 1667 2010 1699 Prosper
2024 1666 2053 1698 ²⁸,

1203 1717 1253 1735 11011
1272 1709 1389 1735 observat
1407 1710 1433 1734 in
1452 1709 1576 1741 obsequiis
1599 1710 1764 1734 reverentiam
1777 1720 1802 1734 ».
1826 1710 1927 1735 Stolidis
1955 1710 2054 1742 quibus-

1204 1753 1261 1778 dam
1280 1753 1405 1777 decretum
1425 1752 1464 1777 est
1481 1753 1545 1777 nulli
1564 1752 1673 1782 deferre,
1693 1753 1865 1778 discretionem
1891 1761 2053 1785 personarum

1206 1796 1231 1821 et
1249 1796 1372 1827 graduum
1392 1803 1442 1821 non
1461 1803 1562 1825 curare,
1575 1796 1722 1821 curantibus
1734 1803 1800 1821 nunc
1812 1796 1975 1826 adulationis,
1988 1803 2055 1821 nuno

1204 1839 1354 1870 acceptionis
1379 1846 1542 1870 personarum
1567 1839 1659 1864 crimen
1687 1839 1832 1870 impingere.
1851 1839 1965 1870 Namque
1979 1838 2000 1851 ²⁴¹
2024 1839 2055 1864 ad

1204 1882 1304 1907 modum
1323 1882 1474 1907 confusionis
1493 1882 1579 1911 amici,
1599 1882 1628 1906 ut
1647 1882 1817 1913 superioribus
1836 1882 1865 1907 de
1885 1882 2002 1914 superbia
2015 1889 2055 1907 ca÷

1204 1925 1294 1955 veant,
1314 1925 1361 1950 sibi
1379 1932 1428 1950 non
1448 1925 1544 1950 cavent.
1562 1925 1670 1950 Foedum
1690 1925 1754 1950 enim
1776 1926 1952 1950 irreverentiae
1965 1925 2054 1951 vitium

1204 1976 1250 2000 pro
1268 1969 1387 2000 religione
1400 1968 1548 1998 defendunt,
1562 1968 1730 1993 humilitatem
1743 1968 1878 1993 maioribus
1894 1968 2055 1993 exhibendam

1204 2012 1336 2043 Evangelii
1354 2012 1449 2036 sanctio
1468 2011 1493 2036 et
1512 2011 1632 2042 professio
1650 2011 1737 2036 nostra
1750 2011 1918 2041 commendat,
1932 2019 2055 2043 nusquam

1205 2055 1303 2085 tamen,
1323 2055 1352 2079 ut
1370 2055 1458 2084 recolo,
1479 2054 1621 2085 superbiam
1638 2055 1695 2079 aliis
1708 2061 1751 2079 seu
1763 2055 1922 2079 temerariam
1936 2054 2054 2086 paritatis

1204 2098 1394 2129 usurpationem
1413 2097 1536 2129 indulget.
1554 2111 1590 2115 -—
1608 2097 1736 2122 Seniorum
1755 2097 1794 2122 est
1811 2097 1911 2129 utique,
1932 2097 1961 2122 ut
1973 2097 2055 2122 humi-

1204 2141 1263 2166 liter
1281 2140 1406 2170 sentiant,
1426 2140 1611 2165 venerationem
1624 2147 1674 2165 non
1686 2140 1822 2171 appetant,
1836 2140 1942 2165 humiles
1960 2148 1986 2165 se
1998 2141 2055 2166 aliis

1204 2191 1232 2208 ac
1251 2183 1353 2208 sociales
1372 2182 1512 2207 exhibeant.
1531 2183 1655 2214 Sapientis
1669 2182 1690 2195 ¹⁵
1714 2183 1753 2207 est
1777 2183 1931 2208 consilium:
1952 2183 2054 2216 Quamto

1203 2233 1314 2257 wzagmus
1333 2233 1372 2257 es,
1392 2225 1539 2250 humiliate
1558 2226 1585 2250 in
1603 2226 1735 2256 onmztbus;
1754 2226 1895 2257 Sapientiae
1913 2233 1971 2252 vero
1980 2233 2055 2257 prae-

1203 2270 1319 2300 ceptum:
1341 2269 1391 2301 Qui
1409 2268 1494 2292 maior
1513 2270 1550 2293 est
1567 2270 1678 2293 vestrum
1702 2268 1751 2299 fiat
1768 2269 1836 2294 siout
1857 2269 1958 2299 minor;
1976 2269 2000 2294 et
2012 2269 2056 2294 Pe-

1204 2312 1273 2341 trus,
1287 2319 1342 2336 cum
1360 2312 1475 2336 dixisset:
1496 2311 1682 2342 Aclozeseentes,
1695 2311 1793 2336 subditi
1806 2313 1882 2337 estote
1895 2312 2055 2342 senioribus,-

1205 2362 1250 2385 pro
1263 2354 1375 2385 utrisque
1389 2354 1490 2379 intulit:
1509 2353 1600 2379 Onmes
1614 2354 1720 2379 invicem
1733 2354 1906 2379 humilitatem
1916 2355 2054 2380 insinuate.

361 2545 368 2557 ¹
387 2546 414 2567 Ut
431 2545 529 2567 insinuat
546 2545 615 2567 etiam
633 2545 725 2571 Bened„
743 2545 823 2572 Regni.
841 2550 860 2566 c.
880 2545 921 2566 63:
940 2545 961 2566 ln
981 2545 1028 2572 ipsa
1048 2545 1146 2572 appella·

299 2577 359 2599 tione
373 2576 491 2598 nominum
504 2577 559 2598 nulli
571 2577 635 2598 liceat
652 2576 721 2598 alium
741 2582 799 2603 puro
817 2576 910 2598 nomine
927 2577 1044 2603 appellare
1060 2578 1104 2598 etc.
1116 2588 1147 2592 —

299 2608 409 2636 Superius
422 2614 464 2635 pro
476 2607 585 2630 accedere
597 2607 633 2629 0(1.
647 2608 660 2629 2
678 2607 807 2634 accersire,
820 2613 880 2635 quae
892 2607 960 2629 etiam
976 2607 1071 2629 inferius
1082 2608 1146 2629 omit-

299 2640 323 2661 tit
340 2639 380 2662 secl
396 2645 462 2662 inec...
478 2638 664 2668 uitncupamlus.
833 2638 842 2650 2
860 2639 912 2660 Vat.
929 2639 1012 2660 omittit
1029 2638 1065 2661 Ad
1082 2638 1146 2661 hoec.

362 2670 370 2682 ³
388 2670 462 2693 Codd.
479 2670 495 2693 C
506 2671 523 2692 D
534 2671 549 2692 E
566 2670 693 2697 sanctitas,
714 2673 736 2691 et
753 2669 851 2691 subinde
867 2674 911 2697 pro
923 2669 1039 2692 distinctio
1058 2670 1101 2692 DE
1113 2669 1146 2692 di-

299 2701 391 2725 stincta.
410 2702 503 2724 inferius
521 2707 547 2723 ex
565 2702 581 2723 A
592 2702 608 2723 B
626 2704 647 2723 et
665 2701 702 2723 ed.
720 2702 732 2722 2
751 2701 912 2728 supplevimus
930 2700 1032 2730 quondo.

361 2732 370 2745 ⁴¹
388 2733 450 2755 Hanc
468 2733 649 2760 propositionem
667 2739 693 2754 ex
711 2733 728 2754 A
739 2732 754 2753 Β
772 2735 794 2754 et
810 2732 863 2754 edd.
890 2734 911 2760 1,
936 2733 948 2754 Ξ
972 2733 1145 2760 supplevimus,

299 2764 336 2787 ed.
354 2765 362 2786 11
385 2768 461 2786 tamen
479 2764 542 2786 addit
559 2763 650 2793 defin-re
666 2769 712 2786 'non
731 2763 846 2786 omittant.

363 2794 372 2807 ⁵
390 2796 458 2823 Epist.
477 2796 491 2817 1.
509 2794 559 2817 Cor.
580 2795 620 2823 «14,
639 2795 680 2821 40,
698 2795 736 2816 ubi
756 2795 777 2816 in
796 2795 839 2816 line
858 2795 955 2822 Vulgata
978 2796 999 2817 et
1015 2794 1145 2817 secundum

300 2826 407 2849 ordinem
423 2827 490 2856 fiant.
506 2838 537 2842 —
554 2827 662 2854 Sequitur
680 2827 702 2848 il.
721 2827 791 2848 Pal-al.
810 2827 852 2852 30,
871 2826 907 2848 16.

363 2857 372 2869 ‘³
390 2858 444 2880 Cod.
464 2859 479 2879 B
498 2858 622 2885 praemittit
639 2859 698 2879 lianc
723 2857 852 2879 rubricam:
880 2857 910 2879 Dc
934 2856 1059 2886 (diciplina
1081 2856 1145 2880 circa

301 2889 469 2917 consessionem-
484 2888 605 2918 publicam
624 2889 672 2913 (cfr.
690 2892 765 2910 tamen
784 2888 841 2910 inti-a
859 2894 877 2910 c.
900 2889 950 2916 lo).

363 2918 371 2930 ⁷
391 2921 419 2942 lta
438 2920 508 2942 CDE
526 2923 548 2942 et
565 2920 602 2942 ed.
620 2921 646 2946 ‘23
664 2920 718 2942 alias
736 2919 875 2942 astantibus.

364 2950 372 2963 ⁵
390 2951 446 2973 Cod.
463 2952 480 2972 Α
499 2954 520 2973 et
537 2952 573 2973 ed.
590 2952 603 2973 2
623 2957 669 2973 non.
694 2951 769 2980 offert.
797 2951 890 2972 inferius
916 2957 958 2978 pro
983 2949 1080 2979 [1901111111-
1107 2950 1145 2978 (ita

301 2982 370 3004 ΗΒΕ
388 2985 409 3004 et
426 2982 461 3004 cd.
481 2984 503 3010 2)
523 2983 572 3004 Vat.
590 2989 643 3004 eum
661 2982 696 3004 cd.
719 2983 723 3003 1
745 2982 853 3011 αμοιι([η,·
870 2981 969 3004 subinde
991 2982 1042 3003 Vat.
1063 2982 1145 3004 omittit

300 3013 349 3035 sive
365 3013 397 3035 (1ιῖ
413 3013 515 3042 officium
533 3013 636 3036 (lirinum
656 3016 677 3035 et
688 3013 830 3042 pertineant.

1267 2543 1276 2556 ⁹
1293 2544 1348 2566 Fide
1365 2545 1383 2566 Α
1397 2545 1412 2566 Β
1429 2547 1450 2565 ct
1468 2544 1505 2566 ed.
1523 2544 1535 2565 2
1554 2543 1715 2571 supplevimus
1732 2542 1764 2565 ud
1775 2542 1922 2565 tenendam...
1937 2543 1960 2565 ἰη
1973 2542 2054 2571 choro,
2082 2563 2086 2566 .

1203 2579 1225 2598 et
1238 2576 1338 2598 subinde
1355 2578 1406 2597 ante
1424 2575 1526 2604 officium
1544 2575 1673 2596 delevimus
1685 2574 1722 2596 acl.
1738 2575 1831 2596 inferius
1843 2575 1861 2596 Α
1873 2577 1895 2596 et
1907 2574 1944 2596 ed.
1957 2576 1970 2596 2
1988 2575 2055 2597 omit-

1203 2610 1252 2629 tunt
1270 2613 1323 2630 cum
1340 2607 1435 2635 plane...
1451 2606 1544 2635 primas
1557 2606 1675 2629 Lectiones
1688 2608 1709 2628 et
1721 2612 1774 2628 cnm
1788 2606 1820 2627 eis
1841 2605 2002 2628 substituimus
2013 2612 2055 2629 nec

1202 2644 1250 2661 non
1268 2640 1291 2660 (¹15
1307 2644 1349 2665 pro
1366 2644 1408 2661 nec
1426 2643 1473 2660 uon
1490 2637 1529 2659 ud.

1267 2669 1286 2683 ¹⁰
1305 2670 1334 2691 lta
1351 2671 1368 2691 Α
1386 2671 1408 2691 et
1425 2669 1461 2691 ed.
1480 2670 1506 2695 ‘23
1528 2668 1582 2691 alias
1604 2669 1624 2691 et
1647 2667 1729 2691 altari.
1753 2668 1848 2691 Inferius
1867 2674 1909 2696 pro
1927 2667 2056 2691 Erubescat

1207 2701 1257 2723 Vat.
1275 2700 1405 2723 Erubescit.

1268 2731 1286 2743 ¹¹
1305 2731 1378 2754 Codd.
1396 2731 1465 2754 CDE
1482 2730 1675 2760 ffl‘aclulionibus,
1693 2730 1729 2753 ed.
1747 2731 1760 2752 2
1778 2730 1901 2759 proditus.

1266 2762 1285 2775 ¹²
1303 2764 1332 2785 lta
1351 2763 1387 2785 ed.
1406 2763 1432 2789 1,
1450 2763 1471 2784 in
1489 2762 1537 2784 aliis
1555 2768 1614 2791 quae
1631 2762 1785 2789 transponitur
1802 2766 1854 2789 post
1872 2761 1985 2791 loquitur.

1266 2793 1285 2806 ¹³
1303 2794 1364 2816 Libr.
1383 2795 1414 2816 ill.
1432 2794 1461 2816 de
1479 2794 1531 2815 Vita
1549 2794 1738 2821 contemplativa,
1756 2799 1775 2815 c.
1789 2794 1808 2815 S.
1825 2800 1845 2815 n.
1860 2794 1880 2815 2.
1893 2794 1936 2815 Pro
1953 2792 1978 2815 in
1994 2792 2055 2816 obse-

1204 2825 1265 2855 quiis
1282 2826 1319 2847 ed.
1337 2826 1349 2847 2
1369 2831 1421 2847 cuni
1441 2827 1500 2847 textu
1526 2825 1631 2852 originali
1654 2824 1677 2846 in
1701 2823 1818 2853 obsequio.
1841 2837 1871 2840 —
1893 2824 1989 2846 inferius
2012 2830 2053 2852 pro

1203 2856 1368 2880 discretionem
1386 2857 1402 2878 B
1420 2859 1442 2878 et
1459 2856 1495 2878 ed.
1514 2857 1527 2877 2
1545 2855 1725 2878 (intinctionem.

1266 2887 1286 2899 Η
1305 2889 1333 2910 lta
1352 2888 1396 2909 111)
1407 2889 1422 2909 E
1439 2890 1461 2909 et
1478 2887 1515 2909 ed.
1536 2888 1540 2908 1
1556 2894 1561 2914 ;
1580 2887 1595 2908 l}
1613 2890 1635 2908 et
1652 2887 1687 2909 ed.
1701 2887 1714 2908 2
1727 2886 1839 2915 vanique,
1853 2887 1903 2908 Vat.
1916 2888 1944 2909 et.
1960 2886 2053 2909 inferius

1204 2925 1246 2946 pro
1264 2918 1391 2947 defenduut
1417 2919 1455 2945 <ita
1474 2919 1517 2941 AB
1538 2921 1559 2940 et
1580 2918 1615 2940 ed.
1640 2918 1662 2946 2)
1691 2917 1762 2940 CDE
1786 2917 1895 2947 offendit,
1921 2918 1974 2939 Vat.
1999 2923 2052 2940 cum

1207 2950 1244 2972 ed.
1268 2951 1272 2971 1
1292 2950 1423 2973 ostendunt.

1266 2981 1284 2995 ¹⁵
1301 2982 1367 3003 Eceli.
1386 2982 1407 3008 3,
1426 2982 1462 3003 20.
1479 2993 1508 2997 —
1523 2980 1626 3003 Subinde
1639 2980 1748 3008 allegatur
1759 2980 1814 3002 Luc.
1828 2981 1863 3008 22²,
1876 2980 1914 3002 26.
1929 2983 1951 3002 ct
1966 2980 1981 3002 l.
1995 2980 2052 3002 Petr.

1203 3013 1231 3039 5,
1248 3013 1269 3035 5.
