2133 3317
144 469 232 489 Extranei
243 474 274 488 ex-

162 493 257 512 cludendi.

156 1222 208 1241 Finis
220 1222 273 1246 Capi-

146 1787 278 1814 Ordinationes

181 1816 250 1830 vanae.

288 243 347 271 464
599 237 797 267 OPUSCULUM
818 235 906 264 XVIII.
928 233 1211 263 CONSTITUTIONES
1232 233 1475 263 NARBONENSES.
1497 233 1732 262 DEFINITIONES.

290 321 392 358 quibus
413 319 497 348 fuerit
525 315 758 353 respondendum.
780 314 846 342 Hinc
874 320 983 347 omnes⁷
1005 312 1053 349 qui
1082 320 1136 341 non

289 368 389 396 debent
410 367 543 394 Interesse
564 362 704 399 Capitulo,
726 363 836 389 exeant.

368 413 465 441 Nullus
486 410 638 447 Religiosus
658 408 774 437 alterius
795 407 942 444 Religionis
963 407 1006 435 vel
1031 406 1137 443 profes-

290 461 373 490 sionis
394 459 543 495 nullusque
564 455 714 485 saecularis
735 455 937 491 cuiuscumque
958 453 1075 487 ordInis,
1097 453 1138 482 di-

289 507 400 545 gnitatis
421 506 462 534 vel
487 505 558 533 vitae
579 502 744 531 tractatibus
764 501 882 538 Capituli
904 501 1077 529 admittatur.

367 552 439 581 Missi
455 551 488 580 ad
503 549 696 579 excusandum
717 549 842 582 Fratres,
858 548 906 585 qui
928 555 982 576 non
998 547 1137 582 venerint,

288 600 446 629 audiantur.
469 597 572 626 Deinde
593 597 640 625 fiat
662 596 770 625 collatio
791 603 876 631 super
891 594 924 623 iis
939 602 1011 631 quae
1025 594 1059 623 de
1075 594 1138 623 Pro-

289 646 385 675 vinciis
406 645 440 674 ad
454 644 611 681 Capitulum
634 646 699 672 sunt
716 642 888 676 transmissa,
909 644 937 670 et
958 641 1138 678 provideatur

289 701 338 730 per
359 692 515 730 generalem
537 691 693 719 Ministrum
716 692 744 718 et
764 689 930 718 Definitores
951 688 984 717 de
1006 688 1138 725 singulis,

288 743 320 769 ut
340 741 461 776 oportet,
483 738 517 767 de
538 737 710 767 correctione
734 736 964 773 corrigendorum
993 736 1042 764 etl
1064 735 1139 763 ordi-

288 787 398 816 natione
419 785 645 814 ordinandorum.
669 784 700 812 Et
721 786 874 820 quaeratur
895 782 1054 819 diligenter,
1070 790 1139 819 qua-

288 835 351 863 liter
372 833 473 870 Regula
499 835 526 861 et
546 835 650 861 statuta
670 831 806 869 generalis
827 830 945 867 Capituli
974 830 1000 858 in
1023 830 1140 867 singulis

288 880 439 910 Provinciis
470 879 574 908 fuerint
605 879 749 907 custodita.
783 877 963 906 Provideatur
994 877 1076 906 etiam
1105 877 1139 905 de

289 928 451 961 lectoribus,
473 926 727 963 praedicatoribus,
749 925 783 954 de
804 925 946 954 mittendis
967 925 1040 953 inter
1062 925 1140 953 Sara.-

289 983 371 1005 cenos
401 977 428 1003 et
459 974 526 1003 alios
554 973 690 1007 infideles,
711 973 745 1001 de
774 972 914 1001 mittendis
935 972 969 1001 de
997 980 1053 1000 una
1075 972 1139 1000 Pro-

289 1023 378 1051 vincia
400 1022 426 1050 in
440 1021 448 1035 ²
470 1021 551 1050 aliam
573 1021 605 1049 ad
628 1020 809 1054 manendum,
831 1020 864 1048 de
885 1019 963 1048 novis
990 1019 1140 1047 Provinciis

289 1069 428 1107 capiendis
458 1071 485 1097 et
516 1067 767 1097 ministrationibus
799 1066 1001 1104 distinguendis
1028 1069 1056 1095 et
1087 1066 1140 1095 bu-

288 1117 415 1146 iusmodi.

370 1164 396 1192 In
420 1163 474 1192 fine
495 1163 653 1199 assignetur
675 1163 768 1196 locus,
790 1162 817 1190 in
842 1170 898 1199 quo
920 1169 1040 1199 sequens
1061 1161 1139 1198 Capi—

290 1212 380 1240 tulum
403 1210 569 1239 celebretur.
594 1210 624 1238 Et
645 1210 692 1238 fiat
714 1209 868 1238 communis
889 1209 1024 1238 confessio
1044 1211 1072 1237 et
1092 1208 1140 1237 ab-

290 1259 402 1293 solutio,
425 1257 670 1295 perseverantibus
691 1256 857 1290 benedictio,
873 1256 1005 1293 apostatis
1026 1256 1140 1284 anathe-

290 1306 437 1335 matizatio.
469 1306 563 1334 Postea
590 1307 737 1333 cantetur:
774 1305 809 1332 Te
843 1304 935 1332 Deum
962 1303 1139 1337 laudamus,

291 1353 465 1382 versiculus:
496 1351 647 1389 Confirmet
668 1350 720 1380 ltoe
744 1351 834 1384 Deus,
863 1350 972 1379 Oratio:
1006 1350 1140 1379 Actiones

289 1403 424 1433 nostras,
446 1399 473 1427 in
495 1399 565 1427 fine:
592 1407 646 1435 per
670 1397 828 1427 Christum.
858 1398 960 1426 Similis
981 1397 1141 1426 solemnitas

290 1447 317 1476 in
339 1447 393 1475 fine
415 1446 592 1483 provincialis
613 1446 730 1483 Capituli
753 1445 928 1474 observetur.

488 1540 527 1569 De
549 1548 709 1568 suanAGns
729 1547 942 1568 neriincronnn.

606 1633 739 1663 Rabrz'ea
757 1634 824 1662 XII.

370 1729 554 1763 Ordinamus,
576 1729 651 1766 quod
680 1737 731 1766 pro
752 1728 896 1757 Fratribus
917 1727 1020 1756 nostris
1048 1730 1076 1756 et
1103 1727 1142 1755 fa-

291 1777 446 1806 miliaribus
473 1776 625 1811 defunctis,
654 1784 776 1813 quorum
809 1775 1045 1804 recommendatio
1072 1774 1143 1803 facta

290 1824 375 1853 fuerit
396 1824 423 1852 in
445 1824 570 1861 Capitulo
591 1823 726 1861 generali,
749 1823 866 1860 quilibet
887 1822 1015 1851 sacerdos
1036 1830 1142 1851 annua-

291 1872 339 1901 tim
361 1872 482 1901 celebret
497 1879 580 1900 unam
604 1871 712 1899 Missam
735 1870 768 1899 de
787 1870 921 1911 mortuis,
943 1870 1061 1907 quilibet
1078 1870 1143 1897 Fra—

290 1922 333 1948 ter
358 1919 477 1948 clericns
505 1918 708 1955 quinquaginta
734 1918 872 1951 Psalmos‚
901 1917 1019 1954 quilibet
1047 1917 1142 1945 Frater

290 1967 378 1995 laicus
400 1969 511 1995 centum
529 1966 619 1994 Pater
639 1969 746 1993 noster.
763 1965 794 1993 Et
809 1973 859 2001 pro
874 1964 944 1993 vivis
960 1963 1143 1992 familiaribus

290 2014 387 2043 Missae
402 2017 429 2042 et
444 2013 542 2042 Psalmi
558 2016 585 2041 et
601 2013 679 2041 Pater
694 2014 790 2041 noster
806 2011 918 2040 totidem
937 2011 1141 2048 persolvantur.

370 2060 538 2089 Ordinamus
560 2060 658 2094 etiam,
680 2062 712 2088 ut
733 2067 784 2096 pro
806 2059 954 2092 cardinali,
977 2058 1024 2095 qui
1047 2058 1074 2086 in
1090 2057 1142 2086 Or-

291 2109 363 2137 dinis
385 2108 518 2145 regimine
538 2107 703 2141 decesserit,
725 2115 740 2135 a
762 2107 886 2144 quolibet
907 2106 1051 2135 sacerdote
1066 2105 1143 2134 Ordi-

292 2156 335 2184 ms
356 2159 413 2184 tres
434 2155 530 2184 Missae
550 2155 584 2183 de
606 2154 724 2183 mortuis
745 2154 922 2182 celebrentur
944 2157 971 2182 et
989 2162 1004 2181 a
1019 2153 1143 2190 quolibet

293 2203 393 2232 clerico
413 2210 502 2231 unum
525 2202 687 2230 PsalterIum
710 2204 737 2230 et
758 2209 774 2229 a
795 2201 918 2238 quolibet
943 2200 1012 2229 laico
1035 2203 1142 2228 tercen-

292 2254 353 2279 tum
376 2251 465 2278 Pater
486 2253 590 2278 noster.

372 2297 424 2325 Pro
445 2296 565 2334 generali
588 2296 712 2324 Ministro
733 2295 761 2323 in
782 2294 872 2323 officio
886 2294 1035 2323 decedente
1049 2294 1144 2322 dican-

293 2347 340 2374 tur
361 2352 377 2373 a
398 2343 540 2373 sacerdote
562 2343 685 2380 quolibet
707 2345 764 2371 tres
785 2342 897 2375 Missae,
919 2349 935 2369 a
949 2340 1074 2378 quolibet
1089 2340 1143 2369 cle—

293 2392 351 2421 rico
370 2399 458 2420 unum
480 2391 643 2420 Psalterium
665 2392 693 2418 et
713 2398 728 2417 a
747 2389 871 2426 quolibet
896 2388 964 2416 laico
986 2390 1143 2416 tercentum

297 2440 384 2468 Pater
405 2441 510 2467 noster.
535 2438 565 2466 Et
587 2446 638 2474 pro
658 2437 712 2465 illis
734 2436 781 2473 qui
804 2436 908 2464 vadunt
929 2435 962 2463 ad
984 2434 1142 2471 Capitulum

293 2486 437 2524 generale,
459 2485 480 2514 si
503 2489 570 2513 tunc
592 2484 752 2521 contigerit,
775 2491 822 2512 eos
836 2482 923 2516 mori,
938 2490 994 2510 una
1011 2481 1089 2510 Missa
1103 2480 1144 2509 diu

293 2536 373 2563 catur
395 2542 411 2561 a
432 2532 556 2570 quolibet
577 2531 728 2560 sacerdote.

1273 312 1401 341 Officium
1424 320 1475 349 pro
1495 312 1632 341 defunctiS
1663 311 1806 340 Fratribus
1834 313 1861 340 et
1888 312 2042 341 benefacto-

1194 358 1273 388 ribus
1294 362 1336 388 ter
1357 359 1385 387 in
1406 367 1478 388 anno
1499 359 1658 388 solemniter
1680 359 1846 393 celebretur,
1861 358 1964 387 scilicet
1979 367 2042 396 pro-

1195 406 1271 435 xima
1291 406 1335 435 die
1356 409 1419 435 ante
1440 406 1541 435 festum
1562 406 1658 435 beatae
1687 406 1788 434 Mariae
1815 405 1989 443 Magdaleuae
2016 409 2043 435 et

1195 453 1324 490 proxima
1344 452 1388 481 die
1408 456 1472 481 ante
1492 453 1592 481 festum
1615 453 1687 482 beati
1709 452 1848 481 Michaelis
1868 455 1896 481 et
1915 452 1984 481 seria
2002 460 2043 481 se-

1195 500 1286 528 cunda
1306 502 1368 536 post
1388 499 1552 528 dominicam
1574 500 1812 536 Septuagesimae;
1835 499 1927 528 clerici
1943 499 2045 536 Vespe-

1196 555 1241 575 ras
1262 550 1289 575 et
1303 546 1430 583 Vigiliam
1445 554 1508 575 cum
1524 554 1622 575 novem
1637 546 1801 575 lectionibus
1815 549 1843 575 et
1856 546 1966 575 Missam
1981 554 2044 575 can-

1196 597 1269 628 tent;
1291 594 1351 622 laici
1367 593 1459 622 dicant
1473 595 1584 622 centum
1601 594 1692 621 Pater
1705 597 1810 621 noster.
1827 593 1969 631 [Similiter
1984 593 2044 622 offi-

1196 641 1269 670 cium
1292 640 1339 669 fiat
1360 648 1411 677 pro
1432 640 1559 677 patribus
1579 642 1607 668 et
1624 640 1762 668 matribus
1777 640 1901 668 omnium
1915 640 2044 669 Fratrum

1196 688 1294 716 ultima
1314 687 1358 716 die
1379 690 1442 716 ante
1464 687 1618 715 Adventum
1629 686 1661 724 3].
1684 686 1782 716 Obitus
1796 687 1899 715 domini
1914 687 2045 716 Innocen-

1196 735 1225 763 tii
1248 735 1335 771 Papae
1356 734 1429 763 tertii
1454 735 1497 763 17.
1530 734 1587 762 Kal.
1616 734 1730 771 Augusti
1759 734 1925 768 celebretur,
1953 734 2046 764 obitus

1196 782 1299 810 domini
1311 781 1436 818 Gregorii
1452 781 1516 810 noni
1531 782 1575 809 10.
1587 781 1644 810 Kal.
1657 781 1837 818 Septembris,
1849 781 1976 810 similiter
1990 781 2046 810 obi-

1196 832 1241 858 tus
1252 829 1355 857 domini
1372 828 1520 858 Innocentii
1533 828 1626 865 quarti
1638 830 1664 857 ⁹2.
1678 828 1741 857 Idus
1752 828 1912 857 Decembris
1927 828 2046 857 celebre-

1197 879 1260 910 tur,
1281 879 1308 905 et
1330 877 1357 905 in
1372 876 1493 905 crastino
1508 876 1612 905 domini
1628 876 1758 912 Stephani
1774 876 1935 910 cardinalis;
1951 876 2046 905 simili-

1196 926 1239 953 ter
1260 924 1308 952 fiat
1330 932 1380 961 pro
1402 924 1586 953 Procuratore
1601 923 1713 952 Ordinis
1734 923 1762 951 in
1783 923 1874 952 officio
1888 923 2045 953 decedente.

1503 1016 1740 1046 DEFINITIONES.

1276 1112 1355 1140 Haec
1375 1115 1446 1140 sant
1465 1111 1645 1148 definitiones
1666 1110 1764 1148 factae
1785 1111 1816 1139 z'n
1839 1110 1974 1147 Capitale
2000 1119 2048 1148 ye-

1196 1159 1294 1188 nerctlt'
1314 1159 1472 1187 Narbonae
1489 1159 1658 1196 praedicto,
1680 1158 1817 1196 quamvis
1837 1158 1869 1186 in
1890 1157 1989 1196 aliquo
2003 1166 2048 1186 re-

1196 1210 1321 1235 novatae
1341 1210 1367 1234 et
1387 1205 1572 1243 modificatae
1592 1206 1682 1234 sime.

1276 1254 1397 1290 Quilibet
1417 1253 1591 1282 Guardianus
1612 1253 1721 1282 studeat
1736 1253 1851 1282 sollicita
1865 1252 2006 1290 diligentia
2020 1252 2048 1281 in
2061 1258 2133 1292 Ordinai

1197 1301 1278 1330 domo
1299 1309 1350 1330 sua
1370 1301 1586 1329 Constitutiones
1606 1301 1749 1337 generales
1770 1300 1890 1334 habere,
1905 1307 1975 1337 quas
1990 1299 2048 1337 ipse
2064 1282 2133 1333 ᾳῖἷῗιῖῗ

1198 1349 1250 1377 sub
1272 1348 1396 1377 custodia
1418 1351 1542 1377 reservet
1563 1351 1590 1376 et
1611 1350 1722 1382 caveat,
1744 1347 1818 1384 quod
1833 1347 1890 1376 ab⁵
1905 1347 2048 1376 extraneis
2065 1329 2133 1372 conssi

1198 1396 1358 1424 nullatenus
1379 1395 1629 1424 communicentur.
1646 1395 1720 1432 Ipsas
1735 1395 1817 1423 etiam
1832 1394 2048 1424 Constitutiones

1197 1443 1279 1472 faciat
1310 1442 1395 1471 semel
1427 1442 1454 1470 in
1486 1450 1580 1471 mense
1612 1442 1670 1470 suis
1699 1442 1841 1470 Fratribus
1862 1441 1931 1478 legi,
1953 1441 2001 1470 ubi
2023 1443 2049 1470 et

1198 1490 1309 1527 quando
1331 1490 1382 1518 sibi
1404 1489 1545 1518 videbitur
1566 1489 1714 1526 expedire,
1737 1489 1859 1518 maxime
1879 1491 1984 1525 septem
2006 1496 2050 1517 ca—

1199 1538 1287 1575 pitula
1308 1538 1413 1574 prima,
1435 1545 1507 1574 quae
1528 1545 1638 1565 omnem
1660 1539 1778 1574 tangunt
1792 1536 2018 1565 communitatem
2029 1535 2049 1564 ⁶.
2129 1496 2132 1569 ι

1200 1585 1230 1613 Et
1252 1585 1311 1613 istis
1333 1584 1480 1621 publicatis
1500 1587 1609 1612 veteres
1629 1583 1821 1612 destruantur.

1278 1632 1412 1660 Studeant
1432 1631 1565 1665 Ministri,
1588 1631 1662 1668 quod
1683 1638 1774 1668 usque
1788 1630 1823 1659 ad
1837 1638 1957 1667 sequens
1971 1629 2049 1667 Capi·
2066 1628 2131 1659 Quoad

1200 1680 1290 1708 tulum
1312 1679 1440 1716 generale
1455 1679 1547 1707 littera
1562 1678 1767 1707 Breviariorum
1783 1681 1810 1706 et
1824 1677 1973 1706 Missalium
1989 1684 2049 1706 cor-
2065 1658 2133 1709 ’ῗῗέτέἶ

1200 1727 1308 1764 rigatur
1328 1726 1361 1755 ad
1383 1726 1527 1763 exemplar
1550 1725 1643 1754 verius
1656 1725 1682 1759 ⁷,
1698 1725 1772 1762 quod
1788 1725 1890 1753 habere
1904 1727 2049 1761 poterunt,
2073 1706 2133 1782 M¹⁵⁵“

1200 1773 1353 1803 secundum
1375 1772 1590 1802 Constitutiones
1611 1771 1722 1800 Ordinis
1742 1771 1917 1808 approbatas.
2130 1795 2131 1798 ,

1278 1820 1412 1849 Obsecrat
1433 1819 1569 1857 generalis
1591 1818 1713 1847 Minister
1735 1826 1799 1847 cum
1820 1817 1941 1855 generali
1970 1816 2050 1854 Capi·
2067 1823 2131 1865 Qurffiff

1200 1868 1259 1896 tulo
1280 1867 1412 1896 universo
1433 1874 1529 1895 omnes
1550 1866 1675 1899 Fratres,
1696 1864 1853 1893 voluntarie
1873 1864 1901 1892 in
1926 1863 2050 1900 Quadra-

1200 1915 1303 1952 gesima
1325 1914 1411 1943 sancti
1433 1912 1569 1942 Francisci
1595 1913 1623 1941 in
1644 1912 1786 1941 Conventu
1817 1920 1873 1940 una
1903 1911 2052 1940 refectione

1200 1970 1260 1991 esse
1281 1964 1425 1990 contentos
1446 1960 1480 1989 ad
1500 1959 1688 1988 amovendasS
1712 1959 1814 1988 multas
1828 1958 2052 1988 deordinationes

1200 2013 1227 2039 et
1248 2009 1281 2038 ad
1302 2008 1480 2037 obtinendam
1501 2007 1719 2036 benedictionem
1741 2009 1902 2043 paternam,
1927 2005 2052 2043 exceptis
2131 2007 2132 2011 ’

1200 2056 1372 2093 hospitibus,
1394 2055 1532 2084 debilibus
1553 2057 1581 2083 et
1601 2053 1728 2082 infirmIs.
2130 2014 2133 2094 Ι

1280 2103 1487 2136 interdicimus,
1509 2101 1583 2138 quod
1605 2101 1700 2129 nullus
1714 2100 1748 2129 de
1763 2103 1855 2129 cetero
1870 2100 1997 2137 capiatur
2012 2100 2052 2129 lo-
2068 2095 2132 2147 (ὶνιιιίιέῗὲἰἸ

1200 2159 1265 2184 cus,
1287 2150 1361 2178 unde
1382 2150 1491 2177 Fratres
1513 2148 1618 2185 absque
1639 2147 1851 2184 congregatione
1867 2147 1937 2176 bladi
1953 2150 1980 2176 et
1995 2146 2050 2175 vini
2066 2152 2115 2171 bladi
2130 2152 2131 2172 Ξ

1200 2198 1295 2226 vivere
1316 2205 1370 2225 non
1393 2196 1512 2233 possint;
1535 2198 1562 2224 et
1592 2195 1764 2232 ubicumque
1796 2195 1921 2223 Iocorum
1953 2194 2051 2223 huius-
2130 2212 2131 2234 i

1201 2244 1274 2273 modi
1296 2243 1393 2272 abusio
1414 2251 1466 2280 pro
1487 2242 1594 2271 viribus
1615 2242 1789 2278 exstirpetur
1802 2241 1821 2270 ⁹.
2130 2263 2132 2267 ,

1280 2291 1413 2319 Studeant
1434 2290 1549 2318 Ministri
1572 2290 1700 2318 Fratrum
1727 2288 1907 2326 loquecitates
1936 2288 2051 2317 restrin-
2068 2294 2123 2335 ⁰⁰⁰3ss

1200 2346 1265 2375 gere
1287 2341 1313 2366 et
1335 2338 1445 2366 Fratres
1466 2337 1500 2365 ad
1521 2336 1661 2365 silentium
1677 2336 1809 2364 inducere
1824 2335 1851 2363 in
1866 2335 1924 2364 suis
1939 2334 2051 2371 Capitu-
2130 2343 2133 2404 r

1202 2386 1247 2419 Iis,
1270 2385 1296 2413 in
1318 2385 1421 2413 mensiS
1441 2384 1523 2413 etiam
1535 2382 1558 2400 ¹⁰
1580 2386 1662 2412 extra
1684 2383 1876 2417 refectorium,
1892 2390 1956 2411 cum
1972 2381 2051 2418 Capi-

1202 2432 1292 2461 tulum
1314 2431 1442 2469 generale
1464 2431 1491 2459 in
1513 2431 1565 2459 hoc
1587 2430 1804 2459 concordaverit.
2130 2432 2131 2473 ζ

1281 2479 1361 2507 Pueri
1383 2478 1533 2507 servitores
1546 2478 1567 2494 ¹¹
1594 2478 1721 2505 Fratrum
1750 2484 1804 2504 non
1836 2477 1947 2504 servent
1968 2482 2051 2512 pecu-
2068 2482 2131 2523 9⁰⁰3*

1202 2526 1275 2555 niam
1297 2526 1387 2554 datam
1411 2533 1462 2562 pro
1483 2524 1634 2553 Fratribus.
2129 2550 2131 2564 Ι

358 2694 365 2707 ¹
385 2696 400 2717 13
418 2695 522 2722 adiungit
539 2693 573 2717 cle.

358 2734 366 2746 ²
385 2735 400 2756 Ε
417 2734 455 2756 rid.

357 2772 366 2785 ⁸
383 2774 417 2796 Au
435 2774 520 2796 calcem
539 2772 644 2795 habetur.

357 2813 365 2827 ⁴
384 2814 474 2835 Praeter
488 2812 698 2840 promulgationem
711 2810 899 2839 praecedentium
913 2809 1108 2832 Constitutionum
1122 2808 1145 2829 iu

295 2853 378 2875 eodem
396 2852 501 2880 Capitulo
520 2853 591 2874 sactae
609 2854 661 2873 sunt
678 2851 734 2872 aliae
752 2842 923 2875 ordinationes,
940 2855 1000 2877 quae
1017 2848 1086 2870 etiam
1098 2854 1145 2870 ine-

296 2891 421 2914 moi-aetna
436 2892 470 2913 illa
483 2894 555 2913 aetate
568 2890 718 2912 vocabantur.
728 2890 804 2911 Lectio
818 2889 872 2911 dicti
884 2888 969 2911 codicis
984 2887 1085 2910 Yaticani
1099 2887 1145 2914 plu-

295 2930 340 2952 ries
353 2931 437 2957 corrigi
455 2930 528 2958 potuit
545 2933 605 2952 textu
624 2930 737 2957 impresso
750 2929 771 2950 in
784 2934 855 2956 opere
868 2927 1058 2950 Firmamentum
1071 2926 1146 2949 trram,

298 2968 416 2992 Ordinnm.
434 2968 458 2991 S.
476 2969 564 2991 Frons.
582 2969 652 2990 Paris.
674 2968 726 2989 1511
749 2968 764 2990 l.
783 2973 848 2995 pars,
867 2967 905 2989 fol.
923 2966 951 2988 24
968 2965 1033 2988 v.-25
1050 2972 1079 2993 xx,
1092 2970 1145 2987 cum

296 3008 456 3034 inscriptione:
476 3016 487 3027 (ι
500 3008 540 3029 Hic
557 3010 609 3029 suut
626 3009 741 3035 quaedam
755 3005 865 3028 notabiles
878 3006 1021 3028 definitiones
1035 3006 1106 3026 sactae
1124 3004 1146 3025 in

295 3049 369 3074 parte,
379 3046 401 3067 in
411 3049 476 3074 parte
487 3049 611 3068 renovatae
621 3046 640 3067 in
652 3045 755 3073 Capitulo
765 3045 865 3073 generali
875 3044 994 3066 Narbonae
1004 3043 1118 3065 celebrato
1126 3051 1147 3064 »-

2129 2567 2131 2657 i

2129 2660 2130 2675 i

1202 2689 1233 2711 Ibi
1251 2691 1327 2711 autem
1345 2687 1460 2716 quaedam
1479 2686 1652 2709 constitutiones
1669 2685 1818 2711 omittuntur,
1836 2684 1877 2707 scd
1894 2684 1917 2706 iu
1937 2684 1981 2706 fine
2002 2683 2052 2711 plu·
2129 2688 2130 2691 ¹

1201 2735 1237 2751 res
1254 2728 1311 2750 aliae
1328 2727 1474 2749 adiiciuntur.
1492 2727 1555 2748 Hunc
1572 2726 1697 2748 editionem
1715 2725 1874 2752 significamus
1891 2723 1970 2746 litteris
1986 2723 2029 2745 Fir.

1265 2766 1273 2778 ⁵
1291 2765 1324 2789 ΑΙ)
1342 2766 1435 2788 videtur
1452 2764 1642 2793 expungendum.
1661 2763 1739 2786 Verba
1756 2764 1778 2786 et
1794 2764 1899 2786 caveat...
1920 2760 2050 2785 communi-

1202 2807 1284 2830 centur·
1302 2806 1387 2828 desunt
1403 2805 1425 2827 in
1443 2805 1487 2827 Fir.

1265 2844 1275 2857 ⁶
1292 2845 1335 2867 Fir.
1352 2844 1486 2867 utilitatem.

1266 2883 1275 2896 ⁷
1292 2885 1335 2906 Fir.
1355 2883 1440 2912 unius,·
1452 2883 1535 2905 deinde
1548 2883 1599 2904 cod.
1613 2881 1681 2904 habet
1692 2880 1822 2904 secundum
1834 2878 2050 2903 cousuetudinem...

1203 2923 1358 2953 approbatum
1378 2929 1419 2951 pro
1437 2921 1636 2945 constitutiones...
1654 2920 1807 2950 approbatas.

1266 2961 1275 2975 S
1293 2964 1322 2985 lta
1340 2963 1396 2989 Fi1·.‚
1414 2962 1466 2984 cod.
1484 2967 1607 2989 perperam
1625 2959 1656 2982 ud
1673 2958 1807 2982 movendus.

1266 3000 1276 3013 ⁰
1294 3002 1354 3023 Haec
1372 3000 1485 3023 ordiiiatio
1503 3000 1567 3021 deest
1585 2999 1606 3021 in
1624 2999 1668 3020 Fir.

1268 3040 1287 3053 ¹0
1306 3041 1320 3062 E
1339 3040 1407 3062 habet
1423 3041 1452 3062 et.
1689 3037 1707 3049 ¹¹
1727 3038 1786 3059 Haec
1804 3043 1848 3059 vox
1864 3035 1942 3058 deficit
1959 3035 1983 3057 ln
2000 3034 2051 3057 cod.
