2133 3317
22 798 54 817 ivn.

479 217 676 246 OPUSCULUM
696 216 783 245 XXIII.
806 215 956 244 LEGENDA
979 216 1091 245 SANCTI
1113 216 1285 245 FRANCISCI.
1307 216 1374 245 CAP.
1396 216 1449 245 XII.

848 368 1009 396 meruiiuu
1031 367 1084 396 XII.

569 490 608 518 De
628 489 759 528 efficacia
778 489 975 527 praedicandi
996 492 1021 517 et
1040 488 1142 526 ,qratia
1163 489 1326 517 cannatum
1342 491 1360 517 1.

176 626 198 653 1.
231 624 327 652 Fidelis
348 631 378 652 re
399 631 465 652 vera
492 623 613 652 famulus
633 626 661 652 et
684 623 809 651 minister
836 623 937 651 Chiisti

21 681 80 700 ἰωιι-
94 671 270 704 Franciscus‚
292 673 323 699 ut
344 672 443 699 cuncta
464 670 581 698 fideliter
602 673 629 698 et
643 669 763 706 perfecte
778 673 937 706 perageret,

11 703 58 735 ³⁴⁶
47 726 84 746 vna
94 718 147 747 illis
168 717 308 754 potissime
329 717 464 745 virtutum
487 716 628 745 exercitiis
648 715 822 750 intendebat,
850 724 937 753 quae,

9 751 85 797 -3',¹¹“²'¹²'
95 772 173 794 sacro
193 764 313 792 dictante
334 763 454 800 Spiritu,
477 763 533 791 Deo
564 771 614 791 suo
645 762 732 799 magis
759 763 868 799 placere
893 771 937 791 co-

95 814 234 849 gnoverat.
256 811 316 847 Qua
336 810 370 838 de
390 818 421 838 re
443 809 568 846 contigit,
590 810 667 838 illum
690 810 718 838 in
739 817 865 846 magnam
887 809 938 837 du-

95 857 233 886 bitationis
253 857 396 886 cuiusdam
418 857 543 893 agoniam
566 856 702 890 incidere,
730 864 814 893 quam
844 857 938 885 multis

94 904 191 933 die-bus
211 904 246 932 ab
273 903 396 932 oratione
428 903 536 932 rediens
564 903 763 931 terminandam
795 903 938 931 Fratribus

95 951 144 980 sibi
160 950 340 979 familiaribus
354 950 532 987 proponebat.
559 960 572 974 n
588 949 674 985 Quid,
696 949 801 986 inquit,
816 950 937 983 Fratres,

94 997 252 1030 consulitis,
274 996 340 1033 quid
362 996 498 1024 laudatis?
519 996 556 1024 An
589 996 662 1032 quod
688 996 803 1024 orationi
826 1003 938 1030 vacem,

95 1051 128 1072 an
142 1043 217 1080 quod
231 1042 413 1080 praedicando
427 1042 602 1071 discurram?
616 1042 756 1079 Siquidem
771 1050 821 1079 ego
836 1050 938 1079 parvu-

95 1090 154 1124 lus,
175 1089 294 1126 simplex
309 1092 337 1117 et
351 1089 505 1126 imperitus
525 1097 655 1117 sermone
667 1089 678 1105 2
693 1089 825 1117 maiorem
841 1089 937 1117 orandi

95 1135 187 1172 accepi
207 1135 323 1172 gratiam
345 1143 428 1172 quam
451 1135 589 1172 loquendi.
609 1135 724 1163 Videtur
739 1135 820 1163 etiam
835 1135 862 1163 in
877 1143 939 1163 ora-

9 1207 14 1218 ,
48 1195 49 1198 ¹
95 1181 168 1211 tione
184 1182 299 1211 ‘lucrum
321 1185 348 1210 et
369 1182 520 1210 cumulatio
547 1182 716 1218 gratiarum,
744 1181 771 1210 in
800 1181 939 1218 praedica-

50 1246 54 1250 *
95 1228 168 1257 tione
187 1228 346 1257 distributio
367 1228 501 1265 quaedam
523 1228 658 1256 donorum
681 1228 795 1257 caelitus
815 1231 940 1265 accepto-

96 1283 175 1309 rum;
196 1275 224 1303 in
246 1275 371 1304 oratione
391 1275 473 1303 etiam
505 1274 662 1311 purificatIO
682 1275 847 1303 interiorum
875 1275 940 1303 affe-

95 1324 191 1350 ctuum
214 1325 241 1350 et
256 1322 345 1350 unitio
359 1322 392 1350 ad
409 1330 510 1355 unum,
526 1329 623 1350 verum
639 1325 666 1350 et
680 1330 820 1350 summum
836 1322 939 1350 bonum

95 1375 159 1397 cum
180 1368 350 1405 vigoratione
370 1368 497 1402 virtutis;
520 1368 546 1396 in
580 1368 782 1405 praedicatione
811 1368 940 1405 spiritua-

96 1415 164 1443 lium
194 1415 376 1452 pulverizatio
406 1415 524 1451 pedum,
554 1414 696 1443 distractio
727 1415 822 1443 circa³
852 1415 941 1443 multa

95 1464 122 1490 et
143 1461 277 1490 relaxatio
297 1461 465 1498 disciplinae.
494 1461 614 1489 Tandem
644 1461 670 1489 in
699 1461 823 1490 oratione
852 1462 940 1490 Deum

95 1507 263 1545 alloquimur
291 1511 318 1536 et
345 1508 475 1536 audimus
505 1510 533 1536 et
563 1507 642 1544 quasi
673 1508 822 1545 angelicam
855 1508 939 1537 vitam

49 1568 51 1573 v
95 1557 222 1592 agentes,
244 1554 316 1583 inter
331 1555 446 1592 Angelos
461 1562 674 1588 conversamur3
696 1555 723 1583 in
740 1555 941 1591 praedicatione

95 1601 182 1630 multa
203 1604 312 1638 oportet
333 1601 563 1630 condescensione
584 1601 624 1629 uti
646 1601 680 1629 ad
702 1602 827 1630 homines
848 1605 875 1630 et
889 1602 941 1630 hu—

97 1655 176 1677 mane
206 1648 279 1676 inter
307 1656 354 1677 eos
375 1648 506 1682 vivendo,
529 1648 651 1676 humana
671 1648 805 1684 cogitare,
832 1648 940 1683 videre,

96 1695 186 1724 dicere
207 1698 235 1724 et
255 1695 361 1723 audire.
384 1695 436 1724 Sed
457 1703 545 1723 unum
568 1698 609 1723 est
624 1695 651 1723 111
667 1696 852 1729 contrarium,
868 1696 941 1733 quod

96 1741 205 1770 videtur
225 1742 448 1779 praeponderare
469 1742 513 1770 his
527 1742 656 1770 omnibus
671 1745 734 1770 ante
748 1742 852 1776 Deum,
867 1742 942 1779 quod

97 1789 223 1818 videlicet
243 1789 403 1826 unigenitus
418 1789 465 1817 Dei
481 1789 580 1822 Filius,
602 1789 649 1825 qni
665 1792 705 1817 est
720 1789 852 1826 sapientia
867 1797 942 1818 sum-

95 1843 155 1870 ma,
177 1838 292 1872 propter
314 1836 469 1864 animarum
493 1836 608 1864 salutem
631 1835 665 1863 de
696 1835 759 1864 sinu
780 1835 868 1864 Patris
895 1836 942 1864 de-

97 1882 217 1916 scendit,
232 1885 273 1915 ut,
288 1890 340 1910 suo
352 1882 488 1910 mnndum
503 1882 654 1910 informans
669 1882 807 1918 exemplo,
823 1882 939 1910 verbum

97 1928 193 1957 salutis
214 1928 374 1956 hominibus
395 1928 573 1964 loqueretur,
603 1936 673 1965 quos
701 1928 772 1956 sacri
800 1928 942 1965 sanguinis

97 1977 125 2004 et
138 1975 227 2012 pretio
248 1974 396 2008 redimeret
417 1977 444 2003 et
464 1974 628 2003 emundaret
644 1975 775 2003 lavacro4
795 1977 823 2003 et
843 1975 942 2011 poculo

98 2024 280 2055 sustentaret,
302 2021 372 2049 nihil
393 2021 443 2049 sibi
465 2021 577 2049 omnino
599 2029 760 2055 reservans,
792 2021 866 2058 quod
887 2029 941 2050 non

98 2067 125 2096 in
146 2067 263 2096 salutem
285 2070 407 2095 nostram
430 2067 581 2096 liberaliter
602 2070 737 2104 erogaret.
762 2067 792 2095 Et
813 2067 878 2104 quia
893 2075 943 2096 nos

99 2113 230 2143 debemus
251 2114 342 2142 omnia
362 2114 452 2142 facere
473 2114 634 2142 secundum
655 2113 804 2150 exemplar
828 2121 942 2148 eorum,

40 2166 55 2202 ’ᾗ
99 2168 170 2197 quae
190 2160 316 2189 videmus
336 2160 364 2189 in
392 2160 451 2197 ipso
479 2163 611 2197 tanquam
640 2160 668 2189 in
697 2163 790 2189 monte
815 2160 942 2195 sublimi;

42 2217 52 2226 u
99 2207 208 2236 videtur
229 2207 316 2243 magis
336 2207 392 2236 Deo
414 2207 560 2243 placitum,
576 2207 650 2244 quod
666 2207 822 2236 intermissa
835 2208 942 2244 quiete,

101 2253 172 2282 foras
192 2253 318 2290 egrediar
338 2253 371 2282 ad
386 2253 507 2282 laborem
520 2265 546 2282 ».
561 2254 686 2291 Cumque
704 2262 754 2291 per
769 2255 871 2283 multos
885 2254 944 2283 dies

100 2300 185 2329 verba
205 2300 395 2329 huiuscemodi
410 2300 565 2329 ruminaret
578 2308 642 2328 cum
657 2300 813 2334 Fratribus,
828 2300 943 2328 certitu-

100 2345 227 2375 dinaliter
248 2346 380 2383 nequibat
400 2346 556 2383 percipere,
578 2346 645 2383 quid
667 2347 768 2375 horum
789 2346 841 2375 sibi
872 2346 944 2375 foret

101 2395 133 2421 ut
152 2393 261 2422 Christo
281 2401 347 2422 vere
367 2393 506 2429 acceptius
526 2392 692 2430 eligendum.
714 2393 782 2421 Cum
797 2392 870 2421 enim
893 2393 944 2421 1111-

102 2439 187 2468 randa
207 2443 299 2468 nosset
319 2447 368 2476 per
389 2439 517 2476 spiritum
539 2439 716 2476 prophetiae,
738 2439 809 2467 hanc
837 2446 887 2475 per
915 2446 945 2468 se

103 2485 193 2522 ipsum
214 2486 403 2523 quaestionem
423 2486 573 2515 dissolvere
594 2494 648 2514 non
680 2485 788 2514 valebat
808 2485 843 2514 ad
863 2485 944 2522 liqui-

994 622 1077 656 dum,
1099 622 1155 650 Deo
1177 622 1275 651 melius
1296 623 1470 660 providente,
1492 628 1523 653 ut
1543 624 1752 661 praedicationis
1780 635 1837 656 me-

995 669 1079 697 ritum
1106 677 1154 705 per
1185 677 1338 705 supernum
1369 670 1592 699 manifestaretur
1623 673 1780 707 oraculum,
1811 676 1838 702 et

994 715 1066 744 servi
1088 716 1189 744 Christi
1210 716 1351 745 humilitas
1372 720 1532 746 servaretur
1543 718 1562 746 ⁵.

1073 764 1099 791 2.
1122 763 1179 791 Non
1201 763 1381 792 erubescebat
1412 772 1427 792 a
1452 764 1606 794 minoribus
1637 774 1722 803 parva
1754 776 1838 804 quae·
1856 765 1982 784 ⁰⁰¹³fi¹¹¹¹³¹³ffi

995 817 1057 838 rere
1078 818 1163 838 verus
1184 810 1289 844 minor,
1311 810 1359 847 qui
1381 819 1479 847 magna
1499 811 1632 840 didicerat
1663 821 1679 841 a
1709 814 1837 851 Magistro

995 864 1133 892 supremo.
1156 857 1251 885 Studio
1272 865 1391 894 namque
1412 858 1561 894 praecipuo
1581 859 1678 888 solitus
1702 864 1762 888 erat
1789 869 1838 889 ex-

994 903 1122 939 quirere,
1144 904 1218 940 quali
1240 904 1283 932 via
1301 904 1432 941 qualique
1453 904 1533 932 modo
1552 905 1607 933 Deo
1629 909 1720 942 posset
1741 915 1839 936 secun-

994 949 1060 978 dum
1082 949 1169 986 ipsius
1190 950 1392 987 beneplacitum
1415 950 1563 987 perfectius
1594 951 1742 981 deservire.
1770 954 1838 983 Haec

995 1003 1102 1024 summa
1124 996 1183 1025 eius
1205 997 1388 1033 philosophia,
1410 997 1462 1025 hoc
1483 1005 1624 1026 summum
1646 999 1706 1027 eius
1734 1000 1840 1029 deside—

995 1042 1068 1070 rium
1090 1042 1212 1076 exstitit,
1227 1043 1317 1080 quoad
1333 1043 1418 1077 vixit,
1433 1046 1465 1072 ut
1479 1048 1626 1080 quaereret
1640 1053 1656 1073 a
1670 1045 1840 1082 sapientibus

995 1090 1022 1116 et
1052 1088 1238 1125 simplicibus,
1264 1089 1392 1125 perfectis
1412 1093 1439 1118 et
1464 1090 1646 1127 imperfectis,
1669 1093 1792 1128 parvulis
1813 1095 1840 1122 et

994 1134 1172 1170 grandaevis,
1194 1136 1313 1172 qualiter
1341 1136 1374 1164 ad
1397 1136 1570 1172 perfectionis
1597 1138 1706 1166 culmen
1736 1139 1840 1167 virtuo-

996 1181 1053 1209 sius
1075 1181 1221 1217 pervenire
1242 1182 1354 1210 valeret.
1378 1199 1412 1202 —
1436 1183 1582 1212 Assumens
1604 1184 1696 1221 itaque
1716 1185 1786 1214 duos
1804 1194 1840 1215 ex

996 1228 1153 1262 Fratribus,
1175 1228 1250 1257 misit
1271 1229 1304 1257 ad
1326 1230 1448 1258 Fratrem
1464 1230 1644 1264 Silvestrum,
1666 1232 1713 1268 qui
1729 1240 1840 1261 crucem

996 1274 1181 1310 egredientem
1198 1275 1304 1304 viderat
1317 1276 1351 1304 de
1370 1284 1418 1305 ore
1440 1276 1526 1313 ipsius
1540 1277 1551 1293 ⁶
1573 1280 1599 1306 et
1622 1280 1687 1306 tunc
1705 1279 1732 1306 in
1748 1282 1840 1308 monte

996 1328 1082 1357 supra
1112 1321 1244 1350 Assisium
1275 1322 1376 1359 iugiter
1407 1323 1523 1351 orationi
1555 1324 1683 1359 vacabat,
1714 1327 1746 1353 ut
1773 1325 1842 1354 divi—

996 1376 1063 1396 num
1085 1375 1170 1404 super
1200 1368 1370 1397 dubitatione
1401 1369 1558 1398 huiusmodi
1591 1378 1753 1407 responsum
1780 1380 1841 1408 per-

997 1414 1137 1451 quireret,
1159 1415 1233 1451 quod
1249 1415 1299 1443 sibi
1315 1423 1351 1444 ex
1366 1419 1444 1452 parte
1458 1416 1566 1444 Domini
1581 1417 1767 1447 demandaret.
1787 1419 1840 1448 Hoc

997 1461 1087 1497 ipsum
1110 1461 1250 1490 mandavit
1266 1462 1274 1475 ⁷
1297 1470 1391 1491 sacrae
1412 1463 1511 1499 virgini
1533 1463 1643 1498 Clarae,
1666 1467 1697 1492 ut
1719 1473 1767 1501 per
1792 1466 1840 1494 ali-

997 1515 1080 1544 quam
1104 1508 1245 1544 puriorem
1273 1512 1300 1537 et
1324 1509 1518 1545 simpliciorem
1547 1510 1580 1538 de
1608 1510 1762 1547 virginibus
1790 1512 1842 1540 sub

997 1553 1084 1590 ipsius
1105 1554 1248 1591 disciplina
1267 1555 1446 1592 degentibus,
1468 1559 1495 1584 et
1516 1556 1574 1592 ipsa
1604 1564 1667 1585 cum
1693 1558 1840 1586 Sororibus

997 1601 1057 1629 aliis
1077 1609 1175 1635 orans,
1197 1609 1282 1638 super
1297 1602 1348 1631 hoc
1362 1602 1525 1639 exquireret
1541 1603 1646 1631 Domini
1664 1604 1840 1633 voluntatem.

997 1647 1241 1676 Concordaverunt
1260 1651 1352 1677 autem
1380 1649 1542 1678 mirabiliter
1564 1649 1590 1678 111
1619 1650 1645 1678 id
1667 1650 1774 1687 ipsum,
1796 1659 1843 1680 su-

998 1702 1084 1730 perno
1105 1694 1144 1723 eis
1165 1695 1303 1723 revelante
1325 1695 1444 1732 Spiritu,
1467 1696 1631 1725 venerabilis
1659 1697 1787 1726 sacerdos
1814 1701 1842 1726 et

998 1740 1076 1777 virgo
1096 1741 1152 1769 Deo
1166 1740 1269 1775 dicata,
1285 1741 1447 1778 beneplaciti
1463 1742 1565 1771 scilicet
1579 1750 1639 1771 esse
1653 1743 1736 1771 divini
1747 1744 1843 1780 ‚quod

998 1787 1098 1816 Christi
1121 1795 1221 1824 praeco
1241 1788 1274 1816 ad
1290 1788 1503 1824 praedicandum
1519 1789 1617 1818 exiiet.
1640 1806 1677 1810 —
1692 1791 1779 1819 Revei
1781 1793 1839 1819 ten
1855 1794 1910 1812 211111·
1920 1793 1987 1812 81115111

998 1833 1072 1862 tibus
1093 1833 1186 1871 itaque
1208 1834 1424 1863 Ρ13111111115801
1445 1835 1508 1869 Dei,
1531 1836 1610 1864 iuxta
1631 1836 1705 1873 quod
1731 1844 1842 1874 accepe-

999 1884 1076 1915 rant,
1098 1881 1283 1910 indicantibus
1312 1882 1497 1916 voluntatem,
1529 1890 1685 1920 exsurgens
1712 1884 1843 1912 continuo

998 1927 1137 1956 succinxit
1158 1935 1202 1961 se,
1224 1928 1356 1965 nullaque
1377 1936 1493 1965 prorsus
1515 1932 1656 1958 contracta
1677 1938 1769 1965 mora,
1791 1930 1843 1959 iter

998 1982 1146 2011 aggressus
1168 1978 1217 2003 est.
1241 1975 1297 2003 Ibat
1317 1978 1411 2004 autem
1433 1983 1497 2004 cum
1521 1978 1596 2005 tanto
1617 1976 1743 2011 fervore,
1757 1980 1790 2006 ut
1803 1977 1843 2006 di-

998 2021 1093 2049 vinum
1115 2024 1318 2058 exsequeretur
1333 2022 1497 2059 imperium,
1514 2026 1625 2060 tamque
1640 2024 1767 2053 celeriter
1781 2032 1844 2061 per-

999 2067 1145 2102 currebat,
1167 2076 1198 2097 ac
1220 2069 1258 2102 si,
1280 2069 1350 2097 facta
1371 2077 1454 2098 manu
1469 2070 1577 2098 Domini
1595 2078 1681 2108 super
1695 2079 1775 2105 eum,
1797 2079 1844 2100 110-

998 2123 1060 2143 vam
1082 2115 1216 2144 induisset
1237 2123 1252 2143 e
1273 2116 1347 2144 caelo
1368 2116 1501 2145 virtutem
1517 2116 1536 2144 ⁰.

1078 2161 1104 2190 3.
1126 2161 1196 2190 Cum
1226 2162 1312 2199 igitur
1343 2163 1581 2200 appropinquaret
1612 2164 1780 2199 Bevani010,
1812 2165 1845 2193 ad

999 2208 1137 2245 quendam
1153 2208 1244 2237 locum
1259 2208 1384 2243 devenit,
1400 2209 1427 2237 in
1442 2217 1498 2246 quo
1512 2209 1613 2239 diversi
1628 2211 1737 2247 generis
1751 2211 1843 2240 avium

999 2255 1122 2283 maxima
1142 2255 1292 2284 multitudo
1306 2259 1480 2284 convenerat.
1497 2256 1571 2293 Quas
1585 2265 1649 2285 cum
1664 2258 1780 2286 Sanctus
1795 2258 1843 2287 Dei

999 2300 1128 2335 vidisset,
1149 2301 1277 2330 alacriter
1305 2302 1431 2330 cucurrit
1458 2302 1492 2331 ad
1520 2303 1611 2331 locum
1639 2306 1666 2331 et
1693 2311 1739 2332 eas
1766 2303 1843 2332 velut

999 2347 1114 2376 rationis
1129 2348 1276 2384 participes
1291 2349 1428 2377 salutavit.
1451 2349 1586 2378 Omnibus
1601 2357 1667 2378 vero
1681 2353 1844 2387 exspectan-

1000 2393 1075 2422 tibus
1102 2397 1130 2422 et
1150 2395 1375 2423 convertentibus
1396 2403 1425 2423 se
1453 2395 1487 2423 ad
1507 2403 1585 2429 eum,
1607 2396 1644 2424 ita
1669 2399 1700 2425 ut
1720 2404 1792 2433 quae
1817 2397 1844 2425 in

1001 2439 1122 2468 arbustis
1143 2443 1237 2474 erant,
1260 2441 1395 2469 inclinatis
1423 2442 1573 2478 capitibus,
1602 2450 1666 2471 cum
1695 2443 1844 2480 appropin-

1001 2489 1101 2523 quaret
1121 2486 1155 2515 ad
1176 2493 1236 2520 eas,
1259 2487 1368 2516 insolito
1388 2488 1468 2516 modo
1489 2488 1517 2516 in
1538 2488 1629 2525 ipsum
1654 2489 1844 2524 intenderent,

167 2645 175 2658 ¹
192 2646 237 2669 Ctr.
255 2647 336 2669 Thom.
355 2653 367 2668 a
384 2646 481 2674 Celano,
500 2647 549 2669 Vita
568 2648 581 2669 Ι.
599 2653 622 2675 p.
640 2647 653 2669 1.
671 2653 690 2670 c.
710 2647 747 2669 47.
765 2648 802 2669 21.
820 2647 899 2669 23-26.

165 2686 175 2700 ²
191 2686 261 2713 Epist.
278 2686 301 2708 11.
319 2685 370 2708 Cor.
390 2686 429 2712 ll,
448 2686 468 2708 6.

167 2723 176 2736 ³
193 2724 249 2747 Cod.
261 2724 279 2746 A
291 2730 358 2747 cura.
370 2725 464 2747 lnserius
475 2731 518 2753 pro
529 2725 604 2748 Deum
620 2724 769 2755 alloquimur·
788 2726 853 2748 BCF
870 2725 948 2748 Domi-

105 2768 164 2786 num
179 2763 334 2793 alloquimur.

167 2801 177 2814 ⁴
193 2803 249 2830 Eph.
267 2802 294 2829 5,
312 2803 354 2824 26:
370 2802 482 2825 Mundans
498 2803 590 2825 lavacro
607 2808 682 2831 aquae
699 2803 720 2825 in
738 2802 810 2825 verbo
831 2803 899 2825 vitae.
917 2815 946 2819 ——

107 2839 210 2863 Subinde
227 2841 348 2869 respicitur
365 2841 436 2864 Exod.
447 2841 487 2869 25,
502 2841 541 2864 4οτ
554 2842 640 2870 Inspice
652 2844 675 2864 et
686 2843 721 2864 sac
733 2842 861 2864 secundum
874 2848 948 2864 exem-

107 2879 168 2907 piar,
184 2880 248 2908 quod
265 2879 306 2902 tibi
323 2880 344 2902 in
362 2883 439 2903 monte
456 2883 606 2903 monstratum
624 2883 665 2903 cst.
677 2880 771 2903 lnserius
781 2880 879 2903 vocibus
891 2880 947 2910 quia

107 2915 214 2940 debemus
231 2918 276 2940 flde
293 2918 360 2941 codd.
377 2918 552 2941 interseruimus
567 2924 619 2941 nos.

169 2955 178 2968 ⁵
194 2955 239 2979 Cfr.
256 2957 390 2985 Wadding.‚
407 2957 449 2980 loc.
466 2957 511 2984 cit.,
528 2957 557 2979 ad
575 2963 613 2980 an.
633 2958 707 2984 1212,
724 2963 745 2979 11.
764 2957 801 2979 28.
818 2963 891 2986 seqq„
907 2956 946 2979 ubi

109 2993 176 3016 etIam
194 2995 223 3017 de
240 2995 267 3017 iis
283 3002 344 3024 quae
360 2996 418 3018 infra
437 3001 510 3024 usque
527 2996 556 3018 ad
573 3002 594 3018 11.
614 2995 634 3018 4.
652 2998 821 3024 proponuntur.

1066 2646 1076 2660 ὅ
1094 2647 1153 2670 Vide
1169 2653 1237 2675 supra
1256 2654 1276 2670 c.
1293 2648 1315 2669 3.
1332 2654 1355 2670 n.
1372 2647 1393 2669 5.
1413 2660 1441 2663 ——
1463 2648 1557 2670 Inferius
1574 2654 1616 2676 pro
1633 2654 1708 2678 supra
1726 2649 1842 2672 Assisium

1004 2687 1021 2708 Α
1033 2687 1051 2708 G
1068 2693 1139 2716 super
1156 2686 1281 2710 Assisitmi.

1066 2724 1075 2737 ⁷
1092 2725 1148 2747 Edd.
1167 2724 1324 2748 demandavit.

1065 2762 1074 2775 ⁸
1092 2763 1196 2792 Philippo
1213 2767 1235 2786 ct
1252 2764 1365 2791 massaeo,
1384 2767 1407 2786 ut
1424 2767 1487 2786 notat
1504 2764 1643 2793 Wadding.,

1004 2802 1082 2830 perius
1099 2803 1136 2824 cit.

1066 2839 1075 2853 ⁹
1093 2842 1174 2863 Ezech.
1194 2841 1216 2869 1,
1234 2841 1261 2863 3:
1280 2842 1304 2863 Et
1322 2842 1378 2863 facta
1396 2844 1430 2863 est
1446 2847 1516 2869 super
1533 2847 1586 2864 eum
1603 2841 1634 2864 ibi
1653 2848 1735 2865 manus
1747 2843 1844 2865 Domini.

1003 2880 1057 2902 Luc.
1074 2879 1117 2907 24,
1135 2879 1176 2902 49:
1195 2879 1277 2902 Sedete
1294 2880 1317 2902 in
1334 2880 1438 2907 civitate,
1455 2880 1608 2909 quoadusque
1621 2881 1747 2903 induamini
1760 2882 1844 2905 virtute

1003 2924 1030 2941 ex
1047 2918 1100 2940 alto.

1066 2955 1086 2969 ¹⁰
1103 2957 1126 2979 ld
1142 2959 1176 2979 est
1193 2957 1312 2985 Bevagna,
1329 2957 1442 2985 oppidum
1460 2958 1483 2980 111
1495 2958 1602 2985 Umbria;
1614 2959 1664 2981 Vat.
1678 2959 1845 2987 cumpluribus

1003 2995 1071 3018 codd.
1088 2998 1110 3018 ct
1127 2995 1164 3018 ed.
1185 2997 1189 3017 Ι
1211 2995 1349 3019 Bruanium.

1661 2766 1701 2787 loc.
1721 2766 1789 2793 paulo
1806 2772 1844 2788 su-

1854 1816 1987 1841 praedicando.

1871 2167 1969 2185 Praedicat

1883 2190 1956 2208 avibus.
