2133 3317
144 365 172 386 De
185 366 248 384 tertio.

139 1352 203 1370 Tei-tia
215 1351 251 1369 uti-

122 1375 165 1394 litas
172 1374 251 1393 vatetad

122 1399 164 1417 tria.
175 1399 202 1417 De
215 1398 252 1422 pri·

125 2105 189 2123 Altera
203 2109 256 2123 secu-

164 2129 217 2146 ritas.

265 233 321 263 300

344 311 422 340 Valet
443 312 469 339 et
490 309 588 343 tertie,
610 307 676 345 quia
696 314 746 343 per
768 313 828 335 ean]
849 305 947 333 virtus
968 303 1114 333 custodita

265 358 428 396 expeditius
449 356 480 385 iu
500 355 586 392 finem
612 353 806 391 perducitur,
835 352 916 380 iuxta
943 351 1017 388 quod
1049 350 1115 379 dicit

265 406 478 442 Chrysostomus
500 410 584 438 super
606 400 753 437 Epistolam
776 399 811 428 ad
832 399 969 428 Hebraeos
988 405 1115 427 sermone

265 452 386 482 secundo
402 452 426 478 ¹:
448 462 461 475 «ι
476 450 532 477 Νο11
548 448 681 477 habentes
695 446 820 481 divitias,
836 454 891 475 non
906 448 1054 483 propterea
1067 444 1114 473 do-

266 499 380 531 leamus,
395 496 442 525 sed
457 495 560 532 gratias
574 494 661 531 magis
675 494 873 522 universorum
887 493 944 521 Deo
958 495 985 521 et
999 491 1116 520 Domino

266 545 434 577 referamus,
456 542 522 580 quia
543 550 593 570 nos
607 549 694 578 parvo
709 540 803 569 labore
824 539 938 569 eandem
960 538 1115 567 mercedem

267 591 419 629 poterimus
434 597 518 627 quam
539 588 637 617 divites
658 587 824 625 promereri,
839 590 867 616 et
888 586 910 615 si
927 586 1115 620 voluerimus,

265 639 346 668 etiam
366 637 538 673 ampliorem.
554 636 621 664 Nam
644 643 681 664 ex
701 635 795 672 parvis
809 642 909 671 magna
930 634 1074 662 lucramur
1088 644 1115 661 1».

266 703 300 706 -
313 685 380 713 Huic
391 687 419 713 et
429 683 579 720 Gregorius
590 690 743 711 consonans
755 681 781 710 in
794 681 907 710 homilia
918 681 944 708 2:
962 692 976 706 «
985 681 1116 717 Regnum,

265 733 367 769 inquit,
387 731 527 760 caelorum
550 733 658 758 tantum
679 729 767 763 valet,
783 731 919 766 quantum
940 728 1068 761 habes»;
1090 730 1118 756 et

265 780 379 808 iterum:
408 790 421 804 «
436 778 502 806 Ante
525 777 572 806 Dei
588 777 683 805 oculos
697 784 841 813 nunquam
857 778 899 804 est
913 783 1000 804 vacua
1018 782 1118 803 manus

265 835 281 855 a
296 834 428 860 munere,
443 833 507 854 cum
523 832 588 853 arca
603 823 694 853 cordis
709 823 814 860 repleta
828 822 913 851 fuerit
933 822 1005 851 bona
1020 822 1117 851 volun-

267 877 320 903 tate
332 886 358 901 ».
374 874 566 910 Quapropter,
581 879 645 900 cum
666 882 679 896 «
690 871 833 905 voluntas,
848 869 895 898 ubi
912 869 987 898 deest
1002 868 1117 906 possibi-

266 921 335 955 litas,
352 920 484 957 profacto
496 921 644 956 reputetur
656 918 666 935 ³
677 930 705 952 »,
721 921 748 946 et
763 917 869 946 facilius
884 916 919 945 sit
934 916 1035 945 sanctis
1050 924 1117 952 pau—

267 968 381 1005 peribus
402 967 485 1000 velte,
507 974 591 1003 quam
612 965 745 994 divitibus
766 964 845 993 bonis
869 963 939 992 velte
960 966 985 991 et
1004 962 1117 1000 facere,-

266 1015 386 1044 multum
408 1014 493 1051 igitur
521 1013 585 1041 facit
615 1013 789 1049 paupertatis
820 1011 912 1048 inopia
939 1011 973 1039 ad
1005 1010 1118 1039 virtutis

266 1062 479 1099 expeditionem.
512 1077 550 1081 —
578 1060 603 1088 Si
636 1068 702 1096 ergo
734 1059 891 1088 voluntaria
921 1058 1116 1094 temporalium

268 1117 363 1138 rerum
385 1108 502 1145 penuria
523 1108 613 1136 virtus
632 1106 797 1144 probatur,
820 1108 1013 1134 conservatur
1027 1107 1055 1133 et
1070 1113 1117 1132 eac-

265 1157 401 1193 peditur,·
423 1155 566 1184 manifeste
588 1154 778 1187 convincitur,
801 1153 875 1190 quod
887 1152 1035 1181 eminentia
1050 1159 1117 1188 pau-

268 1204 381 1241 pertatis
403 1203 556 1240 plurimum
585 1202 692 1230 confert
720 1201 754 1229 ad
782 1200 950 1229 exercitium
980 1198 1118 1235 perfectae

267 1250 387 1279 virtutis.

349 1298 391 1326 18.
415 1297 622 1334 Consequenter
644 1295 725 1324 etiam
748 1295 821 1323 valet
835 1294 868 1323 ad
883 1293 1054 1332 fruitionem
1072 1292 1117 1321 iu-

267 1345 428 1374 cunditatis
450 1344 595 1377 nicei-nae,
611 1343 701 1379 primo
716 1342 830 1370 ratt'ouc
845 1341 1024 1369 extrinsecae
1037 1348 1117 1368 secu-

270 1393 376 1421 ritatis.
406 1391 481 1420 Unde
513 1391 727 1427 Chrysostomus
759 1388 872 1418 homilia
903 1388 1001 1416 ultima
1033 1394 1117 1423 super

270 1440 436 1468 Matthaeum
452 1440 478 1466 4:
506 1450 519 1462 «
536 1438 652 1466 Divitem
674 1444 786 1466 necesse
807 1439 848 1465 est
868 1435 965 1464 multis
995 1434 1118 1471 indigere

269 1490 295 1516 et
316 1486 436 1523 turpiter
458 1485 579 1518 servire,
601 1483 751 1513 formidare
772 1486 799 1512 et
821 1482 956 1519 suspicari
978 1485 1005 1510 et
1020 1481 1118 1509 timere

269 1541 365 1562 eorum
388 1532 435 1570 qui
458 1532 636 1569 suspicantur
658 1531 753 1559 oculos
774 1533 801 1559 et
815 1529 1047 1559 calumniatorum
1069 1536 1118 1556 ora

269 1584 296 1610 et
316 1588 465 1609 avarorum
488 1578 733 1615 concupiscentias.
757 1577 808 1606 Sed
830 1585 884 1605 non
906 1578 1056 1613 paupertas
1077 1578 1118 1603 est

269 1627 373 1665 aliquid
394 1627 460 1661 tale,
489 1626 536 1655 sed
562 1625 733 1654 contrarium
762 1624 944 1658 universum3
974 1623 1050 1659 regio
1078 1625 1119 1651 est

270 1675 380 1704 furibus
394 1682 448 1703 non
464 1674 603 1707 subiecta,
619 1672 666 1701 sed
682 1672 804 1706 munita,
820 1674 919 1708 portus
934 1670 1118 1707 tranquillus,

269 1723 407 1759 palaestra
421 1724 448 1750 et
459 1721 633 1758 gymnasium
646 1719 836 1757 philosophiae
847 1730 874 1747 ».
891 1718 1002 1747 Constat
1016 1720 1119 1751 autem,

270 1769 344 1807 quod
366 1772 515 1805 paupertas
536 1768 647 1796 furibus
668 1775 722 1796 non
738 1766 883 1795 subiacens
898 1774 930 1794 ea
945 1765 1119 1802 potissimum

269 1819 326 1851 est,
348 1816 374 1844 in
391 1824 447 1853 qua
461 1814 536 1844 uiliil
551 1814 688 1847 liabetur,-
703 1814 736 1842 de
751 1822 807 1851 qua
821 1816 848 1842 et
863 1813 957 1842 subdit
976 1812 1077 1841 ibidem
1092 1811 1118 1839 ⁵:

274 1875 287 1889 «
302 1863 414 1897 Audite,
437 1862 607 1900 quicumque
636 1869 773 1898 pauperes
801 1860 882 1895 estis,
904 1860 992 1897 magis
1013 1862 1120 1893 autem,

270 1914 297 1940 et
328 1911 498 1948 quicumque
530 1909 610 1938 ditari
644 1908 846 1945 concupiscitis.
876 1908 933 1936 Non
959 1915 1121 1944 pauperem

271 1967 329 1987 csse
350 1958 454 1986 malum
476 1960 533 1991 est,
556 1956 603 1985 sed
623 1965 682 1985 71071
703 1955 771 1984 velte
795 1963 959 1992 pauperem
986 1962 1070 1987 essm.
1094 1956 1121 1982 et

272 2013 362 2042 neque
383 2005 488 2033 malum
510 2004 641 2033 existima.
662 2005 871 2040 paupertatem,
893 2005 920 2030 et
934 2010 988 2030 non
1004 2001 1057 2030 erit
1072 2001 1120 2029 tibi

273 2051 386 2085 malum,
401 2054 428 2079 61
450 2051 471 2079 51
494 2049 711 2087 philosopharis,
727 2049 821 2078 decem
836 2048 953 2077 millium
969 2048 1022 2076 erit
1036 2048 1121 2076 bono-

273 2107 336 2127 rum
358 2098 419 2127 fons
439 2101 467 2126 et
488 2097 565 2134 origo
579 2108 606 2124 ι).
631 2112 666 2117 -
688 2096 742 2125 Nec
760 2099 872 2124 tantum
884 2095 1060 2124 securitatem
1075 2094 1122 2123 dat

274 2145 423 2183 penuriosa
444 2146 593 2181 paupertas
614 2144 640 2172 in
665 2143 717 2172 hoc
737 2143 856 2175 saeculo,
878 2150 976 2170 verum
996 2141 1077 2170 etiam
1093 2141 1121 2169 in

744 227 942 257 OPUSCULUM
962 226 1004 255 XI.
1027 225 1190 254 APOLOGIA
1210 225 1393 255 PAUPERUM.
1415 225 1483 255 CAP.
1506 225 1548 254 IX.

1171 302 1276 341 futuro
1297 304 1415 333 iudicio¹
1437 303 1513 333 Unde
1534 303 1692 333 Bernardus
1723 311 1808 340 super
1838 303 1978 332 Psalmum
1992 303 2019 332 ⁶:

1173 351 1232 387 Qui
1252 350 1381 380 habitat:
1408 362 1421 376 α
1436 351 1512 380 Felix
1527 354 1676 388 paupertas
1691 350 1847 379 voluntarie
1862 350 2021 387 relinquen-

1172 397 1242 426 tium
1264 398 1356 426 omnia
1377 400 1404 427 et
1425 398 1601 435 sequentium
1630 401 1669 432 te,
1701 398 1816 426 Domine
1844 397 1914 426 Iesu.
1945 397 2021 426 Felix

1173 445 1268 481 plane,
1290 452 1362 481 quae
1394 447 1449 473 tam
1481 452 1609 479 securos,
1641 445 1724 473 immo
1752 448 1780 474 et
1801 447 1856 473 tam
1887 444 2020 482 gloriosos

1173 490 1255 520 faciat
1276 491 1302 519 in
1326 491 1373 519 1110
1393 491 1525 528 singulari
1548 491 1657 529 fragore
1678 492 1897 526 elementorum,
1920 491 1948 520 in
1976 491 2022 520 illo

1173 538 1316 567 tremendo
1338 538 1466 567 examine
1488 538 1668 572 meritorum,
1690 538 1717 567 in
1744 538 1791 567 illo
1818 542 1894 567 tanto
1925 538 2022 568 discri-

1173 584 1248 613 mine
1269 584 1477 613 iudiciorum».

1256 632 1299 660 19.
1322 631 1448 660 Secundo
1462 632 1534 660 valet
1552 632 1666 660 ratione
1679 635 1859 669 exspectatae
1872 632 2021 661 mercedis.

1173 680 1250 708 Unde
1278 687 1363 716 super
1392 679 1460 708 illud
1486 679 1531 708 lob
1546 679 1572 707 ⁷:
1604 679 1759 708 Deridetur
1788 679 1858 708 iusti
1884 679 2023 716 simplici-

1175 731 1238 761 tas,
1260 726 1376 764 lampas
1398 730 1561 763 contemptu
1575 726 1657 763 apud
1678 726 1866 764 eoyitcttioues
1888 726 2022 761 divitum,

1172 777 1285 811 paratu
1307 774 1348 802 att
1362 777 1475 810 tempus
1489 776 1649 807 statutum,
1665 773 1731 802 dicit
1746 773 1912 810 Gregorius:
1932 784 1946 798 «
1958 773 2023 802 Stu-

1175 824 1269 849 tutum
1291 820 1394 857 quippe
1416 822 1588 856 contemptae
1610 819 1745 856 lampadis
1767 823 1879 857 tempus
1906 823 1948 848 est
1975 827 2024 849 ex—

1174 868 1254 896 tremi
1277 867 1371 896 iudicii
1392 867 1614 904 praedestinatus
1636 867 1701 895 dies.
1734 867 1811 895 Tune
1840 867 2025 904 reproborum

1174 914 1262 943 oculis
1283 917 1419 951 patescet,
1442 913 1516 951 quod
1538 914 1647 942 caelesti
1669 916 1803 951 potestate
1825 913 1938 942 subnixi
1960 916 2025 943 sunt

1174 961 1221 998 qui
1245 964 1355 990 terrena
1376 961 1469 989 onmia
1484 961 1668 998 reliquerunt.
1684 960 1816 997 Quisquis
1833 960 1922 995 enim,
1940 960 2025 990 divini

1174 1009 1276 1037 amoris
1298 1008 1410 1037 stimulo
1432 1008 1586 1042 excitatus,
1603 1007 1647 1036 hic
1662 1015 1787 1045 possessa
1801 1007 1955 1046 reliquerit,
1970 1007 2026 1037 illic

1174 1056 1272 1092 procul
1294 1055 1378 1084 dubio
1400 1055 1511 1084 6111111611
1533 1054 1692 1083 iudiciariae
1713 1054 1856 1091 potestatis
1875 1054 2024 1089 obtinebit,

1174 1105 1206 1131 ut
1227 1103 1310 1131 simul
1332 1106 1398 1131 tunc
1430 1102 1515 1131 iudex
1537 1110 1600 1131 cum
1630 1102 1720 1131 iudice
1750 1102 1841 1130 veniat
1871 1101 1919 1138 qui
1951 1109 2025 1130 nunc

1175 1150 1393 1178 consideratione
1414 1149 1507 1178 iudicii
1530 1157 1589 1178 sese
1611 1152 1762 1186 spontanea
1791 1152 1953 1186 paupertate
1981 1156 2025 1177 ca-

1174 1197 1255 1233 stigat
1271 1208 1296 1224 n.
1319 1197 1417 1233 Liquet
1438 1198 1540 1230 autem,
1557 1196 1631 1233 quod
1646 1199 1808 1233 paupertas,
1824 1203 1875 1232 pro
1890 1204 1945 1232 qua
1960 1195 2024 1232 quis

1174 1243 1317 1272 deridetur
1338 1246 1366 1272 et
1387 1243 1589 1277 contemnitur,
1611 1251 1644 1271 ea
1665 1243 1839 1280 potissimum
1868 1246 1925 1277 est,
1954 1250 2025 1279 quae

1174 1299 1312 1319 annexam
1327 1291 1409 1319 habet
1420 1291 1595 1319 exteriorum
1610 1290 1755 1327 penuriam
1770 1293 1797 1318 et
1811 1290 2024 1318 vilificationem.

1174 1338 1250 1367 Unde
1272 1337 1429 1366 Bernardus
1457 1345 1585 1366 sermone
1613 1337 1763 1366 centesimo
1794 1337 2024 1374 quinquagesimo

1175 1385 1299 1422 primo⁸t
1320 1397 1333 1409 c<
1346 1385 1406 1413 Duo
1418 1385 1501 1413 habet
1514 1387 1662 1421 paupertas
1674 1384 1849 1421 sequentium
1862 1384 2024 1412 Dominum:

1175 1433 1350 1461 afflictionem
1372 1432 1476 1461 scilicet
1497 1435 1523 1460 et
1540 1432 1685 1465 vilitatem,
1701 1431 1734 1460 de
1749 1431 1852 1468 quibus
1873 1431 2024 1467 Propheta:

1181 1480 1258 1513 Vide,
1274 1479 1373 1516 inquit,
1396 1478 1588 1507 stupiditatem
1610 1487 1705 1507 meam
1727 1482 1752 1507 ct
1770 1478 1897 1507 laborem
1911 1486 2025 1511 mcum;

1174 1530 1201 1556 et
1219 1530 1374 1564 propterea
1397 1526 1427 1554 iu
1445 1530 1526 1554 terra
1539 1534 1597 1554 sua
1618 1525 1750 1563 duplicia
1768 1524 1972 1562 possidebunt,
1994 1527 2026 1553 ut

1176 1583 1226 1611 pro
1245 1575 1360 1611 pudore
1380 1574 1415 1602 sit
1437 1574 1525 1602 honor
1547 1573 1706 1601 iudiciariae
1727 1572 1886 1610 potestatis,
1908 1580 1958 1609 pro
1983 1572 2026 1600 la-

1177 1622 1244 1650 bore
1266 1621 1442 1658 refrigerium
1470 1620 1669 1657 placidissimae
1691 1619 1827 1649 sessionis.
1854 1619 1924 1648 Haec
1952 1619 2024 1648 enim

1176 1673 1233 1704 est,
1249 1677 1320 1706 quae
1336 1668 1465 1705 castigat,
1482 1670 1583 1705 purgat
1597 1671 1623 1696 et
1637 1667 1751 1705 probat,
1767 1667 1895 1696 humiliat
1909 1670 1936 1696 et
1950 1667 2027 1696 exal-

1177 1719 1216 1745 tat
1230 1728 1257 1744 ».
1281 1732 1317 1737 -
1340 1716 1413 1744 Hanc
1427 1715 1512 1752 igitur
1527 1715 1661 1743 rationem
1677 1714 1811 1743 mercedis
1826 1714 2026 1743 concomitatur

1178 1763 1289 1792 taetitia
1305 1762 1425 1796 mentm
1440 1762 1515 1791 unde
1537 1769 1621 1798 super
1644 1761 1711 1790 illud
1730 1761 1827 1790 Psalmi
1843 1761 1869 1788 ⁹:
1886 1761 1946 1798 Eyo
1960 1769 2028 1789 sum

1175 1818 1292 1848 pauper
1313 1813 1339 1838 et
1359 1809 1456 1838 dolens
1468 1820 1478 1843 ,·
1499 1809 1583 1837 sulus
1608 1813 1675 1842 tua,
1700 1809 1791 1842 Deus,
1820 1808 1947 1845 suscepit
1967 1816 2028 1841 me;

1177 1857 1287 1886 Glossa:
1315 1868 1328 1881 «
1344 1856 1484 1885 Laudabo
1506 1856 1533 1884 in
1555 1864 1600 1885 me
1621 1858 1648 1884 et
1668 1855 1695 1884 in
1718 1855 1852 1884 membris
1879 1854 1948 1883 meis
1978 1863 2028 1883 uo-

1177 1913 1243 1933 meu
1266 1904 1318 1933 Dei
1338 1913 1405 1932 cum
1421 1903 1551 1938 cantico,
1567 1903 1594 1932 id
1609 1905 1651 1932 est
1665 1911 1728 1932 cum
1743 1902 1938 1936 delectatione,
1954 1901 2028 1939 quia,

1178 1952 1199 1981 si
1215 1952 1307 1980 omnia
1320 1952 1436 1986 desunt,
1454 1952 1530 1979 Deus
1550 1954 1639 1979 tamen
1661 1958 1775 1979 mecum
1795 1953 1835 1978 est
1849 1960 1876 1977 ».
1899 1949 1950 1978 Sed
1965 1957 2029 1978 con-

1177 2002 1246 2033 stat,
1269 1999 1342 2036 quod
1371 1999 1465 2027 nullus
1486 2001 1527 2027 est
1558 1998 1604 2026 1110
1625 1997 1788 2034 pauperior,
1810 1996 1853 2025 cui
1876 1996 1968 2025 omnia
1982 1996 2029 2025 de-

1178 2050 1251 2075 sunt.
1270 2047 1324 2075 Nec
1339 2050 1430 2074 tamen
1445 2046 1483 2074 illi
1499 2046 1575 2074 deest
1590 2045 1716 2074 mentalis
1731 2044 1900 2078 iucunditas;
1915 2046 2029 2080 propter

1177 2093 1251 2130 quod
1280 2093 1409 2121 subditur
1425 2093 1465 2120 ¹⁰:
1495 2092 1616 2120 Videant
1640 2100 1785 2128 pauperes
1817 2094 1842 2119 et
1870 2090 2029 2125 lactentum

1178 2140 1308 2179 quaerite
1332 2141 1439 2173 Deum,
1461 2143 1486 2168 et
1506 2140 1581 2168 viret
1601 2139 1705 2168 aau'mu
1725 2142 1831 2167 vestra.

336 2294 343 2307 ¹
362 2296 430 2317 Num.
447 2295 469 2316 5.
487 2296 545 2317 circa
565 2294 642 2316 finem.

335 2333 344 2346 ‘-‘
362 2334 422 2356 Libr.
441 2334 463 2355 11.
482 2334 563 2355 11011111.
581 2334 603 2355 111
622 2334 711 2361 Evang.
729 2333 807 2354 homil.
831 2332 852 2354 5.
878 2338 900 2354 11.
928 2333 948 2354 2.

276 2373 373 2396 liabetur
391 2379 439 2401 seq.
456 2373 573 2395 sententia.

335 2411 344 2424 ³
363 2413 394 2434 De
413 2413 456 2434 1106
473 2412 586 2434 0110111016
604 2412 643 2433 cfr.
663 2414 718 2433 tom.
736 2412 759 2433 11.
777 2417 831 2439 pag.
850 2411 906 2434 924,
924 2414 976 2433 nota
995 2411 1017 2433 5.
1035 2413 1056 2433 et
1072 2411 1096 2433 7.

335 2452 345 2464 *²
363 2452 417 2473 Sive
435 2452 517 2473 11011111.
535 2452 572 2473 90,
592 2451 657 2479 (alias
674 2450 720 2479 91.)
739 2457 761 2473 11.
779 2451 800 2473 3.
817 2463 848 2467 -
873 2450 985 2478 Superius
1002 2456 1045 2478 pro
1065 2449 1125 2479 frui-

274 2491 360 2514 tionem
378 2490 420 2513 BC
438 2490 625 2520 persruitt'oiiem.

339 2530 348 2542 ⁵
365 2531 418 2552 1.(16..
436 2530 472 2552 611.
492 2530 544 2551 Post
561 2528 602 2552 tibi
617 2528 710 2551 7110111711
728 2532 801 2551 textus
818 2528 936 2556 originalis
953 2528 1017 2556 plura
1037 2528 1109 2550 addit.

337 2569 346 2581 ὓ
365 2570 445 2591 Psalm.
465 2569 502 2591 90.
520 2570 594 2591 Serui.
613 2569 633 2590 S.
652 2574 674 2590 11.
696 2568 730 2590 12.

338 2608 346 2621 ⁷
365 2608 420 2637 Cap.
440 2610 481 2636 12,
501 2608 521 2630 t.
539 2615 587 2637 seq.
606 2608 722 2630 Sententia
740 2608 845 2635 Gregorii
871 2606 969 2629 habetur
995 2607 1023 2629 X.
1046 2607 1125 2629 Mornl.

274 2655 294 2671 c.
313 2649 350 2671 31,
368 2655 390 2671 n.
411 2649 447 2671 52.
466 2649 551 2670 'l'extus
569 2648 686 2676 originalis
703 2648 755 2670 hinc
773 2647 827 2669 inde
849 2647 915 2675 plura
937 2647 1058 2669 interserit.
1084 2647 1125 2668 Re-

277 2688 373 2716 spicitur
391 2688 467 2710 11101111.
486 2688 527 2714 119,
546 2688 583 2709 28.
601 2687 726 2715 (pauperes
743 2692 795 2709 cum
814 2686 903 2709 Christo
921 2685 1075 2714 iudicabunt).

337 2725 345 2738 Β
364 2727 393 2749 lta
412 2727 479 2749 codd.
497 2729 519 2749 et
536 2726 589 2748 edd.
608 2726 739 2752 Nescimus,
757 2726 809 2754 quis
826 2726 855 2747 sit
871 2725 913 2747 iste
930 2731 1019 2752 sermm
1043 2724 1124 2746 eadem

975 2331 1031 2354 ibid.
1057 2338 1078 2354 n.
1102 2332 1123 2354 3.

276 2769 352 2788 tamen
369 2766 479 2788 sententia
498 2765 598 2788 occurrit
615 2766 636 2787 in
655 2766 698 2787 11115
718 2771 789 2792 saepe
811 2765 856 2786 iam
883 2764 985 2792 allegatis
1011 2764 1126 2786 Declama-

276 2805 376 2827 tionibus
393 2805 422 2827 de
439 2805 553 2833 colloquio
571 2805 672 2827 Simonis
689 2811 742 2827 cum
758 2805 805 2826 lesu
818 2810 844 2826 ex
857 2803 966 2826 Bernardi
978 2802 1125 2825 sermonibus

275 2844 375 2866 collectis
392 2850 404 2866 0
422 2844 544 2871 Gaufrido,
561 2844 600 2873 qui
619 2844 724 2866 XXXVI.
742 2850 764 2866 n.
783 2844 819 2865 42.
837 2843 907 2865 latera
926 2843 972 2865 dno
984 2843 1071 2869 scalae,
1085 2848 1125 2870 per

277 2889 348 2912 quam
367 2884 395 2905 ad
414 2884 537 2905 Dominum
556 2884 699 2910 ascenditur,
722 2882 833 2905 describit
854 2882 948 2905 dicens:
973 2890 983 2902 α
996 2882 1022 2904 Et
1039 2884 1125 2908 totum,

276 2923 340 2951 quod
358 2929 369 2944 0
388 2923 423 2944 via
444 2923 503 2944 ritae
520 2925 541 2945 et
567 2922 702 2950 disciplinae
729 2922 828 2945 deterret
853 2922 912 2944 filios
937 2921 1006 2943 huius
1028 2920 1126 2947 saeculi,

275 2965 361 2988 totum,
373 2962 436 2990 quod
449 2965 538 2984 exercet
556 2962 645 2984 iuterim
663 2967 744 2984 servos
762 2961 812 2988 Dei,
824 2961 845 2983 in
856 2961 891 2983 his
903 2960 996 2983 duobus
1008 2962 1054 2987 est,
1066 2965 1127 2988 quae

276 3000 320 3023 sub
334 3006 379 3022 uno
392 3006 461 3022 versu
474 3001 586 3028 Propheta
599 3000 646 3028 [Ps.
659 3000 700 3027 24,
718 2999 764 3029 lS.]
781 2999 930 3022 commendat
941 3007 946 3020 z
968 2998 1033 3026 Vide,
1053 2998 1126 3026 inqui-

276 3046 328 3067 ens,
340 3039 497 3062 humilitatem
514 3045 591 3062 meum
603 3040 624 3062 et
636 3038 742 3062 laborem
753 3044 841 3062 meum.
853 3039 914 3061 Haec
926 3044 983 3066 ergo
994 3038 1040 3060 sint
1057 3038 1126 3059 latera

1180 2293 1267 2319 560106,
1285 2292 1359 2313 vilitas
1376 2294 1396 2313 et
1415 2291 1527 2318 asperitas
1539 2299 1550 2310 >³
1570 2293 1613 2312 616.
1634 2289 1737 2312 Subinde
1755 2289 1799 2311 XL.
1818 2295 1840 2311 n.
1859 2288 1896 2311 49.
1914 2294 1987 2316 agens
2001 2288 2030 2310 de

1180 2331 1255 2353 scalae
1273 2330 1382 2358 capitellis
1399 2330 1466 2352 dicit:
1485 2329 1575 2351 Minime
1594 2329 1641 2351 suis
1658 2331 1778 2351 contentus
1791 2328 1901 2355 exemplis
1918 2327 2029 2355 Salvator,

1180 2370 1249 2392 etiam
1268 2370 1370 2398 praemia
1388 2369 1539 2397 repromittit,
1552 2371 1575 2390 ut
1588 2374 1658 2397 quem
1676 2369 1733 2390 forte
1745 2373 1791 2389 non
1804 2369 1917 2395 provocat
1928 2366 2030 2388 invitatio

1181 2409 1352 2437 praecedentis,
1370 2410 1444 2430 trahat
1461 2408 1497 2430 rel
1515 2407 1658 2430 desiderium
1675 2406 1849 2433 retributionis,
1866 2408 1889 2428 et
1905 2405 1923 2427 si
1935 2405 2030 2434 quidem

1182 2449 1336 2476 voluptuosus
1354 2450 1394 2474 est,
1413 2448 1476 2469 illuni
1487 2447 1553 2469 satiat
1565 2449 1664 2468 torrente
1677 2446 1801 2474 voluptatis
1814 2444 1864 2474 [cfr.
1878 2445 1913 2467 Ps.
1926 2444 1968 2472 35,
1980 2443 2029 2473 9.];

1181 2488 1199 2510 si
1217 2494 1274 2510 vero
1292 2488 1379 2515 gloriae
1390 2487 1501 2515 cupidus,
1514 2487 1600 2514 aspiret
1611 2486 1641 2508 ad
1653 2486 1713 2507 illam
1726 2485 1884 2508 celsitudinem
1898 2483 2031 2506 iudiciariae

1182 2528 1307 2556 potestatis.
1326 2526 1451 2554 Sedetu'tte,
1475 2526 1505 2548 011
1523 2525 1609 2555 [Mattli.
1628 2526 1670 2552 19,
1688 2524 1748 2553 28.]‚
1766 2525 1787 2547 et
1804 2530 1844 2547 ros
1869 2530 1941 2553 super
1965 2523 2031 2547 sedes

1182 2566 1317 2594 dumlecim,
1336 2566 1466 2589 iiult'cuutes
1484 2564 1607 2588 duodecim
1624 2563 1699 2587 tribus
1726 2563 1808 2586 lsrael.
1834 2563 1865 2585 Ae
1891 2563 1909 2585 si
1932 2563 2030 2585 diceret:

1183 2606 1229 2629 Pro
1247 2604 1385 2635 confusione
1401 2605 1479 2627 vestra
1498 2604 1587 2634 duplici
1603 2604 1625 2626 et
1641 2602 1729 2626 rubore
1743 2608 1803 2632 pars
1820 2603 1900 2625 vestra
1923 2600 2030 2625 laudubi-

1182 2646 1237 2673 tur,
1254 2646 1378 2674 propterea
1397 2644 1457 2666 enim
1476 2643 1498 2666 in
1517 2645 1583 2666 terra.
1609 2644 1687 2665 vestra
1712 2641 1816 2672 duplicia
1838 2640 1992 2671 possidebitis,
2010 2641 2031 2663 et

1183 2683 1272 2707 laetitia
1289 2683 1433 2712 sempilerua
1450 2682 1494 2705 erit
1510 2681 1575 2705 vohis
1594 2681 1652 2711 [1501.
1676 2681 1718 2707 61,
1742 2680 1787 2710 7.].
1814 2681 1836 2702 ln
1860 2680 1938 2702 exsilio
1963 2679 2031 2702 vobis

1183 2724 1274 2746 afflictio
1292 2724 1389 2751 duplex,
1409 2722 1541 2745 humilitatis
1559 2722 1639 2750 utique
1656 2723 1678 2743 et
1695 2720 1788 2743 laboris.
1813 2720 1859 2742 Sed
1881 2719 2031 2742 consolamini

1183 2767 1205 2786 et
1222 2763 1291 2785 nolite
1308 2763 1430 2785 deficere...
1443 2762 1527 2790 duplex
1540 2760 1607 2783 vobis
1619 2760 1769 2782 nihilominus
1779 2759 1935 2781 remuneratio
1948 2760 2031 2786 manet,

1183 2801 1331 2824 sublimitatis
1348 2804 1370 2823 et
1387 2800 1551 2823 delectationis.
1563 2801 1585 2822 ln
1597 2798 1690 2823 sedibus
1703 2799 1764 2821 enim
1776 2798 1843 2826 quies
1854 2796 2030 2825 imperturbata,

1183 2841 1205 2863 in
1224 2840 1309 2864 iudicio
1328 2840 1445 2868 dignitatis
1462 2839 1585 2861 eminentia
1603 2837 1787 2861 commendatur.

1246 2878 1256 2891 ⁹
1274 2880 1356 2901 Psalni.
1376 2880 1417 2906 68,
1436 2880 1474 2901 30.
1493 2879 1585 2904 Glossa,
1603 2884 1663 2907 quae
1681 2880 1715 2900 est
1737 2876 1799 2905 apud
1823 2876 1880 2898 Petr.
1906 2874 2031 2897 Lomhard.

1183 2923 1205 2941 et
1222 2920 1340 2946 Lyranum
1358 2917 1530 2945 interlinearis,
1549 2917 1669 2940 exhibetur
1685 2917 1715 2939 ad
1733 2923 1756 2938 v.
1774 2916 1815 2943 31,
1833 2915 1873 2944 qui
1890 2915 1957 2937 etiam
1980 2914 2032 2936 alle-

1184 2961 1251 2986 gatur
1263 2958 1285 2980 in
1299 2959 1355 2986 ipsa.
1374 2958 1428 2980 Fide
1446 2958 1463 2979 Α
1473 2958 1489 2979 Β
1499 2956 1515 2979 C
1525 2957 1540 2979 F
1557 2957 1717 2985 supplevimus
1729 2956 1792 2979 Deus
1804 2956 1881 2978 tumen
1894 2959 1986 2977 mecum
1998 2954 2032 2976 est

1185 2998 1234 3026 (ter.
1254 2998 1295 3024 20,
1314 2998 1322 3019 1
1333 2998 1356 3024 1;
1374 2997 1409 3019 Ps.
1427 2997 1469 3025 20,
1488 2996 1531 3025 4.),
1549 2999 1572 3018 et
1588 2995 1635 3019 Sed
1652 2996 1770 3018 constat...
1787 2993 1826 3018 cui
1842 2992 1922 3016 omnia
1940 2992 2031 3015 desunt.

1249 3036 1267 3050 ¹⁰
1285 3036 1350 3058 Vers.
1367 3036 1404 3058 33.
1422 3034 1467 3058 Cfr.
1485 3034 1624 3061 cassiodor„
1641 3034 1665 3056 in
1683 3035 1718 3056 Ps.
1736 3034 1778 3061 68,
1796 3033 1832 3055 31.
1851 3036 1873 3055 61
1890 3032 1928 3054 33.

2039 638 2067 658 De
2077 642 2133 663 nocito.

2044 1722 2112 1742 Notaui
2119 1728 2130 1761 11.
