2133 3317
21 1779 89 1817 iigmo-

16 2055 85 2083 1111311-

758 380 1065 418 OPUSOULUM
1089 382 1197 418 XVI.

105 514 530 572 EXPOSITIO
564 514 826 571 SUPER
855 515 1260 571 REGULAM
1285 518 1399 574 FF.
1419 518 1811 575 M1NORUM
1823 521 1847 575 ¹.

308 1064 538 1091 CONFIRMATIO
557 1065 713 1091 REGULAE
724 1064 741 1090 ².

170 1136 296 1162 Honorius
310 1136 451 1167 episcopus,
465 1143 553 1161 servus
566 1143 693 1161 servorum
706 1135 763 1167 Dei,
780 1136 877 1161 dilectis
888 1136 947 1161 filiis

100 1179 186 1205 Fratri
196 1179 328 1204 Francisco
347 1178 372 1204 et
390 1179 446 1204 aliis
464 1179 597 1204 Fratribus
615 1179 645 1204 de
663 1178 753 1204 Ordine
772 1179 892 1204 Fratrum
903 1179 947 1204 Mi-

101 1230 190 1249 norum
214 1222 322 1247 salutem
349 1222 374 1247 et
398 1222 561 1253 apostolicam
586 1222 787 1248 benedictionem.
811 1222 879 1248 Solet
902 1230 947 1247 an-

100 1273 176 1291 nuere
200 1265 273 1290 Sedes
297 1264 433 1297 apostolica
458 1266 506 1296 piis
528 1265 594 1290 votIs
622 1265 647 1290 et
669 1265 781 1290 honestis
809 1265 946 1297 petentium

101 1309 227 1334 desideriis
240 1308 350 1333 favorem
362 1308 508 1333 benevolum
520 1308 651 1340 impertiri.
664 1308 813 1340 Eapropter‚
827 1309 909 1334 dilecti
920 1309 946 1333 in

102 1351 207 1377 Domino
225 1351 282 1381 fflii,
304 1351 396 1376 vestris
415 1352 462 1383 piis
481 1351 595 1382 precibus
609 1351 733 1381 inclinati,
753 1351 852 1376 Ordinis
869 1351 947 1376 vestri

102 1394 233 1426 Regulam,
245 1402 260 1419 a
272 1394 350 1419 bonae
365 1395 495 1419 memoriae
508 1394 653 1419 Innocentio
665 1394 747 1426 Papa,
761 1394 946 1425 praedecessore

101 1436 187 1463 nostro
211 1436 388 1468 approbatam,
415 1437 563 1462 annotatam
586 1437 773 1468 praesentibus,
798 1437 947 1462 auctoritate

102 1479 172 1505 vobis
190 1479 326 1510 apostolica
344 1479 520 1504 confirmamus
533 1479 558 1504 et
577 1479 716 1511 praesentis
734 1480 821 1511 scripti
840 1479 948 1511 patroci-

100 1522 140 1547 nio
158 1522 350 1552 communimns;
370 1529 432 1554 quae
450 1522 510 1547 talis
528 1522 574 1547 est.

200 1596 374 1625 EXPOSITIO
395 1595 670 1625 CONFIRMATIONIS
691 1596 848 1625 REGULAE.

183 1675 207 1702 1.
231 1673 412 1712 Quicumque
439 1672 516 1702 lianc
543 1673 678 1711 requiam
701 1673 793 1703 secuti
817 1672 946 1711 fuerint,

98 1729 161 1758 pax
175 1729 264 1758 super
282 1719 345 1749 illos
362 1723 387 1749 et
407 1720 625 1755 misericordia,
647 1720 681 1748 ad
702 1720 809 1749 Galatas
828 1724 907 1749 sexto
919 1720 945 1755 3;

101 1766 177 1795 hanc
197 1767 277 1804 plane
298 1767 453 1804 Reyulam,
475 1766 509 1795 ab
531 1767 687 1796 Innocentio
705 1767 776 1804 Papa
796 1767 878 1796 tertio
899 1776 947 1804 ap-

103 1806 260 1851 probatam,
281 1821 297 1842 a
318 1813 443 1850 sequenti
466 1813 584 1842 Honorio
605 1813 810 1848 confirmatam,
838 1821 854 1842 a
881 1813 947 1843 Gre-

102 1860 180 1897 gorio
200 1868 273 1889 nono
299 1860 478 1894 declaratam,
506 1863 539 1888 ut
565 1859 721 1897 funiculus
752 1860 858 1897 triplex
889 1869 947 1889 non

100 1906 188 1945 facile
208 1907 409 1944 dirumpatur.
433 1906 489 1935 Nec
513 1909 605 1935 tamen
634 1906 666 1935 in
692 1907 867 1935 immensum
886 1907 945 1944 ylo-

101 1953 261 1987 riabimur,
282 1953 332 1982 sect
351 1953 512 1982 secunaum
536 1949 708 1982 mensurant
729 1953 861 1991 reyulac,
886 1962 946 1992 qua

100 2008 216 2029 mensus
230 2003 272 2028 cst
284 1999 366 2028 nobis
383 2000 458 2028 Deus
469 2001 491 2034 4,
511 2008 546 2029 ne
564 2000 595 2029 in
610 2000 707 2029 aliena
728 2000 832 2038 regyulu
846 2001 946 2038 glorie-

101 2054 174 2075 mur.
186 2047 272 2075 Huius
286 2047 370 2083 igitur
384 2047 503 2084 Regulae
518 2047 720 2081 rectitudinem,
735 2047 805 2076 duce
820 2047 944 2082 Domino,

101 2093 223 2122 breviter
243 2093 403 2127 declarabo,
418 2096 450 2122 ut
467 2094 502 2122 sit
523 2094 546 2122 ei
569 2094 784 2123 adhaerentibus
797 2094 946 2122 declaratio

103 2140 229 2169 solatium
251 2143 278 2169 et
304 2140 514 2170 adversantibus
535 2140 666 2175 directio,
695 2141 741 2177 qui
770 2141 890 2177 obliquis
918 2144 945 2169 et

164 2261 172 2275 ¹
190 2263 249 2285 inter
266 2262 358 2285 codices
379 2262 441 2285 solus
463 2263 480 2284 B
503 2263 562 2285 banc
583 2263 748 2290 expositionem
766 2263 869 2286 attribuit
885 2264 944 2286 loan.

103 2300 133 2323 de
150 2301 257 2323 Petbiano
275 2301 429 2329 (Peccbarno),
440 2301 507 2323 cuius
519 2304 594 2323 tamen
607 2301 717 2329 expositio
728 2302 820 2324 diversa
832 2305 866 2324 est
881 2308 893 2324 a
905 2302 945 2324 Bo-

106 2339 277 2361 naventuriana.
295 2339 410 2362 Invenitur
427 2339 464 2361 illa
482 2339 503 2361 in
522 2340 603 2361 eodem
622 2340 672 2362 cod.
691 2340 708 2362 D
725 2344 748 2362 et
769 2340 792 2362 in
814 2340 886 2368 libro,
908 2341 946 2363 cui

105 2377 182 2401 titulus
206 2377 369 2401 FIrmamcnla
395 2377 469 2401 trium
495 2377 612 2401 Ordznum
631 2378 655 2401 B.
671 2378 698 2400 P.
714 2378 849 2406 Francisci,
867 2385 890 2406 p.
908 2379 945 2401 lV.

105 2417 142 2439 iol.
160 2415 218 2444 941³,
237 2419 259 2439 et
274 2416 369 2444 incipit:
390 2425 400 2437 α
412 2417 456 2439 Sed
474 2417 527 2445 quia
545 2417 633 2444 Regula
649 2417 689 2438 FF.
707 2417 820 2439 Minorum
838 2423 879 2444 per
896 2417 946 2444 Spi—

107 2455 176 2478 ritum
194 2459 297 2478 sanctum
314 2456 338 2477 B.
356 2456 475 2477 Francisco
493 2455 625 2483 inspirata...
642 2462 654 2477 a
672 2455 767 2477 domino
784 2456 844 2483 Papa
862 2456 946 2483 Grego-

105 2494 139 2517 rio
156 2495 194 2517 lx.
215 2494 340 2522 declarata,
358 2494 387 2516 ab
404 2494 513 2516 omnibus
535 2494 686 2523 sequentibus
705 2495 840 2522 Apostolicis
863 2500 946 2523 appro-

105 2533 170 2560 bata,
187 2540 199 2556 a
216 2533 323 2555 iuristis»
344 2536 388 2556 cte.
411 2532 468 2555 Cod.
490 2532 519 2555 C:
537 2532 621 2562 Incipit
638 2532 734 2562 postilla
757 2533 852 2556 Fratris*
871 2533 946 2556 Bona-

105 2573 229 2599 ’Μηίων-αι’,
248 2574 272 2594 ut
288 2571 383 2599 dicitur,
405 2577 477 2600 super·
495 2571 618 2600 Requlam.
637 2570 710 2594 Codd.
728 2571 797 2593 DFG
815 2571 846 2599 (A
864 2571 947 2598 princi-

107 2610 172 2638 pium
188 2616 236 2633 non
252 2610 356 2639 exbibet)
378 2610 511 2633 Dedan-alio
534 2616 606 2639 super
626 2609 753 2639 Requlam,
775 2616 874 2638 eamque
895 2610 947 2632 sim-

107 2649 193 2677 pliciter
205 2650 377 2672 Bonaventurae
389 2648 528 2676 attribuunt,
540 2649 598 2671 sicut
614 2651 636 2671 et
653 2649 705 2671 edd.
720 2649 751 2670 De
765 2648 863 2671 diversis
880 2648 948 2671 codd.

105 2688 252 2714 lectionibus,
269 2694 329 2716 quac
346 2688 411 2716 quasi
434 2688 455 2710 in
478 2687 587 2710 omnibus
603 2687 668 2710 lineis
684 2691 821 2714 occurrunt,
841 2692 879 2709 eas
902 2689 948 2709 tan-

105 2729 153 2749 turn
171 2726 316 2753 eminemus,
333 2733 392 2755 quae
410 2727 503 2749 maioris
520 2729 573 2749 sunt
590 2726 708 2748 momenti.

167 2765 176 2778 ²
193 2766 290 2789 Textum
307 2766 407 2794 Regulae
433 2772 477 2788 non
503 2765 629 2788 sumsimus
650 2766 770 2792 vulgatum
796 2765 818 2787 in
844 2764 949 2787 editioni—

107 2803 152 2827 bus
169 2805 272 2832 infinitis,
290 2805 330 2827 sed
347 2812 373 2827 ex
391 2805 449 2827 libro
467 2806 510 2827 hoc
528 2810 586 2827 1111110
609 2810 621 2826 a
643 2807 718 2826 nostra
737 2803 889 2831 typographia
907 2804 949 2825 im-

108 2849 187 2871 presso
204 2851 257 2867 cum
274 2844 338 2867 titulo
358 2853 369 2864 m
382 2844 519 2872 Serapbicae
542 2843 688 2871 legislationis
705 2846 778 2865 textus
794 2842 916 2869 originales
927 2851 949 2865 n.

109 2883 193 2905 Textus
210 2883 270 2906 enim
287 2883 319 2905 ibi
336 2882 466 2911 publicatus
483 2885 573 2905 sumtus
589 2885 623 2904 cst
639 2888 665 2904 ex
682 2881 786 2909 originali
799 2881 859 2903 Bulla
875 2881 950 2903 liono-

108 2920 135 2943 rii
152 2921 190 2949 iil,
207 2928 267 2950 quae
281 2924 390 2950 tanquam
403 2921 513 2950 reliquiae
525 2923 675 2943 conservatur
692 2920 769 2942 Assisii
786 2923 808 2942 et
824 2919 950 2942 novissime

109 2962 158 2982 arte
181 2960 363 2988 pliotograpiiica
388 2966 495 2988 expressa
525 2962 565 2982 est.
591 2959 709 2981 LectIOnes
735 2963 810 2981 tamen
836 2958 951 2981 variantes

111 3002 162 3021 sunt
179 3005 267 3027 paucae
283 3002 305 3021 ct
321 2998 416 3021 minoris
433 2998 556 3025 momenti,
573 3004 631 3026 quas
642 2998 672 3020 ad
687 2998 772 3020 calcem
790 2997 950 3020 indicavimus.

1004 1066 1110 1096 infectis
1131 1075 1191 1096 eam
1212 1067 1351 1097 intuentes
1376 1068 1463 1098 oculis
1484 1069 1582 1098 lumini
1603 1069 1759 1099 attrIbuunt
1784 1078 1847 1100 sua-

1004 1122 1068 1142 rum
1082 1114 1180 1143 vitium
1195 1114 1383 1143 tenebrarum.
1399 1132 1438 1135 —
1452 1115 1555 1153 Regula
1574 1115 1659 1153 igitur
1673 1116 1732 1153 ipsa
1746 1117 1847 1154 episto·
1863 1127 1984 1174 Tffggffim

1004 1161 1054 1189 lari
1076 1161 1175 1190 more⁵
1196 1170 1213 1190 a
1232 1161 1409 1191 salutatione
1427 1163 1530 1197 oritur,
1552 1163 1580 1191 in
1600 1163 1775 1192 narratione
1799 1163 1846 1193 de-

1004 1207 1117 1236 ducitur
1138 1210 1165 1237 et
1186 1208 1212 1236 in
1228 1208 1409 1238 conclusione
1431 1209 1605 1238 terminatur.
1627 1209 1656 1238 In
1671 1210 1847 1239 salutatione

1004 1254 1076 1282 enim
1105 1254 1222 1291 refulget
1249 1255 1399 1292 apostolica
1420 1255 1576 1291 clementia,
1605 1256 1648 1293 pie
1677 1256 1847 1293 pauperibus

1004 1300 1236 1335 condescendens;
1253 1302 1279 1330 in
1302 1302 1475 1331 narratione
1489 1305 1563 1339 patet
1576 1302 1725 1340 apostolica
1743 1303 1847 1340 sapien-

1004 1347 1054 1382 tia,
1076 1347 1250 1384 perfectionis
1272 1356 1408 1377 summam
1436 1349 1570 1378 brevitate
1591 1349 1781 1386 perstringens
1789 1360 1795 1384 ;
1818 1349 1846 1378 in

1004 1394 1185 1423 conclusione
1199 1395 1258 1423 eius
1279 1396 1429 1424 auctoritas
1444 1396 1562 1433 refulget
1583 1399 1610 1425 et
1630 1396 1768 1433 potentia,
1788 1404 1846 1425 ser—

1003 1449 1052 1470 vos
1071 1441 1173 1470 Christi
1194 1445 1329 1479 perpetua
1350 1443 1516 1479 protegens⁶
1538 1446 1688 1472 armatura.

1082 1489 1107 1516 a.
1131 1488 1220 1517 Prima
1248 1496 1325 1525 pars,
1354 1488 1457 1518 scilicet
1484 1489 1638 1524 salutatio,
1667 1489 1736 1519 duas
1764 1490 1847 1519 habet

1003 1535 1165 1571 particulas,
1181 1535 1246 1572 quia
1267 1535 1387 1564 continet
1401 1535 1607 1565 salutationem
1621 1539 1648 1565 et
1669 1537 1845 1573 sequentium

1004 1581 1263 1618 confirmationem.
1286 1582 1392 1611 Dicitur
1414 1582 1487 1611 enim
1509 1583 1599 1619 primo
1620 1583 1673 1612 sic:
1697 1583 1847 1612 Honorius

1003 1628 1168 1665 episcopus,
1189 1628 1334 1665 episcopus
1355 1629 1452 1665 utique
1473 1637 1527 1657 non
1552 1629 1669 1658 alicuius
1696 1629 1783 1666 partis
1804 1637 1846 1658 so-

1004 1674 1075 1708 lum,
1097 1674 1144 1703 sed
1167 1675 1251 1703 totius
1272 1675 1468 1704 universitatis.
1490 1675 1518 1704 ln
1539 1675 1619 1704 cuius
1639 1676 1759 1713 figuram
1781 1675 1846 1713 legi-

1003 1724 1050 1749 tur
1072 1721 1179 1750 Ioannis
1196 1721 1327 1758 vigesimo
1341 1721 1430 1758 primo
1442 1722 1461 1756 ⁷,
1484 1722 1558 1759 quod
1576 1725 1664 1751 stante
1679 1722 1739 1751 lesu
1757 1722 1784 1751 in
1806 1722 1847 1751 lit-

1006 1770 1064 1796 tore
1086 1768 1183 1802 maris,
1206 1768 1302 1796 Petrus
1316 1768 1462 1797 succinxit
1475 1777 1505 1797 se
1519 1772 1543 1797 cl
1564 1769 1687 1797 misilse
1701 1769 1732 1797 in
1746 1777 1845 1804 mare,

1004 1814 1058 1843 alii
1079 1823 1144 1843 vcro
1166 1815 1304 1852 discipuli
1323 1815 1442 1852 navigio
1463 1819 1610 1844 venerunt.
1632 1816 1682 1844 Per
1701 1824 1785 1844 nzare
1805 1815 1846 1844 in-

1005 1861 1137 1898 telligitur
1164 1861 1304 1889 saeculum
1332 1861 1438 1898 ipsum,
1460 1861 1534 1898 quod
1564 1862 1685 1898 suscepit
1707 1862 1804 1891 Petrus
1830 1870 1847 1891 a

1003 1907 1118 1936 Domino
1139 1907 1366 1944 gubernandum
1388 1901 1437 1944 per
1458 1907 1611 1945 navigium
1632 1911 1725 1937 autem
1746 1908 1846 1937 intelli-

1003 1957 1108 1991 guntur
1140 1954 1231 1982 variae
1262 1957 1350 1983 sortes
1380 1954 1596 1991 discipulorum,
1627 1955 1675 1992 qui
1706 1954 1733 1983 in
1764 1955 1846 1984 variis

1003 2000 1099 2029 mundi
1130 2001 1256 2038 partibus
1287 2001 1458 2038 pontificium
1490 2004 1680 2038 susceperunt.
1712 2001 1788 2031 Unde
1819 2004 1846 2031 et

1002 2048 1078 2076 (litae
1109 2047 1223 2076 fuerunt
1254 2056 1352 2082 naves,
1385 2051 1498 2084 propter
1532 2047 1784 2077 circumcisionem
1818 2052 1845 2078 et

1000 2094 1208 2131 praepatium,
1241 2094 1391 2123 secundum
1424 2094 1567 2131 Augustini
1601 2095 1763 2123 sententiam
1799 2103 1845 2124 su-

1003 2149 1052 2178 per
1074 2141 1141 2169 illud
1153 2141 1172 2169 ⁵.
1195 2141 1261 2169 Hinc
1289 2141 1401 2175 Petrus,
1422 2149 1439 2170 a
1466 2144 1544 2178 petra
1570 2141 1672 2176 dictus,
1694 2150 1710 2170 a
1730 2142 1845 2170 Domino

1063 2263 1073 2276 ⁸
1090 2264 1157 2286 Vers.
1174 2264 1212 2286 16.
1229 2275 1260 2280 -—
1277 2262 1379 2285 Subinde
1397 2263 1507 2290 allegatur
1524 2263 1595 2285 Eccle.
1613 2262 1638 2289 4,
1657 2263 1693 2285 12.
1710 2275 1741 2279 -
1758 2263 1792 2285 De
1808 2263 1844 2286 tri-

1002 2302 1046 2325 bus
1063 2301 1222 2328 Pontificibus,
1240 2302 1280 2330 qui
1294 2302 1352 2324 hanc
1369 2301 1480 2329 Regulam
1493 2301 1661 2329 approbarunt,
1679 2301 1845 2324 confirmarunt

1002 2344 1025 2363 et
1040 2341 1196 2367 declararunt,
1215 2341 1254 2362 csr.
1267 2346 1336 2368 supra
1354 2346 1407 2368 pag.
1421 2340 1477 2367 318,
1495 2343 1546 2362 nota
1565 2341 1600 2362 v12.
1618 2342 1641 2362 et
1652 2346 1705 2368 pag.
1723 2341 1779 2368 332,
1791 2342 1844 2363 nota

1003 2380 1024 2402 9.
1042 2392 1073 2396 -
1091 2380 1186 2402 inferius
1203 2382 1255 2407 post
1269 2379 1342 2408 plane
1359 2379 1409 2401 Vat.
1427 2379 1491 2401 addit
1504 2379 1576 2407 puto,
1593 2378 1634 2401 sed
1645 2379 1660 2401 F
1672 2379 1724 2401 voci
1741 2378 1845 2402 declara-

1003 2420 1052 2441 lam
1069 2418 1175 2446 praefigit
1193 2417 1299 2447 legumus.

1065 2455 1074 2468 ‘²
1092 2456 1162 2483 Epist.
1179 2456 1203 2478 ll.
1220 2455 1272 2477 Cor.
1290 2455 1329 2482 10,
1349 2455 1388 2482 13;
1406 2454 1462 2477 ibid.
1474 2461 1496 2477 v.
1516 2455 1557 2478 te:
1574 2455 1622 2477 Non
1640 2455 1662 2477 in
1676 2455 1748 2478 aliena
1765 2456 1845 2484 regula

1004 2495 1025 2516 in
1043 2494 1070 2516 iis
1086 2500 1146 2523 quae
1163 2496 1299 2521 praeparata
1316 2496 1368 2516 sunt
1385 2494 1484 2521 gloriari.
1496 2506 1526 2510 —
1538 2494 1568 2516 Ex
1585 2493 1655 2516 BCG
1671 2497 1693 2516 et
1709 2494 1745 2516 ed.
1765 2495 1769 2516 Ι
1791 2493 1843 2517 sub-

1003 2533 1118 2555 stituimus
1136 2532 1159 2555 in
1176 2532 1254 2555 aliena
1270 2532 1355 2561 requla
1373 2539 1415 2560 pro
1432 2532 1457 2556 in
1474 2531 1555 2562 aliqua
1569 2532 1618 2555 alia
1635 2532 1727 2562 requla.
1741 2531 1844 2555 Subinde

1003 2578 1045 2600 pro
1063 2571 1163 2594 breviter
1180 2572 1198 2593 G
1216 2570 1323 2594 brevibus
1342 2570 1428 2598 verbis,
1446 2571 1485 2599 qui
1502 2571 1571 2593 etiam
1593 2572 1646 2593 voci
1663 2570 1844 2595 stdhaerenlibus

1003 2616 1056 2633 curu
1075 2610 1115 2633 BC
1133 2613 1155 2632 et
1172 2610 1207 2632 ed.
1222 2610 1229 2632 1
1246 2610 1309 2632 addit
1321 2609 1463 2636 declaratio,
1478 2610 1542 2638 quod
1559 2609 1589 2632 ab
1606 2610 1654 2632 aliis
1670 2609 1789 2632 omittitur.
1802 2611 1844 2633 Pro

1003 2649 1093 2678 insecus
1112 2649 1154 2677 (ita
1171 2648 1265 2671 BCFG
1282 2651 1304 2671 et
1321 2649 1357 2671 ed.
1377 2649 1398 2676 1)
1416 2649 1467 2670 Vat.
1484 2648 1587 2677 reflexis.

1067 2686 1076 2699 ⁶
1094 2688 1122 2709 lta
1140 2687 1183 2709 FG
1199 2690 1222 2709 et
1237 2687 1275 2709 ed.
1294 2687 1318 2714 1;
1341 2687 1391 2709 Vnt.
1408 2686 1485 2710 modo.
1507 2687 1601 2710 interius
1622 2690 1673 2715 post
1695 2686 1845 2710 conclusione

1005 2726 1099 2748 BCFG
1115 2729 1137 2748 ct
1154 2726 1191 2748 ed.
1212 2726 1219 2747 1
1242 2725 1330 2748 addunt
1346 2725 1420 2748 terlio.

1066 2764 1075 2777 θ
1095 2765 1143 2787 Vat.
1166 2764 1297 2787 auctoritas
1319 2764 1421 2793 resulqet
1438 2763 1568 2793 potentiae,
1590 2770 1637 2793 qua
1653 2769 1734 2787 servos
1757 2763 1846 2787 Christi

1001 2804 1115 2833 perpetua
1133 2802 1240 2832 proleqil.

1068 2841 1076 2854 ⁷
1094 2842 1160 2864 Vers.
1176 2842 1198 2864 7.
1215 2848 1263 2870 seq.
1281 2841 1327 2864 Cir.
1343 2848 1412 2869 supra
1431 2847 1484 2869 pag.
1501 2841 1558 2869 378,
1578 2844 1631 2864 nota
1648 2842 1671 2864 2.
1687 2853 1718 2858 —
1734 2841 1845 2869 Superius

1005 2886 1048 2908 pro
1065 2879 1156 2903 Dicitur
1167 2880 1229 2903 enim
1246 2879 1323 2909 primo
1335 2879 1368 2902 sic
1380 2880 1398 2902 G
1411 2880 1457 2902 Pro
1471 2879 1551 2909 primo
1563 2878 1625 2902 dicii.
1643 2879 1736 2902 Interius
1747 2885 1790 2907 pro
1799 2879 1844 2902 Per

1005 2925 1072 2941 mure
1089 2919 1131 2941 FG
1149 2921 1170 2941 ct
1187 2919 1222 2941 ed.
1243 2919 1250 2940 1
1273 2919 1300 2940 1η
1317 2917 1387 2941 mari.

1068 2956 1077 2969 Β
1096 2958 1118 2979 111
1136 2958 1194 2980 ioan.
1213 2958 1299 2985 Evang.
1318 2960 1344 2979 tr.
1366 2957 1414 2979 122.
1431 2963 1454 2979 11.
1473 2957 1498 2979 7:
1517 2956 1583 2985 Quod
1600 2958 1677 2979 autem
1694 2956 1737 2979 illic
1754 2955 1846 2979 duabus

1005 2996 1129 3023 naviculis,
1146 2998 1240 3024 propter
1257 2995 1454 3019 circumcisionem
1472 2998 1495 3018 et
1513 2995 1669 3024 praeputium.

1863 1499 1938 1518 Primae
1950 1504 1991 1523 par-

1871 1522 1895 1541 tis
1910 1523 1984 1542 divisio.

1869 1592 1939 1614 Primo,
1951 1592 1974 1611 de

1863 1616 1980 1635 salutatione.

1874 1685 1942 1708 Figura
1954 1685 1993 1709 pri-

1863 1711 1924 1727 matus
1934 1708 1992 1732 expli-

1863 1733 1922 1750 catur.
