2133 3317
278 221 356 250 LXVI

341 301 400 322 Inter
412 300 524 328 opuscula
536 300 565 322 ad
577 299 688 322 Ordinem
699 299 826 327 spectantia
838 299 907 322 huius
915 300 972 322 Vlll.
983 300 1039 322 tomi
1051 301 1127 328 primo

278 347 328 369 loco
345 347 455 375 ponimus
471 353 498 369 ea
515 352 576 376 quae
592 347 668 374 magis
679 346 708 369 ad
720 346 880 369 defensionem
892 346 984 369 Ordinis
1001 347 1036 369 illa
1053 349 1127 369 aetate

278 394 482 417 vehementissime
499 394 629 422 impugnati
641 395 755 421 spectant.
765 394 827 416 Haec
842 396 896 416 sunt
912 394 1016 423 quinque
1031 394 1126 422 (Opusc.

342 490 356 517 g
374 489 394 511 Ι,
413 486 548 517 Opusoulum
564 486 605 510 XI.
622 486 731 517 Apologia.
747 493 879 517 pauperum.

341 541 363 557 a.
382 535 441 557 lnter
458 534 585 556 certissima
602 540 621 556 s.
633 534 739 556 Doctoris
753 540 824 562 opera
836 536 858 556 et
870 533 1005 562 principalia
1016 533 1046 556 ab
1057 533 1129 556 omni-

279 581 324 604 bus
335 581 431 604 eruditis
440 581 496 603 viris
509 581 545 603 hic
556 580 621 609 liber,
631 581 670 609 qui
683 581 775 609 incipit:
790 590 802 601 ιι
812 581 900 603 Summi
913 581 1066 609 legislatoris„
1078 584 1129 608 etc„

280 634 373 656 semper
399 627 571 650 recensebatur.
591 628 639 650 Hoc
664 628 746 650 asserit
770 628 820 656 ipse
841 628 948 650 Oudinus
973 627 1130 656 (Commenta-

279 675 306 698 rii
318 678 361 698 etc.
374 678 430 698 tom.
445 675 481 702 lli,
499 675 542 697 col.
561 675 616 704 392>
634 681 736 703 eumque
753 675 812 697 inter
829 681 855 697 ea
873 674 969 697 indubia
985 675 1129 697 Bonaventu-

278 723 342 745 riana
354 723 431 750 ponit,
444 728 470 745 ex
482 722 581 751 quibus,
593 724 619 744 ut
630 722 698 749 dicit,
718 730 729 742 «x
739 724 824 744 attente
840 722 904 744 lectis
921 722 1058 744 methodum
1070 728 1129 744 sera-

278 770 339 798 phici
357 770 462 792 Doctoris
478 770 600 798 agnoverit
616 775 693 798 neque
710 769 776 798 plane
793 770 923 797 elegantem
940 776 1017 798 neque
1034 769 1129 792 omnino

278 817 416 845 neglectam,
429 817 471 839 sed
487 817 564 839 media
576 817 678 845 quadam
697 817 754 839 inter
771 817 908 845 elegantiam
925 820 948 839 et
964 816 1129 844 negligentiam

279 864 423 886 incedentem
440 864 486 891 via,
498 864 566 886 cuius
582 867 659 886 tamen
676 864 801 892 aliquando
819 865 916 892 phrases
933 863 962 886 ad
974 863 1128 886 deiectionem

279 911 384 939 tendant,
402 917 468 933 more
481 911 675 933 Scholasticorum
692 910 761 933 huius
778 910 899 938 temporis.
909 910 990 939 Quoad
1009 910 1128 937 Ingenium

279 958 380 986 cognovi
397 958 453 981 illud
471 964 544 986 grave
568 961 591 980 et
613 958 679 980 virile
704 964 731 980 ac
753 958 881 980 nullatenus
903 958 975 980 intans
992 960 1032 979 aut
1049 964 1129 979 mona-

279 1006 344 1028 chale
361 1005 398 1027 vel
416 1005 524 1033 simplex,
542 1011 636 1027 omnem
653 1005 675 1027 in
693 1004 882 1033 expressionibus
899 1004 1032 1027 barbariem
1050 1010 1077 1026 ac
1089 1010 1128 1026 nu-

280 1053 401 1080 gacitatem
420 1053 501 1075 vitans.
519 1053 568 1081 Qua
586 1058 613 1075 ex
630 1052 784 1080 impressione
801 1052 888 1074 accinxi
907 1058 943 1074 me
960 1052 991 1074 ad
1008 1052 1129 1074 discussio-

279 1106 331 1122 nem
350 1106 449 1128 operum
463 1103 533 1128 atque
550 1100 717 1127 opusculorum
735 1099 779 1122 sub
798 1099 856 1121 illius
873 1099 969 1121 nomine
986 1099 1130 1121 circumlato-

278 1153 343 1175 rum,
361 1153 432 1176 quam
450 1147 526 1169 nullus
551 1148 673 1175 hucusque
698 1153 824 1174 aggressus
846 1149 913 1169 estu.
932 1146 998 1168 Certe
1023 1146 1129 1168 Oudinus

279 1200 344 1216 more
362 1194 546 1216 humanIstarum
565 1194 650 1216 nullam
668 1194 711 1216 stili
729 1193 891 1221 praestantiam
910 1193 1006 1221 agnovit
1021 1193 1064 1215 nisi
1085 1194 1130 1215 sor-

279 1244 364 1263 matam
382 1241 509 1263 secundum
528 1244 634 1263 auctores
650 1241 757 1263 classicos
775 1241 874 1263 Latinos.

342 1288 383 1311 Hic
399 1288 457 1310 liber
474 1288 610 1316 saepissime
627 1287 657 1310 ab
680 1288 780 1317 antiquis
804 1287 901 1310 testibus
924 1287 1032 1310 tribuitur
1050 1288 1072 1309 S.
1090 1287 1129 1309 Bo-

279 1339 434 1363 naventurae,
452 1336 567 1363 imprimis
585 1335 614 1357 ab
632 1335 741 1358 Ubertino
759 1341 771 1357 a
789 1334 861 1358 Casali
880 1338 928 1357 tum
944 1335 967 1357 in
979 1334 1038 1357 libro
1051 1333 1129 1358 Arbor

279 1383 341 1407 vitae
358 1383 489 1413 crucifixae
506 1383 572 1411 Iesu,
590 1382 649 1405 libro
667 1383 699 1405 ΙΙΙ.
717 1389 737 1405 c.
755 1383 779 1410 9,
799 1385 846 1404 tum
866 1382 887 1404 in
905 1382 947 1404 illis
964 1382 1062 1410 scriptis⁷
1080 1382 1129 1410 qui-

279 1430 324 1453 bus
341 1431 364 1453 in
382 1437 468 1458 magno
485 1430 522 1452 illo
540 1430 562 1452 in
579 1430 643 1452 curia
660 1430 763 1452 Romana
789 1430 875 1457 agitato
897 1435 1008 1457 processu
1027 1429 1130 1451 defendit

280 1478 425 1506 spirituales,
443 1483 503 1506 quae
520 1483 531 1499 a
545 1477 572 1499 cl.
584 1477 608 1499 Ρ.
621 1477 687 1499 Ehrle
700 1478 722 1499 S.
735 1477 748 1499 l.
762 1476 878 1504 publicata
891 1479 945 1499 sunt
956 1476 979 1498 in
992 1476 1077 1498 Archiv
1094 1476 1130 1498 siir

278 1524 460 1547 Litteratur-und
472 1524 708 1552 Kirchengeschichte
721 1524 762 1546 des
777 1523 920 1551 lllittelalters,
939 1526 994 1546 tom.
1007 1524 1040 1545 ΙΙΙ.
1056 1523 1129 1546 1-195.

279 1571 312 1594 lbi
339 1572 425 1600 pluries
450 1572 532 1594 citatur
557 1573 613 1594 haec
638 1571 750 1599 Apologia
773 1571 836 1598 (vide
861 1577 916 1599 pag.
933 1571 963 1593 59
980 1573 1002 1593 et
1019 1570 1081 1599 alibi)
1100 1570 1130 1592 ab

279 1618 389 1641 Uber-tino
408 1622 429 1641 et
446 1619 514 1640 etiam
533 1618 562 1640 ab
575 1619 709 1640 adversario
721 1618 771 1640 cius
783 1618 922 1645 Raymundo
936 1617 999 1645 (ride
1012 1624 1066 1645 pag.
1079 1616 1128 1646 94).

280 1666 366 1689 Citatur
384 1667 453 1688 etiam
471 1672 482 1688 a
511 1667 619 1688 michaele
644 1666 673 1689 de
695 1666 783 1689 Cesena
809 1667 831 1688 in
855 1666 952 1694 epistola
969 1665 1130 1693 appellationis

279 1720 316 1736 an.
338 1714 394 1736 1328
413 1713 469 1736 Pisis
486 1714 569 1741 scripta
589 1713 682 1741 (Baluzii
697 1714 851 1741 Miscellanea‚
864 1713 934 1736 editio
946 1713 1015 1735 mansi
1029 1715 1085 1735 tom.
1098 1713 1129 1735 ΙΙΙ.

279 1760 409 1789 Appendix,
427 1766 481 1788 pag.
507 1760 547 1783 251
570 1761 613 1783 col.
631 1762 656 1789 Ι).
674 1761 742 1789 ltem,
759 1761 789 1783 de
806 1761 888 1783 eadem
911 1760 994 1783 dicitur
1020 1760 1041 1781 in
1062 1759 1130 1782 Chro-

280 1808 337 1831 nicis
354 1808 428 1830 XXlV
447 1808 591 1831 Generalinm
616 1808 727 1837 (Analect.
753 1809 866 1831 Francisc.
884 1811 940 1830 tom.
959 1808 994 1836 lll⁷
1015 1813 1039 1835 p.
1061 1807 1130 1836 326):

284 1864 294 1875 ι(
304 1855 404 1878 Existens
417 1862 473 1877 vero
485 1856 607 1884 Generalis,
620 1855 721 1877 libellum
734 1855 966 1883 perniciosissimum,
977 1855 1016 1883 qui
1029 1854 1131 1877 creditur

280 1903 349 1925 fuisse
369 1903 473 1931 magistri
492 1903 582 1925 Geraldi
600 1903 630 1925 de
647 1902 796 1925 Abbatisvilla
814 1909 856 1930 per
873 1902 1012 1932 Apologyiam
1028 1905 1073 1924 tam
1086 1902 1131 1923 ele-

280 1954 361 1978 ganter
372 1957 442 1979 quam
456 1950 568 1972 subtiliter
580 1951 706 1972 confutavit
718 1959 740 1972 κ.
755 1951 810 1972 ltem
825 1950 907 1972 citatur
924 1950 947 1972 in
963 1949 1022 1971 libro
1035 1949 1130 1978 Consor-

279 1997 390 2021 mitatum
403 1998 570 2020 Bartholomaei
589 1997 663 2020 Pisani
677 1997 738 2027 (libr.
751 1998 764 2019 1.
778 2003 800 2025 p.
813 1997 836 2019 ll.
851 1998 915 2019 fruct.
929 1996 969 2025 8.).
982 1997 1130 2024 Supcrssuum

279 2048 313 2067 est
330 2046 469 2072 posteriores
487 2047 555 2066 testes
572 2050 643 2073 quam
660 2044 772 2072 plurimos
790 2044 972 2076 allega1·e,vcum
990 2043 1055 2065 multi
1070 2043 1130 2065 codi-

280 2097 330 2119 ces,
348 2091 416 2113 etiam
439 2091 524 2113 saeculi
542 2091 601 2118 Xlll,
620 2091 677 2113 infra
695 2091 759 2113 relati
775 2091 951 2112 Bonaventurae
968 2090 1130 2116 suffragentur.

344 2137 366 2160 b.
385 2138 536 2160 Occasionem
559 2137 676 2160 scribendi
702 2139 761 2160 hanc
785 2138 924 2165 Apologiam
950 2137 1042 2160 Ordinis
1067 2143 1130 2165 prae-

281 2185 381 2208 buerunt
406 2186 534 2208 calumniae
559 2185 680 2207 cuiusdam
704 2185 807 2213 magistri
833 2185 967 2207 Parisiensis
992 2185 1014 2206 in
1040 2184 1129 2212 libello⁷

280 2233 319 2262 qui
346 2233 441 2261 incipit:
470 2241 480 2253 «
501 2233 601 2255 Tantum
624 2232 666 2255 sibi
692 2232 871 2260 praesumtionis
897 2235 1055 2254 assumserunt
1081 2232 1129 2260 qui-

282 2281 335 2303 dam
362 2281 468 2303 homines
480 2289 490 2301 »
512 2283 563 2308 οἱα,
580 2280 609 2302 de
626 2286 673 2308 quo
695 2280 821 2302 necessaria
840 2280 899 2302 dicta
919 2282 972 2302 sunt
996 2279 1054 2301 intra
1073 2285 1127 2307 pag.

282 2328 339 2355 2133,
364 2330 416 2349 nota
443 2328 465 2349 ⁴2.

281 2381 328 2397 non
346 2378 398 2397 ante
416 2380 501 2397 annum
520 2375 580 2396 ·l‘269
607 2374 719 2402 scriptum
737 2380 795 2396 esse.
812 2386 843 2390 —
859 2374 940 2401 Magna
960 2373 1016 2395 illud
1033 2373 1130 2400 diligen-

490 2327 577 2349 lbidem
603 2333 625 2349 n.
644 2327 664 2349 4.
685 2327 753 2349 etiam
777 2326 901 2355 probatur,
925 2327 968 2348 hoc
991 2326 1128 2354 opusculum

280 2422 322 2449 tia,
337 2421 470 2444 abundante
488 2422 605 2444 doctrinae
622 2421 689 2449 copia
706 2424 726 2443 et
744 2421 830 2449 ingenii
849 2420 973 2443 subtilitate
985 2420 1128 2443 elaboratum

281 2472 321 2491 est.
339 2468 448 2491 Abundat
466 2469 563 2491 textibus
580 2469 711 2497 Scripturae
724 2472 745 2491 et,
761 2470 796 2491 Ss.
814 2469 906 2491 Patrum
925 2474 951 2490 ac
963 2468 1082 2491 Canonum
1101 2471 1130 2490 te-

281 2516 395 2538 stimoniis
413 2522 457 2538 non
474 2515 624 2543 vulgaribus,
642 2521 703 2544 quae
720 2522 765 2537 non
777 2515 824 2537 sinc
838 2514 945 2543 improbo
961 2514 1040 2536 labore
1052 2514 1130 2536 omnia

281 2563 385 2585 invenire
402 2563 530 2591 potuimus,
547 2563 693 2590 Sophismata
711 2563 837 2584 adversarii
855 2566 876 2584 et
894 2562 947 2584 salsa
966 2562 1076 2589 principia
1093 2567 1131 2583 au·

281 2613 330 2633 ctor
343 2610 446 2632 funditus
458 2610 547 2638 evortit⁷
557 2610 670 2632 sinceram
683 2610 841 2637 evangelicam
852 2610 980 2632 doctrinam
995 2610 1068 2632 solide
1079 2615 1131 2637 pro-

282 2657 321 2679 bat
337 2660 406 2686 atque
424 2664 506 2679 verum
525 2658 628 2685 Regulae
645 2658 749 2679 Fratrum
768 2657 879 2679 Minorum
903 2662 997 2679 sensum
1015 2656 1128 2684 patefacit.

280 2716 312 2720 —
329 2704 374 2726 Nec
391 2704 537 2732 mirandum,
555 2704 619 2732 quod
637 2706 717 2726 auctor
735 2704 756 2726 in
779 2703 891 2732 Apologia
915 2704 986 2725 multo
1003 2703 1079 2725 acrius
1096 2708 1130 2725 ca-

282 2751 443 2773 lumniatorem
462 2752 536 2778 hunc,
553 2751 593 2773 sed
618 2751 685 2773 tacito
702 2751 806 2779 nomine,
824 2751 959 2778 insectetur,
977 2756 1047 2779 quam
1066 2749 1131 2777 prius

284 2804 374 2820 errores
391 2798 497 2820 Gulielmi
515 2805 527 2820 a
545 2799 567 2821 S.
584 2798 676 2821 Amore.
694 2799 740 2820 lam
763 2798 825 2820 enim
848 2798 920 2820 Sedes
937 2798 1062 2826 apostolica
1075 2798 1131 2820 iudi-

283 2846 344 2867 cium
362 2851 430 2867 suum
457 2845 486 2867 de
508 2852 532 2867 re
558 2848 708 2867 controversa
731 2846 822 2872 tulerat,
845 2845 1003 2867 condemnans
1028 2844 1129 2867 libellum

282 2893 401 2919 Gulielmi;
419 2893 459 2915 scd
473 2893 509 2915 hic
525 2893 601 2915 denuo
614 2893 709 2915 eosdem
727 2896 749 2915 et
766 2893 857 2920 peiores
869 2899 960 2915 errores
978 2892 1081 2920 protulit,
1100 2892 1129 2914 ita

283 2944 307 2962 ut
324 2940 462 2962 Gulielmum
484 2948 494 2960 τι
507 2946 552 2962 non
570 2946 642 2968 parva
669 2941 796 2962 temeritate
822 2941 885 2962 velut
901 2940 1047 2963 innocentem
1065 2946 1130 2962 excu-

282 2990 342 3010 saret
360 2987 478 3016 ipsiusque
510 2988 638 3010 doctrinam
657 2988 843 3015 commendaret,
866 2994 912 3010 non
929 2987 977 3009 sine
1003 2987 1073 3009 multa
1098 2987 1130 3009 in-

984 221 1229 251 PROLEGOMENA
1249 223 1278 251 C.
1300 223 1330 251 ll.

1184 301 1293 330 XI-XV.),
1309 301 1369 324 inter
1385 308 1446 330 quae
1463 302 1548 325 eminet
1559 302 1645 331 Opusc.
1657 303 1696 325 Xl.
1706 302 1823 332 Apoloyia
1837 309 1982 333 pauperum.
1994 305 2031 327 Se-

1183 350 1286 376 quuntur
1303 348 1388 371 deinde
1404 355 1431 371 ea
1448 355 1508 378 quae
1529 356 1572 377 pro
1594 349 1744 373 instructione
1760 351 1930 378 Religiosorum
1947 352 2031 380 scripta

1183 397 1237 417 sunt
1249 395 1345 424 (opusc.
1357 396 1509 426 xvi-xxm),
1525 397 1626 426 denique
1642 401 1741 426 utraque
1756 398 1864 425 Legenda
1877 399 1900 420 S.
1910 399 2032 422 Francisci.

1185 488 1243 510 iuria
1262 488 1329 511 Sedis
1346 489 1391 511 iam
1409 489 1483 512 dictae
1495 498 1505 510 ι)
1527 490 1635 519 (Apolog.
1651 497 1671 513 c.
1697 491 1719 513 8.
1735 498 1759 513 n.
1777 492 1811 518 sl.;
1829 492 1868 514 cfr.
1885 492 1955 514 etiam
1972 498 1993 515 c.
2010 493 2031 515 ΙΙ.

1185 541 1209 557 n.
1227 535 1267 564 l.).
1283 535 1306 557 ln
1324 536 1385 558 hunc
1402 536 1472 564 igitur
1489 537 1678 559 calumniatorem
1696 538 1758 560 omni
1776 539 1924 561 excusatione
1940 538 2032 561 destitu-

1186 584 1235 604 tum
1252 588 1323 605 verus
1339 582 1401 605 zelus
1418 583 1548 606 animarum
1565 586 1586 606 et
1604 584 1691 612 gloriae
1707 585 1799 607 divinae
1819 585 1843 608 S.
1859 585 1951 608 Doctori
1968 592 2032 608 arma

1186 629 1325 652 ministravit
1341 630 1453 657 iustitiae,
1471 633 1597 658 temperata
1619 633 1696 654 tamen
1719 638 1775 654 vera
1791 632 1915 655 christiana
1932 633 2032 656 caritate.

1186 676 1234 698 Hoc
1251 676 1359 699 ultimum
1377 679 1487 699 testantur
1504 677 1554 705 ipsa
1571 678 1647 700 Sancti
1663 678 1735 701 verba
1758 679 1781 701 in
1804 680 1914 707 prologo,
1931 685 2033 708 praeser-

1186 724 1227 746 tim
1239 729 1263 745 n.
1275 725 1301 751 2,
1313 726 1336 746 et
1353 724 1375 746 in
1390 729 1410 746 c.
1423 725 1445 746 6.
1457 730 1479 746 n.
1492 725 1532 753 20,
1550 724 1590 747 ubi
1607 725 1676 748 dicit:
1697 734 1707 745 α
1717 726 1792 753 Super
1809 732 1856 755 quo
1871 726 1931 748 Patri
1947 726 2033 749 miseri-

1186 771 1319 793 cordiarum
1336 771 1474 794 sacrificium
1496 771 1595 794 devotae
1617 772 1693 800 precis
1714 772 1843 800 offerimus,
1866 775 1901 801 ut,
1924 773 1983 795 sicut
2004 773 2033 796 de

1186 818 1259 846 ipsius
1279 817 1432 841 subversione
1449 818 1568 841 doluimus
1590 820 1711 848 hactenus,
1733 820 1763 842 ita
1786 820 1816 842 de
1837 820 1990 843 conversione
2010 820 2033 843 in

1185 868 1306 893 posterum
1324 865 1469 893 gaudeamus
1481 874 1503 887 ».

1248 912 1313 935 Edita
1330 915 1365 935 est
1381 913 1439 935 haec
1455 913 1569 940 Apologia
1586 912 1608 934 in
1622 912 1717 942 prima,
1735 916 1759 935 ut
1777 913 1882 941 videtur,
1901 913 2033 936 collectione

1185 966 1313 988 parvorum
1331 959 1502 987 Opusculorum
1520 960 1543 981 S.
1560 960 1747 987 Bonaventurae,
1765 966 1825 989 quae
1839 960 1934 983 estsine
1950 960 2034 983 indica-

1186 1007 1247 1029 tione
1264 1007 1315 1034 loci‚
1332 1007 1444 1035 temporis
1461 1010 1483 1029 et
1498 1007 1638 1035 typographi
1657 1007 1720 1036 (vide
1738 1007 1824 1030 Bonelli
1841 1008 1962 1030 Prodrom.
1990 1008 2033 1031 col.

1187 1054 1256 1083 280),
1273 1057 1295 1077 et
1312 1054 1334 1076 in
1352 1055 1399 1076 sere
1416 1053 1525 1077 omnibus
1542 1054 1747 1083 subsequentibus.

1467 1147 1603 1178 Elenohus
1624 1147 1753 1178 codicum.

1228 1242 1246 1265 I.
1265 1241 1355 1265 Codices
1372 1249 1386 1265 a
1402 1241 1467 1264 nobis
1485 1249 1535 1265 cum
1551 1241 1620 1265 textu
1635 1241 1763 1265 Vaticana
1780 1241 1889 1265 editionis
1906 1241 1994 1266 collati.

1253 1337 1273 1358 l.
1292 1336 1387 1364 Assisiz',
1405 1335 1544 1358 bibliotheca
1561 1336 1719 1358 Communalis
1736 1335 1800 1365 (olim
1818 1336 1951 1359 Conventus
1962 1336 2035 1359 sancti

1185 1384 1319 1413 Francisci),
1336 1383 1388 1406 cod.
1408 1384 1458 1405 vl2l.
1477 1383 1575 1405 membr.
1598 1383 1620 1405 in
1648 1384 1684 1405 sol.
1711 1389 1771 1406 saec.
1792 1384 1849 1406 Xlll.
1871 1384 1983 1407 exeuntis.
2004 1396 2035 1401 --

1186 1431 1286 1454 [lubrica
1304 1432 1373 1454 huius
1390 1431 1467 1459 operis
1484 1432 1583 1454 occurrit
1601 1431 1639 1453 tot.
1663 1431 1714 1453 113.
1732 1437 1750 1453 r.
1775 1431 1810 1454 his
1835 1430 1926 1454 verbis:
1950 1431 2036 1461 Incipit

1182 1478 1302 1509 proloquia·
1325 1478 1350 1501 in
1375 1478 1517 1508 Apoloyz'ctm
1541 1484 1677 1508 pauperum
1702 1478 1817 1502 adt-sersus
1842 1478 2034 1502 calzmzmkztores.

1186 1525 1283 1550 Sthmz'
1299 1525 1443 1555 leqz’slatoris
1460 1527 1552 1548 constat
1576 1525 1713 1555 (liffinilione
1737 1525 1857 1548 sancitum
1880 1528 1922 1548 ctc.
1947 1526 2035 1549 Desinit

1187 1573 1224 1595 sol.
1243 1572 1298 1594 1176:
1316 1573 1343 1595 vt
1359 1571 1451 1595 salvam
1469 1572 1557 1601 fuceret
1573 1578 1588 1594 a
1605 1571 1798 1601 persequentibus
1823 1571 1931 1595 animam
1948 1578 2035 1595 meam.

1186 1622 1270 1644 Amen.
1288 1633 1318 1636 —
1337 1620 1446 1648 Signatur
1463 1626 1475 1641 a
1493 1619 1559 1641 nobis
1577 1620 1649 1642 littera
1668 1620 1693 1641 G.

1252 1669 1274 1690 2.
1284 1667 1429 1695 Florentiae,
1438 1666 1577 1689 bibliotheca
1588 1667 1861 1695 Mediceo-Laurentiana‚
1873 1667 1930 1689 Plut.
1942 1666 2034 1689 XXVll.

1188 1716 1263 1738 Dextr.
1282 1715 1334 1737 cod.
1352 1715 1372 1737 9,
1391 1714 1491 1736 membr.
1510 1714 1532 1736 in
1550 1714 1587 1736 sol.
1605 1720 1665 1736 saec.
1688 1714 1744 1736 xltt.
1769 1714 1879 1736 exeuntis.
1901 1726 1933 1730 —
1949 1713 2033 1741 Pagina

1187 1763 1216 1784 ‘26
1236 1762 1331 1789 legitur:
1350 1761 1434 1791 Incipit
1447 1761 1564 1790 prolapus
1582 1760 1605 1783 in
1619 1760 1761 1790 Apolofszum
1770 1767 1907 1790 pauperavit
1919 1760 2035 1783 adversus

1187 1809 1395 1833 commitatae-em.
1409 1809 1462 1836 Pag.
1477 1809 1520 1831 rtis
1539 1808 1623 1831 desinit
1638 1814 1690 1830 cum
1708 1808 1838 1831 additione:
1850 1808 1914 1830 Laus
1925 1809 1946 1831 et
1958 1807 2034 1831 honor

1187 1857 1235 1880 Xlo
1253 1856 1298 1879 sole·
1314 1856 1341 1879 cle
1358 1856 1405 1886 fine
1421 1855 1451 1879 sit
1468 1855 1520 1878 isto.
1538 1855 1602 1883 Sign.
1620 1857 1645 1878 A.

1251 1904 1274 1926 3.
1290 1902 1390 1931 Ibidem,
1410 1903 1547 1925 bibliotheca
1566 1902 1696 1929 Nationalis,
1708 1902 1759 1925 cod.
1772 1902 1798 1924 B.
1810 1903 1842 1924 ΙΙΙ.
1855 1902 1923 1924 4283.
1936 1901 2035 1924 membr.

1189 1951 1211 1972 in
1230 1951 1250 1972 4.
1269 1956 1329 1972 saec.
1347 1950 1406 1972 Xtv.
1423 1950 1531 1972 ineuntis.
1549 1962 1579 1965 —-
1596 1950 1642 1972 Fol.
1670 1950 1690 1971 l.
1715 1955 1747 1971 r.:
1769 1948 1855 1978 Incipit
1877 1948 1993 1978 proloqus
2009 1948 2035 1971 in

1187 1997 1330 2027 Apulo—(siam
1345 2003 1482 2026 pauperum
1507 1996 1623 2019 adversus
1649 1995 1865 2025 calumpm'utorem
1891 1996 1918 2018 Β.
1939 1994 2038 2018 Summi

1187 2044 1341 2074 Leqislntoris
1358 2047 1401 2066 etc.
1420 2044 1505 2066 Desinit
1522 2044 1559 2065 sol.
1578 2043 1616 2065 56.
1635 2049 1665 2065 r.:
1683 2044 1709 2065 ut
1730 2042 1824 2066 salvam
1848 2042 1938 2072 faceret
1953 2048 1968 2065 α
1981 2048 2035 2071 per-

1186 2090 1337 2121 sequentibus
1354 2090 1462 2113 mzz'mam
1478 2096 1564 2113 meam.
1576 2089 1681 2119 Eoepticz‘t
1697 2089 1813 2119 Apoloqz'a
1826 2095 1973 2119 pauperum.
1986 2089 2034 2119 Dea

1187 2138 1286 2168 gyrate'as.
1312 2138 1392 2160 Manus
1412 2137 1530 2166 sequentis
1555 2137 1605 2159 aevi
1627 2137 1729 2159 addidit:
1755 2136 1832 2160 Finito
1856 2136 1916 2160 libro
1933 2136 1964 2160 sit
1980 2136 2034 2160 laus

1186 2186 1209 2208 et
1224 2184 1301 2214 ator-ta
1318 2184 1375 2207 Xto.
1392 2184 1475 2207 Amen.
1493 2184 1557 2211 Sign.
1574 2184 1600 2206 D.

1254 2231 1274 2253 4.
1292 2231 1418 2259 Perusiae,
1436 2230 1575 2253 bibliotheca
1593 2230 1762 2256 Communalis,
1780 2230 1833 2253 cod.
1852 2231 1876 2252 Ε.
1897 2230 1935 2252 58.
1961 2231 2033 2253 chart.

1187 2279 1209 2301 in
1227 2279 1263 2301 tot.
1282 2284 1343 2300 saec.
1360 2278 1413 2300 XV.
1430 2291 1460 2293 —
1476 2279 1524 2300 Fol.
1541 2278 1595 2300 219.
1612 2284 1644 2300 12:
1660 2277 1744 2307 Incipit
1760 2277 1876 2307 proloqzts
1902 2277 1926 2300 in
1951 2277 2035 2307 Apolo-

1186 2326 1251 2356 yiam
1265 2332 1401 2356 pauperum
1420 2325 1506 2349 editam
1524 2332 1539 2348 α
1556 2325 1651 2348 domino
1664 2326 1833 2348 Borzarmzturct
1846 2324 1942 2348 Ordinis
1958 2324 2035 2349 Mino-

1185 2380 1242 2396 rum
1260 2373 1376 2396 adversus
1393 2372 1595 2402 calumpniatores
1612 2374 1633 2395 et
1647 2372 1760 2402 precipue
1785 2373 1869 2395 contra
1890 2371 2035 2402 mayistrum

1187 2420 1321 2444 Geraldum
1338 2419 1365 2443 (Ic
1391 2419 1451 2442 Vitta
1477 2419 1577 2443 abbatis.
1597 2419 1694 2443 Swnmt'
1715 2419 1858 2449 lessi-statoris
1879 2422 1922 2442 etc.
1949 2419 2035 2441 Desinit

1187 2468 1224 2490 sol.
1250 2468 1308 2490 24⁴3:
1332 2467 1428 2490 sulcam
1452 2467 1541 2496 fuceret
1562 2473 1576 2489 a
1599 2465 1795 2496 persequentibus
1816 2465 1924 2488 animam
1947 2471 2034 2488 meam.

1186 2517 1270 2538 Amen.
1288 2515 1351 2542 Siga.
1368 2515 1391 2536 F.

1250 2562 1271 2584 5.
1292 2561 1399 2591 Proque,
1428 2561 1567 2583 bibliotheca
1596 2561 1693 2589 Capituli
1721 2560 1903 2588 metropolitani,
1929 2560 1980 2583 cod.
2008 2560 2034 2582 Α.

1187 2609 1290 2631 LXXIX.
1309 2608 1331 2630 4.
1347 2608 1441 2630 miscell.
1468 2608 1490 2630 in
1513 2608 1550 2630 sol.
1572 2614 1633 2630 saec.
1657 2608 1717 2630 XlV.
1734 2608 1845 2629 exeuntis.
1862 2620 1892 2623 *—
1910 2607 1958 2629 Hoc
1975 2613 2034 2635 opus

1188 2655 1289 2677 occurrit
1307 2655 1345 2677 sol.
1362 2655 1384 2676 9.
1403 2661 1424 2676 v.
1443 2654 1487 2677 sub
1512 2655 1589 2677 titulo:
1608 2654 1692 2684 Incipit
1710 2654 1829 2684 proloquia
1852 2653 1877 2676 in
1894 2653 2035 2683 Apoloqiam

1184 2707 1324 2731 pauperum
1341 2701 1456 2724 adversas
1475 2701 1681 2725 catzmzm'atorem.
1699 2701 1848 2730 Prosequitur
1865 2707 1939 2729 usque
1956 2701 1986 2723 ad
1998 2700 2034 2723 sol.

1188 2751 1226 2772 20.
1245 2750 1374 2778 (responsio
1392 2750 1413 2776 3,
1431 2755 1482 2777 cap.
1501 2749 1521 2771 9.
1540 2755 1562 2771 n.
1585 2749 1629 2778 13.)
1646 2752 1668 2771 et
1683 2748 1768 2771 verba:
1784 2748 1817 2771 acl
1832 2748 1927 2778 inferna
1944 2747 2035 2771 descen-

1187 2796 1228 2820 dit.
1247 2796 1333 2820 Glossa
1359 2797 1419 2820 Lace
1444 2797 1496 2819 JV.
1523 2796 1603 2819 Cetera
1626 2797 1719 2819 suerunt.
1734 2796 1871 2823 amandata,
1897 2802 1923 2818 ex
1945 2795 2034 2818 incuria

1189 2845 1265 2867 forsan
1284 2844 1449 2872 compactoris,
1462 2843 1490 2866 ad
1508 2844 1595 2866 calcem
1608 2843 1704 2866 codicis.
1715 2843 1802 2866 Desinit
1813 2849 1875 2865 nunc
1888 2843 1925 2865 sol.
1938 2843 1991 2865 288.
2002 2849 2033 2865 r.:

1187 2891 1283 2915 sulcam
1299 2891 1389 2921 faceret
1404 2897 1420 2914 a
1440 2890 1637 2920 persequentibus
1659 2891 1766 2913 animam
1783 2896 1870 2913 meam.
1887 2891 1970 2913 Amen.
1987 2889 2034 2912 Ex-

1184 2938 1253 2968 plicit
1269 2938 1293 2961 in
1304 2938 1440 2968 apologsz'am
1457 2944 1592 2968 pauperum
1609 2937 1725 2961 adversus
1742 2937 1947 2961 calumniatorem.
1960 2938 2034 2964 Saepe

1187 2985 1280 3013 saepius
1297 2985 1356 3007 infra
1373 2987 1458 3007 textum
1477 2985 1644 3008 interseruntur
1661 2985 1777 3014 quaedam
1794 2985 1857 3007 titulo
1876 2983 1976 3012 Glossm
1992 2984 2034 3007 sed
