2133 3317
797 207 1037 238 PROLEGOMENA
1059 208 1126 238 c.t

162 285 215 307 120.
231 284 333 312 Ibidem,
351 291 395 307 ms.
413 285 439 308 ll.
456 285 478 307 h.
496 285 535 307 18.
550 285 622 307 chart.
640 285 663 307 in
680 285 702 307 8.
719 291 780 308 saec.
796 285 849 308 XV.
859 291 940 308 exeun-

99 332 135 354 tis.
150 344 181 347 —
197 331 315 359 Opusculo
331 331 484 359 praemittitur
499 331 582 354 eadem
598 331 704 360 rubrica,
727 338 787 360 quae
809 332 833 354 in
849 337 939 360 praece·

98 378 172 405 denti,
189 380 211 400 et
228 377 250 400 in
267 377 312 400 fine
328 380 381 406 post
396 379 473 401 Amen
489 378 582 400 additur
598 381 702 401 tantum:
717 378 788 401 Feria
799 378 904 402 secunda
915 378 940 402 in

98 425 134 449 die
152 424 316 448 conversionis
332 424 411 448 sancti
425 424 503 448 Pauli.
521 425 544 447 ln
561 425 606 447 fine
623 425 744 447 anterioris
755 425 833 452 operis
844 425 940 453 legitur:

99 471 161 496 Finit
176 471 276 501 feliciter
282 477 327 501 per
338 471 440 501 fratrem
451 471 614 500 Benedictum,
626 477 691 495 anno
708 471 804 494 Domini
813 471 938 495 millesimo

97 517 319 549 quatrincentesimo
336 518 491 548 nonaqesimo
508 520 606 548 quarto,
622 518 683 548 feria
700 519 770 542 sexta
781 518 805 541 in
816 517 852 541 die
862 518 940 542 sancti

96 563 175 588 Marci
189 563 346 594 Evangeliste.

159 610 213 633 121.
231 609 332 638 Ibidem,
351 609 490 633 bibliotheca
506 610 602 639 Capituli
620 610 800 639 metropolitani,
818 611 870 633 cod.
884 611 937 634 222.

95 657 168 679 chart.
186 657 208 679 iu
227 657 264 679 sol.
280 663 344 680 saec.
358 657 419 680 XlV.
435 657 546 680 exeuntis.
563 670 592 674 —
608 657 752 686 Opusculum
769 657 849 686 incipit
866 658 902 680 sol.
916 658 936 680 1.

95 711 113 727 r.
132 705 181 727 sine
199 705 243 727 ullo
262 705 340 727 titulo:
357 705 405 728 A'to
422 705 533 735 confioeus
550 711 605 728 sam
622 705 695 729 cruci.
712 705 812 728 Desinit:
825 711 870 735 per
887 705 938 736 infi-

97 751 147 775 nita
163 750 243 775 secula
259 750 404 774 secutorum.
420 751 503 775 Amen.
520 752 602 775 Amen.
619 752 701 775 Amen.

157 798 210 820 122.
221 797 320 825 Ibidem,
337 798 389 820 cod.
407 799 432 820 ll.
447 804 470 826 g.
490 798 527 820 17.
541 799 612 821 chart.
624 799 648 820 in
662 798 682 820 4.
695 804 756 821 saec.
767 798 817 820 XV.
831 798 937 821 ineuntis.

93 857 125 861 —
135 844 200 868 Circa
209 845 279 867 finem
287 844 410 868 voluminis
419 845 458 868 tol.
467 852 512 868 non
523 848 645 868 numerato
656 845 735 873 incipit
743 846 787 868 hoc
798 847 937 874 opusculum

94 892 144 914 sine
161 892 224 914 titulo
240 894 263 914 et
279 892 427 920 prosequitur
444 895 468 914 ut
484 892 509 914 iu
525 892 607 920 editis;
624 892 652 915 ad
669 892 756 915 calcem
773 891 936 920 subiungitur:

97 936 202 967 Ezplicit
217 936 309 961 libellus
326 937 402 961 dictus
418 937 521 967 Liqnum
538 938 595 966 vite,
619 938 685 961 tacito
702 938 797 961 nomine
813 939 921 961 auctoris.

156 985 210 1007 123.
228 983 317 1008 Ooeonii
333 985 355 1007 in
373 985 467 1013 lingua,
485 984 622 1008 bibliotheca
642 985 777 1012 Bodleian&
793 986 845 1008 cod.
862 985 936 1008 Cano-

95 1031 139 1054 nic.
157 1031 209 1054 328.
228 1032 300 1054 chart.
313 1031 336 1053 in
348 1031 371 1054 4.
382 1043 413 1048 —
428 1031 475 1054 Fol.
487 1032 508 1054 1.
521 1038 539 1054 r.
552 1031 635 1060 legitur
651 1034 756 1054 tantum:
773 1031 851 1056 Arbor
869 1032 939 1062 Liyni

94 1077 158 1107 οὐκ
174 1078 227 1101 hinc
243 1078 364 1107 sequitur:
379 1079 427 1102 Χιο
445 1078 555 1108 confisi-us
576 1085 631 1102 snm
648 1079 716 1102 cruci
731 1082 776 1102 etc.
792 1080 935 1108 opusculum

94 1125 233 1153 protrahitur
250 1131 324 1154 usque
341 1125 370 1148 ad
388 1126 426 1147 sol.
444 1125 481 1148 18.
497 1132 520 1148 v.
532 1128 554 1148 et
566 1126 649 1148 desinit
660 1126 690 1148 ad
701 1126 790 1149 verba:
801 1132 844 1149 nos
855 1132 936 1150 omnes

94 1171 234 1201 accepimus.
252 1171 297 1194 Cui
312 1171 343 1194 sit
359 1171 413 1194 laus
429 1173 451 1194 et
466 1171 545 1202 qim-ia
563 1172 587 1195 in
604 1171 684 1196 secata
695 1172 842 1196 seculorum.
853 1174 936 1196 Amen.

95 1217 200 1247 Explicit
221 1217 291 1245 tiber,
309 1217 351 1247 qui
367 1217 455 1241 dicitur
470 1218 573 1248 Lignum
589 1218 646 1247 cite,
663 1225 732 1249 quem
750 1219 852 1243 inseruit
869 1219 936 1243 nobis

94 1265 202 1294 eqreyz'us
226 1265 397 1294 contemplator
421 1265 553 1295 evanyelice
576 1265 684 1289 veritatis
711 1267 880 1296 transportans
904 1273 936 1291 ea:

91 1311 152 1335 silva
168 1311 336 1335 Bonaventura
353 1312 484 1336 Minorum.
500 1314 569 1337 Anno
586 1313 683 1337 Domini
703 1320 736 1337 m.
754 1319 814 1337 cccc.
830 1313 882 1337 (clv.
899 1313 935 1338 die

92 1357 133 1383 42.
150 1358 219 1382 Iunii.

155 1405 208 1429 124.
225 1405 323 1434 Ibidem,
341 1413 368 1429 ex
385 1407 517 1430 collectione
541 1408 737 1436 Rawlinsoniana,
762 1408 829 1431 class.
846 1414 866 1431 c.
883 1408 934 1430 cod.

95 1453 147 1476 116.
163 1453 262 1476 membr.
279 1454 301 1476 in
318 1454 353 1476 fol.
370 1460 431 1477 saec.
451 1454 511 1476 XlV.
533 1455 643 1477 exeuntis.
660 1468 690 1471 -—
707 1455 754 1477 Fol.
772 1455 808 1477 87.
826 1461 860 1477 r.:
877 1454 934 1478 Inci-

90 1499 127 1529 pit
143 1499 262 1523 meditatio
278 1500 306 1523 de
322 1499 433 1530 operibus
451 1500 585 1524 Salvatoris
601 1501 731 1525 secundum
750 1501 852 1531 fratrem
872 1502 935 1525 Bone

93 1547 206 1569 aventure
222 1545 360 1569 Ministram
376 1546 510 1576 qeneratem
527 1547 643 1570 Fratrum
667 1547 799 1571 Minorum.
820 1549 880 1571 Haec
899 1554 934 1570 ea-

91 1592 144 1615 dem
161 1596 296 1621 repetuntur
313 1593 336 1615 in
353 1593 411 1620 fine,
427 1594 467 1622 qui
484 1594 582 1617 occurrit
600 1595 637 1617 tol.
653 1595 691 1617 90.
707 1601 727 1617 r.

158 1639 209 1661 125.
228 1638 327 1667 Ibidem,
345 1639 483 1662 bibliotheca
499 1640 630 1667 Laudiana,
647 1641 699 1663 cod.
716 1641 811 1664 miscell.
824 1642 876 1664 181.
887 1642 933 1664 iam

91 1685 222 1714 descriptus
247 1688 303 1708 tom.
320 1686 349 1708 V.
365 1692 419 1714 pag.
437 1687 503 1709 XLlll
519 1693 543 1709 n.
559 1688 582 1709 2.
598 1699 629 1704 —
645 1688 692 1710 Fol.
721 1688 768 1710 122.
794 1694 815 1710 r.
838 1688 868 1710 ab
890 1688 933 1711 alia

93 1738 162 1755 manu
180 1733 333 1760 praemittitur
349 1734 462 1761 opusculo
478 1734 534 1756 haec
551 1733 658 1756 rubrica:
682 1734 765 1764 Incipit
787 1734 845 1759 liber
865 1735 935 1765 Liqni

91 1778 147 1806 vite,
165 1785 235 1808 quem
250 1778 305 1808 fecit
320 1778 397 1808 trater
415 1779 590 1803 Bonaventura.
608 1781 693 1803 Desinit
710 1782 747 1803 sol.
766 1782 817 1804 131.
835 1787 873 1804 v.:
889 1788 934 1811 per

92 1823 185 1854 infinita
201 1825 281 1848 secata
298 1825 443 1849 seculorum.
459 1827 541 1850 Amen.
568 1827 654 1850 Deinde
677 1827 754 1850 rubris
775 1828 854 1851 litteris
871 1828 933 1851 addi-

95 1874 146 1894 tur:
165 1871 212 1900 Qui
226 1871 317 1902 scripta
333 1878 377 1895 sua
395 1872 493 1896 dextera
509 1873 539 1896 si!
556 1873 681 1897 benedicta.
693 1874 798 1904 Explicit
808 1875 932 1905 euplii-eat,

91 1917 173 1942 ludere
188 1918 291 1948 scriptor
307 1921 353 1942 eat.

152 1966 205 1988 126.
222 1965 336 1994 Parisiis,
354 1965 493 1989 bibliotheca
511 1968 648 1995 Nationalis,
673 1968 725 1990 cod.
749 1968 820 1991 3473.
840 1969 934 1992 miscell.

89 2011 114 2034 in
131 2011 153 2034 4.
169 2018 229 2035 saec.
246 2013 298 2035 XV.
309 2025 340 2030 —
357 2014 403 2036 Fol.
421 2014 458 2036 80.
475 2017 509 2036 est
526 2014 643 2042 depictum
661 2015 750 2043 lignum
767 2015 828 2037 vitae
844 2015 874 2038 ad
886 2022 933 2038 mo-

91 2058 147 2081 dum
166 2058 267 2086 arboris,
285 2065 339 2082 cum
355 2060 465 2083 omnibus
485 2061 556 2084 ramis
580 2064 603 2084 et
628 2061 753 2089 fructibus,
777 2062 818 2085 sed
843 2062 933 2091 absque

90 2105 163 2129 Cruce
180 2109 202 2129 et
218 2107 340 2135 crucifixo,
357 2113 417 2135 opus
434 2110 468 2130 oet
484 2114 581 2136 prorsus
596 2114 739 2136 anonymum
749 2125 756 2136 ,
770 2109 810 2131 sed
823 2109 931 2132 convenit

88 2159 141 2176 cum
159 2153 283 2182 impresso.

152 2199 204 2222 127.
222 2199 321 2229 Ibidem,
343 2201 394 2223 cod.
417 2201 502 2223 10630.
527 2201 624 2224 membr.
650 2202 672 2224 in
698 2202 719 2224 4.
741 2208 801 2225 saec.
823 2203 883 2225 XlV.
900 2214 932 2219 —

88 2247 134 2269 Fol.
152 2247 204 2270 151,
222 2254 240 2270 r.
257 2248 450 2275 praemittuntur:
467 2248 559 2272 Laudes
575 2251 656 2273 sancte
672 2249 759 2273 crucis.
776 2250 847 2273 inde:
867 2249 931 2273 Assit

86 2293 205 2324 principio
221 2296 304 2318 sancta
322 2295 400 2319 Maria
418 2301 477 2319 meo.
493 2296 542 2319 Xto
559 2296 668 2327 confixus
679 2303 734 2320 sum
746 2297 813 2320 cruci
823 2300 868 2320 etc.
878 2297 932 2320 Post

89 2340 212 2369 prologum
237 2341 320 2364 iterum
345 2342 444 2370 legitur:
469 2341 512 2365 Hic
536 2342 618 2372 incrfflt
644 2343 781 2373 eti-planam)
803 2343 882 2373 prime
909 2345 930 2366 ei

89 2386 169 2418 infime
184 2387 339 2417 espansionis
354 2388 463 2417 arbo-ris,
480 2389 505 2412 in
522 2396 569 2419 qua
586 2389 720 2414 salvatoris·
737 2390 805 2420 oriqo
822 2390 931 2414 describi-

90 2434 139 2456 tur.
155 2433 252 2457 Primus
275 2433 377 2463 fructus.
399 2434 544 2458 I’rectaritas
562 2435 670 2465 oriqinis.
688 2435 861 2465 Emperqiscere
881 2436 931 2459 ani-

89 2485 129 2502 ma
146 2484 188 2503 etc.
205 2481 352 2510 Prosequitur
364 2487 439 2510 usque
450 2482 480 2504 ad
492 2483 529 2504 sol.
542 2482 595 2505 159.
605 2489 623 2505 r.
631 2500 637 2510 ‚
651 2482 689 2505 ubi
702 2482 836 2505 subiicitur:
849 2482 930 2512 Expli-

90 2526 123 2550 cit
138 2526 240 2556 Liqnum
256 2527 315 2555 vite,
340 2527 403 2557 qnod
428 2528 480 2558 fecit
502 2528 671 2552 Bonaventura
688 2528 805 2559 ,qeneralis
822 2529 930 2553 Minister

89 2572 204 2596 Fratrum
222 2573 351 2597 Minorum.
369 2574 442 2597 Detur
459 2575 573 2604 scriptori
587 2581 635 2598 non
651 2575 702 2598 sine
719 2575 789 2599 tande
805 2575 874 2599 mori.

152 2619 205 2641 128.
222 2618 322 2648 Ibidem,
341 2620 393 2642 cod.
411 2620 512 2643 membr.
530 2621 551 2642 in
570 2622 593 2643 8.
609 2627 668 2644 saec.
691 2622 746 2649 XV,
765 2622 795 2644 de
811 2628 859 2650 quo
875 2622 930 2644 vide

91 2671 160 2693 supra
178 2672 232 2694 pag.
249 2666 293 2688 XX
311 2673 332 2688 n.
351 2667 404 2689 193.
420 2679 449 2683 -
467 2667 515 2690 Fol.
531 2667 567 2690 15.
585 2674 609 2689 v.
625 2668 723 2696 legitur:
745 2668 859 2698 Sequitur
881 2669 930 2692 tra-

92 2713 168 2735 ctatus
185 2712 213 2735 de
228 2711 314 2736 arbore
338 2713 416 2736 crucis
433 2720 448 2736 a
464 2714 541 2743 fratre
558 2714 726 2737 Bonaventura
744 2714 801 2738 bone
817 2715 930 2738 memorie

90 2758 239 2788 compositus.
257 2759 341 2781 Desinit
360 2760 395 2781 101.
414 2760 451 2782 32.
471 2767 493 2782 v.
510 2766 563 2782 cum
581 2761 624 2782 hoc
640 2761 812 2783 additamento:
825 2761 930 2791 Erplicit

90 2803 181 2827 tihellus
198 2804 226 2827 de
242 2804 328 2828 arbore
350 2805 432 2829 Crucis
457 2806 600 2835 compositas
617 2813 631 2829 a
648 2807 725 2836 fratre
749 2807 929 2835 bonaventura,

90 2851 157 2874 cuius
174 2852 289 2875 memoria
305 2852 336 2875 sit
352 2852 377 2875 in
394 2854 508 2875 eternum.

152 2899 204 2920 129.
221 2897 317 2926 Ibidem,
338 2899 389 2922 cod.
410 2899 492 2922 14978.
508 2900 601 2922 miscell.
619 2900 641 2922 in
658 2900 679 2922 li.
696 2906 756 2923 saec.
774 2900 825 2923 XV.
843 2913 870 2916 —
883 2901 930 2924 Fol.

91 2945 142 2967 115.
161 2952 178 2968 r.
196 2951 207 2967 a
226 2946 299 2973 prima
326 2952 394 2968 manu
422 2947 588 2974 praemittitur:
607 2946 690 2976 Incipit
702 2946 820 2977 proloqus
837 2947 865 2970 de
882 2947 929 2970 vita

1751 212 1839 241 xtvu

996 287 1019 309 et
1035 286 1211 310 conversatione
1227 287 1278 310 Iesu
1295 287 1340 311 xti.
1364 288 1439 312 Verus
1464 288 1507 311 Dei
1530 288 1608 312 cultor
1631 288 1714 318 ,reique
1736 288 1839 319 discipu-

997 332 1035 356 lus
1052 336 1097 356 etc,
1112 334 1197 357 Desinit
1214 335 1251 357 rol.
1269 335 1321 357 132.
1346 341 1384 358 v.:
1406 341 1452 365 per
1476 335 1568 366 infinita
1590 335 1671 359 secuta
1695 335 1840 359 secutorum.

996 380 1079 403 Amen.

1060 427 1112 449 130.
1124 427 1229 455 Pemsii,
1241 427 1377 451 bibliotheca
1390 429 1559 456 communalis,
1569 429 1622 452 cod.
1634 429 1682 452 sine
1694 430 1753 457 sign.
1764 431 1837 452 chart.

995 478 1054 495 saec.
1073 473 1125 496 XV.
1140 486 1171 490 —
1187 475 1234 497 Fol.
1251 476 1275 497 2.
1289 481 1308 497 r.
1325 475 1369 498 alia
1386 481 1469 498 manus
1491 475 1605 504 posterior
1630 476 1763 504 praemisit:
1785 476 1835 499 Vita

993 518 1032 542 :cti
1046 518 1177 543 secundum
1194 520 1394 544 Beneventani-am.
1406 522 1455 545 Xto
1472 522 1583 550 conflatas
1596 528 1650 546 sum
1662 522 1730 546 cruci
1740 525 1782 545 etc.
1796 523 1836 545 De-

994 566 1047 588 sinit
1065 565 1158 590 verbis:
1171 573 1215 597 per
1232 567 1325 598 infinita
1341 568 1422 592 secata,
1438 567 1585 592 seculorum.
1599 569 1682 592 Amen.

1058 613 1112 635 131.
1127 613 1261 637 Placentiae
1278 614 1301 636 in
1317 615 1392 642 ltalia,
1408 614 1546 638 bibliotheca
1562 615 1678 644 Civitatis,
1694 616 1746 638 cod.
1764 616 1836 639 Land.

993 658 1033 681 77.
1050 659 1150 682 membr.
1167 660 1188 683 in
1206 661 1227 683 8.
1245 667 1318 689 parvo
1336 668 1396 684 saec.
1413 662 1473 685 XlV.
1485 674 1516 679 —
1529 663 1575 685 Fol.
1593 663 1630 685 32.
1647 662 1777 692 mancipii
1788 664 1837 686 tra-

994 706 1071 729 ctatus
1087 705 1172 735 fratris
1194 707 1359 731 Benacentare
1375 714 1448 737 super
1464 708 1614 732 meditatione
1630 708 1658 732 de
1679 708 1765 732 arbore
1781 715 1795 732 a
1813 715 1838 732 se

992 751 1063 781 facta.
1082 753 1195 775 Posterior
1212 759 1295 776 manus
1312 754 1390 777 verbis
1407 761 1421 778 α
1438 761 1462 778 se
1478 755 1541 784 facta
1567 755 1700 778 substituit:
1724 755 1769 779 vite
1793 756 1837 779 Do-

994 797 1055 821 mini
1069 798 1147 822 nostri
1162 800 1216 822 Iesu
1233 799 1277 823 arti.
1294 801 1382 823 Desinit
1398 801 1435 824 sol.
1453 801 1489 824 48.
1511 808 1551 824 v.:
1571 808 1616 831 per
1641 801 1732 832 infinita
1755 802 1834 826 secula

993 845 1138 869 seculorum.
1154 847 1237 870 Amen.

1060 892 1110 914 132.
1127 893 1243 916 Portum
1268 894 1418 922 portugalia,
1442 894 1578 918 bibliotheca
1604 895 1757 923 Municipalis,
1783 895 1836 918 cod.

993 939 1047 961 825.
1073 939 1170 962 membr.
1188 940 1210 962 in
1229 941 1267 963 sol.
1283 947 1345 963 saeC.
1361 942 1422 969 xiil,
1438 942 1468 964 de
1484 948 1531 971 quo
1549 943 1616 965 locuti
1634 949 1715 965 sumus
1732 945 1787 965 tom.
1805 943 1833 965 V.

993 993 1049 1015 pag.
1065 987 1139 1010 XXlV
1158 995 1179 1010 n.
1198 988 1251 1010 170.
1267 1001 1298 1006 -
1314 989 1413 1017 Lignum
1433 989 1493 1012 vitae
1518 990 1596 1018 incipit
1619 991 1658 1013 sol.
1678 990 1730 1012 109.
1752 996 1770 1012 r.
1788 991 1837 1013 sine

992 1034 1038 1056 ulla
1055 1034 1208 1057 indicatione:
1225 1035 1273 1058 Xto
1291 1036 1401 1066 consinus
1416 1042 1471 1059 snm
1488 1036 1555 1060 cruci
1570 1040 1613 1060 etc.
1631 1037 1717 1060 Desinit
1733 1038 1770 1060 sol.
1784 1038 1836 1060 112.

994 1085 1017 1101 v.
1033 1080 1063 1102 ad
1081 1079 1151 1102 verba
1170 1087 1223 1109 pag.
1240 1080 1271 1103 75
1288 1088 1311 1104 n.
1329 1082 1375 1104 17·.
1393 1082 1480 1105 Verum
1503 1082 1555 1106 ticet
1574 1082 1746 1113 inexplicabilis
1763 1083 1835 1113 faerit

989 1125 1121 1155 proditoris
1138 1126 1269 1156 impietas...
1286 1127 1366 1151 Cetera
1383 1129 1475 1151 suerunt
1491 1130 1581 1152 avulsa.

1060 1173 1110 1195 133.
1129 1173 1235 1203 Praqae,
1264 1173 1400 1197 bibliotheca
1426 1175 1595 1204 Fniversitatis,
1620 1176 1673 1199 cod.
1698 1176 1776 1200 XlVC.
1799 1177 1835 1199 24.

993 1218 1094 1242 membr.
1110 1219 1133 1241 in
1151 1219 1211 1242 solio.
1227 1232 1260 1236 —
1276 1220 1356 1248 lucipit
1373 1221 1416 1243 hoc
1433 1222 1572 1249 opusculum
1596 1222 1632 1244 tol.
1656 1223 1694 1245 31.
1711 1229 1731 1245 r.
1747 1223 1795 1245 sine
1813 1223 1836 1245 ti-

992 1265 1054 1288 tulo:
1071 1266 1119 1289 Xto
1137 1266 1247 1296 confioens
1263 1273 1318 1290 sum
1335 1267 1403 1291 cruci
1418 1271 1461 1290 etc.
1478 1269 1504 1290 Ει
1520 1268 1603 1291 desinit
1619 1269 1657 1291 sol.
1675 1268 1713 1291 42.
1729 1276 1748 1291 r.

1056 1312 1110 1335 134.
1125 1312 1224 1341 Ibidem,
1241 1314 1295 1336 cod.
1311 1315 1324 1337 1.
1343 1315 1366 1337 F.
1385 1315 1423 1337 13.
1440 1315 1538 1337 membr.
1556 1316 1578 1337 in
1596 1315 1617 1338 4.
1635 1322 1694 1338 saec.
1717 1316 1777 1339 XlV.
1801 1322 1836 1339 ex-

991 1359 1079 1387 euntis;
1095 1359 1119 1382 in
1135 1366 1205 1388 opere
1222 1361 1327 1389 sequenti
1344 1361 1374 1383 ab
1392 1362 1475 1384 eodem
1497 1361 1590 1384 librario
1615 1366 1706 1385 exarato
1729 1366 1834 1386 notatur:

991 1406 1060 1429 Anno
1078 1405 1174 1429 Domini
1189 1406 1409 1430 MCCGLXXXIA'.
1425 1420 1456 1424 —
1473 1408 1520 1430 Iloc
1538 1409 1675 1436 opusculum
1702 1409 1780 1437 incipit
1799 1410 1835 1433 sol.

991 1452 1029 1474 28.
1046 1458 1066 1474 r.
1085 1452 1129 1475 sub
1147 1453 1210 1475 titulo
1227 1459 1240 1475 a
1259 1459 1328 1476 manu
1354 1454 1487 1482 posterioris
1503 1455 1587 1477 saeculi
1604 1459 1696 1478 exarato
1714 1459 1736 1479 et
1752 1457 1835 1479 desinit

992 1499 1029 1521 tol.
1047 1500 1084 1522 38.
1096 1506 1124 1526 r.‚
1135 1500 1229 1523 addito:
1248 1500 1353 1530 Eaplicit
1370 1502 1499 1530 tractatas,
1511 1502 1652 1531 quidicitur
1663 1503 1765 1533 Lignum
1777 1504 1833 1532 rire,

990 1546 1033 1569 alia
1051 1552 1133 1569 manus
1150 1548 1263 1575 posterior
1280 1547 1417 1576 subiungit:
1433 1548 1517 1572 Sancti
1531 1550 1704 1573 Bonarentare.

1058 1593 1109 1616 135.
1124 1592 1223 1621 Ibidem,
1250 1593 1387 1617 bibliotheca
1412 1594 1511 1623 Capituli
1536 1597 1704 1625 metropolitani
1731 1598 1782 1620 cod.
1808 1598 1834 1621 Ο.

991 1640 1051 1662 XXI.
1070 1641 1141 1662 chart.
1159 1640 1180 1662 in
1199 1640 1219 1663 4.
1237 1647 1298 1663 saer..
1315 1641 1367 1663 XV.
1384 1654 1413 1657 —
1430 1642 1475 1664 Fol.
1493 1643 1530 1664 26.
1550 1648 1584 1665 r.:
1610 1643 1693 1673 Incipit
1718 1643 1776 1667 tiber
1793 1644 1833 1667 Bo-

989 1687 1132 1714 navenhere,
1158 1686 1200 1715 qui
1219 1686 1307 1710 dicitnr
1324 1686 1427 1716 Liynam
1444 1687 1500 1715 rite,
1517 1689 1538 1711 et
1555 1690 1590 1712 est
1608 1689 1675 1712 ratde
1688 1689 1789 1719 pulcher
1812 1692 1832 1713 el

989 1732 1061 1755 utitis.
1080 1733 1165 1755 Desinit
1184 1734 1220 1755 sol.
1239 1733 1276 1756 40.
1293 1740 1324 1760 v.,
1336 1734 1415 1756 addito
1433 1737 1537 1757 tantum:
1553 1735 1658 1765 Explicit
1675 1735 1777 1766 Lignum
1789 1736 1834 1760 vite

990 1778 1162 1802 Bonarontztre.

1057 1827 1105 1849 136.
1123 1826 1275 1855 Ratisbontte,
1293 1827 1432 1851 bibliotheca
1450 1828 1565 1857 Civitatis,
1582 1830 1633 1852 cod.
1651 1830 1676 1853 N.
1694 1830 1747 1853 351.
1763 1832 1834 1854 chart.

990 1873 1012 1896 in
1030 1874 1050 1895 8.
1068 1880 1128 1896 saec.
1146 1874 1196 1896 XV.
1213 1887 1243 1890 —
1260 1874 1341 1903 incipit
1358 1875 1394 1898 sol.
1412 1882 1429 1897 r.
1447 1875 1491 1898 sub
1513 1876 1604 1899 rubrica
1629 1883 1641 1899 a
1663 1877 1738 1905 prima
1765 1884 1834 1900 manu

990 1920 1128 1948 praemissa:
1148 1920 1274 1944 Tractatns
1291 1921 1453 1945 Bonerenture
1469 1922 1600 1946 cardinalis
1616 1923 1644 1946 de
1660 1923 1707 1947 vita
1731 1924 1776 1947 sati.
1793 1925 1834 1947 De-

989 1967 1041 1989 sinit
1059 1967 1096 1990 sol.
1114 1974 1136 1989 v.
1154 1973 1207 1990 cum
1225 1969 1267 1990 hac
1285 1968 1413 1991 additione:
1432 1968 1497 1992 Finis
1514 1970 1645 1998 tractatus,
1663 1972 1706 1994 arlo
1723 1971 1834 2000 confixas

988 2020 1051 2037 sum.

1056 2060 1106 2083 137.
1132 2060 1283 2090 Reqimontii,
1312 2061 1450 2084 bibliotheca
1478 2063 1648 2091 Universitatis,
1677 2064 1731 2087 cod.
1761 2065 1830 2087 1144.

988 2106 1089 2129 membr.
1104 2107 1127 2129 in
1145 2107 1165 2129 4.
1183 2113 1243 2130 saec.
1259 2108 1319 2131 XlV.
1337 2108 1447 2131 exeuntis.
1464 2121 1495 2125 —
1512 2110 1559 2132 Hoc
1577 2111 1717 2138 opusculum
1740 2114 1773 2133 est
1796 2111 1832 2134 sol.

987 2159 1011 2176 v.
1027 2160 1074 2176 non
1091 2158 1212 2177 numerato
1229 2156 1271 2177 hac
1288 2154 1333 2177 sub
1349 2154 1453 2178 rubrica:
1470 2155 1556 2185 Incipit
1569 2156 1734 2186 contemplatio
1745 2157 1833 2187 fratris

987 2200 1050 2224 Bone
1066 2202 1164 2224 venture
1180 2201 1207 2224 de
1224 2207 1294 2225 cruce
1309 2203 1402 2225 sancta.
1417 2203 1504 2225 Desinit
1520 2206 1544 2225 ut
1562 2203 1585 2225 in
1602 2203 1676 2226 editis.

1051 2247 1102 2269 138.
1121 2247 1197 2271 Remis
1215 2248 1238 2270 in
1253 2248 1322 2271 Gallia
1331 2265 1338 2276 ,
1355 2248 1494 2271 bibliotheca
1505 2249 1610 2278 Publica,
1621 2250 1674 2273 cod.
1685 2250 1708 2272 F.
1722 2250 1832 2273 474-475.

987 2293 1087 2316 membr.
1102 2294 1126 2316 in
1143 2295 1180 2317 fol.
1196 2301 1257 2317 saec.
1273 2295 1330 2318 Xlll.
1346 2295 1456 2318 exeuntis.
1473 2308 1505 2312 —
1521 2296 1567 2318 Fol.
1585 2296 1638 2319 237.
1656 2303 1676 2319 r.
1686 2297 1766 2325 incipit
1776 2303 1832 2325 opu·

986 2342 1075 2364 sculum
1093 2341 1141 2364 sine
1158 2342 1235 2364 titulo:
1251 2342 1299 2365 Xto
1317 2342 1427 2372 conflamus
1444 2348 1498 2366 sum
1510 2343 1578 2366 cruci
1583 2361 1588 2370 ,
1602 2346 1624 2366 et
1635 2343 1718 2366 desinit
1729 2344 1766 2366 sol.
1779 2344 1833 2367 243.

986 2394 1023 2411 xz:
1036 2395 1081 2418 per
1098 2388 1190 2419 infinita
1207 2388 1287 2412 secula
1304 2389 1449 2412 seculorum.
1466 2391 1548 2413 Amen.

1050 2436 1104 2458 139.
1115 2436 1213 2464 Romae,
1226 2436 1363 2459 bibliotheca
1378 2437 1498 2465 Vaticana,
1510 2437 1563 2460 cod.
1575 2437 1655 2460 Urbin.
1667 2438 1706 2460 121
1714 2454 1721 2460 .
1732 2437 1830 2460 membr.

985 2482 1008 2504 in
1026 2482 1062 2505 tol.
1079 2488 1138 2505 saec.
1156 2483 1207 2510 XV,
1225 2485 1249 2505 ut
1265 2483 1397 2506 notavimus
1413 2486 1469 2506 tom.
1486 2483 1513 2506 V.
1531 2490 1586 2512 pag.
1603 2484 1678 2506 XXlV
1697 2490 1718 2506 n.
1736 2484 1788 2506 181.
1800 2496 1831 2501 --

985 2529 1034 2551 Fol.
1050 2530 1104 2551 282.
1119 2535 1139 2552 r.
1155 2532 1189 2552 est
1207 2529 1297 2552 titulus:
1315 2529 1393 2553 Arbor
1410 2529 1527 2559 quaedam
1544 2531 1709 2554 Bonaventure
1733 2530 1829 2554 Ordinis

987 2575 1107 2599 Minorum
1125 2575 1222 2605 feliciter
1240 2575 1328 2605 incipit.
1346 2576 1403 2599 Hinc
1420 2576 1506 2599 omisso
1523 2580 1584 2599 textu
1601 2577 1734 2605 scripturae
1750 2583 1827 2605 prose—

986 2623 1077 2652 quitur:
1099 2623 1172 2645 Verus
1189 2622 1232 2645 Dei
1247 2622 1325 2646 cultor
1339 2623 1421 2652 :atique
1432 2622 1562 2652 discipzdus
1574 2626 1615 2646 etc.
1629 2624 1714 2646 Desinit
1726 2624 1764 2646 sol.
1775 2625 1828 2647 288.

986 2675 1022 2691 v.:
1036 2675 1081 2698 per
1097 2668 1189 2698 infinita
1205 2668 1286 2692 secuta
1303 2668 1447 2692 seculorum.
1463 2671 1546 2692 Amen.

1049 2715 1102 2738 140.
1119 2714 1218 2743 Ibidem,
1237 2715 1375 2738 bibliotheca
1391 2715 1562 2744 Casanatensis,
1579 2716 1631 2738 cod.
1649 2717 1677 2738 D.
1693 2716 1731 2739 Vl.
1749 2717 1784 2739 12.
1797 2729 1827 2733 -

986 2762 1074 2784 Recens
1090 2768 1172 2784 manus
1189 2761 1307 2790 praemisit
1320 2762 1446 2790 opusculo:
1458 2762 1484 2785 D.
1497 2762 1664 2786 Bonaeentura
1678 2763 1703 2786 in
1714 2769 1828 2787 commen-

986 2807 1104 2831 dationem
1120 2807 1265 2831 sanctissimi
1281 2808 1384 2831 nominz's
1402 2809 1461 2832 Iesu.
1479 2809 1558 2837 incipit
1575 2812 1596 2832 et
1613 2810 1696 2833 desinit
1708 2813 1732 2833 ut
1745 2810 1765 2833 in
1782 2811 1828 2834 edi-

986 2854 1055 2877 tione.

1049 2901 1102 2924 141.
1118 2900 1218 2929 Ibidem,
1236 2901 1374 2924 bibliotheca
1390 2902 1521 2930 principum
1533 2902 1693 2931 Corsinorum,
1705 2904 1757 2926 cod.
1770 2904 1826 2927 XLl.

986 2949 1009 2970 E.
1027 2949 1064 2970 28.
1082 2947 1180 2970 membr.
1197 2954 1256 2971 saec.
1274 2949 1335 2971 XlV.
1351 2961 1381 2965 —
1398 2949 1444 2972 Fol.
1464 2949 1514 2972 140.
1532 2956 1554 2972 v.
1571 2953 1605 2972 est
1621 2950 1726 2972 rubrica:
1744 2950 1827 2980 Incipit
