2133 3317
9 355 46 374 tm
57 352 74 370 6-

11 395 73 422 primo.

7 832 17 847 ο
26 825 72 846 aliis.

10 1085 43 1106 nio
50 1091 78 1105 ra-

12 1110 78 1129 neunti-

33 1133 79 1153 ains-

17 1156 79 1176 stucii-

20 1647 46 1665 υιι
57 1645 74 1664 5.

16 1769 31 1789 ἰ
40 1769 76 1789 siu-

20 1793 56 1813 lim.

534 228 731 257 OPUSCULUM
753 228 781 256 ll.
804 228 975 258 SPECULUM
996 229 1238 258 CONSClENTIAE.
1260 230 1328 260 CAP.
1351 231 1390 260 Ill.

90 306 180 332 affectu
193 305 200 318 ¹
220 306 356 338 contingit,
370 306 435 338 quod
448 306 575 338 peccatum
588 306 693 331 alterius
711 306 898 336 dissimulatur,
912 306 937 331 et

91 349 223 375 secundum
241 349 287 374 hoc
305 349 344 374 est
362 350 525 380 incorrectio,
545 356 695 380 consensus,
711 350 865 380 procuratio
893 357 936 375 seu

89 392 239 417 adiutorium
263 392 288 416 et
315 392 512 417 communicatio
538 392 568 416 in
586 399 649 417 casu
676 391 775 417 illicito.
804 406 839 409 —-
866 392 936 417 Circa

90 435 196 467 primum
215 434 367 464 notandum,
386 434 451 465 quod
469 435 591 459 eorrectio
604 435 709 466 proximi
721 435 760 459 est
778 435 892 460 omnibus
910 436 935 460 in

90 477 235 509 praecepto,
254 484 310 502 cum
328 477 412 501 tamen
432 477 524 506 scitur,
543 477 583 502 vel
601 477 724 507 creditur,
741 478 805 508 quod
818 478 936 503 eorrectio

90 520 216 552 peccatum
234 519 365 551 impediat,
385 519 450 551 quod
468 520 532 545 alias
549 520 628 545 fieret.
647 520 681 544 Et
700 520 758 545 licet
776 521 810 545 sit
822 520 936 546 omnibus

89 563 115 588 in
133 562 279 593 praecepto,
299 562 350 586 illis
368 562 453 586 tamen
472 563 614 593 praecipue,
643 562 733 594 quibus
760 562 881 587 incumbit
907 570 936 587 ex

90 605 184 635 officio,
203 605 233 630 ut
251 605 312 629 sunt
330 605 436 635 domini,
456 605 594 636 principes,
614 605 735 637 praelati,
763 607 806 637 qui
819 605 827 618 ²
856 606 936 638 magis

90 649 115 673 in
132 648 178 673 hoc
196 655 297 679 peccare
315 648 430 679 possunt.
449 648 519 678 Quod
537 648 621 673 autem
639 648 757 674 correctio
776 648 809 673 sit
823 649 936 674 omnibus

89 692 114 715 in
133 690 279 721 praecepto,
299 690 370 721 patet
389 698 433 721 per
460 691 631 722 Augustinum
649 691 677 716 de
705 691 794 716 Verbis
822 692 934 717 Domini:

94 733 140 758 «Si
157 733 265 765 negligis
282 734 419 765 corrigere,
440 734 507 765 peior
525 734 606 759 factus
624 742 650 759 es
669 741 696 759 eo
714 735 756 766 qui
775 735 923 766 peccavit».

159 776 202 801 30.
227 776 307 806 Item,
322 777 476 807 procuratio
489 777 589 808 peccati
607 777 632 802 et
650 784 786 802 consensus
804 778 830 802 in
854 785 936 809 peeca-

89 820 143 845 tum
168 820 193 844 et
221 819 382 844 adiutorium
399 820 568 851 quodcumque
586 820 611 844 et
627 820 809 851 participatio,
835 821 857 845 si
884 821 936 845 sint

89 862 202 894 respectu
220 862 314 893 peccati
327 862 455 891 mortalis,
468 862 543 887 erunt
555 863 663 887 eiusdem
676 863 787 894 generis,
802 863 935 888 secundum

89 905 239 937 Apostolum
257 905 294 930 ad.
307 905 432 931 Romanos
443 905 452 918 ³
470 906 604 930 dicentem:
628 906 678 937 Qui
697 905 763 930 talia
791 907 873 937 ayunt
897 906 936 930 cli-

87 948 134 980 yni
152 949 213 973 sunt
230 949 318 979 morte,
339 949 363 972 et
374 956 427 973 non
445 949 528 974 solum
546 949 591 979 qui
611 948 676 973 talia
695 949 789 980 ayunt,
802 948 847 973 secl
858 949 935 973 etiam

89 991 134 1022 qui
152 991 314 1015 consentiunt
331 990 491 1021 facientibus.
926 1020 930 1022 ¹

159 1033 202 1058 31.
226 1033 326 1059 Tertius
349 1042 439 1060 ramus
464 1035 573 1059 carnalis
600 1035 812 1066 concupiscentiae
832 1034 884 1064 est,
907 1035 936 1059 ut

90 1076 183 1102 dictum
201 1077 239 1102 est
252 1075 270 1106 ⁴,
298 1077 497 1109 incontinentia,
525 1084 589 1108 quae
617 1078 748 1108 praecipue
775 1078 840 1102 circa
864 1077 935 1102 actus

90 1127 207 1145 venereos
225 1119 348 1145 consistit.
376 1119 413 1144 Ex
440 1119 485 1144 hoc
510 1127 578 1145 ramo
603 1120 713 1151 procedit
738 1120 822 1151 turpis
848 1120 936 1151 imagJi-

90 1163 178 1194 natio,
205 1164 290 1188 motus
317 1163 447 1194 carnalis,
481 1163 614 1188 delectatio
638 1163 746 1194 simplex
770 1164 794 1188 et
817 1171 935 1195 morosa,

90 1205 204 1231 adversio
217 1206 345 1237 periculi,
364 1213 500 1231 consensus
512 1206 541 1230 in
553 1206 745 1231 delectationem
757 1206 782 1230 et
798 1213 935 1231 consensus

90 1249 117 1274 in
135 1256 199 1280 opus
224 1249 249 1273 et
276 1249 363 1273 deinde
381 1248 481 1279 fructus
500 1249 584 1280 operis
602 1248 695 1274 malus.
716 1263 749 1268 .-
768 1248 839 1273 Circa
857 1249 936 1274 mate-

89 1293 151 1317 riam
170 1291 244 1316 istam
263 1292 401 1317 notandum
420 1292 473 1321 est,
492 1292 557 1323 quod
582 1293 607 1316 in
632 1299 756 1317 consensu
780 1292 807 1316 in
831 1292 936 1317 delecta-

90 1335 184 1360 tionem
201 1335 281 1366 primo
305 1335 420 1360 mortalis
444 1335 509 1360 ratio
534 1335 668 1360 invenitur.
694 1335 763 1360 Sicut
786 1336 851 1360 enim
877 1335 936 1360 dicit

89 1376 280 1409 Augustinus⁵:
310 1377 334 1402 Si
362 1378 444 1402 mente
469 1378 599 1403 delectatio
624 1378 740 1403 teneatur
759 1378 784 1402 et
806 1378 935 1403 voluntate

89 1427 144 1445 cum
162 1420 307 1446 adversione
320 1421 434 1452 periculi;
448 1421 473 1446 et
485 1421 511 1446 in
524 1420 711 1446 delectationem
729 1421 869 1446 huiusmodi
882 1428 936 1447 con-

90 1464 178 1493 sentit,
197 1464 272 1489 etiam
291 1464 312 1488 si
331 1464 357 1488 iu
376 1471 438 1495 opus
456 1464 622 1489 extrinsecum
640 1471 690 1489 non
708 1464 860 1489 interveniat
878 1471 936 1490 con-

90 1514 192 1537 sensus;
210 1507 372 1533 nihilominus
390 1507 429 1532 est
447 1507 552 1532 mortale
566 1508 707 1538 peccatum,
728 1507 752 1532 et
771 1508 874 1539 propter
890 1507 936 1533 hoc

90 1550 159 1576 totus
176 1550 250 1576 homo
268 1550 435 1576 damnabitur.
454 1565 489 1568 ——
508 1551 544 1578 De
567 1558 691 1576 consensu
718 1551 801 1575 autem
826 1551 852 1575 in
871 1558 935 1581 opus

89 1593 210 1625 mortale,
230 1594 290 1625 quin
308 1593 401 1619 habeat
419 1593 540 1619 rationem
557 1594 683 1623 mortalis,
696 1601 746 1619 non
765 1594 804 1618 est
821 1593 936 1624 dubium;

91 1635 191 1667 fructus
209 1637 293 1661 autem
312 1637 394 1668 operis
414 1644 457 1668 per
470 1637 578 1668 quinque
597 1644 685 1662 sensus
703 1636 880 1668 distinguitur,
893 1637 936 1662 sci-

90 1679 149 1704 licet
166 1680 193 1704 in
210 1679 315 1711 auditu,
334 1680 404 1710 visu,
424 1680 550 1711 odoratu,
571 1680 674 1711 loquela
691 1681 715 1704 ct
734 1681 811 1706 tactu.

160 1722 202 1748 32.
222 1723 254 1747 In
273 1722 366 1747 auditu
387 1722 471 1747 autem
499 1723 631 1754 multiplex
658 1723 781 1754 contingit
809 1723 936 1754 peccatum

90 1766 214 1795 luxuriae,
233 1765 308 1797 prout
320 1765 419 1790 luxuria
431 1766 457 1790 in
475 1765 642 1791 inordinatam
656 1765 843 1790 delectationem
856 1765 936 1795 ducit,

92 1808 185 1834 scilicet
196 1809 222 1833 in
235 1809 331 1834 curioso
350 1808 437 1833 auditu
450 1816 598 1839 rumorum,
610 1809 842 1834 instrumentorum
860 1809 937 1833 musi-

91 1859 193 1883 corum,
213 1851 402 1876 cantilenarum
420 1851 572 1876 scurrilium
594 1852 619 1876 ot
636 1851 772 1876 verborum
794 1851 936 1876 inhonesto-

92 1902 151 1920 rum
157 1903 166 1926 ,·
184 1902 246 1927 quae
265 1895 347 1920 omnia
365 1894 482 1919 videntur
506 1894 636 1920 iudicanda
654 1894 788 1919 secundum
810 1894 937 1925 habitum,

91 1945 139 1970 quo
157 1939 213 1970 quis
232 1937 346 1963 movetur
368 1938 399 1963 ad
417 1937 565 1962 audiendum
589 1937 665 1966 talia,
685 1937 778 1962 scilicet
802 1937 935 1962 secundum

91 1981 262 2007 conditionem
279 1981 384 2006 radicis.
397 1995 433 1999 -
450 1981 528 2006 Visus
545 1980 619 2005 etiam
632 1980 790 2005 inordinatus
805 1980 936 2011 pestiferos

91 2024 189 2049 fructus
206 2023 289 2049 habet.
308 2024 432 2055 Aspectus
447 2023 655 2055 pulcritudinum
677 2023 703 2048 et
718 2023 787 2048 visus
806 2023 937 2048 delectabi-

93 2067 157 2092 lium
174 2074 230 2092 cum
248 2066 430 2092 inordinatione
448 2066 619 2091 delectationis
637 2066 663 2091 et
686 2066 799 2091 curiosus
819 2066 937 2097 aspectus

92 2109 243 2139 mulierum;
260 2109 334 2138 item,
355 2108 482 2140 aspectus,
503 2109 575 2140 signa
588 2108 613 2133 et
625 2108 717 2138 nutus;
735 2109 809 2138 item,
820 2108 937 2139 aspectus

91 2151 218 2182 factorum
235 2151 424 2183 impudicorum
436 2152 460 2176 et
477 2152 593 2176 motuum
612 2158 656 2176 seu
672 2151 810 2176 carnalium
828 2151 937 2182 peccato-

93 2202 162 2225 rum,
179 2195 208 2220 de
227 2194 318 2226 quibus
342 2194 502 2226 Aug-ustinus
525 2195 550 2219 in
575 2194 678 2226 Speculo
692 2192 715 2218 ⁸:
739 2203 752 2216 α
764 2194 816 2219 Νο0
834 2194 937 2224 dicatis,

92 2245 138 2263 vos
155 2237 246 2263 habere
265 2238 362 2263 animos
379 2237 495 2269 pudicos,
515 2238 535 2262 si
553 2237 668 2262 habeatis
686 2237 768 2263 0011103
786 2237 937 2268 impudicos,

93 2280 152 2312 quia
177 2280 316 2312 impudicus
343 2280 429 2306 oculus
455 2280 572 2311 impudici
599 2280 679 2306 cordis
700 2280 740 2305 est
763 2280 875 2306 nuntius.
904 2280 938 2305 Et

93 2330 148 2348 cum
167 2323 214 2348 sibi
232 2323 319 2348 mutuo
343 2323 446 2354 aspectu
463 2323 538 2349 corda
559 2322 682 2348 nuntiantv
701 2323 840 2354 impudica,
862 2323 938 2349 etiam

93 2366 217 2392 alterutro
240 2366 396 2391 delectantur
419 2366 522 2396 ardore,
539 2366 642 2391 intactis
659 2365 692 2391 ab
715 2365 842 2391 immunda
860 2366 938 2392 viola-

93 2409 160 2436 tione
176 2409 331 2441 corporibus,
344 2409 410 2441 fugit
430 2409 486 2440 ipsa
503 2408 608 2434 castitas
626 2408 655 2434 de
676 2408 786 2434 moribus
804 2418 828 2433 ιο.
848 2408 939 2434 Secun—

94 2453 153 2480 dum
178 2452 224 2478 hoc
242 2452 320 2484 igitur
349 2452 412 2477 satis
436 2452 520 2483 potest
544 2452 643 2483 patere,
667 2452 782 2483 quoniam
803 2451 938 2478 inordinati

93 2495 210 2526 aspectus
236 2494 343 2527 possunt
364 2495 456 2520 habere
480 2495 603 2520 rationem
621 2494 748 2524 mortalis,
771 2502 828 2520 011111
846 2494 939 2520 scilicet

95 2545 123 2562 ex
141 2537 206 2563 malo
233 2545 354 2563 consensu
381 2538 518 2569 periculum
536 2545 613 2569 grave
641 2537 666 2562 et
691 2537 818 2569 probabile
845 2537 939 2569 peceati

95 2580 207 2606 mortalis
220 2581 245 2605 in
258 2588 284 2605 se
302 2581 342 2605 vel
360 2581 386 2605 in
402 2581 451 2606 alio
469 2580 610 2606 advertitur
628 2588 657 2605 ex
675 2580 791 2611 aspectu,
810 2580 938 2611 quoniam,

94 2623 227 2648 secundum
245 2623 398 2649 Salomonem
413 2622 431 2653 ⁷,
450 2623 495 2654 qui
521 2624 593 2648 amat
606 2623 754 2654 periculum
775 2623 803 2647 in
820 2623 867 2648 illo
881 2630 939 2653 per-

158 2797 165 2811 ¹
185 2799 236 2821 Vnt.
252 2805 335 2821 amore
351 2805 393 2827 pro
410 2798 506 2828 affectu.

158 2828 167 2842 ²
185 2830 236 2853 Vat.
252 2831 273 2853 et
290 2836 332 2859 pro
349 2829 397 2859 qmi.
415 2842 445 2848 -
461 2831 514 2859 Seq.
539 2829 604 2852 locus
628 2833 662 2852 est
686 2830 791 2857 August„
808 2830 882 2852 Serm-
900 2830 937 2852 82.

97 2860 163 2890 (alias
181 2861 216 2883 ¹6.
233 2861 262 2884 de
280 2860 363 2884 Verbis
380 2861 455 2889 nom.)
473 2868 496 2884 c.
513 2860 535 2884 4.
552 2867 575 2883 n.
591 2861 615 2884 7.

159 2890 168 2904 ⁵
185 2892 240 2920 Cap.
261 2892 281 2919 1,
297 2893 336 2915 32.
352 2905 381 2909 —
399 2893 474 2921 Supra
490 2898 533 2921 pro
550 2893 571 2915 et
590 2897 717 2915 consensus
739 2892 789 2914 Vut.
815 2898 938 2920 perperam

97 2923 131 2946 est
147 2929 282 2946 consensus.
741 2922 750 2934 ⁴
769 2923 844 2951 Supra
860 2929 882 2946 n.
904 2923 936 2945 14.

159 2953 168 2966 ⁶
186 2955 216 2977 De
233 2955 314 2977 Gencs.
331 2957 410 2977 con-tra
428 2954 523 2977 Manicb.
540 2954 565 2977 11.
580 2960 601 2976 0.
622 2953 655 2976 14.
673 2953 801 2977 secundum
819 2960 921 2976 sensum.

159 2984 169 2997 ⁶
186 2986 239 3008 Sive
257 2985 342 3013 Regula
366 2985 395 3008 ad
420 2991 500 3008 servos
518 2985 570 3012 Dei,
587 2991 610 3007 n.
626 2985 649 3007 6.
674 2987 696 3008 et
713 2985 782 3013 Epist.
800 2986 853 3007 211.
874 2985 938 3014 (alius

101 3016 160 3045 ¹09.)
178 3022 202 3039 n.
222 3017 260 3044 10;
277 3017 318 3039 cfr.
335 3022 405 3045 supra
422 3022 476 3045 pag.
493 3016 549 3044 637,
563 3019 617 3038 nota
633 3016 656 3038 7.

1782 233 1837 262 639

992 307 1048 332 ibit.
1060 322 1096 325 —
1108 307 1143 332 De
1163 309 1271 333 odoratu
1292 309 1376 334 autem
1395 310 1551 335 iudicandum
1573 310 1611 336 est
1638 310 1772 335 secundum
1785 318 1839 336 con-

992 350 1109 375 ditionem
1128 350 1232 376 radicis.
1250 366 1286 369 —
1303 352 1340 377 De
1366 352 1468 383 loquela
1492 354 1590 383 autem,
1616 353 1749 378 secundum
1774 354 1839 385 quod

992 400 1021 417 ex
1039 394 1134 418 carnali
1162 394 1360 425 concupiscentia
1388 396 1448 420 oriri
1475 395 1587 425 videtur,
1615 396 1689 421 multi
1716 396 1839 427 prodeunt

992 436 1100 466 tructus,
1121 437 1214 461 scilicet
1226 437 1389 469 scurrilitas,
1409 438 1438 463 de
1457 446 1506 470 qua
1524 440 1573 464 iam
1586 439 1679 464 dictum
1697 440 1735 464 est
1749 438 1766 469 ⁹,
1784 446 1839 464 cum

991 478 1021 503 de
1039 478 1196 504 inhonestate
1209 480 1342 505 verborum
1357 481 1458 506 fecimus
1476 482 1638 512 mentionem,
1658 482 1729 511 item,
1748 482 1839 507 incita·-

992 521 1027 545 tio
1046 522 1084 546 vel
1092 523 1243 553 prouocatio
1262 523 1293 547 ad
1316 524 1443 554 peccatum
1466 524 1540 550 verbo
1559 525 1598 550 vel
1611 525 1703 556 scripto
1723 525 1762 550 vel
1778 532 1839 550 nun-

991 564 1040 594 tio;
1059 564 1132 595 item,
1152 566 1274 590 attractio
1296 573 1340 597 per
1359 566 1434 591 verba
1458 567 1551 596 dulcia,
1575 574 1637 599 quae
1662 567 1751 593 affeetu
1778 575 1838 599 pen-

992 607 1089 632 santur.

1062 650 1105 675 33.
1124 650 1194 675 Circa
1214 652 1310 676 tactum
1328 651 1374 677 hoc
1393 652 1572 677 advertendum
1591 653 1702 684 videtur,
1728 654 1793 685 quod
1811 654 1837 678 in

991 693 1101 718 tactibus
1114 694 1244 725 multiplex
1258 694 1384 725 peccatum
1398 695 1536 724 invenitur,
1549 696 1682 720 secundum
1696 696 1760 727 quod
1772 697 1837 726 loca,

992 737 1056 761 circa
1073 744 1135 768 quae
1154 737 1237 761 tactus
1260 737 1396 769 contingit,
1416 737 1509 762 habent
1522 739 1638 764 maiorem
1655 738 1838 764 inhonestatem

992 779 1017 804 et
1035 780 1115 811 magis
1134 780 1240 810 possunt
1258 780 1289 805 ad
1308 780 1432 805 luxuriam
1458 788 1600 812 provocare.
1618 781 1687 806 Unde
1711 781 1757 807 11οο
1774 783 1838 808 circa

992 822 1067 847 istam
1086 822 1216 847 materiam
1242 823 1280 848 est
1303 823 1451 853 tenendum,
1470 824 1534 855 quod
1560 824 1684 849 libidinosi
1705 825 1789 850 tactus
1813 826 1839 850 et

992 865 1076 891 oscula
1094 866 1187 897 absque
1205 866 1278 890 etiam
1298 873 1419 891 consensu
1440 867 1467 891 in
1488 874 1550 898 opus
1570 868 1669 892 carnale
1687 867 1780 892 habent
1798 875 1839 893 ra-

992 908 1084 933 tionem
1104 909 1197 939 peccati
1215 909 1341 938 mortalis,
1362 909 1495 934 secundum
1515 910 1578 940 quod
1591 910 1616 934 in
1635 911 1670 935 eis
1689 910 1837 941 quaeritur*³

991 951 1121 976 delectatio
1140 952 1249 976 carnalis
1268 952 1407 977 voluntarie
1430 953 1455 977 et
1483 953 1651 978 deliberative.
1671 953 1741 978 Unde
1764 961 1838 985 super

991 994 1054 1018 illud
1073 993 1105 1018 ad
1123 994 1258 1025 Ephesios:
1278 995 1432 1019 Fornicatio
1448 996 1472 1019 ct
1490 995 1576 1020 omnis
1596 995 1761 1020 immunditia
1779 996 1837 1025 etc,

992 1036 1051 1061 dicit
1070 1036 1171 1062 Glossa:
1196 1047 1208 1059 «
1222 1037 1253 1061 In
1272 1037 1362 1062 osculis
1381 1038 1406 1062 et
1424 1037 1578 1068 amplexibus
1590 1047 1615 1067 »ς
1635 1038 1663 1062 (10
1677 1037 1767 1069 quibus
1779 1038 1838 1063 dicit

992 1079 1129 1110 Apostolus
1148 1079 1251 1108 ibidem,
1271 1079 1336 1110 quod
1354 1087 1407 1104 non
1425 1079 1519 1104 liabent
1537 1080 1701 1105 hereditatem
1715 1081 1742 1105 in
1760 1088 1837 1112 reyno

995 1121 1092 1147 Christi
1111 1123 1135 1147 et
1152 1122 1210 1147 Dei.
1229 1122 1277 1147 Hic
1292 1122 1375 1147 autem
1388 1122 1471 1147 tactus
1491 1123 1666 1154 distinguitur,
1680 1123 1738 1154 quia
1756 1124 1796 1148 vel
1809 1123 1838 1148 fit

991 1166 1017 1190 in
1037 1172 1167 1196 personam
1182 1165 1336 1196 propriam,
1356 1165 1395 1190 vel
1413 1166 1438 1190 iu
1457 1166 1551 1196 aliam,
1564 1166 1590 1190 et
1602 1166 1684 1191 eodem
1705 1167 1775 1192 modo
1793 1166 1838 1191 ha-

992 1208 1033 1233 bet
1053 1209 1175 1233 rationem
1194 1209 1296 1239 peccati.

1061 1251 1104 1275 34.
1124 1251 1184 1275 Cum
1205 1250 1275 1275 tactu
1287 1251 1371 1275 autem
1391 1251 1492 1282 ponitur
1504 1252 1636 1282 corruptio
1656 1252 1758 1283 carnis,
1775 1259 1837 1283 quae

986 1293 1098 1324 pollutio
1118 1293 1219 1322 dicitur,
1248 1301 1310 1325 quae
1328 1293 1424 1318 duobus
1452 1294 1534 1319 moclis
1557 1294 1696 1326 contingit:
1724 1295 1768 1319 aut
1793 1302 1837 1326 per

992 1338 1078 1361 actum
1097 1337 1180 1361 tactus
1205 1344 1246 1361 seu
1276 1337 1488 1368 imayinationem
1515 1337 1686 1362 delectationis
1711 1345 1836 1367 morosae,

991 1379 1036 1404 aut
1054 1387 1097 1410 per
1116 1381 1202 1404 actum
1220 1379 1359 1405 carnalem.
1379 1379 1404 1404 Si
1426 1380 1504 1410 primo
1524 1380 1594 1405 inodo
1613 1387 1657 1411 per
1686 1381 1780 1405 tactum
1798 1381 1837 1405 vel

991 1422 1218 1453 imaginationem,
1237 1422 1283 1447 hoc
1297 1422 1440 1453 contingere
1460 1422 1543 1453 potest
1555 1422 1699 1453 dupliciter:
1719 1423 1764 1447 aut
1783 1423 1838 1448 clor-

991 1465 1104 1496 mienclo,
1123 1466 1168 1490 aut
1186 1465 1327 1497 viyilundo.
1353 1465 1424 1490 Circa
1443 1465 1605 1496 pollutionem
1629 1466 1655 1490 in
1679 1473 1768 1490 somno
1793 1466 1839 1491 hoc

992 1507 1100 1533 breviter
1119 1508 1158 1533 est
1180 1508 1331 1537 notandum,
1357 1508 1421 1539 quod
1440 1508 1500 1533 talis
1525 1508 1630 1539 pollutio
1655 1509 1788 1533 secundum
1812 1516 1838 1534 se

991 1559 1040 1577 non
1059 1551 1135 1576 habet
1154 1552 1274 1576 rationein
1301 1552 1408 1583 peccati,
1428 1559 1455 1576 eo
1480 1551 1546 1583 quod
1570 1551 1630 1576 tunc
1648 1552 1753 1577 liberum
1772 1553 1839 1578 arbi-

991 1595 1069 1620 trium
1087 1595 1199 1619 vinctum
1227 1594 1274 1624 sit,
1295 1594 1389 1619 scilicet
1416 1602 1461 1626 per
1488 1595 1697 1626 comparationem
1721 1595 1753 1620 ad
1778 1603 1839 1621 cau-

990 1645 1048 1663 sam
1062 1637 1094 1662 ²⁰.
1111 1637 1198 1663 Potest
1216 1638 1300 1662 autem
1325 1638 1468 1669 contingere
1486 1645 1515 1662 ex
1537 1638 1710 1669 superfluitate
1728 1638 1776 1664 cibi
1800 1639 1839 1664 vel

992 1681 1066 1711 potus
1090 1680 1129 1705 vel
1156 1688 1185 1705 ex
1211 1680 1281 1711 turpi
1307 1680 1529 1711 imaginationem
1556 1680 1643 1712 vigilia
1670 1681 1838 1711 praecedente.

992 1723 1084 1753 Quodsi
1111 1730 1186 1748 causa
1214 1723 1328 1748 mortalis
1346 1723 1408 1752 fuit,
1428 1723 1498 1754 puta,
1516 1724 1574 1754 quia
1592 1723 1718 1754 vigilando
1737 1731 1840 1749 consen-

992 1767 1039 1797 sit,
1058 1767 1097 1792 vel
1125 1767 1208 1791 actum
1226 1766 1301 1798 gulae
1329 1766 1459 1791 mortalem
1485 1766 1604 1796 exercuit,
1632 1767 1766 1792 secundum
1793 1768 1839 1793 hoc

992 1810 1097 1843 pollutio
1116 1809 1155 1834 est
1173 1810 1271 1840 signum
1290 1809 1428 1841 gravioris,
1448 1809 1473 1834 et
1491 1809 1551 1833 tunc
1573 1809 1653 1834 dictae
1676 1810 1839 1836 circumstan-

991 1854 1041 1878 tiae
1061 1852 1121 1877 sunt
1138 1853 1164 1877 in
1183 1852 1334 1877 confessione
1353 1852 1476 1877 dicendae.
1496 1852 1558 1877 Cum
1576 1852 1658 1877 autem
1682 1852 1742 1877 talis
1761 1853 1839 1884 pollu-

991 1896 1027 1921 tio
1045 1896 1160 1921 illusione
1179 1895 1281 1924 diaboli,
1300 1895 1340 1919 vel
1368 1894 1496 1919 debilitate
1515 1894 1660 1925 retentivae,
1679 1895 1719 1920 vel
1744 1896 1839 1922 virtute

992 1939 1130 1964 exclusivae
1155 1938 1293 1969 contingit,
1312 1945 1356 1963 nee
1382 1938 1453 1963 adest
1476 1938 1671 1969 complacentia3
1694 1946 1745 1964 non
1763 1939 1839 1965 habet

992 1982 1113 2008 rationem
1132 1981 1234 2012 peccati.
1249 1980 1286 2005 De
1304 1980 1441 2012 pollutione
1453 1980 1536 2006 autem
1554 1981 1688 2013 vigilando
1706 1982 1741 2007 sic
1753 1982 1839 2008 distin-

991 2025 1092 2057 guitur,
1111 2024 1175 2056 quod
1194 2025 1215 2049 si
1234 2024 1273 2049 est
1285 2024 1419 2055 procurata
1437 2031 1481 2055 per
1494 2024 1604 2054 tactum,
1623 2024 1664 2049 vel
1681 2025 1839 2057 imaginatio-

992 2075 1049 2093 nem
1070 2067 1238 2093 voluntariam
1263 2074 1360 2099 quoquo
1376 2067 1459 2096 modo,
1479 2067 1519 2092 vel
1538 2074 1582 2098 per
1600 2067 1727 2098 auditum,
1744 2069 1784 2093 vel
1806 2069 1839 2094 vi-

993 2119 1061 2141 sum,
1081 2111 1121 2136 vel
1140 2111 1248 2141 motum,
1268 2110 1348 2136 omnis
1366 2110 1431 2135 enim
1456 2110 1516 2135 talis
1535 2110 1666 2140 resolutio,
1689 2111 1710 2136 si
1729 2111 1763 2136 sit
1782 2119 1840 2143 pro·

992 2154 1093 2184 curata,
1110 2154 1150 2179 vel
1163 2154 1186 2179 si
1202 2160 1338 2179 cousensus
1349 2153 1515 2183 interveniat,
1534 2153 1572 2178 est
1591 2153 1705 2179 mortalis
1723 2161 1840 2185 quocum-

992 2204 1039 2228 que
1057 2196 1136 2222 modo.
1164 2196 1198 2220 Et
1226 2196 1248 2220 si
1275 2203 1357 2221 semen
1385 2195 1456 2220 extra
1483 2203 1529 2221 vas
1556 2196 1672 2221 naturale
1699 2196 1840 2223 voluntarie

992 2238 1137 2268 emittatur,
1155 2238 1232 2263 habet
1249 2238 1371 2263 rationem
1389 2238 1503 2263 mortalis
1521 2238 1629 2269 peccati,
1643 2246 1706 2270 quae
1718 2238 1840 2265 mollities

992 2281 1083 2307 dicitur
1097 2280 1128 2311 ¹¹,
1145 2281 1211 2313 quod
1228 2281 1304 2306 etiam
1320 2280 1408 2307 contra
1426 2280 1544 2306 naturam
1562 2281 1609 2306 est.
1621 2296 1656 2299 —
1669 2281 1694 2306 Si
1712 2281 1795 2307 autem
1813 2282 1840 2307 in

993 2324 1063 2349 tactu
1082 2324 1115 2349 sit
1133 2331 1208 2349 semus
1220 2324 1343 2356 mietio,
1356 2324 1432 2349 etiam
1449 2324 1626 2356 gravissimum
1645 2324 1684 2349 est
1700 2324 1839 2355 peccatum,

993 2367 1019 2392 et
1037 2367 1099 2392 talia
1118 2367 1218 2398 peccata
1236 2374 1281 2392 nec
1298 2367 1422 2392 nominari
1446 2366 1536 2392 debent
1554 2367 1579 2392 et
1605 2367 1779 2399 iynommiosa
1803 2367 1840 2393 di-

993 2409 1093 2435 cuntur.

1854 654 1881 673 De
1894 656 1952 674 tactu.

1861 1252 1962 1276 Coi-ruptio

1858 1276 1920 1295 carnis
1933 1276 1967 1295 du-

1887 1300 1936 1323 plex.

1857 1381 1884 1400 De
1892 1381 1959 1405 primo.

1857 2282 1971 2302 Notandum.

1064 2451 1109 2476 35.
1127 2451 1215 2478 Potest
1233 2451 1308 2477 etiam
1332 2451 1472 2477 huiusmodi
1495 2452 1601 2484 pollutio
1626 2452 1769 2484 contingere
1794 2460 1838 2484 per
1854 2454 1882 2474 De
1894 2455 1977 2474 secundo

994 2495 1081 2521 actium
1097 2495 1243 2526 carnalem,
1261 2494 1287 2519 et
1310 2494 1356 2520 hoc
1379 2494 1528 2526 dupliciter:
1546 2495 1604 2526 quia
1622 2495 1662 2520 vel
1686 2502 1730 2526 per
1754 2495 1838 2521 actum

994 2537 1228 2569 matrimonialem,
1247 2537 1288 2562 vel
1305 2545 1349 2569 pei=
1371 2537 1454 2562 actum
1472 2537 1605 2562 moechiae.
1624 2537 1658 2563 In
1678 2538 1736 2564 actu
1753 2538 1838 2564 autem

994 2580 1183 2604 matrimoniali
1202 2579 1285 2611 potest
1308 2579 1451 2611 contingere
1470 2580 1622 2605 deordinatio
1650 2580 1676 2605 in
1703 2580 1792 2613 modo,
1811 2582 1837 2606 in

996 2624 1105 2654 tempore
1123 2622 1148 2647 et
1166 2623 1192 2647 in
1210 2629 1298 2647 causa.
1317 2623 1348 2647 In
1367 2622 1441 2647 modo
1460 2623 1557 2654 quidem
1571 2623 1697 2654 peccatum
1717 2624 1768 2653 est,
1782 2631 1837 2650 cum

1057 2797 1065 2811 ⁷
1084 2798 1150 2821 Eccli.
1168 2798 1193 2827 3,
1211 2798 1249 2820 27.

1056 2829 1065 2841 ¹³
1084 2831 1159 2857 Supra
1176 2836 1200 2851 n.
1220 2830 1257 2852 15.

1056 2859 1066 2872 ⁹
1084 2861 1134 2897 Yet.
1152 2860 1231 2913 grigiur
1249 2867 1291 2888 pro
1306 2860 1438 2896 quaeritur.
1457 2861 1564 2914 Sfflissluff
1581 2862 1660 2884 Glossa
1678 2860 1837 2885 interlinearis

994 2898 1076 2936 bupfflm
1083 2892 1186 2945 lllrihl'al.
1205 2892 1601 2952 exiidsstcrzicfitltizzlaegcxztrlilllulriidpgs't
1610 2893 1637 2946 {ln
1648 2923 1792 2953 confessione
1804 2930 1838 2946 ea-

994 2953 1048 2977 dem
1065 2954 1130 2976 addit
1146 2953 1263 2977 notandae
1280 2953 1323 2977 vel.

1057 2984 1074 2999 ¹¹
1093 2986 1114 3008 ln
1133 2985 1183 3007 Vat.
1200 2985 1264 3007 deest
1281 2991 1341 3015 quae
1357 2984 1466 3009 mollitus
1484 2984 1578 3009 elicitur.

1860 2478 1967 2502 dupliciter.

1880 2548 1934 2568 Circa
1947 2549 1984 2573 pri-

1850 2577 1901 2590 mum
1916 2572 1984 2596 triplex

1850 2594 1975 2615 deordinatio.
