2133 3317
440 223 637 253 OPUSCULUM
657 222 720 251 xln.
743 222 1051 252 DETERMINATIONES
1072 223 1313 260 QUAESTIONUM.
1336 223 1416 252 PARS
1437 223 1455 251 I.

398 302 536 338 QuAesrlo
560 300 601 329 XI.

193 395 254 424 Cur
275 396 397 423 Fratres
418 403 476 422 non
497 393 626 422 laborent
644 402 700 430 pro
723 393 808 421 uictu.

158 488 222 516 item
245 495 365 524 quaero:
394 495 444 515 cur
466 495 532 524 ergo
560 495 613 515 non
636 486 766 515 laboratis
794 486 923 515 manibus

80 543 130 572 pro
151 534 241 568 victu,
263 537 294 562 ut
315 542 369 562 non
391 533 450 562 sitis
472 533 606 562 Ecclesiae
627 533 734 561 onerosi
757 532 784 560 in
806 532 922 561 eleemo-

80 581 154 618 synis
175 580 319 617 petendis?

157 627 323 664 Respondeo.
340 627 365 655 Si
386 626 420 655 de
437 635 516 664 puro
537 626 635 654 labore
656 634 788 654 manuum
809 625 922 654 debere-

80 682 143 703 mus
169 673 275 707 vivere,
302 676 408 701 tantum
438 676 551 709 urgeret
579 680 628 701 nos
658 672 750 709 operis
778 672 922 706 instantia,

80 720 153 758 quod
173 720 291 748 aliorum
306 719 392 748 lucris
413 719 555 748 intendere
576 727 630 747 uon
646 726 789 755 possemus
810 726 860 746 nec
881 718 922 746 di-

80 767 142 796 vina
162 766 252 795 officia
273 766 358 794 libere
384 766 525 794 celebrare
552 773 601 794 nec
623 765 739 793 orationi
770 765 855 793 libere
877 773 922 793 va-

80 821 150 843 care.
172 813 242 842 Cum
263 813 335 841 enim
357 812 390 841 ad
411 812 607 841 confessionem
630 812 673 840 vel
689 811 722 840 ad
743 811 923 848 praedicatio-

79 868 142 889 nem
162 860 257 888 Frater
288 862 447 892 vocaretur,
470 858 636 895 respondere
660 861 825 894 cogeretur:
852 866 923 894 opus

78 914 185 940 meum,
207 914 263 943 quo
284 905 369 934 victui
389 913 451 934 meo
473 905 553 933 hodie
572 904 713 933 deservire
733 904 832 937 debeo,
855 912 923 933 non-

79 953 144 982 dum
165 953 291 989 explevi,
319 956 346 981 et
367 952 412 981 ille
440 952 483 980 cui
510 952 617 985 laboro,
638 951 802 988 priusquam
830 951 923 980 deser-

79 1000 150 1029 viam
163 1000 182 1033 1,
203 1007 258 1028 11011
278 999 354 1027 dabit
374 999 441 1027 mibi
463 998 617 1027 mercedem
639 998 771 1032 debitam;
794 998 854 1026 ideo
868 1006 923 1026 non

56 1054 191 1084 .possum
212 1046 315 1074 venire.
337 1045 386 1073 Alii
417 1048 510 1074 autem
541 1053 636 1073 omnes
663 1048 774 1081 praeter
799 1044 924 1073 infirmos

79 1092 218 1121 laborant:
240 1092 284 1120 alii
306 1091 334 1120 in
355 1091 460 1125 studio,
482 1094 514 1120 ut
542 1091 635 1120 fideles
656 1091 800 1124 erudiant,
828 1091 873 1119 alii
896 1091 923 1119 in

79 1139 171 1168 divino
191 1139 281 1167 officio
295 1141 323 1167 et
344 1138 471 1167 laudibus
492 1138 557 1172 Dei,
578 1137 622 1166 alii
638 1138 665 1166 in
681 1137 839 1174 colligendis
853 1138 923 1166 elee-

79 1185 200 1222 mosynis
221 1193 271 1222 pro
298 1185 496 1214 sustentatione
524 1184 679 1218 communi,
707 1184 752 1212 alii
778 1184 805 1212 in
827 1184 924 1213 officiis

78 1232 246 1267 domesticis,
268 1232 386 1261 infirmis
407 1235 434 1260 et
455 1231 528 1260 sanis
555 1239 591 1260 ex
620 1231 743 1260 iniuncta
770 1231 924 1260 obedientia

78 1279 275 1313 ministrantes,
289 1278 415 1316 quidam,
431 1278 478 1315 qui
494 1278 593 1312 sciunt,
608 1281 681 1306 artes
696 1278 802 1315 aliquas
817 1278 925 1306 mecha-

78 1326 153 1355 nicas
167 1333 218 1362 pro
232 1325 374 1354 Fratribus
388 1328 414 1354 et
429 1325 570 1353 extraneis
583 1327 746 1353 exercentes
757 1341 795 1345 —
809 1324 848 1353 sic
862 1332 924 1353 mu-

79 1375 127 1401 tuo
142 1374 326 1408 cooperantur
342 1372 414 1400 inter
428 1379 457 1400 56
472 1371 601 1399 formicae
622 1374 649 1399 et
667 1378 732 1407 apes
753 1387 792 1391 —-
811 1371 923 1407 quidam

79 1426 129 1456 per
150 1418 332 1447 obedientiam
357 1418 431 1447 missi
452 1418 576 1446 diversas
600 1420 690 1446 terras
711 1417 923 1454 perambulant,

80 1473 143 1494 cum
164 1465 276 1494 nuntios
296 1465 364 1493 alios
379 1465 490 1493 idoneos
510 1472 564 1492 non
580 1464 744 1497 habeamus,
767 1467 793 1492 et
808 1464 847 1492 sic
862 1464 924 1492 nul-

79 1511 123 1540 lus
144 1511 257 1548 impune
278 1511 450 1548 permittitur
470 1510 605 1539 otiosus2.

393 1605 530 1641 Qnaesrio
556 1604 608 1632 xli.

82 1698 253 1735 Quaeritur,
267 1698 295 1727 si
307 1698 341 1727 de
361 1698 484 1736 quolibet
500 1698 609 1726 Ordine
630 1701 653 1725 et
676 1697 820 1734 Reliyioue
834 1697 925 1734 possit

158 1745 224 1784 quis
245 1745 375 1773 transire
401 1745 441 1773 ad
469 1744 609 1782 Reyulam
637 1749 663 1772 et
692 1744 829 1772 Ordinem
851 1743 926 1772 beati

159 1792 328 1826 Francisci,
350 1792 495 1820 Fratrum
516 1791 623 1820 scilieet
644 1791 801 1819 llliuorum.

159 1885 225 1914 Item
239 1893 359 1922 quaero,
374 1885 396 1914 si
417 1885 451 1913 de
465 1885 589 1922 quolibet
599 1884 610 1901 ³
625 1884 728 1913 Ordine
746 1886 773 1912 et
787 1884 927 1920 Religione

80 1931 166 1969 possit
180 1932 243 1969 quis
257 1932 375 1969 transire
386 1931 420 1960 ad
434 1932 565 1968 Regulam
577 1934 603 1960 et
617 1931 746 1960 Ordinem
760 1931 830 1960 beati
846 1931 926 1959 Fran-

81 1978 160 2013 cisci,
183 1978 285 2008 scilicet
306 1979 433 2007 Fratrum
455 1978 600 2007 Minorum.

159 2025 197 2054 Ad
218 2026 270 2054 boc
291 2025 350 2054 sine
372 2025 540 2062 praeiudicio
560 2025 682 2054 melioris
703 2025 855 2054 sententiae
882 2032 927 2053 re-

81 2072 214 2109 spondeo,
236 2072 310 2109 quod
331 2072 384 2106 sic,
404 2072 453 2101 ubi
474 2072 533 2101 sine
554 2072 681 2101 scandalo
696 2072 814 2100 aliorum
835 2075 926 2108 potest

81 2119 150 2148 fieri.
173 2119 287 2156 Propter
307 2118 382 2156 quod
402 2119 524 2147 maxime
538 2118 703 2155 prohibetur
723 2118 802 2147 nobis
816 2118 850 2147 de
865 2118 927 2155 qui-

81 2165 197 2195 busdam
226 2166 367 2203 Religiosis
387 2174 442 2194 non
470 2165 646 2202 recipiendis,
675 2173 738 2194 cum
767 2165 926 2194 scandalum

82 2213 135 2241 tale
156 2212 191 2241 sit
211 2212 299 2241 maius
319 2213 439 2246 malum,
454 2220 538 2249 quam
560 2211 671 2240 illorum
692 2212 812 2248 receptio
830 2212 865 2240 sit
878 2211 927 2240 bo-

1763 223 1818 251 345

979 308 1047 329 num
1057 301 1078 329 4.
1099 301 1166 329 Cum
1189 301 1262 329 enim
1283 301 1336 330 tria
1357 301 1402 329 illa
1422 301 1583 338 principalia
1600 301 1690 329 omnis
1707 300 1823 337 Religio-
1848 307 1910 326 Ratio.

979 347 1036 381 nis,
1059 347 1162 376 scilicet
1181 347 1348 382 obedientia,
1370 348 1479 377 castitas
1494 351 1520 376 et
1542 350 1702 384 paupertas,
1724 347 1751 375 in
1774 348 1822 375 Re-

979 393 1043 429 gula
1065 393 1115 422 ista
1144 394 1198 422 sim
1229 394 1307 431 quasi
1336 394 1432 423 altiora
1459 397 1487 423 et
1513 394 1651 423 strictiora
1682 402 1766 430 quam
1796 393 1823 422 in

979 440 1039 468 alhs
1069 440 1221 469 Ordinibus
1247 444 1274 469 et
1302 441 1500 477 Religionibus,
1522 441 1593 470 sicut
1621 443 1695 477 patet
1720 441 1748 468 in
1778 441 1824 469 Re-

979 486 1044 522 gula
1064 486 1129 520 ista;
1158 491 1276 521 constat,
1298 488 1371 524 quod
1393 487 1544 516 secundum
1567 488 1618 516 hoc
1643 488 1744 525 Religio
1772 487 1823 516 ista

979 532 1060 561 altior
1081 533 1116 561 sit
1136 536 1163 561 et
1178 534 1298 562 strictior
1319 534 1379 563 aliis
1393 534 1551 563 Ordinibus.
1574 535 1605 562 Et
1626 534 1686 563 ideo
1700 534 1733 563 dc
1754 542 1822 571 qua-

980 579 1044 607 libet
1061 580 1197 616 Religione
1219 584 1334 617 possunt
1348 589 1445 610 secure
1465 581 1499 609 ad
1514 581 1592 610 istam
1608 581 1725 615 intrare,
1743 581 1823 609 dum-

980 625 1060 653 modo
1075 634 1128 654 non
1143 634 1179 654 ex
1201 626 1323 661 levitate,
1341 627 1387 656 sed
1402 635 1438 656 ex
1454 627 1557 664 Spiritu
1572 628 1619 656 Dei
1641 627 1725 656 ducti.
1742 628 1820 661 Nam,

979 672 1029 701 etsi
1061 672 1154 709 ailqua
1185 673 1219 701 sit
1246 673 1412 710 quibusdam
1433 674 1624 711 corporalibus
1648 674 1823 703 exercitatio-

980 718 1061 747 nibus
1083 719 1219 753 strictior,
1240 723 1271 748 ut
1292 720 1318 748 in
1340 720 1504 749 abstinentia
1525 720 1650 749 carnium
1668 724 1695 749 et
1716 720 1823 749 silentio

980 768 1007 793 et
1027 765 1116 793 officio
1137 766 1319 794 ecclesiastico
1340 770 1367 795 et
1388 767 1538 800 similibus,
1562 770 1651 796 tamen
1680 775 1716 796 ex
1738 767 1823 795 subli-

981 811 1114 840 mioribus
1134 812 1316 846 obedientiae,
1336 813 1506 849 paupertatis
1527 816 1554 841 et
1575 813 1706 842 castitatiS
1721 814 1824 842 virtute

980 858 1058 887 facile
1078 863 1318 896 recompensatur,
1340 860 1411 888 sicut
1433 860 1570 889 modicum
1592 860 1698 897 pondus
1719 861 1779 889 auri
1796 860 1822 888 in

982 905 1069 941 pretio
1093 906 1233 942 praevalet
1254 914 1352 943 magno
1380 906 1491 943 ponderi
1514 907 1620 943 argenti
1647 907 1688 935 vel
1709 907 1824 935 alterms

981 952 1097 985 metalli;
1119 955 1145 980 61
1167 953 1311 989 Apostolus
1332 952 1365 981 ad
1386 953 1560 981 Timotheum
1583 953 1721 989 quart05:
1753 953 1822 981 Cor-

978 998 1093 1035 poralis
1113 999 1190 1027 euim
1211 999 1377 1028 eoeereitatio
1399 1000 1439 1027 ad
1459 1000 1605 1028 modicum
1627 999 1708 1028 utilis
1729 1003 1776 1027 est.

1293 1085 1431 1121 QUAEsrio
1447 1085 1509 1113 XIII.

983 1169 1154 1204 Quaeritur,
1176 1170 1203 1197 si
1230 1170 1263 1198 (Ie
1284 1170 1341 1198 isca
1363 1170 1508 1207 Religion&
1533 1170 1624 1207 possit
1651 1170 1759 1208 aliquis
1781 1171 1823 1199 ire

1046 1215 1086 1244 ad
1106 1216 1197 1244 aliam
1216 1220 1281 1253 post
1301 1216 1414 1254 factam
1433 1216 1643 1254 professionem
1664 1218 1695 1246 iit
1716 1226 1757 1246 ea.

1060 1301 1124 1329 Item
1147 1309 1266 1338 quaero,
1288 1302 1310 1330 si
1334 1302 1367 1330 de
1388 1302 1440 1331 ista
1461 1302 1598 1339 Religi0ne
1620 1303 1704 1339 possit
1725 1303 1824 1340 aliquis

981 1347 1021 1376 ire
1042 1347 1075 1376 ad
1097 1347 1176 1375 aliam
1198 1351 1259 1384 post
1279 1348 1378 1377 factam
1398 1349 1426 1377 in
1448 1357 1479 1377 ea
1493 1349 1699 1385 professionem.

1060 1394 1234 1431 RespondeO,
1255 1395 1330 1423 salvo
1351 1395 1456 1424 meliori
1479 1395 1594 1424 iudicio:
1616 1396 1690 1430 Non,
1708 1395 1758 1424 nisi
1775 1404 1824 1432 per

980 1440 1209 1477 dispensationem
1231 1442 1306 1470 Sedis
1327 1442 1506 1478 apostolicae,
1528 1450 1591 1470 cum
1614 1443 1665 1471 hoc
1692 1451 1825 1480 expresse

981 1488 1009 1516 in
1029 1488 1088 1524 ipsa
1109 1488 1211 1525 Regula
1225 1488 1415 1525 prohibeatur,
1438 1488 1474 1517 ibi
1486 1489 1510 1517 ⁸:
1530 1500 1543 1514 (ι
1556 1489 1587 1517 Ε1
1607 1490 1684 1518 1111110
1699 1490 1778 1518 modo
1794 1490 1824 1518 li-

981 1534 1053 1563 cebit
1080 1534 1119 1563 eis
1146 1534 1179 1563 de
1210 1535 1260 1563 ista
1290 1535 1426 1572 Religione
1454 1536 1532 1564 exire
1560 1536 1639 1564 iuxta
1664 1536 1822 1565 mandatum

980 1580 1083 1609 domini
1114 1581 1241 1617 Papae».
1273 1582 1355 1616 Nam,
1377 1590 1439 1610 cum
1473 1590 1527 1610 non
1558 1582 1715 1611 inveniatur
1743 1582 1824 1611 altior

982 1627 1084 1665 Regula
1104 1628 1147 1656 vel
1173 1628 1293 1657 strictior
1314 1628 1371 1657 sive
1396 1629 1533 1666 aequalis,
1555 1631 1644 1665 patet,
1671 1629 1744 1666 quod
1770 1638 1824 1657 non

982 1674 1044 1703 licet
1066 1675 1195 1711 cuiquam
1217 1683 1265 1711 per
1287 1683 1315 1704 se
1336 1675 1427 1712 ipsum
1452 1675 1486 1703 ad
1507 1675 1664 1704 inferiorem
1693 1675 1823 1704 Ordinem

982 1722 1115 1755 transire;
1137 1722 1238 1750 dIcitur
1252 1722 1323 1750 enim
1339 1723 1426 1751 Lucae
1440 1722 1545 1751 decimo
1566 1726 1681 1759 quarto:
1706 1723 1824 1756 Omnes,

982 1768 1034 1806 qui
1053 1768 1165 1803 vident,
1188 1768 1324 1806 incipient
1345 1768 1464 1797 illudere
1478 1769 1516 1803 ei,
1532 1769 1670 1797 dicentes:
1688 1769 1764 1805 Quia
1779 1768 1824 1798 hie

983 1813 1065 1843 homo
1090 1815 1179 1851 coepit
1203 1814 1359 1851 aedificare
1379 1818 1404 1843 et
1425 1824 1483 1843 non
1493 1815 1588 1852 potuit
1609 1823 1822 1844 consummare.

1289 1900 1427 1936 Omissa-10
1452 1900 1517 1929 XIV.

984 1985 1156 2021 Quaeritur,
1177 1985 1205 2014 sz'
1225 1985 1307 2014 liceat
1324 1985 1430 2014 Ordini
1443 1985 1492 2014 isti
1511 1985 1611 2014 eiicere
1625 1986 1750 2024 aliquem
1768 1994 1825 2023 pro

1060 2032 1172 2060 meritis
1193 2035 1219 2060 et
1239 2040 1351 2069 eyresso
1370 2032 1495 2069 petenti⁷
1524 2032 1710 2069 receptionem
1731 2033 1826 2061 denuo

1062 2079 1209 2116 deueyare.

1062 2165 1127 2193 Item
1142 2172 1262 2201 quaero,
1284 2164 1306 2193 si
1322 2164 1400 2193 liceat
1414 2164 1508 2193 Ordini
1524 2164 1567 2193 isti
1589 2164 1688 2193 eiicere
1706 2165 1826 2209 ahquem

984 2219 1035 2248 pro
1057 2211 1163 2240 meritis
1173 2211 1194 2245 ⁸,
1219 2211 1262 2239 vel
1292 2219 1402 2247 egresso
1431 2214 1458 2239 et
1486 2211 1633 2248 poenitenti
1665 2214 1692 2240 et
1723 2214 1826 2249 petenti

146 2343 154 2356 ¹
171 2344 206 2366 Du
218 2344 309 2372 Cange,
321 2344 460 2367 Glossarium
473 2347 515 2367 616.
527 2344 643 2372 duplicem
658 2345 849 2372 significationem
862 2344 928 2367 verbi

83 2382 200 2406 deservire
216 2384 293 2411 affert,
310 2383 396 2405 scilicet
411 2383 481 2413 funyi
496 2382 576 2412 aliquo
594 2389 692 2406 munere
710 2383 837 2412 (deservire
857 2384 928 2406 eccle-

84 2422 140 2444 siam
158 2423 195 2444 161
212 2422 330 2450 ecclesiae)
349 2425 370 2444 et
387 2422 480 2445 mereri.
497 2435 528 2438 ——
545 2422 656 2450 Superius
673 2428 715 2450 pro
730 2422 802 2445 victui
817 2428 867 2445 meo
885 2423 928 2444 ΑΒ

84 2460 171 2484 vicium
188 2467 274 2484 meum..
293 2461 387 2483 lnsel'ius
399 2467 441 2489 pro
455 2460 503 2484 Alli
513 2462 592 2484 autem
606 2461 643 2489 (ita
657 2461 683 2489 B)
697 2461 750 2484 edd.
763 2460 829 2484 Alias
841 2463 928 2484 autem.

147 2499 156 2512 ²
173 2499 218 2522 Csr.
234 2506 304 2528 supra
322 2499 407 2528 Opusc.
426 2500 464 2522 XI.
475 2500 586 2527 Apologia
605 2506 749 2527 pauperum,
766 2506 785 2522 c.
805 2501 837 2522 12.
855 2506 878 2522 11.
892 2500 929 2522 12-

86 2538 127 2566 ν17;
145 2539 167 2561 S.
185 2538 281 2565 Thom.,
298 2539 382 2566 Opusc.
401 2539 509 2566 superius
526 2539 563 2560 cit.
581 2544 600 2560 c.
619 2538 639 2560 5.
657 2551 688 2555 —
704 2539 816 2566 Superius
836 2545 878 2566 pro
895 2538 930 2561 sic

85 2578 167 2600 mutuo
178 2577 232 2600 edd.
243 2577 304 2600 sicut
321 2579 412 2606 mimia,
426 2580 448 2600 et
462 2583 504 2605 pro
521 2583 570 2600 non
586 2577 715 2600 habeamus
727 2578 744 2600 B
755 2583 804 2601 non
816 2577 929 2601 habemus

87 2615 141 2644 (AC
157 2614 302 2644 habuerint).

149 2653 159 2666 ³
175 2653 232 2677 Cod.
249 2655 267 2677 Α
284 2653 307 2677 si
321 2653 348 2677 de
364 2654 445 2684 aliquo
462 2655 485 2677 et
500 2654 526 2677 de
544 2653 651 2684 quolibet.

147 2691 158 2705 ⁴
175 2692 221 2715 Csr.
238 2694 353 2716 innocent.
370 2693 419 2721 IV.,
436 2694 509 2715 Breve
522 2693 573 2721 Quo
590 2698 631 2716 vos
648 2692 673 2715 in
691 2692 783 2716 Christo
797 2693 842 2721 (an.
858 2693 929 2721 1244,

87 2732 112 2754 21
135 2732 206 2760 April.
223 2732 344 2759 Sbaralea,
362 2732 443 2754 Bullar.
460 2732 603 2754 Franciscan.
621 2735 675 2754 tom.
689 2733 703 2754 1.
715 2738 737 2754 11.
751 2732 788 2754 36.
799 2738 854 2760 pag.
866 2732 929 2759 327),

86 2771 110 2793 111
126 2777 174 2800 quo
190 2771 321 2798 inhibetur,
338 2777 366 2794 ne
382 2772 472 2794 Fratres
489 2771 544 2794 Ord.
561 2771 662 2793 Praedic.
679 2771 702 2793 in
719 2770 829 2793 Ordinem
847 2771 882 2793 Fr.
895 2771 930 2793 Mi-

87 2816 169 2832 norum
187 2810 340 2838 recipiantur,
360 2819 371 2830 α
384 2816 436 2832 611111
455 2816 481 2832 ex
498 2811 542 2832 hoc
559 2810 671 2832 scissurae
693 2809 765 2838 possit
787 2812 809 2832 et
830 2810 930 2832 scandali

88 2849 169 2872 exoriri
187 2849 280 2871 materia
293 2858 315 2871 n.
336 2849 394 2871 Vide
410 2849 478 2871 etiam
497 2847 552 2870 ibid.
573 2855 626 2876 pag.
649 2848 693 2870 460
716 2848 856 2871 decisionem
879 2849 932 2871 Gre-

89 2892 139 2915 gor.
156 2887 207 2914 lX.,
224 2893 269 2915 qua
287 2893 315 2909 ex
332 2887 440 2909 mandato
458 2887 550 2909 Honorii
568 2887 601 2909 111.
618 2886 773 2913 interdicitur,
787 2892 816 2909 ne
832 2887 890 2909 ullus
902 2887 931 2910 de

88 2924 171 2947 Ordine
184 2925 219 2947 Fr.
232 2925 343 2947 Minorum
361 2925 382 2946 in
400 2925 509 2947 Ordinem
522 2925 706 2947 Cisterciensium
718 2927 740 2947 et
752 2925 870 2947 viceversa
882 2925 931 2948 sine

88 2963 179 2991 speciali
197 2963 305 2985 mandato
323 2963 408 2985 summi
426 2963 540 2986 Pontificis
556 2963 698 2986 admittatur.
713 2975 745 2980 —-
762 2963 872 2991 Superius
890 2970 932 2992 pro

89 3001 187 3025 illorum
204 3001 257 3023 edd.
273 3001 386 3024 aliorum.

182 3047 208 3071 S.
221 3048 312 3071 Bonae.
322 3060 352 3064 —
365 3048 434 3070 Tom.
445 3048 500 3071 Vlll.

1048 2344 1057 2356 ⁵
1074 2345 1143 2372 Epist.
1162 2345 1176 2367 l.
1193 2351 1213 2367 6.
1231 2343 1255 2371 4,
1273 2344 1295 2365 8.
1314 2343 1439 2371 Csr.supra
1458 2343 1543 2371 Opusc.
1559 2343 1596 2365 XI.
1609 2343 1721 2371 Apologia
1740 2350 1827 2372 paupe-

984 2390 1049 2411 rum,
1066 2390 1086 2405 c.
1104 2384 1125 2405 3.
1144 2390 1166 2405 11.
1178 2383 1215 2405 20.
1231 2395 1258 2398 -
1272 2382 1331 2404 Vide
1352 2382 1419 2404 Caus.
1436 2382 1474 2403 20.
1495 2388 1518 2410 q.
1536 2381 1557 2404 [1.
1574 2388 1593 2404 c.
1616 2382 1633 2403 1.
1651 2385 1673 2404 61
1690 2382 1721 2404 111.
1740 2383 1827 2405 Decret.

985 2423 1079 2450 Gregor.
1098 2423 1135 2444 tx.
1154 2422 1184 2444 tit.
1203 2422 1241 2444 31.
1258 2428 1277 2444 c.
1300 2422 1336 2447 is,
1355 2420 1393 2443 ubi
1406 2421 1538 2443 conceditur
1555 2421 1643 2443 licentia
1659 2422 1791 2443 transeundi
1804 2422 1824 2444 in

985 2462 1133 2488 strictiorem,
1151 2467 1195 2483 non
1210 2461 1318 2483 laxiorem
1335 2460 1452 2483 Ordinem.
1469 2460 1526 2482 Vide
1544 2463 1620 2482 uotam
1633 2466 1682 2489 seq.
1693 2461 1715 2482 in
1729 2461 1781 2483 [ine.
1795 2474 1825 2478 —

986 2501 1096 2528 Superius
1107 2506 1150 2527 pro
1168 2500 1246 2522 tamen
1257 2506 1287 2521 ear
1304 2498 1481 2521 sublimioribus
1500 2499 1541 2525 (ita
1560 2498 1576 2520 Α
1587 2499 1603 2520 Β
1613 2499 1639 2528 C)
1657 2499 1710 2522 edd.
1722 2506 1782 2529 quae
1794 2501 1826 2523 ta-

985 2545 1039 2562 men
1058 2545 1088 2561 em
1109 2537 1288 2566 sublimiorum,
1310 2540 1332 2560 et
1349 2544 1390 2565 pro
1415 2539 1608 2567 recompensatur
1628 2538 1677 2560 Vat.
1694 2544 1827 2568 recommen-

985 2579 1081 2601 santur.

1047 2615 1057 2628 ⁶
1074 2615 1129 2643 Cap.
1153 2616 1175 2637 2.
1197 2627 1228 2631 -
1251 2614 1354 2637 Subinde
1376 2615 1488 2642 allegatur
1510 2615 1564 2637 Luc.
1591 2614 1628 2643 14,
1654 2616 1690 2637 29.
1714 2622 1762 2644 seq.
1782 2616 1827 2639 Csr.

985 2657 1074 2684 quaest.
1091 2654 1238 2682 praecedens.
1257 2653 1344 2676 Martin.
1361 2654 1411 2680 IV.‚
1428 2653 1546 2676 constitut.
1563 2653 1630 2676 Viam
1641 2653 1779 2678 ambitiosae
1790 2661 1827 2678 cu·

985 2692 1089 2722 piditatis
1107 2692 1147 2721 (1.1
1166 2693 1256 2715 Extrav.
1273 2698 1332 2714 com.
1351 2691 1411 2720 (libr.
1429 2692 1461 2714 111.
1479 2692 1511 2714 tit.
1529 2692 1560 2721 8.)
1577 2692 1708 2720 prohibuit,
1724 2699 1752 2716 ne
1769 2694 1830 2716 Men-

986 2731 1089 2754 dicantes
1105 2731 1213 2758 Religiosi
1231 2733 1347 2753 transeant
1362 2730 1392 2753 ad
1408 2731 1478 2753 alium
1495 2731 1618 2758 Ordinem,
1630 2731 1715 2754 Ordine
1732 2731 1828 2755 Carthu-

986 2770 1055 2793 siensi
1072 2770 1190 2792 dumtaxat
1206 2772 1313 2797 excepto,
1329 2769 1419 2798 absque
1431 2769 1495 2792 Sedis
1507 2770 1645 2798 apostolicae
1656 2771 1746 2793 licentia
1763 2771 1828 2799 prius

987 2808 1086 2831 obtenta.
1103 2809 1133 2831 Ex
1151 2809 1199 2831 aliis
1216 2811 1294 2836 postea
1312 2809 1424 2831 emanatis
1439 2808 1595 2832 decisionibus
1612 2809 1761 2832 Summorum
1774 2810 1830 2832 Pon-

988 2847 1074 2869 tificum
1091 2849 1190 2875 constat,
1207 2847 1333 2875 Regulares
1349 2848 1465 2875 professos
1481 2853 1527 2870 non
1544 2853 1613 2875 posse
1630 2848 1658 2870 ad
1676 2848 1745 2870 alium
1763 2848 1830 2871 Ordi-

987 2891 1053 2912 nem,
1070 2885 1139 2908 etiam
1155 2885 1304 2913 strictiorem,
1322 2886 1418 2909 transire
1434 2886 1484 2909 sine
1500 2886 1588 2908 licentia
1601 2886 1666 2909 Sedis
1678 2887 1829 2915 apostolicae;

987 2926 1029 2947 cfr.
1046 2925 1161 2947 Benedici.
1179 2925 1233 2947 ΧΙΙΙ,
1251 2924 1370 2948 Constitut.
1387 2925 1448 2949 Licet
1463 2931 1542 2948 sacra.

1051 2963 1059 2976 ⁷
1079 2964 1129 2986 Vat.
1142 2969 1188 2993 pro
1206 2963 1336 2992 demeritis,
1353 2963 1390 2987 vel
1405 2970 1498 2994 eyresso
1512 2964 1642 2994 poenitenti
1656 2966 1677 2988 et
1690 2965 1786 2995 petenti.

1051 3001 1060 3014 ⁸
1078 3002 1134 3025 Edd.
1150 3008 1195 3032 pro
1212 3002 1338 3026 demeritis.

1706 3050 1734 3073 tt
