2133 3317
770 222 1011 251 PROLEGOMENA
1033 223 1060 252 C.
1084 224 1112 252 11.

294 302 323 325 11.
340 301 431 325 Codices
447 307 461 324 a
477 300 542 324 nobis
558 307 602 323 non
618 299 707 323 collati.

143 396 180 418 15.
194 394 299 423 Brioeiae,
312 393 449 417 bibliotheca
462 394 623 423 Quinciniana,
635 394 688 416 cod.
700 394 726 416 ti.
740 394 776 416 Vl.
787 394 809 415 6.
822 393 921 416 membr.

81 444 103 466 in
120 443 142 465 8.
158 448 218 465 saec.
235 441 286 464 XV.
302 453 333 458 -
349 441 396 463 Fol.
409 441 465 463 328:
484 440 589 470 Epistola
601 439 679 463 sancti
695 440 868 463 Bonaventure.
886 440 921 462 In·

80 489 200 514 nominato
216 487 332 517 moyislro
350 490 391 510 etc.
411 487 496 509 Desinit
518 488 554 509 tol.
574 487 626 509 331.
639 490 664 509 111
680 487 703 509 10
721 487 794 509 editis.

146 537 179 558 16.
197 534 329 562 Bruerellis,
347 533 484 557 bibliotheca
506 534 589 562 Regia,
607 534 659 556 cod.
683 533 808 560 12167271,
825 533 855 556 110
874 540 921 562 quo

80 583 146 607 locuti
163 589 244 605 snmus
262 583 283 604 in
300 582 413 610 opusculo
434 581 580 610 praecedenti
603 581 647 603 sub
670 587 692 603 0.
719 581 752 603 11.
775 581 822 603 Hoc
843 581 922 609 incipit

81 636 132 653 cum
155 628 261 652 rubrica:
285 627 421 651 Etiminan'o
446 627 537 651 erroris
562 626 673 656 maqz'stri
697 628 780 650 contra
806 626 920 656 Requlam

81 676 141 700 beati
151 675 285 703 Francisci,
303 674 403 698 Domino
415 674 569 704 respondente
578 680 622 704 per
635 680 731 697 servum
743 680 815 696 suum
827 673 920 697 beatum

80 723 279 747 Bonaventuram.
298 721 447 745 Innominato
464 721 580 750 maqistro
597 724 639 743 etc.
658 721 758 743 Desinit:
775 722 797 744 et
815 721 836 744 si
852 727 920 744 roca-

80 770 138 794 verit
155 771 188 798 te,
205 775 253 792 non
269 775 371 792 recuses.
392 768 448 792 Vale
464 768 489 791 in
508 768 613 791 Domino.

143 816 179 839 17.
196 815 311 845 Friburyi
322 815 344 837 in
356 815 470 843 Helvetia,
488 814 624 837 bibliotheca
638 816 728 837 Patrum
742 815 852 838 lilinorum
866 814 921 838 Con-

81 863 233 890 ventualium,
250 862 302 885 cod.
322 863 359 884 23.
377 862 469 884 miscell.
487 868 546 884 sace.
568 862 619 884 XV.
640 862 746 884 ineuntis.
767 874 798 878 —
821 862 866 884 Fol.
884 862 921 884 52.

81 917 100 933 r.
111 913 144 933 est
160 915 260 938 sequens
277 909 366 931 titulus:
385 909 551 932 Bonaoentura
566 915 641 938 supra
653 908 794 938 quibusdam
811 909 921 933 articulis

81 956 173 986 Requle.
190 955 339 979 Innominato
356 955 471 984 mayistro
488 958 532 978 etc.
544 955 603 977 Finis
620 958 654 977 est
670 956 707 977 101.
719 955 755 977 55.
774 962 809 978 v.:
829 962 877 979 non
888 963 922 979 re-

81 1009 154 1028 cuses.
163 1002 273 1032 Eoeplz'cit.
285 1015 317 1019 —
326 1002 405 1026 Cessat
414 1002 510 1032 pictura
522 1002 600 1025 divino
612 1002 721 1032 docmate
728 1009 794 1032 pura
805 1016 837 1020 —
849 1010 921 1033 quam

81 1050 246 1074 Bonaventura
264 1048 370 1078 depinxit
386 1055 434 1071 non
450 1048 500 1072 sine
517 1055 583 1071 cura.

148 1098 179 1119 18.
198 1095 309 1124 Londini,
327 1096 429 1118 collectio
447 1096 570 1124 Harleana,
587 1096 638 1118 cod.
656 1097 724 1119 3995.
743 1096 840 1119 membr.
860 1097 882 1119 in
901 1097 922 1120 4.

81 1149 140 1167 saec.
158 1143 208 1166 XV.
225 1155 255 1159 —
274 1143 320 1165 i-loc
337 1142 476 1170 opusculum
488 1142 565 1170 incipit
584 1143 620 1164 fol.
633 1142 669 1164 57.
687 1149 705 1164 r.
718 1143 767 1165 sine
784 1143 828 1165 ullo
846 1144 922 1166 titulo:

82 1189 230 1213 Innominato
248 1187 364 1218 nzaqsstro
381 1191 424 1210 etc.
442 1188 528 1210 Desinit
545 1189 583 1211 sol.
602 1189 639 1211 59.
657 1195 680 1211 v.
697 1192 721 1211 ut
738 1189 760 1211 in
778 1190 853 1212 editis.

147 1237 180 1258 19.
198 1236 266 1258 lenae
282 1236 304 1257 in
322 1235 443 1262 Boi-assia,
460 1234 597 1258 bibliotheca
610 1235 781 1263 Universitatis,
800 1237 822 1258 11.
837 1237 920 1260 collect.

82 1283 182 1306 Bossian.
199 1283 250 1305 cod.
275 1285 319 1305 oct.
341 1282 374 1304 tt.
401 1282 492 1304 miscell.
511 1288 569 1304 saec.
596 1282 646 1304 XV.
663 1294 694 1298 —
711 1283 758 1305 Hoc
783 1284 921 1311 opusculum

82 1330 160 1358 incipit
176 1330 214 1352 sol.
231 1330 285 1352 298.
303 1336 324 1352 v.
343 1328 436 1351 verbis:
454 1328 583 1358 Proponis,
602 1328 750 1357 charissime,
775 1331 802 1353 ut
818 1329 860 1353 tibi
875 1332 922 1353 tres

82 1376 178 1400 articuli
194 1375 221 1399 de
237 1375 328 1405 Reyula
344 1375 462 1398 Fratrum
483 1375 605 1399 Minoi-um
626 1375 759 1399 solvantur.
784 1377 868 1399 Desinit
885 1378 923 1400 tol.

83 1424 134 1446 301.
152 1430 187 1445 v.:
204 1425 226 1446 et
241 1422 264 1446 si
287 1422 406 1446 vocaverit
422 1424 454 1450 le,
471 1428 520 1445 non
543 1428 646 1446 recuses.
665 1421 742 1446 «1477.
762 1423 867 1453 Explicit
883 1423 921 1447 eli-

82 1470 180 1494 minatio
197 1475 309 1493 errorum
320 1469 384 1493 circa
403 1469 515 1499 Regulam
529 1469 590 1492 beati
606 1469 730 1493 Francisci
737 1476 781 1500 per
799 1470 921 1494 dominum

82 1517 282 1541 Bonaventuram.

144 1565 182 1587 20.
198 1563 298 1591 Ibidem,
318 1564 339 1586 in
357 1563 440 1586 eodeni
458 1564 550 1591 codice,
566 1564 606 1586 sed
624 1563 653 1586 ab
671 1564 712 1586 alia
731 1571 799 1587 manu
817 1565 921 1587 eiusdem

82 1611 178 1638 saeculi,
196 1614 229 1633 est
245 1611 307 1633 aliud
324 1611 486 1638 apographum
504 1611 572 1633 huius
592 1611 696 1638 opusculi
714 1612 751 1633 sol.
774 1612 826 1634 315.
843 1618 861 1634 r.
879 1611 923 1634 sub

82 1659 126 1681 hoc
142 1658 218 1680 titulo:
237 1657 321 1687 Incipit
331 1657 429 1687 epistola
446 1656 537 1680 domini
551 1657 636 1687 fratris
648 1658 813 1681 Bonaventure
830 1658 862 1681 ad
872 1664 923 1681 ma-

82 1704 185 1734 yistrum
202 1703 386 1728 Guillerrimum
399 1703 450 1731 (sic)
468 1703 496 1726 de
512 1705 593 1727 sancto
606 1705 699 1727 Amore.
714 1704 862 1728 Innominato
874 1711 924 1728 ma-

83 1751 157 1781 =qistro
174 1753 218 1774 etc.
234 1751 320 1773 Desinit
340 1751 377 1772 sol.
395 1751 447 1773 320.
464 1756 495 1773 r.:
513 1756 561 1773 non
578 1756 679 1773 recuses.
701 1750 755 1774 Vale
772 1751 796 1773 in
812 1751 921 1775 Domino.

81 1798 164 1821 Amen.
182 1797 285 1827 Eoeplicit
302 1797 399 1826 epistota
416 1796 507 1820 domiui
523 1797 608 1826 fratris
620 1797 784 1820 Bonaventure
803 1798 835 1821 ad
851 1798 924 1828 mayi-

82 1845 161 1867 strum
178 1843 361 1867 Guillerrimum
378 1843 405 1866 de
421 1844 503 1866 sancto
520 1844 615 1866 Amore.

146 1891 184 1912 21.
201 1890 333 1918 Lucernae,
357 1889 493 1912 bibliotheca
513 1889 653 1917 Cantonalis,
675 1890 726 1913 cod.
756 1891 789 1913 tl.
810 1892 880 1913 chart.
902 1891 925 1913 in

84 1937 120 1959 12.
137 1943 196 1959 saec.
215 1937 266 1959 XV.
283 1950 312 1952 —
330 1937 381 1959 Post
398 1937 439 1958 alia
452 1943 522 1964 opera
542 1937 577 1959 sol.
595 1943 611 1959 r.
626 1944 670 1960 non
688 1940 807 1960 numerato
824 1940 858 1960 est
875 1938 924 1960 titu-

83 1983 118 2006 lus
134 1984 203 2006 liuius
221 1983 255 2006 his
281 1983 371 2006 verbis:
389 1982 494 2012 Epistola
518 1983 596 2006 sancti
614 1983 776 2007 Bonarenture
800 1984 832 2007 ad
852 1984 925 2014 maai-

83 2030 163 2053 strum
180 2029 355 2052 innominatum
367 2029 493 2052 eliminans
510 2035 618 2052 errorem
635 2031 720 2052 contra
737 2029 851 2059 Reputam
864 2029 927 2053 beati

84 2075 219 2104 Francisci‚
238 2075 336 2099 Domino
358 2075 512 2105 respondente
534 2082 579 2105 per
598 2081 694 2099 servum
719 2082 790 2099 suum
814 2078 925 2099 sanctum

83 2123 283 2146 Bonacenturam.
302 2122 451 2145 Innominato
468 2122 584 2151 maqistro
602 2125 644 2144 etc.
662 2122 760 2144 Desinit:
778 2123 799 2145 el
815 2122 836 2145 si
857 2128 926 2146 voca-

83 2169 144 2193 verit
159 2171 192 2197 te,
210 2175 257 2192 nou
274 2175 375 2192 recuses.
397 2169 451 2192 Vale
469 2169 494 2191 in
512 2169 619 2192 Domino.

147 2216 183 2238 22.
200 2214 321 2239 Monacltii
339 2216 360 2237 in
387 2215 495 2242 Bavaria,
520 2215 658 2238 bibliotheca
684 2215 853 2243 Universitatis,
874 2215 926 2238 cod.

85 2263 134 2285 ‹t5.³
151 2263 173 2285 ln
192 2263 213 2285 8.
230 2268 290 2285 saec.
312 2262 362 2284 XV.
379 2275 410 2278 —
427 2262 569 2290 Opusculum
587 2262 667 2290 incipit
692 2263 729 2285 t‘ol.
747 2263 801 2285 266.
825 2269 848 2285 v.
872 2269 926 2285 cum

86 2310 163 2332 titulo:
181 2309 317 2333 Etnnnuztio
330 2309 420 2332 erroris
433 2309 543 2338 Maqistri
559 2311 643 2332 contra
655 2309 768 2339 Regulam
781 2309 842 2333 beati
852 2310 927 2333 Fran·

85 2355 152 2384 cisci,
165 2355 264 2379 Domino
275 2355 429 2385 respondente
437 2362 481 2385 per
493 2362 588 2379 servum
600 2362 671 2379 suum
683 2357 794 2380 sanctum
806 2357 927 2379 Bonaveu-

86 2403 173 2425 turam.
190 2402 276 2425 Desinit
294 2403 329 2425 tol.
348 2402 401 2424 273.
418 2409 453 2424 v.:
470 2408 518 2425 non
535 2408 635 2425 recuses.
657 2402 712 2426 Vale
728 2402 753 2425 in
770 2403 878 2426 Domino.

148 2450 185 2472 23.
204 2448 303 2477 Ooeonii,
321 2449 458 2472 bibliotheca
472 2449 591 2477 Canonic.,
603 2449 654 2472 cod.
667 2450 703 2472 91.
715 2451 787 2472 chart.
798 2450 820 2472 in
834 2450 854 2472 4.
866 2456 925 2473 saec.

87 2495 138 2518 XV.
155 2496 260 2518 ineuntis.
278 2508 309 2513 —-·
325 2496 370 2518 Fol.
390 2496 431 2518 46:
449 2496 531 2525 Incipit
548 2496 645 2525 epistola
659 2496 750 2519 domini
765 2497 841 2520 sancti
853 2497 927 2520 Bona·

87 2543 182 2565 venture
199 2542 223 2565 in
240 2542 392 2572 responsione
409 2542 562 2572 quorundam
579 2542 706 2566 dubiorum
725 2543 788 2566 circa
812 2543 927 2573 Requlam

90 2587 202 2612 Fratrum
219 2589 349 2612 Minorum.
367 2588 493 2618 proponis,
513 2588 652 2612 charissime
668 2593 711 2612 etc.
728 2590 813 2612 Desinit
831 2591 867 2612 toi.
884 2591 926 2612 59:

87 2635 109 2658 si
124 2635 240 2659 vocaverit
256 2637 287 2664 te,
305 2641 352 2658 non
370 2641 470 2659 recuses.

149 2682 186 2705 24.
205 2682 314 2710 Parisiis,
332 2682 469 2705 bibliotheca
487 2683 622 2711 Nationalis,
639 2683 690 2705 cod.
710 2684 792 2706 18327.
814 2685 884 2706 chart.
905 2684 927 2706 in

90 2728 111 2751 i.
132 2735 190 2751 saec.
216 2729 266 2752 XV.
290 2730 399 2752 exeuntis.
417 2742 447 2746 —
468 2730 514 2752 Fol.
547 2730 596 2752 165.
622 2736 660 2752 v.:
687 2730 803 2759 Incipiunt
827 2729 928 2760 quedam

88 2775 181 2804 epistole
197 2776 274 2799 sancti
290 2777 453 2800 Bonacenture
470 2778 491 2799 et
510 2776 590 2806 primo
612 2776 645 2799 ad
666 2776 807 2806 magistrum
830 2777 928 2800 innomi-

88 2823 172 2845 natum
191 2822 317 2846 eliminans
339 2829 446 2846 errorem
471 2824 555 2846 contra
577 2822 690 2852 [legulam
712 2822 772 2846 beati
793 2823 927 2851 Francisci,

89 2867 182 2892 domino
199 2869 352 2899 respondente
369 2876 411 2899 per
432 2876 504 2893 suum
529 2875 625 2893 servum
642 2869 758 2893 Sanctum
783 2870 928 2893 Bonaoentu-

90 2921 150 2938 ram.
170 2916 254 2939 Desinit
270 2917 306 2939 sol.
329 2917 378 2939 ¹70.
395 2923 427 2940 1·.;
445 2916 473 2940 Si
493 2917 611 2940 vocaverit
633 2919 666 2944 te,
683 2923 731 2940 non
747 2922 849 2940 recimer.
875 2917 929 2940 Vale

89 2961 114 2986 in
132 2963 238 2987 Domino.

1742 225 1818 253 LXIX

1041 302 1077 324 25.
1096 302 1210 330 Parmae,
1233 301 1369 325 bibliotheca
1394 302 1481 331 Regia,
1506 303 1557 325 cod.
1584 303 1635 325 112.
1661 304 1732 325 chart.
1750 303 1773 325 in
1796 304 1817 325 8.

978 353 1038 370 saec.
1056 348 1105 370 XV.
1123 361 1152 364 —
1170 349 1248 377 Incipit
1265 350 1402 377 opusculum
1421 350 1456 372 sol.
1470 350 1507 372 20,
1525 356 1542 372 r.
1560 356 1612 372 cum
1630 349 1706 372 titulo:
1726 348 1818 373 Dubita-

978 393 1009 416 tio
1026 394 1114 423 triple-1:
1131 394 1154 417 in
1167 395 1269 424 Ileaula:
1280 395 1439 425 paupertatis,
1453 395 1540 419 laboris
1552 397 1573 419 et
1588 395 1666 419 studio
1680 396 1739 425 (sic).
1751 397 1819 419 Iuno-

976 440 1066 463 minato
1090 441 1206 471 mayistro
1230 446 1274 464 010.
1291 442 1377 465 Desinit
1403 443 1439 465 sol.
1465 444 1503 465 22.
1519 449 1550 465 r.:
1567 444 1588 466 et
1604 442 1627 466 si
1646 444 1667 466 te
1688 442 1816 471 vocaverit,

976 493 1024 510 non
1044 493 1145 511 recuses.
1166 488 1213 511 Alia
1239 495 1321 511 manus
1342 489 1446 512 eiusdem
1472 489 1555 512 saeculi
1581 490 1684 512 addidit:

977 534 1084 558 Domino.

1040 582 1078 603 26.
1095 581 1192 609 Romae,
1212 581 1348 604 bibliotheca
1367 582 1497 609 Barberini,
1514 583 1566 605 cod.
1588 583 1625 604 Xl.
1650 582 1700 605 «149.
1719 582 1818 605 membr.

977 634 1036 651 saec.
1054 629 1112 651 le.
1129 641 1160 645 —
1177 629 1282 651 Postalia
1300 630 1336 652 sol.
1354 636 1398 652 0011
1410 634 1543 652 numerato:
1561 629 1646 659 Incipit
1660 630 1759 659 epistola
1769 630 1818 660 fra-

1716 489 1769 513 Vale
1793 488 1818 513 in

977 675 1021 698 tris
1039 676 1203 698 Bondrenture
1227 676 1345 705 yeneralis
1366 676 1471 700 Ministri
1491 676 1566 700 missa
1587 676 1684 700 cuidam
1701 677 1817 707 maqistro

977 727 1050 751 super
1061 721 1137 744 dubiis
1149 722 1219 745 motis
1235 722 1265 745 ab
1282 722 1331 752 ipso
1344 729 1416 752 super
1434 723 1547 752 Reqntam
1560 723 1675 746 Fratrum
1687 723 1817 747 Minorum.

978 769 1063 790 Desinit
1082 768 1174 791 verbis:
1191 771 1212 792 et
1228 769 1250 792 si
1265 770 1285 792 te
1303 769 1431 797 vocaverit,
1453 776 1500 793 non
1518 776 1618 793 recuses.
1640 770 1700 793 Vale.

1041 815 1078 837 27.
1095 814 1192 843 Ibidem,
1218 815 1355 838 bibliotheca
1380 816 1498 839 Societatis
1522 817 1583 845 lesu,
1601 817 1653 840 cod.
1671 818 1692 839 2.
1718 817 1817 841 membr.

977 867 1037 883 saec.
1050 862 1109 884 XlV.
1121 862 1272 884 01000115.-
1290 863 1347 885 Huic
1364 864 1475 891 opusculo
1493 864 1645 891 praemittitur
1661 871 1672 886 a
1692 865 1817 892 posteriore

978 914 1047 930 manu
1066 908 1101 930 sol.
1124 909 1141 930 1.
1159 915 1194 930 ν.;
1212 908 1318 938 Epistola
1335 909 1481 933 innominata
1498 909 1622 940 mayistro.
1639 911 1724 933 Desinit
1742 911 1779 933 sol.
1796 911 1817 933 3.

977 961 1000 977 v.
1018 957 1043 977 ut
1059 955 1080 977 10
1097 955 1172 977 editis.

1041 1003 1077 1024 28.
1095 1002 1237 1032 Scafflrusae
1254 1002 1439 1032 (Schaffhausen)
1452 1004 1474 1026 in
1486 1005 1600 1031 Helvetia,
1613 1004 1749 1027 bibliotheca
1761 1005 1818 1027 Civi-

979 1048 1041 1076 tatis,
1058 1049 1109 1071 cod.
1127 1049 1154 1075 5,
1172 1049 1201 1071 de
1215 1055 1262 1078 quo
1279 1050 1369 1077 egimus
1386 1056 1456 1078 supra
1473 1051 1495 1072 in
1512 1052 1624 1078 opusculo
1636 1051 1691 1074 Vlll.
1703 1052 1749 1074 0.1.
1762 1058 1783 1074 n.
1795 1052 1818 1074 5.

978 1096 1038 1118 l-laec
1055 1095 1149 1123 epistola
1168 1095 1246 1123 incipit
1263 1096 1301 1118 sol.
1318 1096 1356 1118 38.
1373 1103 1396 1118 v.
1413 1097 1460 1119 sine
1482 1097 1557 1119 titulo:
1579 1097 1728 1120 Innominato
1745 1098 1818 1127 maai-

977 1143 1027 1164 stro
1045 1144 1087 1163 ete.
1106 1142 1191 1164 Desinit
1208 1143 1244 1164 sol.
1262 1143 1299 1164 31.
1317 1149 1339 1165 v.
1360 1149 1411 1165 01101
1434 1144 1538 1172 sequenti
1563 1143 1693 1166 additione:
1716 1144 1818 1174 Explicit

977 1188 1106 1211 eliminatio
1123 1195 1236 1212 errorum
1248 1189 1359 1218 maai'stri
1374 1191 1458 1213 contra
1470 1189 1585 1219 Requlam
1602 1189 1663 1213 beati
1678 1190 1814 1219 Franctsci,

979 1235 1079 1258 Domino
1100 1235 1253 1265 respondente
1271 1242 1316 1265 per
1336 1242 1433 1259 servum
1453 1242 1525 1259 suum
1547 1237 1752 1266 Banaventuram,
1775 1238 1817 1267 qui

978 1283 1035 1304 tunc
1051 1282 1114 1305 remit
1131 1281 1238 1305 Parisius
1255 1284 1277 1305 et
1286 1284 1339 1312 post
1355 1283 1434 1312 factus
1446 1285 1479 1306 est
1490 1282 1597 1307 Minister
1614 1283 1732 1312 aenei-alis
1749 1283 1817 1313 septi-

978 1334 1032 1352 mus
1049 1335 1065 1351 a
1079 1328 1196 1358 principio
1215 1328 1311 1352 Ordinis
1327 1329 1435 1359 fratrum
1452 1329 1579 1353 Minorum.

1042 1376 1078 1398 29.
1102 1375 1276 1404 Wratislaoiae,
1295 1376 1432 1399 bibliotheca
1451 1377 1619 1404 Universitatis,
1643 1378 1695 1400 cod.
1718 1378 1732 1400 l.
1752 1378 1818 1400 class.

979 1422 1002 1444 10
1020 1422 1041 1445 4.
1059 1423 1095 1444 33.
1113 1423 1183 1444 chart.
1200 1429 1260 1445 saec.
1281 1423 1330 1445 XV.
1348 1435 1378 1440 —
1396 1424 1448 1445 Post
1466 1423 1507 1445 alia
1525 1430 1595 1451 opera
1618 1424 1655 1446 iol.
1673 1424 1726 1446 11118.
1743 1431 1767 1446 ν.
1784 1428 1818 1447 est

978 1470 1034 1491 haec
1052 1469 1159 1491 rubrica:
1176 1469 1288 1499 Sequitur
1306 1469 1469 1493 determinatio
1486 1469 1638 1499 quorundam
1657 1470 1818 1494 articulorum

978 1515 1005 1538 de
1022 1515 1111 1545 Regula
1129 1516 1245 1539 Fratrum
1257 1516 1378 1539 Minorum
1392 1523 1437 1546 per
1450 1516 1572 1540 dominum
1584 1517 1674 1540 Bonam
1692 1518 1817 1540 venturam

978 1564 1034 1586 tunc
1052 1563 1175 1592 Beyentem
1189 1562 1345 1592 parisiensem
1362 1563 1423 1586 edita
1439 1565 1461 1586 et
1472 1563 1613 1586 transmissa
1631 1562 1726 1586 cuidam
1742 1563 1766 1586 in
1778 1570 1816 1586 ar-

979 1609 1039 1632 tibus
1056 1609 1191 1632 liberalibus
1219 1609 1344 1639 Maqistro,
1370 1616 1453 1633 averso
1478 1609 1507 1633 ab
1533 1609 1621 1633 Ordine
1639 1616 1682 1639 per
1700 1610 1817 1640 quosdam

978 1656 1069 1679 emulos
1086 1655 1185 1679 atterius
1204 1655 1299 1679 Ordinis
1320 1655 1452 1685 reliqiosos.
1473 1655 1588 1686 Maqistro
1610 1655 1756 1679 innominata
1773 1656 1816 1686 spi-

979 1702 1054 1725 ritum
1071 1705 1114 1724 etc.
1136 1702 1221 1724 Desinit
1243 1702 1279 1724 tol.
1298 1701 1335 1724 94.
1356 1708 1385 1724 r.:
1408 1703 1430 1725 et
1445 1702 1467 1725 si
1482 1703 1503 1725 te
1524 1702 1616 1726 vocavit
1637 1702 1700 1731 (sic),
1717 1709 1765 1725 non
1783 1708 1818 1726 re-

980 1754 1047 1772 cuses
1065 1750 1105 1772 etc.
1124 1748 1171 1771 Deo
1187 1748 1286 1777 qratias.

1043 1796 1079 1818 30.
1097 1795 1196 1823 Ibidem,
1214 1796 1266 1818 cod.
1289 1796 1325 1818 lV.
1341 1796 1407 1818 class.
1425 1796 1447 1818 in
1474 1795 1495 1818 4.
1519 1796 1568 1818 193.
1590 1797 1662 1818 chart.
1679 1802 1739 1819 saec.
1765 1796 1817 1819 XV.

980 1856 1010 1859 —
1027 1843 1074 1865 roi.
1090 1843 1142 1865 223.
1160 1849 1178 1865 r.
1197 1843 1371 1870 praemittuntur
1388 1843 1500 1870 opusculo
1517 1843 1597 1865 eadem
1615 1842 1700 1870 verba,
1717 1848 1777 1872 quae
1794 1843 1817 1865 in

981 1890 1137 1918 praecedenti,
1154 1895 1206 1912 01101
1225 1896 1271 1918 quo
1289 1890 1388 1917 perfecte
1405 1889 1524 1917 convenit,
1541 1889 1609 1912 ctiam
1621 1890 1643 1912 in
1661 1890 1719 1917 tine,
1730 1889 1770 1918 qui
1784 1895 1820 1912 oc-

981 1937 1051 1959 currit
1068 1937 1104 1959 sol.
1122 1937 1176 1958 226.
1192 1943 1210 1958 r.
1227 1936 1286 1959 circa
1304 1936 1414 1959 medium.

1044 1983 1058 2011 g
1075 1983 1096 2005 3.
1114 1981 1248 2011 Opusculum
1269 1981 1332 2004 xm.
1356 1981 1558 2005 neterminationes
1581 1981 1737 2012 quaestionum
1759 1981 1821 2005 circa.

982 2029 1092 2059 Regulam
1108 2029 1216 2052 Fratrum
1232 2028 1352 2052 Minorum.

1045 2083 1066 2099 a.
1083 2077 1130 2098 liae
1146 2075 1357 2099 Detur-minutiones
1375 2076 1500 2104 incipiunt:
1520 2085 1530 2096 α
1542 2076 1600 2099 Cum
1618 2077 1676 2099 inter
1700 2077 1756 2099 alios
1780 2077 1821 2100 Or-

982 2123 1048 2146 dines
1065 2123 1232 2150 Religiosorum
1247 2132 1256 2143 ιι
1277 2126 1318 2145 etc.
1344 2123 1459 2145 Genuinas
1484 2123 1576 2146 easdem
1601 2129 1652 2145 esse
1674 2126 1722 2146 tum
1743 2123 1821 2152 quoad

983 2170 1081 2198 primam
1100 2173 1148 2192 tum
1166 2170 1243 2198 quoad
1260 2170 1385 2192 secundam
1403 2173 1491 2198 partem
1510 2172 1603 2192 censent
1619 2170 1735 2197 Oudinus,
1752 2170 1821 2193 edito-

982 2223 1019 2239 res
1038 2217 1128 2243 veneti,
1146 2216 1251 2239 Sbaralea
1270 2220 1292 2239 et
1308 2217 1392 2239 Bonelli
1408 2217 1547 2245 (Prodrom.‚
1570 2217 1611 2239 col.
1629 2217 1692 2246 611).
1711 2218 1774 2244 ipsae
1790 2216 1822 2238 vi-

982 2263 1065 2286 dentur
1077 2264 1152 2291 primo
1164 2269 1214 2286 esse
1231 2263 1305 2286 editae
1325 2263 1346 2285 in
1364 2263 1494 2286 collectione
1511 2264 1673 2291 opusculorum
1686 2263 1822 2291 Argentinae

983 2311 1041 2332 sacta
1058 2316 1094 2332 an.
1112 2310 1182 2337 lt953
1194 2309 1277 2332 deinde
1289 2309 1402 2332 habentur
1413 2310 1434 2331 in
1452 2309 1645 2338 subsequentibus
1661 2310 1716 2332 etin
1729 2310 1822 2333 Firma-

982 2358 1060 2380 mento
1077 2356 1150 2379 trium
1166 2356 1284 2379 Ordinum
1296 2356 1320 2379 S.
1335 2356 1468 2384 Franciscz',
1486 2356 1554 2378 paris.
1573 2356 1639 2379 1512.
1657 2356 1822 2379 Adscribuntur

983 2404 1158 2426 Bonaventurae
1174 2403 1242 2425 011301
1263 2403 1284 2425 10
1305 2403 1409 2425 indiculis
1427 2403 1518 2425 Mariani
1536 2403 1654 2426 Florentini
1671 2406 1693 2425 et
1709 2403 1823 2431 Anonymi

982 2450 1136 2476 pistoriensis,
1153 2456 1280 2478 omnesque
1300 2450 1312 2472 6
1330 2450 1422 2472 codices
1441 2450 1498 2472 intra
1521 2450 1584 2475 relati
1601 2456 1643 2478 pro
1667 2450 1739 2478 prima
1758 2453 1823 2478 parte

983 2497 1044 2519 idem
1062 2500 1178 2519 testantur.

1047 2544 1069 2566 h.
1089 2543 1190 2566 Diximus
1206 2549 1250 2572 pro
1264 2543 1344 2573 prima
1359 2544 1440 2572 parte,
1458 2543 1512 2572 quia
1530 2549 1572 2571 pro
1589 2544 1689 2567 secunda
1702 2547 1766 2572 parte
1778 2550 1822 2566 non

984 2590 1097 2613 habemus
1122 2592 1201 2612 testem
1227 2590 1270 2612 nisi
1296 2596 1367 2612 unum
1393 2590 1495 2612 codicem
1521 2591 1650 2613 Romanum
1676 2591 1699 2613 in
1724 2590 1823 2619 Collegio

984 2638 1006 2659 S.
1025 2637 1115 2663 isidori,
1132 2637 1172 2665 qui
1184 2643 1244 2659 01100
1257 2636 1287 2658 ihi
1305 2637 1404 2665 amplius
1421 2643 1466 2659 000
1484 2636 1604 2660 101’0011111·.
1618 2638 1677 2660 Η300
1694 2637 1755 2660 enim
1771 2644 1824 2665 pars

984 2685 1007 2706 in
1028 2683 1137 2706 omnibus
1162 2683 1353 2711 praecedentibus
1377 2684 1517 2706 editionibus
1534 2684 1645 2712 impressa
1665 2686 1699 2706 est
1716 2687 1824 2713 tanquam

985 2731 1122 2759 opusculum
1139 2731 1270 2753 distinctum
1289 2737 1342 2753 cum
1359 2731 1452 2758 speciali
1474 2731 1552 2753 titulo:
1577 2730 1644 2754 Liber
1665 2730 1823 2760 apoloqeticus

984 2778 1010 2801 in
1026 2783 1064 2801 eos
1080 2777 1122 2807 qui
1139 2777 1224 2800 Ordini
1240 2777 1356 2800 Fratrum
1379 2777 1500 2801 Minorum
1516 2777 1675 2801 adversantur
1692 2777 1756 2806 (vide
1767 2779 1823 2801 infra

985 2830 1039 2852 pag.
1057 2824 1114 2850 356,
1132 2827 1207 2846 notam
1229 2824 1269 2852 6.).
1285 2824 1330 2846 Sed
1348 2825 1408 2846 hunc
1425 2824 1508 2846 librum
1525 2824 1693 2852 apologeticum
1711 2830 1757 2847 non
1774 2831 1825 2847 esse

986 2871 1028 2893 nisi
1045 2870 1161 2900 quandam
1180 2871 1373 2892 continuationem
1391 2871 1478 2898 primae
1498 2872 1579 2893 harum
1597 2871 1824 2894 Determinationum

987 2917 1070 2945 partis,
1088 2919 1175 2938 certum
1193 2915 1259 2938 nobis
1276 2922 1327 2938 esse
1343 2916 1441 2939 vitietur.
1459 2917 1537 2939 Deficit
1554 2917 1576 2939 in
1593 2923 1621 2940 eo
1643 2918 1737 2940 omnino
1753 2918 1825 2946 prolo-

988 2970 1033 2992 gus
1043 2967 1065 2986 et
1077 2963 1181 2986 absolute
1193 2963 1270 2992 incipit
1282 2964 1317 2986 his
1329 2964 1418 2987 verbis:
1438 2973 1449 2984 ιι
1461 2965 1551 2987 Praeter
1563 2965 1619 2992 hoc,
1631 2965 1695 2993 quod
1711 2965 1825 2992 surripitis
