2133 3317
825 208 1068 238 PROLEGOMENA
1089 209 1118 238 C.
1141 210 1159 238 1.

116 288 207 312 verbis:
223 288 256 312 ad
271 288 334 319 quod
350 293 393 311 nos
414 287 533 317 perducat
554 288 619 311 Iesus
642 288 701 310 oetus
726 286 750 310 in
767 286 848 310 secula
868 286 958 310 seculo-

116 342 173 359 ram
191 335 329 359 benedictus.
346 335 428 358 Amen.

184 383 233 405 160.
250 381 349 409 Ibidem,
367 381 420 404 cod.
436 380 521 403 23449.
538 380 637 403 membr.
654 386 714 403 saec.
731 380 791 403 XlV.
808 380 911 402 exeuntis
930 385 958 402 cx

115 429 222 459 pluribus
237 430 379 456 compactus.
395 440 427 445 —
443 428 489 450 Fol.
507 428 544 450 33.
561 434 584 450 v.
601 428 681 455 incipit
696 427 834 456 opusculum
853 428 896 449 hoc
908 427 958 449 sine

116 476 180 499 titulo
197 478 220 498 et
235 475 337 498 decurrit
353 481 428 504 usque
444 474 474 497 ad
491 475 527 497 101.
546 474 582 497 43.
597 481 623 502 r.,
635 474 675 497 ubi
687 474 771 497 desinit
781 474 860 497 verbis
871 480 923 502 cap.
937 474 958 496 3.

115 528 139 545 n.
155 522 182 544 7:
199 523 222 545 et
237 521 346 545 osculum
370 523 393 545 et
415 521 568 551 amplexum,
585 520 617 544 ad
641 520 705 551 quod
720 527 764 544 nos
777 519 895 550 perducat
917 520 959 550 qui

114 569 165 593 sine
181 569 228 600 fine
244 568 301 592 vivit
316 569 338 592 et
354 570 447 598 reynat.

180 615 232 638 161.
248 614 348 643 Ibidem,
365 615 389 637 in
405 615 489 637 eodem
506 614 586 637 codice
602 613 701 637 occurrit
718 613 779 636 idem
804 613 958 641 opusculum,

115 669 128 685 a
145 662 198 685 10110
217 661 269 685 154.
286 668 305 685 r.
322 668 397 691 usque
413 662 441 684 ad
460 662 539 684 1011010
558 661 611 684 159.
627 667 654 689 1·.,
672 660 711 684 0111
724 660 814 688 desinit,
825 660 862 683 vel
880 660 958 689 potius

115 709 193 732 deficit
209 708 288 731 verbis
304 714 355 737 cap.
373 709 395 731 2.
411 715 434 730 0.
453 709 488 730 12.
506 708 554 737 (cfr.
572 714 625 736 pag.
644 708 686 735 11,
697 709 750 730 nota
762 707 808 736 7.):
819 712 862 730 nec
879 708 959 730 tamen

115 755 247 780 liberamur
264 755 368 778 omnino.
386 754 490 785 Explicit
511 754 652 778 Itinerarias
675 753 759 777 mentis
782 753 805 776 in
824 754 908 777 Deum.
927 766 958 770 —-

115 803 181 826 Hunc
198 803 250 826 cod.
266 802 398 825 notavimus
414 805 470 825 lom.
490 802 517 825 V.
535 808 590 830 pag.
606 801 704 824 XXXlV
722 808 745 824 n.
760 801 784 824 7.

182 850 231 872 162.
249 848 348 877 Ibidem,
365 849 417 872 cod.
437 848 519 871 18186.
537 849 609 871 chart.
625 848 647 870 in
666 848 703 870 101.
720 853 780 871 5300.
797 848 849 870 XV.
866 860 897 865 —
911 847 957 870 Fot.

116 896 169 918 196.
185 902 208 918 v.
226 896 305 924 incipit
320 896 453 919 incendium
470 895 556 918 amoris
571 894 616 918 sub
633 895 708 917 titulo:
727 894 792 924 Opus
814 893 956 924 ylariosum,

116 942 179 973 quod
194 942 330 972 appellatur
347 942 489 970 trinarium,
512 948 556 972 per
580 941 704 965 dominum
721 941 812 964 Bonam
829 942 957 964 venturam

115 989 227 1013 Fratrem
244 989 361 1013 Minorem
377 991 399 1013 et
414 988 573 1017 cardinalem,
590 989 612 1011 et
625 989 702 1018 potest
713 987 833 1018 appellari
843 993 903 1017 opus
915 994 960 1011 au—

114 1042 190 1060 reum.
210 1035 269 1059 Cum
286 1035 363 1059 omnis
379 1035 476 1059 scientia
494 1038 537 1058 etc.
554 1035 640 1058 Desinit
656 1035 692 1058 101.
711 1036 765 1058 202.
781 1041 801 1058 r.
818 1041 859 1063 per
871 1034 956 1058 verba:

116 1085 138 1107 et
153 1083 197 1106 hoc
212 1084 247 1106 est
262 1082 397 1112 Seraphim.
415 1082 518 1112 Emplicit
535 1081 593 1105 liber
610 1081 728 1106 trinarius
745 1082 772 1105 B.
796 1082 959 1105 Bone'centure

117 1128 213 1152 Ordinis
229 1128 347 1152 Fratrum
363 1128 486 1152 Minoi-um
503 1130 525 1152 et
541 1127 680 1152 cardinalis.

182 1176 233 1198 163.
250 1175 350 1203 Ibidem,
368 1175 419 1198 cod.
436 1175 504 1198 5983.
522 1176 594 1198 chart.
613 1181 672 1198 sace.
690 1175 743 1198 XV.
760 1188 789 1191 —
806 1175 853 1198 Fol.
874 1175 925 1198 157.
941 1181 959 1198 r.

114 1222 211 1250 legitur:
228 1221 313 1252 Incipit
328 1228 432 1251 parvum
449 1221 537 1245 bonum
553 1222 726 1245 Bonaoenture.
744 1222 830 1244 Desinit
851 1222 887 1244 101.
908 1222 960 1244 170.

115 1275 148 1292 r.:
165 1269 190 1293 in
206 1268 253 1292 illis
270 1271 304 1292 est
319 1269 373 1299 fons
390 1269 442 1292 vite.
454 1268 559 1299 Empticit
569 1275 674 1299 parcum
686 1268 774 1292 bonum
785 1269 959 1292 Bonaeenture.

180 1316 233 1339 164.
252 1315 350 1345 Ibidem,
367 1316 420 1339 cod.
437 1316 507 1339 2729.
524 1315 622 1338 membr.
639 1316 662 1338 in
680 1316 702 1339 8.
718 1322 778 1339 saec.
797 1316 857 1338 XlV.
878 1321 960 1339 exeun·

117 1363 152 1386 tis.
169 1375 200 1380 —
216 1364 263 1386 Fol.
282 1363 334 1386 134.
351 1369 371 1386 r.
387 1363 482 1391 legitur:
499 1362 584 1392 Incipit
600 1362 692 1386 libellus
716 1362 802 1392 fratris
818 1363 883 1386 Bone
903 1363 960 1386 Ven-

117 1411 177 1438 ture,
189 1410 231 1440 qui
241 1409 328 1433 dicitur
345 1409 463 1434 Stimulus
480 1409 630 1433 consciencie.
646 1409 715 1438 Ecce,
727 1409 843 1439 descripsi
852 1416 905 1433 eam
917 1414 960 1433 etc.

117 1457 203 1480 Desinit
220 1458 256 1480 sol.
275 1457 327 1480 144.
345 1464 367 1480 ν.
384 1456 474 1480 verbis:
491 1456 587 1480 tertium
603 1456 739 1486 Seraphim.

181 1504 234 1526 165.
251 1503 349 1532 Ibidem,
368 1504 419 1527 cod.
436 1504 505 1527 2633.
523 1504 622 1527 membr.
639 1504 660 1527 in
679 1504 699 1527 8.
717 1510 776 1527 saec.
795 1505 855 1527 XlV.
872 1505 960 1527 ineunt.

117 1551 163 1573 iam
180 1554 272 1573 notatus
289 1554 344 1573 tom.
362 1552 390 1574 V.
407 1557 461 1580 pag.
479 1551 562 1574 XXVII
580 1558 601 1574 n.
624 1552 645 1574 8.
667 1564 698 1568 —
719 1552 862 1580 0005001010
879 1552 960 1581 incipit

118 1598 155 1620 tol.
173 1597 210 1620 94.
227 1604 246 1620 r.
263 1604 275 1620 a
293 1604 345 1626 cap.
362 1598 383 1621 1.
400 1604 423 1621 0.
439 1598 461 1621 7.
479 1598 571 1621 verbis:
589 1598 716 1622 crastina?
733 1598 841 1622 Secundo
861 1598 960 1622 acuitur

117 1650 172 1668 cum
188 1644 258 1668 homo
275 1644 410 1669 considerat
425 1645 568 1675 sanquinem
584 1645 623 1668 :cti
640 1645 743 1675 effusum
760 1648 802 1668 etc.
819 1645 907 1668 Desinit
923 1646 962 1668 vel

117 1691 194 1719 potius
211 1691 287 1714 deficit
304 1692 340 1714 101.
358 1691 396 1714 97.
413 1698 449 1714 v.:
465 1693 487 1715 et
503 1691 531 1715 de
547 1697 573 1715 eo
589 1691 666 1720 malo,
684 1691 748 1721 quod
769 1691 876 1720 adimus,
895 1691 961 1715 time-

116 1743 179 1761 mus.
195 1737 275 1761 Cetera
293 1739 383 1761 suerunt
399 1738 487 1760 avulsa.

181 1785 234 1807 166.
252 1784 350 1813 Ibidem,
367 1785 419 1808 cod.
439 1785 521 1807 18102,
538 1786 611 1808 chart.
629 1785 651 1807 in
669 1785 707 1808 101.
726 1791 786 1808 saec.
802 1785 852 1808 XV.
874 1797 905 1802 —
929 1787 961 1808 ln-

118 1832 173 1860 cipit
191 1832 226 1854 101.
245 1831 298 1854 294.
315 1838 332 1854 r.
350 1834 372 1854 ct
388 1832 471 1854 desinit
488 1832 540 1854 302.
558 1838 575 1854 r.
593 1838 645 1860 cap.
656 1832 677 1855 3.
690 1838 714 1855 0.
725 1832 753 1855 7:
769 1831 794 1855 iu
810 1831 960 1862 sequentibus

118 1878 255 1902 dominatur
272 1878 372 1908 affectio.
388 1878 493 1908 Explicit
509 1878 631 1908 speculum
651 1884 694 1902 seu
716 1878 858 1902 Itinerarias
874 1879 959 1902 mentis

117 1925 142 1949 in
158 1926 234 1948 Deum
250 1925 422 1948 Bonacenture.

181 1972 234 1995 ¹167.
250 1971 350 2000 Ibidem,
368 1972 421 1995 cod.
445 1972 515 1994 9068.
540 1973 612 1994 chart.
638 1972 659 1994 in
678 1973 700 1994 8.
720 1978 780 1995 saec.
797 1972 849 1995 XV.
867 1985 896 1988 —
913 1973 961 1995 Fol.

118 2019 171 2042 421.
187 2025 206 2042 r.
223 2019 301 2047 incipit
317 2019 421 2042 absolute
437 2025 450 2041 a
467 2019 577 2047 prologo:
594 2018 717 2049 Eciyz‘lans
734 2025 796 2042 vero.
815 2019 901 2042 Desinit
923 2020 961 2042 101.

119 2066 162 2089 437
180 2072 212 2088 r.:
229 2065 254 2089 in
270 2065 318 2089 illis
334 2067 367 2089 est
383 2065 437 2095 fons
454 2065 506 2089 vite.
522 2065 628 2095 Eoepticit
647 2072 752 2095 parvum
774 2065 862 2089 bonum
883 2066 962 2090 sancti

119 2113 290 2136 Bonaventure.

184 2160 234 2182 168.
251 2159 349 2188 Ibidem,
367 2159 419 2182 cod.
440 2160 521 2182 18573.
539 2160 611 2182 chart.
627 2160 649 2182 in
668 2160 688 2182 4.
705 2166 758 2182 saec
778 2160 830 2182 XV.
846 2172 878 2177 —
899 2159 959 2188 Opu-

118 2206 206 2229 sculum
224 2209 259 2228 est
275 2208 327 2234 post
343 2206 386 2228 alin
403 2212 474 2234 opera
492 2207 666 2229 Bonaventurae
683 2206 727 2229 sub
744 2206 850 2229 rubrica:
861 2206 900 2229 Ex
912 2208 959 2230 tra-

119 2253 183 2276 ctata
199 2251 303 2275 eiusdem
319 2252 347 2275 de
364 2252 454 2282 triplici
476 2254 532 2276 actu
557 2252 696 2276 ierarchico.
720 2254 758 2276 Est
783 2256 900 2276 exaratum
919 2259 960 2281 per

119 2299 214 2321 modum
232 2299 362 2327 schematis,
379 2302 401 2321 01
417 2299 499 2322 desinit
515 2305 567 2327 cap.
586 2300 608 2322 3.
625 2306 648 2322 n.
665 2299 687 2322 7.
705 2306 747 2328 per
764 2299 848 2322 verba:
865 2301 891 2323 at
904 2306 960 2329 per-

118 2345 227 2368 veniatur
244 2345 276 2368 ad
291 2345 441 2374 amplexam.

185 2392 235 2414 169.
253 2391 353 2420 Ibidem,
370 2392 422 2414 cod.
444 2392 525 2414 12591.
542 2393 613 2415 chart.
631 2393 653 2414 in
671 2393 707 2415 101.
731 2399 791 2416 saec.
809 2393 860 2415 XV.
878 2406 907 2409 —
926 2393 959 2415 ln-

119 2437 174 2466 cipit
189 2438 279 2467 absque
295 2439 341 2461 ullo
358 2438 421 2461 titulo
440 2439 477 2461 101,
499 2439 531 2461 19.
548 2445 579 2461 r.:
591 2439 661 2466 Ecce,
674 2438 790 2469 descripsi
799 2445 851 2462 eam
863 2442 906 2462 etc.
919 2440 961 2461 Dc-

119 2485 170 2508 sinit
194 2485 231 2507 vel
256 2485 333 2513 potius
357 2485 435 2508 deficit
460 2486 498 2508 101.
520 2486 557 2508 27.
580 2492 602 2508 ν.
624 2492 676 2514 030.
695 2487 717 2508 3.
734 2492 756 2508 n.
775 2487 796 2509 5.
814 2485 903 2509 verbis:
921 2486 962 2509 sed

119 2530 210 2554 habebit
226 2530 307 2554 lumen
324 2531 368 2554 vite
383 2533 474 2560 eterne,
492 2531 524 2555 ad
540 2537 613 2561 quam
630 2538 673 2555 nos
688 2532 806 2561 perducat
817 2533 882 2555 Iesus
894 2533 960 2556 xiiis.

119 2578 201 2601 Amen.

186 2625 236 2647 170.
253 2624 347 2653 Ibidem,
359 2625 411 2648 cod.
425 2626 508 2648 11929.
520 2626 590 2648 chart.
604 2625 624 2647 in
637 2626 658 2647 8.
676 2631 735 2648 sace.
748 2625 798 2648 XV.
810 2625 918 2648 exeuntis
934 2638 961 2641 —

120 2671 166 2694 Fol.
183 2671 237 2694 250.
253 2677 284 2694 r.:
302 2671 386 2701 Incipit
401 2678 505 2701 parvam
522 2671 610 2695 bonum
626 2672 650 2695 S.
664 2672 836 2699 Bovmcenture,
848 2671 912 2701 quod
925 2677 960 2694 oo-

121 2719 190 2741 calm·
207 2717 270 2740 Fons
286 2717 339 2741 vite.
355 2718 441 2740 Desinit
458 2718 495 2740 tol.
512 2719 564 2741 253.
577 2725 594 2740 r.
607 2717 699 2741 vorbis:
718 2717 850 2741 colitntarie
861 2718 962 2746 peniten-

120 2764 150 2788 tie
168 2764 279 2792 lamenta,
297 2770 356 2793 quac
373 2765 481 2792 leguntur
497 2771 548 2793 cap.
570 2765 587 2787 1.
605 2771 627 2787 n.
648 2766 682 2787 19.

187 2811 236 2833 171.
262 2810 355 2839 Ibidem,
380 2811 517 2834 bibliotheca
542 2812 711 2840 Universitatis,
736 2812 787 2834 cod.
814 2811 866 2834 344.
892 2811 914 2834 in
941 2813 961 2834 8.

120 2859 192 2880 chart.
209 2863 268 2880 saec.
286 2857 337 2880 XV.
353 2861 406 2880 ante
423 2858 534 2881 medium.
553 2871 583 2874 —
600 2859 646 2881 Fol.
664 2858 716 2880 237.
734 2864 752 2880 r.
769 2861 803 2881 est
814 2864 915 2887 sequens
927 2864 963 2880 ru-

122 2904 198 2927 brica:
215 2904 352 2928 Incendium
371 2904 406 2928 vel
419 2911 524 2934 parvum
540 2904 628 2928 bonum
652 2906 829 2933 Bonaventure,
844 2905 961 2935 prolapus

121 2950 146 2974 in
162 2952 214 2981 fine.
228 2951 297 2980 Ecce,
310 2951 423 2981 descripsi
439 2958 492 2975 eam
504 2954 547 2974 etc.
558 2952 718 2981 Prosequitur,
731 2956 755 2975 ut
767 2953 788 2975 in
800 2952 874 2980 editis,
887 2959 961 2981 usquo

1799 210 1855 239 XlX

1013 286 1041 309 ad
1061 287 1096 309 101.
1115 287 1168 310 216.
1184 294 1212 315 r.‚
1228 287 1265 311 cui
1282 287 1387 310 additur:
1404 286 1509 317 Explicit
1526 286 1596 315 liber,
1614 286 1655 317 qui
1665 289 1764 311 vocatur
1778 288 1856 310 Incen-

1013 332 1080 356 dium
1096 334 1186 358 amoris
1203 334 1251 358 sice
1272 341 1379 364 parvum
1404 334 1491 358 bonum
1511 333 1596 364 fratris
1613 334 1785 358 Bonaventure.
1803 334 1857 357 lnde

1013 378 1146 403 subiicitur:
1163 380 1277 410 Sequitur
1291 380 1410 411 proloyas
1422 380 1446 403 in
1454 379 1633 410 praecedentem
1645 381 1784 404 tractatum.
1802 380 1857 404 Evi-

1012 426 1092 456 qilans
1110 432 1190 450 vero...
1206 427 1318 451 conabor.
1343 428 1430 450 Desinit
1446 427 1537 450 verbis:
1554 427 1625 451 Istius
1649 426 1705 451 libri
1721 427 1803 451 titulus
1821 428 1856 451 In·

1013 472 1124 496 cendium
1140 473 1231 497 autoris
1248 474 1373 498 sortiatur.

1078 519 1130 542 172.
1147 519 1246 549 Ibidem,
1263 521 1316 544 cod.
1333 522 1370 544 97.
1387 522 1459 544 chart.
1476 522 1498 544 in
1515 522 1552 544 101.
1564 527 1624 544 saec.
1635 521 1686 544 XV.
1699 534 1727 538 -
1740 521 1786 544 Fol.
1800 521 1854 544 150.

1014 573 1050 589 v.:
1067 566 1152 597 Incipit
1168 567 1310 591 Itinerarias
1327 568 1412 592 mentis
1436 568 1461 592 in
1483 569 1559 592 Deum
1576 568 1741 591 Bonaventure
1759 567 1857 591 Ordinis

1013 614 1131 637 Fratrum
1147 614 1277 638 Minorum.
1294 615 1382 638 Desinit
1398 616 1435 638 tol.
1456 615 1505 638 157.
1522 622 1541 638 r.
1559 614 1648 638 verbis:
1664 616 1685 638 et
1709 614 1752 638 hoc
1768 616 1802 638 est
1819 614 1857 638 Se-

1012 660 1117 691 raphim.
1134 661 1171 685 Ad
1187 668 1231 691 que
1247 667 1291 685 nos
1305 661 1437 691 perducere
1454 661 1564 692 diynetar
1581 661 1623 692 qai
1638 663 1671 685 est
1689 661 1821 685 benedictus
1832 661 1858 684 in

1013 707 1093 731 secula
1118 707 1262 731 seculorum.
1287 709 1371 731 Amen.
1396 707 1500 738 Eoeplicit
1525 707 1667 731 Itum-arins
1688 709 1854 731 Bonaventure

1014 754 1098 777 mentis
1115 754 1139 777 in
1158 755 1239 777 Deum.

1080 801 1131 823 173.
1149 800 1244 829 Ibidem,
1260 801 1312 824 cod.
1331 802 1367 824 30.
1386 802 1458 824 chart.
1475 802 1497 824 10
1520 802 1541 824 4.
1558 808 1618 824 saec.
1635 802 1685 824 XV.
1703 801 1810 824 ineuntis.
1829 813 1859 818 —

1014 849 1062 871 Fol.
1081 848 1117 870 49.
1134 854 1153 871 r.
1171 847 1268 871 habetur
1284 848 1389 871 rubrica:
1407 848 1483 872 Nota:
1501 849 1669 872 Bonaventura
1686 848 1714 871 de
1730 847 1811 871 divina
1822 854 1858 871 sa-

1012 894 1109 925 pientia.
1122 895 1192 923 Ecce,
1204 894 1318 924 descripsi
1334 901 1386 918 eam
1401 898 1442 918 etc.
1456 895 1542 918 Desinit
1554 896 1590 918 101.
1603 896 1641 918 53.
1652 902 1672 918 1.
1685 895 1762 918 verbis
1774 901 1825 923 cap.
1838 896 1860 918 3.

1016 948 1038 964 0.
1055 941 1082 964 7;
1098 940 1131 964 ad
1146 941 1255 965 ost-alam
1272 943 1293 964 et
1309 940 1462 970 atripleoeam,
1481 940 1514 964 ad
1530 948 1599 971 quem
1612 947 1654 964 nos
1663 940 1782 970 perducat
1793 941 1857 964 Iesus

1015 989 1073 1011 mltis
1090 987 1251 1011 dulcissimus.
1271 988 1328 1010 Hinc
1345 987 1427 1010 eadem
1452 988 1526 1015 prima
1549 994 1644 1010 manus:
1662 987 1765 1017 Etrplicil
1783 987 1857 1010 bonus

1016 1036 1133 1058 tractatas
1150 1035 1214 1058 Bone
1236 1034 1338 1058 Veniat-e
1354 1034 1381 1058 de
1398 1034 1478 1058 diuina
1494 1034 1619 1064 sapientia.

1083 1081 1132 1104 174.
1150 1081 1250 1109 Ibidem,
1269 1081 1321 1104 cod.
1339 1082 1359 1104 3.
1377 1082 1449 1104 chart.
1466 1082 1488 1104 in
1506 1082 1527 1103 8.
1553 1087 1613 1104 saec.
1630 1081 1680 1104 XV.
1698 1080 1742 1104 sub
1759 1081 1816 1108 fine,
1834 1084 1858 1103 ut

1017 1128 1136 1151 innuimus
1153 1131 1208 1151 tom.
1226 1128 1254 1151 V.
1271 1134 1326 1156 pag.
1346 1128 1420 1151 XXXl
1438 1135 1460 1150 n.
1479 1129 1515 1151 81.
1533 1129 1555 1151 10
1580 1129 1625 1150 tine
1641 1129 1703 1151 enim
1721 1128 1807 1150 codicis
1824 1134 1859 1150 ea-

1016 1176 1070 1198 dem
1089 1182 1181 1203 11130115.
1193 1182 1253 1205 quae
1265 1182 1319 1198 eum
1332 1176 1444 1203 exaravit,
1456 1176 1545 1198 addidit
1557 1177 1615 1198 hanc
1628 1176 1778 1199 memoriam:
1790 1176 1859 1199 Anno

1017 1222 1114 1245 Domini
1132 1221 1206 1246 1482.
1224 1222 1248 1245 in
1264 1224 1349 1245 octava
1365 1222 1454 1245 Pasche
1478 1222 1634 1246 canonizatus
1659 1221 1797 1252 seraphicus
1819 1221 1858 1245 do-

1016 1271 1067 1293 ctor
1084 1269 1194 1292 dominus
1211 1270 1380 1293 Bonaeentara
1396 1269 1518 1299 episcopus
1531 1269 1672 1293 Albanensis
1689 1271 1711 1293 et
1726 1268 1857 1293 cardinalis

1017 1315 1042 1339 S.
1061 1316 1086 1339 R.
1104 1315 1229 1339 Ecclesiae.
1246 1329 1276 1332 —
1293 1317 1339 1338 Fol.
1357 1316 1393 1338 39.
1411 1323 1430 1338 1.
1448 1316 1527 1344 incipit
1551 1316 1690 1344 opusculum
1713 1317 1757 1338 hoc
1773 1315 1817 1338 sub
1834 1315 1861 1338 ti-

1017 1362 1078 1384 tulo:
1104 1361 1221 1391 Proloyas
1246 1361 1337 1385 domini
1362 1363 1526 1386 Bonaventure
1551 1362 1575 1385 in
1596 1361 1735 1385 Incendium
1758 1361 1857 1385 anioris.

1017 1408 1140 1439 Eviqilans
1157 1415 1212 1432 vero
1230 1412 1272 1432 etc.
1289 1410 1342 1432 Post
1358 1411 1419 1432 hunc
1436 1410 1559 1437 prologum
1577 1410 1660 1432 iterum
1677 1408 1781 1431 rubrica:
1802 1408 1857 1431 Par-

1016 1462 1073 1479 vum
1091 1455 1178 1479 bonum
1195 1457 1369 1480 Bonaventare.
1386 1457 1457 1485 Ecce,
1472 1455 1586 1486 descripsi
1601 1462 1655 1479 eam
1671 1458 1713 1478 etc.
1733 1455 1818 1478 Desinit
1835 1458 1859 1478 ut

1017 1502 1039 1525 in
1056 1503 1123 1525 editis
1140 1504 1176 1525 101.
1196 1503 1232 1525 47.
1249 1509 1326 1526 verso.

1083 1550 1132 1572 175.
1150 1549 1273 1579 Neubarqi
1290 1550 1312 1572 in
1328 1550 1431 1577 Austria,
1448 1549 1586 1572 bibliotheca
1602 1549 1729 1577 Canoniae,
1742 1549 1794 1572 cod.
1806 1548 1860 1571 349.

1016 1598 1088 1620 chart.
1105 1598 1151 1620 iam
1168 1600 1259 1620 notatus
1276 1600 1333 1620 tom.
1350 1598 1378 1620 V.
1395 1603 1449 1625 pag.
1475 1597 1569 1620 XXXlll
1594 1603 1618 1619 n.
1641 1597 1689 1618 132.
1707 1609 1739 1613 -
1755 1596 1860 1624 000500-

1016 1644 1063 1666 lum
1080 1643 1160 1671 incipit
1177 1644 1214 1666 tol.
1232 1644 1283 1666 154.
1301 1650 1320 1666 r.
1337 1644 1385 1666 sine
1408 1644 1479 1672 titulo,
1501 1646 1524 1666 et
1544 1643 1627 1666 desinit
1652 1644 1688 1666 101.
1708 1643 1759 1666 159.
1778 1650 1801 1665 v.
1818 1649 1860 1671 per

1017 1689 1101 1712 verba:
1119 1690 1149 1713 Et
1165 1690 1206 1713 hec
1222 1689 1356 1719 Seraphim.
1374 1689 1528 1713 Bernhard'as
1545 1696 1617 1719 saper
1630 1689 1736 1713 Cantica.
1755 1689 1861 1720 Eccplicit

1017 1735 1171 1759 Itinerarium
1196 1736 1280 1760 mentis
1305 1736 1331 1759 in
1355 1736 1458 1766 seipsam
1479 1736 1567 1759 editam
1582 1742 1626 1766 per
1643 1735 1767 1759 dominam
1785 1736 1859 1758 Bona-

1016 1785 1143 1807 ventaram
1160 1783 1317 1807 cardinalem.

1081 1830 1132 1852 176.
1149 1830 1244 1859 Ibidem,
1261 1831 1312 1853 cod.
1331 1831 1384 1853 800.
1402 1830 1499 1853 membr.
1519 1831 1541 1853 10
1559 1831 1581 1853 4.
1605 1837 1665 1853 saec.
1683 1831 1742 1853 XIV.
1761 1843 1791 1846 —-
1808 1831 1861 1853 Post

1016 1877 1078 1900 aliud
1095 1884 1154 1906 opus
1178 1878 1249 1900 sancti
1274 1878 1449 1901 Bonaventurae
1474 1878 1590 1906 sequitur,
1609 1878 1645 1900 sol.
1663 1884 1708 1900 non
1727 1880 1860 1900 numerato:

1019 1924 1144 1948 Tractatus
1161 1924 1291 1954 yraduum,
1309 1924 1393 1954 quibas
1410 1924 1443 1948 ad
1458 1931 1540 1948 veram
1556 1923 1698 1954 sapientiam
1712 1923 1860 1954 pervenitur.

1017 1971 1105 1994 Desinit
1122 1977 1173 1999 cap.
1191 1972 1212 1994 3.
1232 1978 1253 1994 n.
1270 1972 1296 1994 7:
1315 1971 1429 1995 Osculum
1454 1973 1476 1995 et
1495 1971 1643 2001 amplerum.
1669 1970 1705 1994 Ad
1729 1970 1792 2001 qaod
1816 1977 1859 1994 uos

1013 2016 1131 2047 perducat
1147 2017 1189 2047 qui
1204 2017 1254 2041 sine
1270 2018 1316 2048 fine
1333 2017 1390 2041 viril
1405 2019 1426 2041 et
1443 2020 1535 2047 reqnat.
1553 2019 1634 2041 Amen.

1084 2064 1132 2087 177.
1150 2064 1250 2093 Ibidem,
1263 2065 1314 2087 cod.
1328 2065 1380 2087 825.
1392 2065 1439 2087 iam
1450 2065 1580 2093 descriptus
1592 2068 1648 2087 tom.
1660 2065 1688 2087 V.
1700 2071 1753 2093 pag.
1767 2065 1860 2088 XXXlll

1016 2117 1039 2134 n.
1060 2112 1109 2134 133,
1127 2124 1157 2128 -
1174 2112 1222 2135 Hoc
1239 2118 1299 2140 opus
1316 2112 1394 2140 incipit
1411 2113 1448 2135 101.
1472 2112 1508 2134 27.
1531 2118 1550 2134 r.
1571 2115 1594 2134 et
1618 2112 1700 2135 desinit
1722 2113 1758 2134 vcl
1783 2112 1859 2140 potius

1016 2159 1093 2182 deficit
1111 2159 1146 2181 101.
1164 2160 1201 2181 32.
1219 2165 1246 2186 r.‚
1263 2159 1294 2181 uti
1312 2159 1460 2187 praecedens,
1477 2159 1526 2181 sine
1543 2159 1587 2181 3110
1604 2159 1768 2182 additamenta

1081 2206 1132 2228 178.
1152 2205 1279 2235 Oeniponte
1296 2206 1317 2228 in
1336 2206 1429 2233 Tyn-010,
1452 2205 1590 2229 bibliotheca
1614 2207 1704 2228 Patrum
1722 2206 1776 2228 Ortl.
1795 2207 1859 2228 Prae-

1016 2253 1217 2276 monstratensium
1236 2253 1257 2275 in
1276 2253 1373 2280 Wiiten,
1390 2253 1441 2276 cod.
1463 2254 1534 2275 chart.
1558 2254 1580 2275 in
1597 2254 1634 2276 101.
1651 2259 1739 2281 parvo,
1756 2253 1805 2276 5100
1822 2260 1861 2276 nu<

1017 2306 1088 2323 mero.
1106 2312 1137 2317 —-
1153 2300 1296 2328 Opusculum
1314 2306 1423 2328 praesens
1439 2300 1518 2328 incipit
1537 2300 1573 2322 fol.
1588 2300 1639 2328 l79,
1651 2300 1688 2322 cui
1706 2300 1860 2328 praemittitur

1017 2348 1118 2368 tantum:
1137 2346 1313 2368 Bonarentura.
1330 2346 1416 2368 Desinit
1434 2346 1471 2368 101.
1492 2346 1542 2368 182.
1561 2352 1611 2373 030.
1631 2347 1651 2368 2.
1670 2346 1741 2368 0.11.
1760 2346 1794 2368 1115
1812 2352 1860 2368 vcr-

1017 2392 1064 2415 bis:
1082 2392 1231 2416 Studendum
1247 2394 1281 2416 est
1306 2392 1380 2422 191101-
1404 2392 1436 2415 ad
1456 2392 1624 2422 perfectionem
1649 2391 1674 2415 in
1696 2391 1806 2419 caritate,
1829 2391 1861 2414 ad

1017 2445 1090 2468 quam
1107 2445 1150 2462 nos
1164 2439 1281 2469 perducat
1298 2439 1339 2469 qui
1355 2439 1412 2462 vicit
1428 2441 1450 2462 et
1465 2441 1558 2468 reynat.
1581 2438 1686 2468 Eoeptz't-z't
1699 2439 1795 2468 primus
1813 2440 1859 2462 tra-

1018 2486 1094 2508 ctatas
1112 2485 1276 2509 Bonaventare
1293 2485 1320 2508 de
1336 2485 1432 2509 stimulo
1450 2485 1595 2509 conscientie.

1081 2532 1134 2554 179.
1151 2531 1244 2560 Ibidem,
1273 2531 1410 2555 bibliotheca
1436 2532 1600 2560 Universitatis,
1618 2532 1669 2554 cod.
1692 2532 1771 2560 elasa.
1789 2533 1860 2554 chart.

1017 2579 1040 2601 in
1059 2579 1094 2601 101.
1112 2585 1172 2601 saec.
1189 2579 1240 2601 XV.
1257 2585 1331 2607 prope
1348 2579 1458 2602 medium.
1476 2591 1506 2595 —
1524 2579 1570 2601 Fol.
1587 2579 1625 2601 55.
1642 2585 1659 2601 r.
1686 2579 1798 2601 indicatur
1821 2584 1861 2600 an-

1019 2631 1069 2653 nus,
1086 2632 1132 2654 quo
1151 2625 1191 2648 suit
1207 2629 1319 2653 exaratus,
1337 2627 1379 2648 hoc
1397 2626 1466 2648 modo
1486 2624 1544 2649 142.
1561 2626 1608 2648 Fol.
1625 2626 1677 2648 109,
1695 2632 1712 2647 r.
1736 2625 1858 2653 praemitti-

1019 2674 1067 2694 tur:
1084 2671 1202 2695 Stimulus
1219 2671 1309 2695 amoris
1336 2673 1508 2696 Bonanentare.
1533 2673 1619 2695 Desinit
1640 2673 1678 2695 101.
1696 2673 1749 2695 111.
1774 2679 1796 2695 v.
1819 2678 1860 2700 per

1018 2718 1090 2740 verba
1108 2724 1159 2746 cap.
1176 2719 1197 2740 2.
1215 2725 1236 2740 n.
1255 2719 1296 2740 12ι
1311 2725 1355 2748 per
1374 2718 1494 2742 Clu-istum
1515 2719 1660 2749 crucifi-rum
1681 2725 1735 2742 cum
1752 2718 1862 2742 assisten-

1019 2764 1051 2788 tia
1065 2764 1195 2794 patrocinii
1211 2766 1252 2788 etc.
1270 2765 1376 2795 Eaplicit
1391 2765 1418 2788 de
1434 2765 1530 2789 stimulo
1547 2766 1719 2789 Bonaventare.

1084 2812 1136 2834 «180.
1154 2811 1247 2840 Ibidem,
1266 2812 1318 2835 cod.
1336 2812 1389 2834 264.
1407 2812 1504 2835 membr.
1523 2813 1545 2835 in
1562 2813 1599 2835 sol.
1616 2819 1675 2836 saec.
1694 2813 1752 2836 XlV.
1770 2825 1800 2830 —
1814 2813 1861 2835 Fol.

1020 2859 1072 2881 103.
1089 2865 1108 2881 1.
1126 2859 1252 2887 praemisso
1265 2861 1366 2881 tantum:
1384 2859 1564 2888 Bonacentura,
1577 2860 1668 2888 incipit:
1687 2860 1757 2888 Ecce,
1777 2859 1860 2883 descri-

1016 2905 1055 2935 psi
1071 2912 1122 2928 eam
1139 2908 1190 2934 etc.,
1208 2912 1281 2934 usque
1298 2906 1328 2928 ad
1345 2905 1429 2929 verba:
1447 2907 1467 2929 el
1484 2906 1527 2930 hoc
1549 2906 1688 2936 Seraphim,
1706 2913 1765 2936 quae
1782 2913 1860 2929 occur-

1018 2955 1071 2975 runt
1088 2953 1124 2975 101.
1147 2952 1195 2974 114.
1213 2959 1236 2975 ν.
