2133 3317
779 219 1021 249 PROLEGOMENA
1042 220 1071 248 C.
1093 221 1111 249 1.
1779 220 1822 249 LV

79 301 142 324 Deus
159 306 174 323 a
190 299 257 323 nobis
274 298 338 322 debet
354 298 446 326 timeri,
462 298 574 322 venerari
590 299 611 321 et
627 297 726 325 amari,·
742 298 776 320 est
792 303 885 320 summe
897 296 922 320 ti-

80 347 179 371 mendas
195 350 239 369 etc.
257 346 316 369 Vide
332 346 385 368 edit.
403 348 494 368 nostrae
510 351 562 373 cap.
580 345 600 367 Ἰ.
619 350 642 367 n.
664 344 696 366 17.

142 394 180 416 72.
197 392 297 421 Ibidem,
323 393 376 415 cod.
401 392 486 415 26138.
511 393 582 414 chart.
603 391 626 413 in
644 392 667 414 8.
685 397 745 413 saec.
763 391 815 413 XV.
831 402 862 407 —
879 391 923 412 Ru-

82 441 145 464 brica
163 441 231 463 huius
247 440 351 468 opusculi
368 442 403 462 est
428 439 463 462 tol.
481 439 519 461 28.
543 444 562 461 r.
587 441 609 460 et
633 440 711 460 notat:
737 438 863 460 Tractatus
887 436 923 460 de-

81 490 149 512 votns
165 486 242 510 sancti
265 487 431 510 Bonaventure
447 485 475 509 de
491 485 647 509 Sam-amento
664 483 804 511 eukaristie,
825 482 853 506 de
866 489 921 512 pre-

79 533 204 565 paratione
214 533 287 563 diqna
303 532 336 556 ad
351 533 459 556 sanctam
476 530 674 555 communionem.
691 529 728 553 Act
744 529 858 553 honorem
875 528 923 558 ylo-

80 582 143 606 riose
158 587 187 604 ac
204 579 324 603 individue
340 582 384 602 etc.
400 579 488 601 Desinit
505 579 543 601 tol.
561 578 598 600 to.
616 584 634 600 r.
652 580 676 600 ut
692 577 716 599 in
732 576 807 599 editis.

140 627 178 650 73.
196 626 297 654 Ibidem,
314 625 451 648 bibliotheca
468 623 639 651 Universitatis,
664 623 717 646 cod.
741 622 779 644 67.
804 623 876 644 chart.
899 621 922 643 in

82 675 119 698 fol.
135 680 195 696 saec.
213 673 264 696 XV.
281 685 310 688 -—
329 673 375 694 Fol.
393 672 446 694 426.
463 678 481 694 r.
498 673 533 693 est
549 671 627 693 titulus
643 669 747 698 opusculi
760 669 792 692 sic
804 672 922 691 exaratus:

83 722 208 744 Tractatus
225 719 252 742 de
268 725 368 748 corpore
383 718 428 742 wli.
446 718 532 741 Desinit
549 721 574 740 ut
590 718 612 740 in
630 717 697 740 editis
714 717 751 739 tol.
769 716 820 738 1129.
834 722 856 738 v.
868 721 922 738 cum

80 767 211 790 additione:
228 765 294 789 Finis
307 766 427 788 tractatus
445 764 610 787 Bonaventnre
631 762 658 786 de
680 761 821 786 eucharistie
837 761 922 785 Sacra-

80 814 169 840 mento,
185 810 228 839 59,
246 811 270 834 id
286 814 320 834 est
337 817 397 833 anno
416 810 484 833 11459.

142 859 180 882 74.
197 858 298 887 Ibidem,
315 859 367 881 cod.
385 858 423 880 84.
439 859 509 880 chart.
532 857 554 879 in
573 857 610 879 sol.
627 862 686 878 saec.
704 855 755 878 XV.
772 867 803 871 —
820 855 923 882 opuscu-

81 908 129 931 lum
145 907 225 935 incipit
242 907 279 929 tol.
292 907 314 928 4,
325 912 343 928 r.
360 912 415 928 cum
433 905 512 927 titulo:
531 904 657 927 Tractatus
674 902 702 926 de
718 907 818 931 corpore
833 901 871 924 :eti
885 900 922 923 do-

81 954 141 978 mini
155 954 328 977 Bonaventure.
350 952 387 976 Ad
403 952 515 975 honorem
533 954 577 974 etc.
593 950 681 973 Desinit
697 949 735 972 tol.
751 949 774 971 7.
791 955 830 970 v.:
857 946 925 975 Quod

81 1001 129 1031 ipse
145 1000 186 1024 tibi
201 1002 222 1023 et
239 999 299 1023 mihi
312 1001 421 1029 prestare
438 998 558 1028 diynetnr.
575 998 656 1020 Amen.

143 1047 182 1070 75.
199 1046 297 1074 Ibidem,
315 1046 367 1069 cod.
385 1047 407 1068 3.
424 1046 496 1068 chart.
513 1045 536 1067 in
554 1045 575 1066 8.
592 1050 653 1067 saec.
671 1043 722 1066 XV.
736 1056 763 1059 -
776 1043 823 1065 Fol.
841 1042 877 1064 48.
890 1048 924 1064 r.:

83 1093 167 1124 Incipit
189 1094 306 1117 tractatus
331 1092 422 1116 domini
446 1092 611 1115 Bonaventure
633 1088 764 1113 cardinalis
781 1088 809 1112 de
825 1094 925 1118 corpore

81 1141 125 1165 (cti.
142 1140 268 1170 Proloyas.
284 1140 371 1162 Desinit
387 1139 424 1162 sol.
441 1139 478 1161 53.
496 1145 519 1160 v.
537 1141 561 1160 ut
576 1138 599 1160 in
617 1137 688 1160 edito.

141 1189 181 1211 76.
197 1187 309 1218 Neapoli,
330 1187 468 1209 bibliotheca
485 1185 620 1213 Nationalis‚
646 1185 698 1207 cod.
724 1184 752 1206 V.
770 1184 797 1206 H.
814 1183 867 1205 274.
886 1182 926 1205 mi-

83 1235 144 1258 scell.
159 1235 182 1257 in
201 1235 223 1257 4.
239 1240 299 1257 saec.
318 1234 369 1256 XV.
385 1245 416 1250 --
432 1234 480 1255 Hoc
497 1232 635 1261 opusculum
653 1231 733 1259 incipit
750 1231 787 1253 sol.
801 1231 822 1252 l.
834 1229 878 1252 sub
889 1235 925 1252 ru-

85 1283 163 1306 brica:
182 1282 213 1305 De
229 1281 386 1305 Sacramenta
404 1279 511 1309 corporis
536 1280 557 1302 ct
581 1277 707 1308 sanquinis
732 1276 828 1300 Domini
848 1275 927 1299 nostri

83 1330 134 1353 Iesu
152 1328 247 1352 Christi.
265 1327 301 1351 Ad
317 1327 432 1350 honorem
457 1325 560 1355 plor-iose
584 1326 606 1348 et
631 1323 750 1347 indii-idne
774 1326 818 1346 etc.
839 1322 926 1345 Desinit

83 1376 177 1399 verbis:
193 1374 287 1399 auxilio
310 1373 387 1404 qratie
412 1373 461 1396 eius
484 1372 526 1402 qui
541 1371 598 1395 vivit
614 1373 635 1395 et
652 1372 739 1400 reynat
754 1370 780 1393 in
796 1369 877 1393 secula
894 1375 926 1392 se-

80 1423 199 1447 culorum.
216 1423 298 1446 Amen.

142 1471 182 1493 77.
198 1469 311 1496 Parisiis,
329 1468 466 1491 bibliotheca
484 1467 634 1494 Mazarrinea,
658 1465 708 1488 cod.
731 1465 796 1487 t090.
813 1465 884 1487 chart.
903 1463 924 1486 in

83 1519 106 1541 8.
122 1523 182 1540 saec.
198 1516 250 1539 XV.
266 1527 297 1532 —
312 1515 456 1543 Opusculum
482 1513 563 1541 incipit
580 1513 617 1535 tol.
634 1513 656 1534 3.
672 1518 692 1534 r.
709 1511 753 1534 sub
770 1511 850 1533 titulo:
869 1510 925 1533 Tra-

80 1565 158 1588 ctatus
175 1563 250 1586 brevis
267 1561 358 1585 domini
374 1562 540 1584 Bonaaenture
556 1559 584 1582 de
601 1558 671 1582 modo
688 1564 713 1581 se
727 1556 878 1587 preparandi
894 1555 926 1579 ad

82 1610 247 1635 celebrandam
265 1609 371 1633 Missam.
389 1608 476 1630 Desinit
494 1607 531 1629 tol.
549 1607 586 1628 40.
603 1613 637 1628 r.:
657 1604 725 1633 Quod
739 1603 807 1627 nobis
815 1604 925 1633 prestare

81 1656 192 1686 dianetur
210 1655 259 1685 ipse
278 1655 343 1678 Iesus
365 1653 505 1677 benedictus.
530 1653 612 1675 Amen.
638 1650 772 1680 Scriptus...
798 1648 925 1673 Februarii

80 1701 154 1727 4471.

141 1750 179 1772 78.
199 1748 297 1776 Ibidem,
314 1748 366 1771 cod.
383 1748 437 1770 902.
455 1748 527 1769 chart.
543 1747 565 1768 in
583 1746 604 1768 8.
622 1751 683 1768 saec.
700 1745 750 1766 XV.
767 1743 877 1766 exeuntis.
894 1754 924 1758 —

81 1798 130 1821 Pol.
146 1797 185 1820 52.
200 1803 239 1819 v.:
256 1795 340 1825 Incipit
360 1796 477 1818 tractatas
499 1793 527 1816 de
542 1791 711 1822 preparatione
727 1790 759 1814 ad
774 1790 873 1813 Missam
890 1788 925 1812 de-

83 1843 132 1867 voti
147 1842 250 1866 doctoris
267 1843 337 1871 atque
353 1839 478 1870 Seraphici
492 1839 571 1863 sancti
580 1839 746 1862 Bonaventure
759 1836 854 1860 Ordinis
866 1835 924 1859 Frar

84 1892 149 1913 trum
165 1889 295 1912 Minorum.
312 1888 398 1910 Desinit
415 1887 454 1910 tol.
471 1887 509 1909 58.
526 1893 561 1915 ν.,
578 1886 615 1908 cui
632 1885 740 1907 additur:
758 1882 861 1913 Empticit
878 1884 924 1905 tra-

82 1937 160 1960 ctatus
177 1935 204 1958 de
219 1934 388 1965 preparatione
404 1932 436 1956 ad
456 1932 555 1956 Missam
577 1931 680 1955 doctoris
705 1929 830 1959 Seraphici
848 1928 926 1952 sancti

79 1983 251 2006 Bonaventure.

141 2030 179 2052 79.
197 2028 296 2056 Ibidem,
315 2028 453 2050 bibliotheca
469 2026 606 2052 Nationalis,
622 2025 674 2048 cod.
695 2024 776 2046 10606.
794 2024 888 2046 miscell.
901 2023 923 2045 in

82 2077 103 2100 8.
119 2083 179 2099 saec.
196 2076 249 2099 XV.
265 2087 295 2092 -
312 2075 358 2097 Fol.
376 2074 414 2096 95.
431 2080 449 2096 r.
460 2082 465 2096 ε
478 2072 561 2102 Incipit
574 2073 692 2095 tractatus
703 2070 793 2094 domini
804 2070 923 2093 Benacen-

80 2125 134 2147 ture
150 2122 178 2146 de
191 2121 361 2152 preparatione
377 2119 537 2144 sacerdotum.
562 2119 647 2141 Desinit
673 2119 710 2140 tol.
733 2118 784 2139 iol.
801 2123 836 2139 r.:
855 2116 924 2145 Quod

81 2169 140 2193 mihi
156 2171 177 2192 et
193 2168 235 2192 tibi
251 2169 299 2198 ipse
313 2170 423 2198 prestare
439 2167 550 2197 diqnetur
576 2165 617 2195 qni
638 2165 696 2189 vit-it
711 2167 733 2188 et
748 2166 834 2194 reynat
850 2164 875 2186 in
891 2169 923 2187 se-

80 2217 133 2240 cuta
150 2216 295 2240 seculorum.
315 2216 397 2238 Amen.

144 2265 181 2286 80.
198 2263 298 2290 Ibidem,
316 2263 368 2286 cod.
386 2262 456 2285 3349.
473 2261 573 2284 membr.
591 2261 613 2283 in
631 2261 669 2283 tol.
685 2266 745 2282 saec.
762 2259 822 2282 XlV.
839 2264 923 2281 exeun-

81 2311 115 2333 tis.
132 2323 163 2327 —
180 2311 322 2338 opusculum
340 2309 440 2332 occurrit
457 2309 495 2331 tol.
514 2309 550 2330 ll.
572 2314 596 2330 v.
621 2311 643 2330 et
668 2305 814 2329 inscribitur:
840 2304 924 2334 Incipit

81 2357 196 2379 tractatus
222 2355 313 2378 domini
337 2356 399 2378 Bone
426 2356 526 2378 venture
541 2354 568 2377 «le
585 2359 684 2383 corpore
700 2354 722 2376 et
737 2351 855 2382 sanquine
879 2350 922 2374 oeti.

83 2403 170 2425 Desinit
186 2403 223 2425 sol.
242 2403 278 2424 20.
297 2408 335 2424 r.:
354 2401 422 2429 Quod
440 2401 487 2431 ipse
501 2403 611 2430 prestare
627 2400 744 2429 digsnelnr.
762 2398 873 2428 Eaptz'ott.

142 2450 179 2472 8l.
197 2449 295 2477 Ibidem,
314 2449 356 2471 cod
383 2449 451 2471 3758.
469 2450 540 2471 chart.
558 2448 579 2470 in
597 2448 618 2469 8.
635 2453 694 2470 saec.
708 2447 758 2469 XV.
770 2446 880 2469 exeuntis.
893 2458 922 2461 —

82 2497 129 2519 Hoc
146 2497 283 2525 opusculum
297 2496 376 2524 incipit
388 2496 426 2518 tol.
440 2497 460 2518 i.
473 2501 526 2518 cum
538 2494 644 2517 rubrica:
661 2494 787 2517 Tractatus
799 2492 826 2516 de
837 2492 923 2516 Sacra-

80 2546 157 2568 menta
174 2543 268 2567 altaris.
285 2543 321 2567 Ad
337 2543 452 2566 honorem
469 2542 572 2572 gloriose
589 2545 631 2564 etc.
653 2542 691 2564 Est
707 2541 759 2563 finis
777 2541 814 2563 sol.
838 2540 870 2562 to.
888 2546 921 2562 r.:

83 2590 150 2618 Quod
166 2590 214 2620 ipse
228 2591 338 2620 prestare
355 2589 466 2618 diqnetur
483 2588 524 2618 qui
539 2587 595 2611 viz-it
613 2589 634 2610 et
650 2588 736 2616 reynat
752 2586 777 2609 in
793 2586 874 2609 secuta
890 2591 922 2608 se-

81 2637 198 2661 culorum.
216 2638 296 2660 Amen.
317 2636 427 2666 Explicit.

143 2684 179 2706 82.
197 2684 303 2713 Praqae,
331 2682 466 2706 bibliotheca
492 2682 662 2708 Universitatis‚
692 2681 744 2703 cod.
769 2681 807 2703 Xl.
834 2681 860 2702 Α.
886 2680 922 2701 io.

82 2730 153 2752 chart.
170 2730 192 2751 in
211 2730 247 2751 tol.
263 2735 324 2752 saec.
342 2729 392 2751 XV.
411 2741 439 2744 —
457 2728 556 2751 Rubrica
583 2728 650 2750 huius
672 2727 748 2754 operis
765 2730 798 2748 est
815 2726 851 2748 tol.
869 2726 922 2748 250.

81 2783 99 2798 r.
121 2777 155 2799 his
172 2776 250 2799 verbis
267 2781 389 2804 expressa:
415 2775 499 2804 Incipit
523 2774 620 2797 aaronis
645 2775 763 2796 tractatus
780 2772 807 2795 tle
824 2778 923 2801 corpore

81 2822 124 2846 xo·
139 2824 159 2846 et
176 2822 203 2845 de
218 2822 387 2852 preparatione
411 2822 442 2845 ad
466 2820 641 2851 suscipiendum
667 2819 819 2849 salutiferum
837 2819 922 2841 Sacra-

83 2871 186 2892 mentum
196 2888 201 2896 ,
216 2875 283 2898 qvem
296 2868 431 2898 compilarit
442 2867 653 2891 rereremtissz'vms
669 2868 738 2896 pater
750 2865 859 2888 dominns
872 2871 922 2888 car-

83 2914 168 2938 dinalis
187 2915 374 2942 Cameracensis,
387 2921 455 2938 sacre
467 2915 580 2943 theoloyie
591 2913 779 2937 solemnissimus
791 2912 872 2935 ‘Iactor
885 2912 922 2934 I’e-

84 2963 136 2985 trus
152 2963 179 2985 (Ie
197 2962 289 2987 Aliaeu,
309 2962 466 2985 cancellarius
484 2961 633 2984 Puris-tensis.
660 2960 744 2982 Desinit
771 2960 807 2981 tol.
825 2958 867 2981 ‘25‘1
888 2965 921 2980 r.:

981 297 1050 325 Quod
1066 296 1114 327 ipse
1130 297 1171 321 tibi
1187 299 1209 321 et
1224 297 1284 321 mihi
1295 300 1406 328 prestare
1430 298 1542 328 diffitetur
1565 297 1606 327 qui
1622 297 1679 321 vivit
1695 299 1717 321 et
1737 299 1822 328 regnat

979 344 1004 367 in
1021 345 1102 368 secula
1118 345 1262 369 seculorum.
1279 346 1362 369 Amen.

1043 392 1080 414 83.
1097 391 1197 421 Ibidem,
1209 392 1347 415 bibliotheca
1359 392 1456 421 Capituli
1468 392 1646 421 metropolitani,
1657 392 1710 415 cod.
1722 391 1748 415 C.
1759 391 1824 414 LVll.

980 438 1051 460 chart.
1069 438 1090 460 in
1108 439 1167 461 tolio.
1183 451 1215 456 --
1231 440 1373 468 opusculum
1391 439 1469 467 incipit
1493 440 1542 462 sine
1568 439 1632 462 titulo
1657 438 1693 461 fol.
1713 439 1766 462 236.
1785 445 1821 461 r.:

979 484 1017 507 Ad
1033 484 1147 508 honorem
1165 486 1267 515 qtori'ose
1283 488 1307 510 et
1322 486 1441 510 individue
1456 490 1499 509 etc.
1518 486 1603 509 Desinit
1620 486 1657 509 fol.
1670 486 1722 509 239.
1738 492 1757 508 r.
1769 492 1824 509 cum

980 531 1112 555 additione:
1130 531 1182 556 1145
1188 532 1211 556 7.
1229 532 1265 556 die
1282 532 1307 556 9.
1323 533 1412 563 Aprilis
1429 533 1490 556 hora
1515 531 1561 558 22.
1586 532 1682 562 explicit
1707 533 1823 556 tractatus

980 578 1146 601 Bonaventure
1163 578 1190 601 de
1203 579 1374 609 preparatione
1385 578 1536 603 sacerdotnm
1552 579 1584 602 ad
1599 579 1698 603 Missam
1715 580 1737 602 et
1754 578 1823 602 laico-

979 630 1035 647 rum
1053 623 1151 654 diynam
1168 625 1357 648 communionem
1374 625 1523 649 eucharistie.
1539 626 1586 649 Deo
1603 625 1704 655 qratias.

1042 671 1079 694 84.
1105 671 1181 694 Remis
1207 672 1229 694 in
1255 672 1338 699 Gallia,
1363 672 1500 695 bibliotheca
1529 672 1645 700 civitatis,
1669 672 1721 695 cod.
1743 673 1757 694 E
1773 656 1822 712 Ξ-ῗὲ-

979 718 1079 741 membr.
1097 718 1118 740 in
1136 719 1156 740 8.
1174 725 1234 742 saec.
1251 719 1302 742 XV.
1318 732 1349 735 —
1366 720 1412 742 Fol.
1431 720 1482 742 107.
1500 726 1534 742 r.:
1560 718 1643 749 Incipit
1663 720 1780 742 tractatas
1802 706 1824 742 et

979 770 1057 787 sermo
1075 765 1240 788 Bonaventure
1257 765 1284 788 de
1301 771 1399 795 corpore
1415 765 1459 789 ceti.
1476 766 1562 788 Desinit
1579 766 1616 788 fol.
1633 766 1686 788 415.
1702 772 1736 788 r.:
1756 765 1824 793 Quod

979 811 1028 841 ipse
1045 811 1086 834 tibi
1102 813 1123 834 et
1139 811 1199 834 mihi
1212 814 1321 841 prestare
1337 812 1456 841 dienetnr.
1473 814 1556 836 Amen.

1044 858 1080 880 85.
1098 858 1161 881 Rani
1173 858 1249 887 (Rein)
1270 859 1292 881 in
1312 859 1415 887 Austria,
1435 858 1572 882 bibliotheca
1585 859 1713 882 monasterii
1731 859 1823 882 Patrum

980 905 1036 928 Ord.
1053 905 1253 933 cisterciensium,
1277 906 1329 928 cod.
1351 907 1376 929 V.
1394 907 1465 929 chart.
1483 907 1504 928 in
1526 907 1559 929 12,
1583 912 1644 929 saec.
1661 907 1711 929 XV.
1729 919 1759 923 —
1776 907 1822 929 Fol.

981 952 1035 974 210.
1052 959 1089 975 r.:
1107 952 1190 982 Incipit
1215 954 1332 976 tractatus
1351 953 1516 976 Bonaventnre
1533 953 1560 976 de
1577 959 1676 983 corpore
1693 953 1781 977 Christi
1802 955 1825 977 et

978 999 1148 1029 preparatione
1165 999 1197 1022 ml
1212 999 1320 1022 devotam
1345 1000 1514 1029 susciptiortem
1532 999 1635 1023 eiusdem
1651 1000 1771 1030 ritantqne
1788 1006 1822 1024 ce-

982 1044 1134 1068 lebrationem
1159 1045 1267 1075 mysterii
1290 1045 1368 1069 Misse.
1394 1045 1431 1068 Ad
1447 1045 1560 1069 honorem
1577 1045 1680 1075 qloriose
1696 1051 1725 1069 ac
1741 1045 1823 1069 indici-

981 1091 1027 1115 due
1038 1095 1081 1114 etc.
1094 1093 1131 1114 Est
1143 1092 1192 1114 finis
1204 1092 1242 1114 fol.
1259 1092 1313 1114 217.
1330 1098 1353 1114 v.
1370 1098 1412 1120 per
1428 1092 1515 1114 verba:
1530 1092 1598 1120 Quod
1608 1092 1656 1122 ipse
1668 1091 1710 1115 tibi
1727 1093 1750 1115 et
1765 1092 1825 1116 mihi

978 1141 1088 1168 prestare
1105 1138 1223 1168 diqnetur.
1241 1141 1323 1162 Amen.

1045 1186 1082 1207 86.
1099 1185 1248 1215 Salisburqi,
1266 1185 1403 1208 bibliotheca
1421 1186 1562 1214 Monasterii,
1579 1186 1630 1208 cod.
1649 1186 1685 1208 lV.
1703 1186 1739 1208 23.
1752 1187 1824 1208 chart.

981 1238 1041 1254 saec.
1063 1232 1114 1254 XV.
1132 1244 1160 1247 —
1178 1231 1322 1259 opusculum
1340 1232 1418 1259 incipit
1435 1232 1473 1254 tol.
1487 1232 1524 1254 28.
1536 1238 1566 1259 r.,
1578 1232 1704 1260 praemissa
1716 1231 1823 1254 rubrica:

984 1278 1137 1302 Tractatntns
1153 1279 1319 1302 Bonaventare
1335 1280 1389 1302 ante
1407 1278 1505 1302 Missam
1527 1278 1564 1302 vel
1584 1278 1775 1302 communionem
1796 1278 1825 1301 Ie-

981 1325 1083 1355 qendns,
1101 1325 1137 1348 vel
1153 1324 1309 1348 meditandus.
1327 1325 1364 1348 Ad
1380 1325 1494 1348 honorem
1511 1324 1613 1354 ‚aloriose
1630 1327 1673 1347 etc.
1687 1324 1772 1347 Desinit
1785 1325 1822 1346 tol.

982 1373 1020 1395 40.
1036 1379 1056 1395 r.
1072 1379 1125 1395 cum
1143 1373 1274 1395 additione:
1288 1372 1392 1402 Eoepticit
1402 1372 1545 1396 tractatulus
1557 1371 1648 1395 domini
1660 1373 1824 1395 Bonaventure

981 1419 1113 1443 cardinalis
1131 1419 1158 1443 de
1172 1419 1341 1449 preparatione
1358 1419 1487 1443 sacerdotis
1499 1419 1598 1443 Missam
1615 1418 1733 1442 celebrare
1750 1418 1822 1442 inten-

984 1466 1070 1495 dentis,
1090 1465 1169 1495 1456,
1189 1466 1291 1496 Aqnetis.

1045 1513 1083 1536 87.
1103 1513 1201 1541 Ibidem,
1219 1513 1270 1535 cod.
1289 1513 1321 1535 ΙΙΙ.
1339 1514 1376 1535 33.
1395 1514 1466 1535 chart.
1483 1513 1504 1535 in
1518 1514 1540 1535 8.
1556 1518 1617 1535 saec.
1634 1513 1686 1535 XV,
1702 1513 1762 1535 circa
1775 1518 1822 1534 me-

981 1560 1098 1583 dietatem.
1115 1573 1145 1576 —
1163 1559 1262 1583 Rubrica
1287 1560 1355 1583 huius
1380 1559 1484 1588 opusculi
1505 1561 1539 1582 est
1556 1560 1594 1582 sol.
1615 1560 1632 1581 l.
1649 1565 1669 1581 r.
1686 1559 1721 1581 his
1744 1557 1823 1581 verbis

980 1613 1103 1636 expressa:
1132 1605 1284 1630 Tractatutus
1307 1605 1398 1629 domini
1415 1606 1580 1629 Bonaventnre
1601 1605 1629 1628 cte
1651 1604 1822 1634 preparatione

980 1654 1013 1678 ad
1028 1653 1134 1678 Missam.
1152 1653 1237 1676 Desinit
1255 1653 1293 1675 tol.
1314 1653 1348 1675 10.
1364 1659 1388 1674 v.
1405 1655 1430 1675 ut
1445 1652 1469 1674 in
1485 1652 1565 1679 editis,
1577 1651 1645 1674 inde:
1660 1650 1764 1680 Explicit
1776 1653 1823 1674 tra-

980 1701 1084 1725 ctatulus
1109 1700 1199 1724 domini
1223 1701 1387 1723 Bonaventure
1411 1698 1541 1722 cardinalis
1559 1697 1586 1721 cte
1599 1697 1769 1728 preparatione
1791 1697 1824 1721 ad

981 1748 1087 1772 Missam.

1044 1795 1081 1816 88.
1098 1793 1182 1817 Sancti
1198 1793 1274 1819 Galli,
1293 1792 1430 1815 bibliotheca
1442 1791 1584 1818 lllonasterii,
1596 1791 1648 1814 cod.
1660 1790 1713 1813 941.
1727 1790 1821 1813 miscell.

979 1847 1041 1864 saec.
1057 1841 1108 1863 XV.
1124 1853 1154 1857 —
1171 1841 1224 1863 Post
1241 1840 1283 1862 alia
1300 1846 1371 1868 opera
1396 1843 1430 1862 est
1446 1838 1538 1861 rubrica
1564 1838 1632 1860 huius
1653 1843 1707 1866 pag.
1725 1838 1770 1860 209
1787 1837 1823 1860 his

981 1888 1071 1911 verbis:
1089 1887 1202 1917 Sequitur
1219 1887 1336 1910 tractatas
1352 1887 1415 1909 Bone
1431 1886 1528 1909 venture
1545 1884 1572 1908 cte
1588 1891 1687 1914 corpore
1700 1884 1788 1908 Christi
1802 1885 1824 1907 et

980 1935 1008 1958 de
1024 1934 1191 1964 preparatione
1207 1933 1239 1957 ad
1255 1933 1304 1957 eius
1322 1933 1429 1956 devotam
1448 1931 1618 1961 susceptionem
1636 1931 1753 1961 ritamqne
1770 1930 1823 1954 ccle-

981 1981 1112 2005 brationem
1129 1981 1206 2005 Misse.
1221 1980 1258 2004 Ad
1273 1979 1386 2003 honorem
1403 1982 1446 2002 ete.
1459 1979 1545 2001 Desinit
1557 1985 1610 2007 pag.
1623 1979 1680 2001 225:
1695 1977 1764 2006 Quod
1774 1977 1823 2007 ipse

981 2028 1021 2051 tibi
1037 2029 1058 2051 et
1074 2027 1133 2051 mihi
1148 2029 1255 2055 prestare
1272 2026 1391 2056 diqnetnr.
1408 2026 1490 2049 Amen.
1511 2024 1621 2055 Explicit.
1642 2025 1699 2047 Hinc
1716 2023 1823 2046 librarius

980 2076 1067 2103 profert
1084 2081 1167 2097 nomen
1183 2080 1252 2096 suum
1270 2073 1421 2102 sequentibus
1437 2072 1530 2095 verbis:

1105 2144 1147 2172 Qui
1167 2144 1226 2171 leget
1243 2143 1349 2165 emendet
1366 2143 1513 2171 scriptorem,
1530 2148 1575 2164 non
1593 2141 1761 2170 reprehendat;

1105 2193 1139 2214 Ar
1157 2191 1175 2213 si
1192 2193 1295 2217 notatur,
1313 2193 1334 2212 et
1350 2188 1391 2213 nol
1408 2189 1450 2211 sibi
1468 2189 1594 2212 associatur

1105 2238 1128 2259 Et
1147 2237 1191 2260 ilus
1209 2237 1328 2264 iungatur,
1346 2236 1385 2265 qui
1403 2236 1493 2264 scripsit
1510 2236 1538 2258 ita
1556 2238 1659 2258 vocatur.

1105 2284 1220 2312 Scriptor,
1237 2283 1275 2312 qui
1293 2283 1397 2311 scripsit,
1415 2289 1468 2305 cum
1486 2283 1532 2306 Deo
1550 2283 1630 2304 vivere
1647 2282 1727 2310 possit.

1043 2353 1080 2375 89.
1098 2352 1198 2380 Ibidem,
1215 2352 1267 2375 cod.
1285 2351 1338 2374 814.
1355 2353 1426 2374 chart.
1444 2351 1464 2373 in
1483 2352 1519 2373 sol.
1537 2357 1597 2373 saec.
1614 2351 1665 2373 XV.
1677 2363 1708 2368 —
1719 2351 1822 2378 Opuscu-

979 2400 1025 2422 lum
1045 2399 1122 2427 incipit
1139 2405 1193 2427 pag.
1204 2399 1249 2421 250
1262 2405 1314 2421 cum
1332 2398 1425 2420 verbis:
1442 2397 1479 2421 ΑιΙ
1489 2397 1603 2421 honorem
1614 2400 1657 2420 etc.
1670 2397 1755 2420 Desinit
1767 2403 1820 2425 pag.

979 2446 1024 2469 253
1042 2452 1094 2468 curn
1114 2447 1155 2468 hac
1180 2446 1311 2468 additione:
1337 2444 1441 2474 Empticit
1466 2446 1582 2468 tractatus
1604 2445 1768 2467 Bonaventare
1794 2443 1821 2467 de

978 2493 1148 2523 preparatione
1164 2493 1247 2516 devota
1268 2492 1300 2515 ad
1325 2498 1411 2521 corpas
1435 2491 1479 2514 oeti.
1498 2491 1607 2521 Scriptus
1624 2491 1648 2514 in
1666 2491 1820 2520 Ravenspury

978 2546 1042 2563 anno
1061 2538 1135 2567 Mb'b',
1153 2539 1177 2562 in
1194 2539 1298 2562 crastino
1317 2538 1467 2561 Animarum.

1042 2586 1078 2607 90.
1095 2585 1193 2613 Ibidem,
1211 2585 1262 2607 cod.
1280 2585 1334 2607 772.
1351 2586 1423 2607 chart.
1441 2584 1463 2606 in
1482 2584 1502 2606 t.
1520 2590 1579 2607 saec.
1592 2585 1642 2607 XV.
1654 2597 1685 2600 —
1696 2585 1750 2611 pag.
1763 2584 1819 2606 345:

981 2631 1064 2661 Incipit
1075 2633 1190 2654 tractatus
1207 2631 1372 2654 Bonaventnre
1389 2630 1416 2653 de
1433 2636 1532 2660 corpore
1547 2630 1585 2653 oeti
1600 2630 1668 2653 valde
1685 2629 1766 2653 bonus.
1781 2630 1822 2652 De-

979 2679 1031 2700 sinit
1048 2684 1101 2706 pag.
1119 2678 1179 2699 353:
1199 2677 1266 2705 Quod
1283 2677 1331 2707 ipse
1353 2676 1461 2700 omnibus
1486 2676 1552 2700 nobis
1574 2678 1684 2706 prestare
1709 2677 1820 2706 [liquetur

979 2725 1021 2754 qni
1036 2724 1091 2747 vivit
1107 2726 1130 2748 et
1144 2726 1229 2753 reonat
1244 2731 1287 2754 per
1304 2724 1396 2754 infinita
1413 2724 1494 2747 secula
1510 2724 1652 2748 seculorum.
1669 2726 1751 2748 Amen.

1042 2772 1079 2793 91.
1097 2771 1179 2794 Sancti
1196 2771 1267 2793 Pauli
1283 2771 1304 2793 in
1322 2771 1448 2799 Carinthia,
1466 2770 1602 2794 bibliotheca
1614 2771 1756 2799 Monastorii,
1769 2772 1821 2794 cod.

979 2819 1088 2846 liospital.
1106 2819 1143 2840 32.
1160 2819 1231 2841 chart.
1249 2818 1270 2840 in
1289 2819 1326 2840 sol.
1343 2824 1402 2840 saec.
1421 2818 1470 2840 XV.
1481 2830 1513 2835 ·—-
1524 2818 1666 2846 Opusculum
1685 2819 1714 2841 tle
1726 2825 1821 2846 praepa-

979 2865 1065 2887 ratione
1090 2865 1118 2887 atl
1145 2865 1234 2887 Missam
1256 2865 1334 2892 incipit
1353 2865 1388 2887 sol.
1405 2865 1459 2886 278.
1476 2871 1494 2886 r.
1512 2864 1561 2887 sine
1586 2865 1664 2887 titulo:
1688 2864 1724 2887 Ad
1748 2864 1821 2887 hono-

979 2919 1029 2935 rem
1047 2911 1149 2941 gploriose
1166 2917 1194 2934 ac
1219 2911 1337 2934 indit-idne
1353 2914 1396 2934 etc.
1414 2912 1498 2934 Desinit
1521 2912 1557 2934 tol.
1574 2913 1627 2934 282.
1645 2914 1668 2934 ut
1685 2912 1744 2934 editi.
1763 2912 1820 2933 ilinc

979 2959 1086 2981 auditur:
1115 2957 1216 2987 [fit-plica
1240 2957 1335 2981 devotas
1365 2959 1480 2981 tractulus
1505 2958 1533 2981 de
1557 2964 1655 2988 corpore
1680 2958 1722 2981 A'te·
1747 2959 1768 2980 et
1792 2957 1820 2980 (le
