2133 3317
150 350 263 369 Praesertim

142 374 167 393 ad
176 374 269 393 Officium.

169 823 263 842 Assistant

133 852 180 871 pure
190 849 208 866 et
217 848 263 865 stre⁴

132 876 177 889 uue.

131 1298 229 1321 Quomodo
238 1298 265 1316 in-

141 1321 256 1340 elinandum.

150 1685 220 1704 Staudo
233 1685 260 1704 di-

152 1711 196 1736 cant
209 1709 253 1728 Offi-

172 1738 230 1751 cium.

157 2160 259 2187 Dispositio

137 2189 223 2208 eorporis
235 2186 260 2203 sit

136 2207 223 2226 honesta.

284 223 338 251 616

355 301 380 326 6,
400 301 512 326 Officium
533 308 605 325 suum
624 301 650 325 in
669 300 743 325 choro
762 300 787 325 et
805 300 877 325 extra
898 308 948 326 non
967 301 1134 332 perfunctorie

284 345 394 377 quidem,
415 345 459 369 aut
479 344 596 373 summis,
616 343 646 368 ut
664 343 763 373 dicitur,
782 343 856 368 labiis
868 342 885 373 ¹,
903 344 945 368 sed
964 344 1051 369 devote
1071 352 1135 369 sem-

283 396 327 420 per
346 388 371 413 et
389 388 487 419 integre
506 387 585 412 dicere
604 387 723 411 studeant
747 394 792 412 nec
810 387 886 411 aliam
905 387 927 412 ei
948 387 1134 418 occupationem

282 431 442 456 admisceant.
464 430 568 455 Cessent
581 437 684 459 manus,
699 430 825 455 oculorum
840 430 954 461 evagatio
968 430 1133 461 reprimatur,

282 475 311 499 ut
330 482 399 499 mens
419 474 451 498 ab
470 474 586 498 exteriori
604 481 665 498 cura
693 473 793 504 penitus
815 473 895 498 libera
914 473 960 498 soli
979 474 1063 498 valeat
1082 474 1133 499 Deo

281 525 379 543 vacare.
399 517 457 542 Dies
476 517 516 541 vel
534 517 604 546 hora,
625 524 687 548 quae
706 516 863 548 negligenter
877 516 986 541 officiata
1006 517 1133 548 pertrans-

281 561 338 586 ierit
349 560 366 591 ²,
386 568 543 592 nequaquam
561 560 669 584 ulterius
688 560 781 591 poterit
800 560 924 590 revocari,
942 568 998 585 cum
1020 568 1134 592 praeser-

281 605 326 629 tim
345 604 465 635 temporis
484 604 611 635 sequentis
630 603 737 628 officium
755 611 826 628 suam
847 603 1010 628 nihilominus
1028 604 1134 636 diligen-

281 648 341 673 tiam
361 648 386 672 et
405 647 560 672 devotionem
580 647 700 677 requirat.
719 646 772 671 Nec
789 646 835 671 sibi
858 646 886 671 de
904 646 1025 678 gratuitis
1045 647 1134 672 oratio-

281 691 355 716 nibus
373 690 552 719 blandiantur,
572 690 593 714 si
621 690 685 714 circa
710 690 872 719 necessarias,
892 697 955 721 quae
980 691 1060 721 primo
1078 691 1132 716 loco

279 734 408 759 habendae
428 734 501 763 sunt,
521 733 636 758 desidiosi
654 733 806 758 exstiterint.

352 777 376 802 7.
398 778 509 808 Denique
528 776 598 801 iuxta
617 775 721 801 Sancti³
741 776 857 806 verbum,
881 786 894 798 α
902 784 970 808 pure
989 784 1086 808 semper
1105 785 1133 802 ac

280 822 382 847 strenue
401 820 492 845 debent
504 820 620 845 laudibus
633 820 724 844 divinis
737 819 876 844 intendere:
889 827 957 851 pure
969 821 1081 852 quidem,
1095 821 1132 851 ut,

281 864 339 889 dum
359 863 487 895 psallunt,
507 863 571 887 nihil
590 863 658 887 aliud
677 862 801 894 cogitent,
821 870 895 894 quam
920 863 984 894 quod
1003 863 1132 895 psallunt,

279 908 382 932 strenue
401 914 473 936 vero,
493 906 535 935 ut,
562 906 627 931 sicut
654 909 811 937 reverenter,
831 906 867 931 ita
895 906 920 931 et
945 907 1062 931 alacriter
1081 906 1132 931 Deo

279 950 416 979 assistant,
436 957 486 974 non
505 950 584 981 pigri,
605 956 654 974 non
674 949 837 979 somnolenti,
857 956 906 974 non
926 949 1069 979 oscitantes,
1082 957 1132 974 11011

281 993 413 1025 parcentes
432 993 545 1022 vocibus,
565 1000 614 1017 non
635 993 837 1024 praescindentes
856 993 934 1017 verba
952 993 1068 1023 dimidia,
1081 1000 1131 1018 non

279 1037 379 1068 integra
398 1036 584 1066 transilientes,
604 1044 654 1061 non
673 1036 760 1061 fractis
785 1036 810 1061 et
829 1037 941 1061 remissis
960 1037 1061 1061 vocibus
1080 1044 1132 1061 mu-

278 1081 355 1105 liebre
384 1080 515 1111 quiddam,
535 1079 610 1104 balba
637 1079 666 1104 de
694 1086 755 1104 nare
778 1079 911 1109 sonantes,
932 1079 975 1104 sed
1003 1079 1083 1109 virili,
1103 1079 1132 1104 ut

279 1124 382 1155 dignum
402 1123 454 1153 est,
466 1123 549 1148 sonitu
569 1122 594 1147 et
606 1122 697 1147 affectu
711 1122 820 1153 Spiritus
833 1122 910 1147 verba
922 1123 1096 1154 depromentes
1106 1133 1131 1147 >›.

278 1165 472 1192 Reverentiam⁴
492 1167 519 1191 in
538 1165 623 1191 Officio
642 1165 747 1191 honesta
775 1166 886 1197 corporis
904 1166 1048 1197 dispositio,
1069 1173 1132 1197 quae

279 1211 370 1235 mentis
390 1210 545 1235 devotionem
564 1217 614 1234 non
639 1209 795 1234 mediocriter
814 1210 957 1240 promovet,
984 1210 1131 1234 attestatur.

278 1253 310 1279 In
329 1253 403 1278 choro
422 1260 472 1278 11011
492 1253 561 1277 stent
579 1253 605 1277 in
624 1252 708 1277 stallis
727 1253 779 1277 suis
798 1253 920 1283 molliter,
934 1253 979 1277 aut
998 1254 1070 1284 quasi
1083 1253 1131 1278 fra-

278 1297 326 1321 ctis
345 1296 446 1321 renibus
465 1295 578 1320 resoluti.
597 1309 632 1312 —
652 1295 755 1324 Quando
775 1295 833 1326 post
851 1295 991 1327 psalmum,
1011 1296 1051 1320 vel
1063 1295 1132 1327 hym-

278 1348 339 1365 num
359 1340 460 1365 sanctae
479 1339 599 1364 Trinitati
617 1339 758 1363 reverentia
783 1338 925 1368 exhibetur,
951 1338 1082 1363 humiliter
1107 1339 1132 1363 et

278 1383 392 1408 decenter
420 1382 549 1407 inclinent.
577 1382 646 1406 Tunc
674 1382 739 1406 enim
759 1381 861 1406 tardius
887 1389 1003 1413 surgere,
1022 1382 1132 1413 seyniter

277 1426 323 1451 aut
342 1426 408 1451 certe
428 1425 585 1455 difformiter
612 1425 746 1454 inclinare,
767 1425 808 1456 ut,
829 1425 928 1456 quando
956 1432 1058 1456 corpore
1081 1425 1132 1456 qui-

277 1469 333 1495 dem
353 1469 504 1494 sufficienter
524 1469 643 1498 demisso,
664 1468 751 1493 vultus
764 1468 849 1493 tamen
861 1468 1004 1493 indecenter
1018 1469 1131 1500 erigitur,

278 1513 356 1538 oculis
369 1513 474 1537 erratice
488 1512 652 1541 circumlatis,
673 1511 815 1543 imperfecte
835 1519 930 1543 quoqne
943 1512 975 1536 ad
988 1513 1132 1537 memoriam

278 1556 411 1581 Trinitatis
424 1555 593 1580 inclinationis
607 1555 791 1580 venerationem
806 1555 946 1584 exsolvere,
960 1556 1032 1586 quasi
1046 1555 1079 1580 sit
1091 1555 1132 1580 ho-

277 1601 346 1625 noris
365 1599 505 1624 differentia
517 1599 544 1623 in
558 1599 684 1630 personis,
699 1598 876 1623 irreverentiae
890 1599 975 1630 arguit
988 1598 1013 1623 et
1029 1599 1131 1630 teporis.

350 1643 374 1667 8.
394 1643 477 1667 Etiam
506 1642 577 1667 extra
600 1642 702 1667 chorum
731 1642 800 1666 stent
823 1642 854 1666 ad
877 1642 1002 1671 Officium,
1024 1643 1133 1673 praeter-

278 1694 353 1718 quam
372 1686 403 1710 ad
421 1686 540 1710 lectiones
559 1685 584 1710 et
603 1684 745 1716 specialiter
764 1686 866 1716 excepta
885 1685 1017 1710 dumtaxat
1031 1685 1049 1709 ⁵.
1068 1685 1133 1710 Irre-

277 1729 393 1755 verentes
412 1729 437 1754 et
456 1730 541 1760 pigros
561 1736 587 1753 se
605 1728 735 1758 noverint,
756 1729 777 1752 si
801 1728 898 1753 debitas
917 1728 968 1754 Deo
988 1728 1075 1753 laudes
1095 1736 1133 1753 se-

277 1773 355 1798 dendo
375 1773 415 1797 vel
433 1772 533 1797 iacendo
553 1772 698 1801 exsolvant,
718 1772 767 1796 nisi
785 1772 922 1796 necessitas
935 1772 1035 1797 evidens
1049 1772 1131 1803 cogat.

277 1817 301 1841 Si
320 1816 419 1848 quando
438 1823 483 1847 per
501 1816 568 1840 viam
581 1815 695 1840 Officium
714 1815 836 1844 dixerint,
851 1815 899 1840 etsi
918 1822 968 1840 non
987 1815 1061 1840 vacat
1074 1822 1132 1840 con-

277 1860 360 1889 tinue,
381 1859 439 1884 dum
458 1859 521 1883 illud
540 1858 634 1887 dicunt,
654 1858 686 1882 ab
706 1858 865 1883 itineratione
886 1859 1024 1890 quiescere,
1039 1858 1130 1883 saltem

276 1903 308 1928 ad
336 1902 465 1928 collectam
492 1901 693 1933 praecedentium
719 1901 889 1931 collectivam,
909 1902 1008 1933 quando
1029 1902 1130 1927 omnino

276 1946 330 1972 tota
350 1946 389 1971 est
406 1946 432 1970 in
452 1946 531 1970 Deum
550 1945 657 1970 intentio
676 1945 829 1976 colligenda,
848 1945 874 1969 in
893 1952 942 1970 11110
962 1944 1056 1969 sistant
1070 1945 1130 1975 loco,

275 1990 358 2019 immo,
373 1990 393 2014 si
406 1990 506 2020 tempus
519 1988 628 2020 exegerit
641 1988 666 2013 et
678 1988 747 2013 locus
759 1988 908 2019 permiserit,
922 1995 977 2013 cum
992 1988 1131 2013 reverentia

275 2032 459 2065 genuflectant,
479 2032 509 2057 ut
527 2032 553 2056 in
572 2031 684 2057 oratione
703 2032 827 2057 communi
846 2031 928 2056 totum
950 2030 1064 2056 Officium
1092 2039 1130 2056 ve-

278 2076 408 2101 nerentur.

348 2119 373 2144 9.
392 2119 529 2150 Dispositio
549 2119 686 2150 corporalis
712 2118 819 2144 honesta
844 2118 982 2144 devotionis
1010 2118 1131 2150 provocat

276 2162 392 2187 affectum
412 2162 438 2187 et
456 2162 580 2194 designat.
599 2162 657 2187 Non
670 2162 767 2187 frustra
780 2161 883 2186 sanctus
904 2161 1032 2186 Martinus
1050 2171 1062 2183 ‹<
1073 2168 1131 2186 ocu-

276 2205 308 2230 lis
327 2213 356 2230 ac
375 2205 490 2230 manibus
508 2205 534 2229 in
553 2205 648 2230 caelum
667 2212 764 2236 semper
777 2203 914 2229 intentus»
932 2211 1015 2229 orasse
1038 2204 1130 2229 descri-

276 2248 345 2273 bitur
356 2247 374 2272 8.
394 2248 548 2273 Intrinsecos
561 2248 644 2273 motus
656 2247 744 2279 gestus
757 2248 863 2273 exterior
877 2247 1024 2272 attestatur.
1038 2247 1130 2277 Quam-

691 221 888 250 OPUSCULUM
910 222 927 250 l.
950 222 1121 251 SPECULUM
1143 223 1352 252 DISClPLINAE.
1374 224 1454 253 PARS
1476 224 1633 253 SECUNDA.

1192 302 1230 326 vis
1249 303 1320 327 extra
1338 303 1487 328 conventum
1512 303 1685 328 conventualis
1703 304 1729 328 in
1755 304 1868 329 omnibus
1896 305 2040 337 disciplinae

1191 352 1242 370 non
1261 346 1375 371 servetur
1394 346 1530 376 districtio,
1550 348 1576 372 in
1596 347 1711 372 omnibus
1735 347 1819 372 tamen
1847 348 1965 380 Religiosi
1984 357 2041 381 ope-

1192 388 1261 414 ribus
1280 390 1407 421 religionis
1426 390 1499 415 debet
1517 391 1651 422 vestigium
1670 391 1788 416 relucere.
1801 391 1899 416 Debent
1917 399 1975 424 ergo
1987 392 1995 405 ⁷
2009 394 2041 418 ad

1191 439 1254 463 opus
1274 432 1319 457 Dei
1338 440 1428 464 corpus
1453 433 1557 458 honeste
1582 434 1723 465 disponere,
1743 435 1775 459 ad
1794 434 1923 460 collectam
1942 435 1967 460 et
1986 436 2041 461 Tri-

1190 476 1280 500 nitatis
1299 477 1443 501 memoriam
1462 477 1501 501 vel
1517 477 1639 502 modicum
1658 477 1792 507 inclinare,
1812 478 1923 502 ordinem
1942 478 1967 502 iu
1987 485 2040 509 pro-

1192 519 1315 550 sequendo
1333 526 1447 549 servare,
1467 520 1653 551 occupationem
1681 520 1706 545 et
1724 520 1933 552 interruptionem
1952 521 2040 546 vitare.

1263 561 1304 587 10.
1324 563 1364 587 Ad
1389 563 1494 592 Missas,
1523 563 1671 594 postpositis
1696 564 1824 594 omnibns,
1853 564 1925 589 tanto
1953 565 2040 590 maiori
2052 567 2118 594 Quomo

1190 650 1244 674 rius
1263 649 1314 675 Deo
1333 649 1450 674 servitur.
1471 650 1577 674 Calicem
1597 650 1622 674 et
1634 650 1781 681 corporalia,
1802 651 1823 675 si
1841 650 1985 682 tetigerint,
2006 659 2041 677 re-

1190 693 1306 718 verenter
1325 693 1350 717 et
1378 693 1539 717 mundissime
1567 692 1679 718 tractent
1706 701 1843 725 manusque
1862 694 1920 725 post
1945 694 2040 720 tactum

1190 736 1345 765 huiusmodi,
1365 736 1500 767 antequam
1519 736 1649 767 apponant
1667 737 1851 767 communibus,
1870 737 1965 762 lavent.
1985 738 2041 763 Cor-

1191 786 1238 810 pus
1257 779 1406 804 dominicnm
1435 779 1573 810 recepturi,
1593 779 1666 809 ante,
1685 779 1715 804 ut
1742 780 1824 810 decet,
1850 780 1965 811 ampliori
1984 788 2041 806 con-

1190 822 1319 852 fessionis,
1340 823 1460 847 orationis
1480 822 1505 847 et
1524 822 1576 847 tam
1596 830 1610 847 a
1629 823 1690 847 cibis
1709 830 1783 854 quam
1802 824 1885 848 verbis
1899 823 2041 855 temperan-

1190 866 1240 891 tiae
1260 866 1342 891 studio
1361 866 1491 897 acceptum
1511 866 1562 891 Deo
1581 866 1701 897 satagant
1719 866 1857 898 hospitium
1881 874 2040 898 praeparare.

1189 909 1304 935 Infusam
1324 909 1408 934 autem
1427 909 1457 934 ob
1476 909 1543 934 tanti
1562 909 1727 934 reverentiam
1746 909 1873 941 hospitis*³
1886 910 1994 942 gratiam
2014 912 2040 936 111

1189 953 1331 985 gratiarum
1350 952 1446 977 actione
1466 952 1609 977 attendant.

1263 1038 1313 1060 Non
1330 1038 1406 1061 minor
1423 1041 1457 1060 est
1475 1038 1549 1061 virtus
1566 1045 1637 1067 quam
1655 1045 1768 1068 quaerere
1785 1042 1850 1067 parta
1869 1040 1926 1062 tueri
1936 1038 1953 1062 ⁹.

1512 1121 1661 1146 CAPITULUM
1680 1122 1717 1147 II.

1384 1209 1425 1234 De
1444 1209 1610 1234 ordinatione
1628 1210 1743 1240 respectu
1761 1209 1803 1234 sm*
1814 1208 1843 1233 ¹⁰.

1261 1295 1285 1321 1.
1318 1295 1433 1320 Ceterum
1452 1295 1575 1321 fervorem
1603 1295 1718 1320 sanctum
1745 1295 1770 1320 et
1797 1295 1923 1327 quandam
1950 1295 2040 1321 debent

1189 1339 1424 1371 magnanimitatem
1443 1346 1584 1368 assumere,
1604 1339 1633 1363 ut
1651 1339 1683 1363 ad
1701 1338 1825 1364 virtutum
1844 1338 1960 1364 exercitia
1978 1339 2039 1365 stre-

1189 1384 1233 1408 nui
1251 1390 1280 1408 30
1299 1383 1394 1412 devoti,
1414 1390 1489 1414 opera
1518 1383 1582 1408 bona
1609 1382 1753 1414 frequenter
1781 1390 1960 1414 supererogare
1985 1390 2039 1408 con-

1189 1426 1303 1451 tendant.
1326 1436 1339 1448 «
1352 1426 1420 1451 Tunc
1440 1427 1505 1451 enim
1525 1426 1587 1451 vitia
1605 1426 1713 1451 fideliter
1738 1425 1878 1457 exstirpata
1896 1426 2039 1457 discedunt,

1190 1470 1212 1494 31
1230 1469 1368 1494 virtutibus
1396 1469 1493 1494 cedant.
1521 1469 1640 1500 Alioquin
1664 1469 1704 1493 vel
1731 1468 1864 1493 subsidunt
1890 1468 1921 1493 ad
1941 1468 2040 1500 tempus

1190 1513 1279 1543 eiecta,
1300 1513 1340 1538 vel
1359 1513 1478 1543 redeunt3
1498 1513 1546 1537 nisi
1565 1512 1674 1537 virtutes
1692 1513 1718 1537 in
1745 1512 1805 1538 locis
1825 1512 1958 1542 vitiorum,
1978 1520 2040 1544 qnae

1189 1556 1284 1581 fuerint
1309 1557 1427 1587 depulsa,
1457 1555 1688 1581 successeri11t¹¹».
1717 1555 1775 1580 Non
1802 1555 1910 1580 multum
1930 1555 2041 1587 proderit

1190 1600 1272 1625 omnia
1299 1599 1444 1630 reliquisse,
1473 1599 1522 1623 nisi
1549 1598 1675 1624 virtutum
1694 1598 1810 1629 passibus
1837 1598 1892 1624 tota
1912 1598 2041 1623 Christum

1189 1642 1327 1668 intentione
1347 1650 1489 1674 sequamur.
1518 1641 1582 1671 Quid
1600 1642 1679 1671 iuvat,
1698 1642 1840 1673 expeditum
1865 1649 1918 1667 esse
1937 1642 1969 1666 ad
1988 1649 2041 1667 cur-

1190 1693 1258 1716 sum,
1279 1693 1323 1710 nec
1342 1693 1455 1715 currere3
1475 1686 1553 1710 exisse
1573 1685 1604 1710 ad
1617 1692 1693 1716 opus,
1707 1685 1732 1710 et
1744 1685 1826 1716 operis
1839 1685 1970 1710 oblivisci?
1982 1685 2040 1710 Non

1188 1729 1345 1754 intrantibus
1372 1730 1485 1758 vineam,
1506 1729 1548 1753 sed
1576 1728 1738 1760 operantibus
1760 1736 1853 1753 merces
1872 1727 1987 1753 datur¹².
2006 1728 2041 1753 Et

1189 1780 1244 1798 cum
1262 1773 1289 1797 in
1307 1780 1355 1797 nsu
1374 1772 1498 1797 virtutum
1511 1773 1620 1797 omnium
1639 1771 1743 1803 perfecti
1761 1779 1814 1797 esse
1833 1779 1882 1797 11011
1902 1771 1995 1801 valent,
2014 1772 2041 1797 in

1189 1817 1273 1848 aliqua
1292 1816 1382 1841 saltem
1403 1823 1428 1841 se
1456 1816 1576 1840 studeant
1603 1815 1744 1846 specialiter
1772 1822 1883 1840 exercere
1911 1814 1937 1840 et
1956 1815 2038 1845 illam,

1189 1859 1285 1890 quanta
1303 1858 1410 1890 possunt
1429 1858 1593 1890 perfectione,
1613 1858 1753 1883 observare.

2056 569 2133 651 11113333αῆ

2129 652 2131 662 1

1191 606 1389 637 promptitudine
1408 613 1436 631 ac
1454 606 1583 631 devotione
1602 606 1754 637 ministrent,
1772 607 1865 638 quanto
1884 607 1918 632 ibi
1936 607 2040 633 familia-
2055 615 2115 634 strand

2060 1297 2133 1326 Yirtunt

2070 1324 2122 1341 insunt

2089 1345 2122 1365 dnn

1261 1902 1285 1926 2.
1310 1902 1465 1927 «Fervorem
1484 1902 1636 1927 novitiorum
1654 1908 1705 1926 non
1722 1901 1810 1926 decent
1827 1901 1885 1926 illae
1903 1901 2039 1926 misericor·
2064 1902 2104 1922 Nori
2120 1899 2133 1930 111

2054 1927 2113 1945 rantur
2119 1930 2133 1948 ys

1189 1946 1232 1970 des
1244 1946 1271 1970 in
1284 1953 1309 1970 se
1321 1946 1405 1977 ipsum
1423 1945 1585 1970 discretiones
1604 1945 1629 1970 et
1641 1944 1818 1970 discretionum
1839 1944 2038 1975 dispensationes
2051 1950 2112 1976 pensat
2119 1950 2133 1982 10

1189 1989 1287 2018 faciles,
1307 1989 1365 2020 quia
1383 1988 1555 2020 indulgentiae
1574 1995 1618 2013 suo
1641 1988 1730 2013 iudicio
1754 1995 1804 2013 non
1823 1987 1883 2012 sunt
1906 1987 2038 2013 admitten-

1189 2032 1247 2062 dae,
1268 2039 1312 2057 nec
1331 2032 1415 2057 tamen
1444 2031 1596 2057 recusandae
1620 2031 1680 2056 sunt
1699 2031 1788 2056 alieno.
1807 2031 1831 2055 A
1849 2038 1875 2056 30
1893 2031 1948 2062 ipso
1967 2032 1994 2056 in
2014 2038 2039 2056 se

1187 2076 1272 2107 ipsum
1296 2075 1378 2107 rigida
1397 2075 1470 2100 debet
1495 2082 1548 2100 esse
1575 2082 1681 2100 censura
1708 2074 1733 2099 et
1758 2073 1874 2099 districta
1902 2073 2038 2105 severitas3

1188 2119 1220 2143 ad
1238 2118 1366 2150 regentem
1385 2119 1425 2143 vel
1444 2118 1614 2143 consulentem
1632 2118 1696 2142 lenis
1708 2118 1734 2142 et
1746 2117 1861 2142 obediens
1879 2118 1905 2142 in
1924 2117 2039 2142 omnibus

1188 2161 1326 2185 humilitas.
1346 2161 1371 2185 Si
1390 2161 1498 2185 alterum
1517 2160 1595 2190 desit,
1615 2161 1654 2185 vel
1673 2161 1699 2185 in
1724 2160 1805 2185 deside
1833 2160 1858 2185 et
1883 2160 1966 2191 tepido
1989 2167 2039 2185 non

1188 2211 1261 2235 spero
1281 2211 1368 2229 cursus
1389 2204 1616 2235 perseverantiam,
1636 2204 1676 2228 vel
1694 2204 1721 2228 in
1738 2203 1870 2234 praecipiti
1897 2203 1972 2228 timeo
1990 2203 2038 2228 rui-

1187 2254 1246 2271 nam
1258 2245 1278 2258 13
1289 2257 1314 2271 >>.
1331 2256 1344 2268 ‹<
1354 2247 1409 2271 Sint
1422 2246 1587 2272 occultatores
1600 2246 1724 2271 virtutum
1732 2265 1738 2276 ,
1751 2246 1816 2271 sicut
1827 2246 1871 2271 alii
1884 2246 2002 2271 vitiorum
2013 2256 2038 2270 ».

342 2467 348 2481 1
366 2466 410 2489 Ctr.
428 2467 525 2493 Seneca,
543 2467 612 2494 Epist.
631 2467 718 2489 1Ο.Ρ1·0
735 2465 837 2489 summis
850 2466 885 2488 ed.
900 2467 912 2488 2
930 2465 1073 2494 summissis,
1091 2466 1128 2488 ed.

278 2499 286 2520 ¹l
309 2497 418 2526 asininis,
437 2499 487 2520 Vat.
506 2497 636 2521 simiaticis.

340 2529 348 2542 ²
367 2530 438 2552 Codd.
458 2529 473 2552 C
484 2530 527 2551 DE
544 2533 566 2551 et
584 2529 619 2551 etl.
639 2530 652 2551 2
670 2529 802 2552 transierit.

340 2560 349 2573 ³
367 2561 483 2587 Bernard„
502 2562 575 2583 Serm.
595 2560 630 2582 47.
649 2560 672 2582 in
696 2561 759 2583 Cant.
785 2567 808 2582 n.
825 2561 851 2582 8:
879 2561 944 2583 Unde
970 2567 1012 2583 vos
1030 2566 1127 2588 moneo,

277 2593 431 2619 dilectissimi,
449 2599 508 2620 pin-e
524 2598 617 2620 semper
639 2597 666 2614 as:
690 2595 783 2614 strenue
808 2592 895 2614 divinis
919 2592 1030 2614 interesse
1055 2592 1128 2614 laudi-

276 2623 320 2646 bus
338 2626 380 2646 010.
398 2624 483 2646 Textus
500 2624 619 2651 origini-ilis
637 2624 721 2646 deinde
733 2623 903 2651 propositiones
916 2626 1068 2651 transponens
1084 2623 1128 2651 pri-

277 2661 339 2677 mam
358 2656 429 2684 (pm-e
441 2655 543 2684 quidem)
557 2656 578 2677 in
592 2655 636 2677 fine
648 2655 751 2677 exhibet:
773 2664 783 2674 α
797 2655 895 2677 Strenue
911 2655 1019 2683 quidem3
1033 2658 1057 2677 ut
1069 2655 1128 2677 sicut

276 2691 421 2713 reverenter,
439 2687 468 2709 ita
486 2690 507 2708 et
525 2687 628 2709 alacriter
646 2687 768 2714 assistatis,
781 2693 827 2708 non
845 2687 930 2714 pigri...
950 2690 972 2708 et
988 2687 1069 2709 affectu
1089 2692 1127 2708 vo-

276 2724 314 2740 ces
331 2718 402 2740 sancti
422 2718 519 2746 Spiritus
537 2718 709 2746 depromentes.
726 2718 785 2740 Pure
796 2724 866 2745 vero,
884 2721 908 2740 ut
930 2718 959 2740 nil
979 2718 1052 2745 aliud,
1070 2718 1126 2740 dum

276 2749 384 2777 psallitis,
400 2756 470 2778 quam
489 2750 553 2778 quod
572 2750 666 2777 psallitis
683 2749 788 2777 cogitetis
800 2758 821 2771 ».
840 2750 883 2772 Pro
901 2748 970 2772 halba
987 2751 1005 2772 A
1024 2748 1123 2777 blanda,

277 2781 320 2803 DE
338 2784 359 2803 et
376 2781 413 2803 ed.
436 2782 439 2802 l
463 2780 551 2803 blanda
569 2780 648 2803 ret-bn..

339 2812 349 2824 4
366 2812 438 2834 Codd.
457 2815 473 2834 A
484 2812 500 2835 C
511 2813 526 2834 E
544 2816 566 2834 et
582 2813 618 2834 011.
638 2813 650 2834 2
669 2811 826 2835 Retwentiae.

340 2842 349 2855 ⁵
366 2843 417 2865 Vnt.
435 2848 456 2865 01
474 2844 511 2866 ed.
533 2844 536 2865 l
559 2843 591 2866 ad
608 2843 716 2866 lectiones
734 2845 756 2866 et
772 2843 875 2873 officinm
892 2845 1055 2866 mortuorum.
1070 2843 1127 2872 Spe-

277 2874 369 2897 cinlz'ter
394 2876 473 2897 [anien
499 2874 635 2898 lectionibus
654 2874 727 2904 plane
752 2874 832 2903 (lictis,
852 2874 879 2897 (Ie
902 2875 1005 2898 Domina
1032 2876 1127 2897 tantum

277 2905 391 2934 emt-epm,
413 2906 567 2929 {rreveretzli’s
585 2911 628 2928 010.

339 2935 349 2948 ⁶
367 2937 461 2964 Sulpicii
487 2938 565 2959 Severi
591 2938 661 2965 Epist.
687 2938 708 2960 3.
725 2938 754 2960 ad
774 2938 899 2959 Bassulani.
916 2950 947 2954 —
965 2937 1037 2960 Codd.
1056 2937 1126 2959 CDE

276 2970 299 2989 et
316 2968 369 2990 edd.
391 2968 414 2994 l,
433 2970 445 2990 2
463 2971 637 2997 prosequuntur
653 2968 756 2991 maternis
775 2968 822 2998 [011.
840 2969 843 2989 Ι
862 2968 1011 2998 lntrz'nseci's]
1024 2968 1126 2991 inolitus

277 3000 357 3027 [tesius
374 3002 417 3021 etc.

341 3029 349 3042 ⁷
367 3030 439 3052 Codd.
458 3030 552 3053 ssGDE
570 3031 622 3053 Erit
640 3030 707 3059 hinc,
725 3032 761 3053 011.
780 3032 792 3053 2
811 3030 883 3054 Erint
899 3031 960 3054 ltine.

1248 2465 1257 2478 ⁵
1275 2466 1348 2488 Codd.
1368 2465 1438 2488 CDE
1455 2466 1535 2488 antem
1553 2464 1647 2488 obtentu
1664 2464 1769 2494 hospitis.
1788 2465 1840 2487 Vat.
1852 2471 1905 2487 cum
1919 2464 1955 2487 ed.
1975 2465 1982 2487 l
1999 2470 2036 2487 re-

1184 2497 1316 2520 verentiam
1334 2497 1465 2524 transponit
1482 2500 1534 2524 post
1551 2497 1664 2525 qratiam.

1248 2527 1257 2540 9
1275 2528 1351 2556 Orici„
1369 2529 1392 2550 ll.
1410 2528 1471 2550 Artis
1487 2528 1625 2555 amatoriae,
1642 2534 1666 2550 v.
1684 2528 1719 2550 Ἰ13.

1248 2559 1268 2572 ¹0
1285 2560 1359 2583 Codd.
1379 2560 1423 2582 AB
1446 2560 1480 2582 De
1496 2559 1645 2582 ordinatione
1662 2559 1702 2582 sni
1718 2558 1799 2588 ipsius.

1248 2590 1266 2603 ¹¹
1285 2592 1398 2619 Prosper„
1416 2592 1447 2613 lll.
1466 2591 1495 2613 de
1515 2591 1563 2613 Vita
1582 2591 1771 2619 contemplativa,
1789 2597 1809 2613 c.
1827 2591 1849 2613 3.
1866 2597 1889 2612 n.
1902 2591 1922 2612 l.
1937 2591 1980 2613 Pro
1997 2596 2036 2613 ea:-

1184 2622 1287 2652 stz‘rpaist
1304 2626 1378 2645 textus
1395 2622 1514 2650 originalis
1531 2622 1644 2652 empulsa,
1658 2623 1694 2645 ed.
1712 2623 1724 2644 2
1737 2623 1898 2651 eoepectorata.
1911 2622 1963 2644 Post
1974 2621 2036 2645 Alio-

1185 2654 1242 2684 quin
1260 2654 1276 2677 C
1286 2655 1304 2676 D
1322 2657 1495 2683 prosequuntur
1512 2659 1581 2681 rere,
1601 2654 1623 2677 si
1639 2653 1725 2676 cealzmt
1740 2653 1772 2676 ml
1785 2655 1878 2682 tempus
1890 2653 1969 2681 eiecta,
1986 2659 2035 2676 71071

1184 2685 1292 2709 recedent
1310 2685 1335 2714 (C
1353 2685 1474 2714 redeunt),
1492 2685 1540 2708 msc*
1556 2688 1611 2714 etc.;
1629 2685 1665 2707 ed.
1688 2686 1692 2707 1
1715 2691 1768 2707 011111
1792 2686 1808 2707 E
1831 2691 1884 2712 nae,
1906 2684 1928 2707 si
1950 2684 2035 2708 cedunt

1185 2716 1213 2746 [E
1230 2716 1323 2746 cedant]
1341 2717 1373 2740 ad
1391 2718 1482 2746 tempus
1500 2716 1580 2740 eiecta.
1597 2717 1660 2740 Nam
1677 2716 1777 2739 redeunt
1793 2716 1841 2739 711.ςὶ
1857 2719 1900 2738 etc.

1247 2748 1266 2760 ¹2
1285 2748 1328 2771 Csr.
1348 2749 1424 2771 Mattli.
1442 2749 1484 2775 20,
1503 2749 1524 2770 8.
1542 2749 1584 2770 Ρ1·0
1602 2747 1754 2778 operantibus
1768 2747 1809 2770 CE
1826 2746 1986 2771 morantibus.
2003 2759 2034 2763 —

1185 2780 1280 2802 1111011113
1298 2786 1339 2808 pro
1358 2779 1485 2803 ohservare
1502 2779 1517 2802 C
1529 2780 1572 2801 DE
1589 2783 1611 2802 et
1628 2780 1664 2802 ed.
1683 2780 1696 2801 ‘3
1713 2785 1818 2802 sei-vare.

1247 2810 1266 2823 ¹³
1284 2812 1398 2834 Gnillelm.
1418 2811 1492 2833 abbas
1509 2812 1531 2833 S.
1549 2811 1700 2837 TheodoriCi,
1718 2811 1747 2833 de
1764 2811 1847 2833 Natura
1874 2813 1896 2832 et
1921 2809 2034 2838 dignitate

1183 2843 1269 2865 amoris
1288 2843 1354 2871 (inter
1372 2849 1442 2870 opera
1461 2843 1589 2870 Bernardi),
1607 2849 1627 2865 0.
1644 2843 1665 2864 3.
1683 2848 1705 2864 n.
1723 2841 1745 2869 7,
1763 2842 1804 2864 sed
1826 2841 1941 2863 nonnullis
1959 2844 2034 2863 muta—

1183 2874 1218 2896 tis.
1236 2887 1267 2889 —
1287 2874 1339 2903 seq.
1357 2875 1468 2897 sententia
1492 2877 1526 2896 est
1549 2874 1649 2896 auctoris
1665 2873 1715 2895 libri
1733 2873 1762 2895 de
1780 2873 1882 2902 911311101-
1908 2872 2033 2895 virtutibus

1184 2905 1232 2933 (cfr.
1250 2911 1321 2933 supra
1347 2912 1400 2933 pag.
1419 2906 1472 2931 583,
1491 2908 1542 2927 nota
1561 2906 1601 2933 9.),
1619 2911 1639 2927 c.
1656 2905 1685 2927 de
1703 2904 1859 2931 Continentia,
1877 2904 1916 2926 ubi
1934 2904 1964 2926 de
1981 2909 2033 2926 con-

1182 2937 1262 2959 tinenti
1280 2937 1376 2959 dicitnr:
1390 2938 1422 2959 Ad
1437 2937 1494 2959 iram
1516 2936 1617 2959 tardus..
1635 2936 1759 2958 occultator
1778 2936 1902 2963 virtutum,
1920 2935 1978 2957 sicut
1995 2935 2032 2957 3111

1182 2968 1301 2990 vitiorum.
1318 2981 1348 2984 w
1366 2968 1460 2990 Interius
1486 2967 1584 2990 vocibus
1606 2967 1708 2990 notabile
1725 2968 1836 2990 attentent
1854 2967 1891 2989 ed.
1909 2967 1922 2988 2
1940 2967 2032 2988 interse-

1182 2999 1211 3021 rit
1226 3005 1328 3028 prorsus
1346 3002 1368 3021 et
1380 3006 1422 3027 pro
1440 2998 1569 3022 ascendant
1585 2998 1703 3021 substituit
1720 3005 1773 3021 cum
1790 2998 1806 3021 C
1820 2999 1863 3020 DE
1886 3001 1908 3020 et
1925 2998 1961 3020 ed.
1983 2998 1987 3019 1
2010 3000 2032 3019 et

1183 3032 1196 3052 2
1214 3030 1380 3053 conscendant.

2117 2094 2121 2197 1
