2133 3317
110 641 188 660 cautela
200 646 239 660 ser-

147 665 214 683 vauda.

149 1976 241 1996 Secundo,

110 2000 203 2018 cauticum
212 2005 242 2017 no-

109 2028 152 2041 vum
161 2025 242 2041 cautam.

256 217 312 245 212

255 294 326 319 nulla
344 293 481 318 invidentia
509 292 560 321 est,
584 298 684 316 concors
710 290 748 315 est
773 290 921 314 differentia.
947 290 1104 314 Praesumite

255 337 353 368 itaque,
373 336 501 365 confidite,
530 334 694 363 roboramini,
724 333 866 364 permanete
892 333 934 364 qui
959 333 1054 358 vovetis
1080 333 1105 358 et

256 379 353 404 reddite
371 379 486 403 Domino
505 378 560 402 Deo
579 378 660 402 vestro
674 376 681 388 ¹
703 376 762 401 vota
776 376 911 407 perpetuae
924 376 1104 405 continentiae,

255 429 305 447 non
324 421 423 446 tantum
443 420 546 452 propter
564 426 697 444 aerumnas
710 419 850 450 praesentis
869 419 961 444 saeculi
975 418 1103 448 vitandas,

256 464 298 489 sed
318 464 397 488 multo
420 464 499 494 magis
525 462 628 493 propter
650 461 730 486 futuri
754 462 845 486 saeculi
869 462 969 486 delicias
996 462 1105 493 singula-

255 515 295 532 res
308 510 317 523 2
330 517 354 536 »,
380 514 442 538 quas
474 506 544 531 vobis
573 505 714 536 specialiter
743 505 832 537 Agnus
861 505 958 535 vester,
988 505 1104 530 Christus

256 550 384 575 transieris
402 548 570 573 ministrabit.

327 591 385 616 109.
406 591 516 616 Caveant
541 591 625 616 autem
648 591 759 622 virgines
785 590 892 622 Christi,
916 598 946 616 ne
975 590 1105 622 pueriliter

254 635 303 660 ista
326 634 485 666 intelligant,
511 634 547 659 ita
572 634 602 659 ut
627 634 705 659 solam
730 633 903 665 virginitatem
930 634 1033 659 credant
1058 634 1105 658 sibi

255 678 367 703 sufficere
387 678 418 702 ad
437 678 588 709 sequendum
607 677 707 709 Agnum
728 677 784 706 Dei,
799 684 951 708 quocumque
964 677 1034 707 ierit,
1049 684 1104 702 cum

255 722 307 752 ipse
327 721 415 752 Agnus
434 728 484 746 non
504 721 583 746 solum
603 720 758 752 virginitatis
777 720 905 750 semitam,
930 721 1004 745 immo
1029 721 1104 745 etiam

255 765 364 789 omnium
390 764 514 788 virtutum
539 764 605 788 viam
630 763 737 788 incedat.
762 763 868 794 Oportet
891 770 962 795 ergo,
982 764 1105 795 virginem

255 807 349 832 Christi
368 807 477 832 omnium
490 806 614 831 virtutum
627 807 728 836 itinere,
743 806 818 831 etiam
831 807 857 831 in
869 806 916 831 hac
928 806 989 836 vita,
1003 807 1104 838 Agnum

254 850 483 875 mansuetissimum
501 850 609 880 imitari,
630 850 649 874 si
670 849 725 874 vult
743 850 803 874 illuc
822 850 964 880 pervenire,
991 849 1033 874 ubi
1053 850 1104 874 sine

254 893 303 918 fine
322 900 391 922 eum,
411 900 564 924 quocumque
582 893 653 922 ierit,
674 892 799 924 sequetur.
819 892 944 922 Quomodo
957 893 1022 917 enim
1036 893 1105 924 sequi

254 936 338 969 potest
358 937 428 968 virgo
449 936 556 967 superba
569 936 671 968 Agnum
683 937 709 960 in
721 935 873 960 humilitatis
886 936 928 960 via
940 935 1103 967 gradientem,

254 981 285 1005 ad
305 988 377 1012 quem
400 980 469 1005 nullo
494 980 565 1005 modo
591 979 703 1004 accedit?
728 979 852 1008 Quomodo
870 979 1030 1003 mitissimum
1055 979 1105 1003 ira—

254 1023 345 1052 cunda,
375 1023 495 1054 quomodo
523 1022 660 1047 ferventem
684 1022 709 1046 in
734 1022 839 1047 caritate
860 1022 956 1051 invida,
985 1022 1104 1053 quomodo

253 1067 424 1098 largissimum
443 1072 532 1095 avara,
553 1065 673 1097 quomodo
692 1065 800 1090 alacrem
813 1065 933 1090 aecidiosa
947 1064 964 1094 ³,
984 1065 1104 1096 quomodo

255 1109 364 1134 sobrium
383 1109 497 1133 ebriosa?
516 1108 638 1133 Ambulat
655 1109 681 1133 in
700 1108 766 1133 0111111
786 1109 826 1132 via
845 1108 955 1133 omnium
966 1108 1104 1139 fvii-tutum

254 1153 357 1184 Agnus,
377 1152 489 1176 ambulet
507 1153 541 1176 sic
560 1152 585 1176 et
604 1152 674 1183 virgo
693 1152 795 1182 cupiens
815 1151 916 1183 Agnum
944 1151 1046 1175 imitari.
1067 1151 1104 1175 Sit

254 1196 370 1225 humilis,
384 1195 452 1219 mitis
466 1195 506 1224 sit,
521 1195 554 1219 sit
567 1194 672 1219 caritate
686 1195 798 1223 fervens,
814 1194 847 1219 sit
859 1195 943 1226 larga,
958 1194 991 1219 sit
1004 1194 1103 1224 alacris,

255 1238 289 1263 sit
308 1238 404 1268 sobria,
424 1238 449 1263 et
467 1238 582 1263 imitatur
602 1237 626 1262 et
644 1238 785 1262 imitabitur
810 1238 925 1269 Agnum,
951 1244 1104 1268 quocumque

254 1281 322 1310 ierit,
343 1281 368 1305 et
385 1281 494 1306 meretur
508 1281 539 1305 ab
551 1281 606 1312 ipso
619 1281 703 1313 Agno,
718 1281 812 1312 Sponso
826 1286 870 1305 suo
883 1280 968 1305 audire
981 1280 1003 1304 ⁴¹:
1021 1280 1104 1312 Quam

250 1324 339 1355 pulcri
357 1325 418 1348 suni
434 1331 537 1355 messus
558 1325 596 1348 11ιί
615 1324 642 1348 iii
661 1324 852 1354 calceamentis,
879 1322 937 1353 filia
958 1323 1104 1354 principis!

254 1367 372 1398 Specialis
392 1368 483 1399 quippe
501 1367 553 1392 filia
572 1367 617 1392 Dei
636 1368 770 1398 principis,
790 1366 815 1391 et
834 1367 932 1392 domina
951 1374 1038 1398 regum
1051 1366 1104 1391 uni-

254 1418 340 1435 versae
359 1410 441 1435 terrae
460 1411 508 1435 erit
526 1411 608 1435 anima
628 1411 772 1442 virginalis,
786 1411 856 1435 cuius
870 1417 972 1441 gressus
985 1416 1104 1434 commen-

254 1454 347 1478 dantur
363 1454 389 1478 in
408 1454 588 1478 calceamentis.
608 1454 656 1478 Per
675 1454 847 1478 calceamenta
866 1453 950 1478 autem
969 1453 1104 1483 accipimus

254 1497 366 1528 exempla
386 1496 554 1526 mortuorum,
575 1497 632 1528 qnia
656 1506 668 1518 ιι
681 1496 848 1521 calceamenta
866 1496 932 1521 fiunt
950 1496 979 1520 de
998 1495 1104 1520 mortuis

254 1540 404 1564 animalibus
417 1539 426 1551 ⁵
439 1549 464 1564 >›.
484 1540 568 1564 Pulcri
590 1540 668 1571 igitur
687 1539 746 1564 sunt
765 1546 867 1571 gressus
880 1540 1005 1571 virginum
1018 1539 1044 1563 iu
1058 1539 1104 1563 cal-

254 1582 401 1612 ceamentis,
419 1590 474 1608 011111
487 1583 593 1608 directae
607 1589 651 1614 per
664 1584 730 1607 vIam
743 1582 865 1607 virtutum
880 1583 988 1607 omnium
1002 1582 1104 1613 Agnum

255 1625 383 1650 Christum
403 1634 447 1657 pro
466 1627 528 1657 ipsis
547 1626 674 1651 mortuum
701 1626 902 1657 prosequuntur,
929 1625 1032 1656 paratae
1058 1632 1103 1656 pro

248 1669 327 1700 Agno
346 1669 421 1693 etiam
440 1670 509 1700 ipsae
528 1676 605 1700 usque
632 1669 663 1693 ad
688 1668 793 1694 mortem
818 1669 843 1693 et
868 1676 913 1700 per
937 1668 1056 1698 mortem,
1083 1669 1104 1693 si

253 1719 351 1736 necesse
369 1711 453 1741 fuerit,
473 1712 541 1743 sequi
554 1712 666 1743 Agnum3
680 1713 705 1736 in
718 1713 785 1737 omni
797 1711 863 1737 facto
876 1712 1016 1736 munientes
1030 1711 1103 1743 pedes

254 1753 387 1779 affectuum
407 1761 508 1779 suorum
527 1755 645 1786 exemplis
665 1755 753 1786 optimi
771 1754 852 1786 Agni,
873 1754 967 1779 Christi
986 1754 1045 1779 Iesu
1063 1754 1104 1778 ad—

254 1804 342 1822 versus
370 1798 511 1828 serpentem
538 1797 698 1822 insidiantem
730 1797 844 1822 calcaneo
876 1797 1008 1829 virginali,
1034 1797 1103 1822 cuius

254 1839 338 1864 tamen
357 1839 433 1870 caput
452 1840 570 1871 virginali
589 1840 662 1871 pede,
692 1840 771 1871 ipsius
795 1839 863 1871 Agni
887 1839 1023 1869 adiutorio,
1049 1846 1103 1864 con-

253 1883 367 1908 culcatur
379 1880 397 1907 ὃ.

326 1926 385 1951 110.
406 1926 525 1956 Quintum
545 1927 631 1952 folium
650 1927 719 1952 floris
737 1927 783 1951 lilii
803 1927 916 1958 quintam
939 1934 1040 1951 causam
1065 1926 1103 1951 de-

254 1969 349 2000 signat,
361 1970 464 2001 propter
474 1978 548 2001 quam
558 1970 692 2001 virginitas
702 1970 741 1995 est
753 1970 907 2001 appetenda,
921 1970 991 1995 illam
1002 1969 1102 1999 scilicet,

254 2013 311 2044 quia
336 2013 480 2038 cantabunt
503 2014 630 2038 canticum
654 2021 748 2038 novum
774 2013 833 2038 anie
858 2013 980 2038 thronum
1005 2013 1056 2038 Dei
1080 2014 1104 2037 et

254 2055 339 2087 Aym',
355 2057 423 2087 quod
436 2056 535 2087 praeter
548 2057 658 2088 virgines
671 2064 743 2081 nemo
757 2057 838 2081 dicere
852 2058 938 2088 potest
949 2057 966 2081 ⁷.
979 2056 999 2081 O
1019 2056 1103 2081 felices

255 2099 279 2123 et
298 2099 386 2123 ceteris
404 2099 524 2124 feliciores
544 2100 667 2131 virgines,
688 2106 750 2131 quae
774 2109 786 2121 ‹<
799 2099 895 2124 affertis
914 2099 946 2124 ad
964 2099 1021 2124 illas
1035 2099 1102 2131 Agni

255 2142 357 2172 nuptias
382 2142 521 2167 aeternales
549 2142 673 2167 canticum
697 2149 802 2171 novum,
827 2142 891 2173 quod
915 2142 1049 2167 cantabitis
1077 2143 1102 2166 in

255 2184 359 2209 citharis
378 2184 483 2214 vestris,
503 2192 552 2210 non
575 2185 660 2216 utique
686 2185 748 2214 tale,
774 2185 845 2216 quale
874 2184 961 2209 cantat
985 2186 1102 2210 universa

255 2227 337 2256 terra,
366 2228 395 2251 ut
422 2227 527 2252 dicitur:
560 2226 669 2252 Cantante
693 2227 806 2252 Domino
836 2228 965 2252 canticum
993 2235 1101 2259 novum,

255 2272 356 2295 cantate
374 2271 488 2295 Domino
508 2271 590 2296 ovinis
605 2272 690 2301 terra,-
703 2271 745 2295 sed
759 2271 821 2300 tale,
837 2271 909 2303 quale
927 2278 999 2296 nemo
1019 2270 1103 2302 potest

255 2314 333 2339 dicere
361 2314 409 2338 nisi
434 2315 538 2338 vos⁸».
557 2314 649 2338 Audiet
673 2314 757 2339 tamen
784 2314 808 2339 et
833 2314 997 2339 delectabitur
1022 2314 1102 2339 omnis

255 2357 389 2381 multitudo
408 2356 517 2381 fidelium
537 2357 620 2382 vestro
640 2358 740 2388 proprio
759 2357 784 2382 et
803 2358 855 2382 tam
874 2358 1003 2382 excellenti
1030 2357 1101 2382 (10110.

254 2399 305 2424 Vos
324 2400 418 2428 autem,
440 2407 502 2431 quae
522 2400 546 2424 et
565 2400 651 2425 dicetis
670 2400 694 2425 et
713 2400 832 2429 audietis,
853 2401 910 2431 quia
929 2401 953 2425 id
977 2401 1041 2432 quod
1066 2401 1102 2425 di-

695 212 892 241 OPUSCULUM
914 212 944 240 X.
968 212 1053 240 VlTlS
1074 212 1224 240 MYSTICA.
1249 212 1510 242 ADDITAMENTUM
1532 213 1573 241 IV.

1161 290 1222 315 cetis
1241 298 1256 315 a
1276 291 1346 316 vobis
1365 291 1480 316 audietur
1494 292 1511 321 ⁹,
1534 292 1629 317 felicius
1648 293 1807 318 exsultabitis
1834 293 2011 326 iucundiusque

1162 333 1309 364 regnabitis.
1328 334 1388 363 Quis
1406 334 1481 359 istam
1500 335 1652 365 felicitatem,
1672 337 1727 367 quis
1739 336 1813 361 istam
1832 337 2011 362 iucunditatem

1163 376 1257 407 poterit
1270 377 1407 408 explicare,
1421 378 1495 403 immo
1507 379 1562 410 quis
1575 378 1685 403 humana
1698 379 1780 404 mente
1793 380 1913 410 concipiet
1925 380 2011 405 tantae

1162 419 1314 444 exsultantis
1334 420 1457 445 iubilum?
1476 421 1542 446 Nam
1555 422 1576 446 si
1589 429 1673 447 omnes
1683 423 1794 454 virgines
1807 422 1931 447 canticum
1943 423 2011 448 istud
2035 428 2107 473 Ιέ-αἱῗῑῑ,

1162 462 1313 494 cantabunt,
1333 463 1445 494 nunquid
1463 464 1508 488 illa
1527 464 1653 496 virginum
1676 465 1753 496 Virgo
1767 463 1786 477 ¹⁰
1805 472 1853 490 11011
1879 465 2012 490 cantabit?

1163 505 1283 530 Cantabit
1296 506 1381 537 utique
1395 506 1420 531 et
1433 506 1504 532 tanto
1517 507 1606 532 melius
1618 507 1643 532 et
1656 508 1799 538 iucundius,
1813 508 1907 539 quanto
1920 508 2011 533 castior

1162 549 1264 578 ceteris,
1296 549 1472 580 praebebitque
1500 549 1547 575 toti
1578 550 1704 582 virginum
1731 551 1805 576 choro
1835 551 1862 576 iu
1888 551 2011 576 cantando

1163 592 1315 623 exemplum,
1336 600 1398 624 quas
1417 592 1449 617 ad
1462 592 1617 624 virginitatis
1629 600 1738 618 amorem
1751 601 1794 618 suo
1807 594 1922 618 incitavit
1935 601 2011 618 exem-

1162 635 1212 666 plo.
1238 634 1383 660 Cantabunt
1408 642 1467 667 ergo
1492 636 1602 667 virgines
1626 637 1652 660 in
1676 636 1721 661 illa
1745 636 1898 661 iucunditate
1921 636 2011 662 festiva

1162 678 1286 702 canticum
1307 685 1380 702 suum
1399 679 1424 703 in
1443 685 1484 703 cor
1503 679 1570 710 Agni
1589 679 1706 710 virginis,
1732 679 1820 710 Sponsi
1844 680 1896 709 sui,
1915 687 1930 704 a
1949 687 2009 711 quo,

1162 721 1191 746 ut
1212 721 1262 746 tale
1283 721 1407 746 canticum
1421 723 1523 746 cantare
1536 722 1650 753 possent,
1663 722 1820 753 acceperunt.
1834 722 1898 752 Quid
1909 723 2011 748 autem?

1162 764 1283 795 Nunquid
1293 764 1318 789 et
1327 765 1380 796 ipse
1393 764 1483 796 Agnus
1495 772 1545 790 non
1558 765 1638 790 solum
1651 765 1758 790 aliarum
1771 766 1897 797 virginum
1906 766 2010 796 coetum,

1163 807 1206 832 sed
1225 808 1300 832 etiam
1318 808 1399 839 ipsam
1425 807 1554 839 Virginem
1580 809 1719 840 virginum,
1745 809 1852 833 Matrem
1877 816 1948 833 suam
1973 816 2011 834 511-

1163 851 1345 882 perexcellens,
1365 858 1380 875 a
1398 858 1446 882 quo
1464 851 1559 876 habeut
1577 858 1627 876 nou
1652 852 1746 881 solum,
1769 851 1799 876 ut
1823 852 1875 876 sint
1892 852 2010 884 virgines,

1163 894 1205 918 sed
1223 894 1298 919 etiam
1318 894 1346 919 ut
1366 894 1430 924 sint,
1450 894 1563 925 nunquid
1581 895 1634 925 ipse
1652 895 1776 925 Sponsus,
1796 895 1922 927 virginum
1940 896 2011 927 virgo

1162 937 1272 968 optimus
1290 944 1339 962 non
1359 937 1434 962 etiam
1453 937 1582 962 cantabit?
1600 937 1679 963 Immo
1698 945 1756 963 vero
1776 937 1800 963 et
1819 939 1872 969 ipse
1890 938 2010 968 cantabit,

1162 980 1187 1005 et
1200 981 1377 1005 iucundissima
1390 981 1434 1005 illa
1447 988 1494 1006 vox
1506 981 1582 1006 Verbi
1595 980 1680 1005 Patris
1693 981 1788 1006 aeterni
1807 988 1867 1012 prae
1889 981 2011 1012 omnibus,

1162 1031 1218 1048 cum
1236 1024 1363 1053 omnibus,
1384 1025 1410 1049 in
1429 1024 1543 1049 omnibus
1561 1024 1685 1049 audietur.
1704 1023 1724 1049 O
1743 1024 1813 1055 felix,
1832 1024 1941 1056 felicius,
1960 1024 2011 1049 feli-

1161 1068 1287 1092 cissimum
1306 1067 1444 1092 canticum!
1464 1067 1484 1092 O
1503 1067 1666 1092 festivitatem
1684 1067 1902 1097 iucundissimam,
1916 1075 2011 1099 compa-

1161 1110 1258 1135 ratione
1278 1110 1303 1135 et
1321 1110 1370 1135 fine
1393 1111 1529 1135 carenteml
1557 1110 1616 1140 Quis
1644 1111 1712 1135 istud
1736 1118 1786 1135 non
1814 1111 1932 1136 anhelet?
1952 1111 2011 1140 Quis

1161 1153 1276 1179 laborare
1295 1154 1450 1183 contemnet,
1470 1154 1499 1178 ut
1517 1154 1577 1179 illuc
1596 1154 1740 1185 perveniat,
1760 1154 1802 1179 ubi
1821 1153 1951 1179 tantarum
1964 1154 2011 1178 vir-

1160 1197 1248 1228 ginum
1267 1196 1390 1221 canticum
1408 1203 1500 1222 novum
1519 1196 1605 1221 audiat
1616 1216 1621 1227 ,
1634 1197 1677 1221 ubi
1690 1197 1838 1222 mirabiliter
1850 1204 1910 1228 prae
1923 1197 2011 1222 ceteris

1161 1239 1301 1271 virginibus
1320 1239 1498 1264 redundantem
1519 1246 1603 1265 vocem
1622 1239 1712 1265 Matris
1730 1240 1797 1272 Agni
1816 1240 1951 1271 pereipiat,
1968 1240 2011 1265 ubi

1161 1282 1186 1306 et
1205 1283 1287 1313 ipsum
1307 1282 1408 1314 Agnum
1427 1282 1589 1313 purissimum
1602 1282 1627 1307 et
1640 1283 1810 1307 dulcissimum
1823 1283 1912 1312 melos,
1929 1282 2010 1308 totum

1162 1325 1278 1350 melleum
1308 1325 1394 1350 audiat
1417 1325 1604 1350 concinentem?
1628 1325 1653 1350 Si
1677 1326 1742 1350 enim
1765 1326 1869 1357 eloquia
1893 1326 2010 1356 Domini,

1162 1368 1226 1393 teste
1245 1368 1382 1393 Psalmista
1392 1367 1420 1399 ¹²,
1435 1368 1460 1393 et
1472 1369 1498 1393 in
1510 1369 1559 1393 isto
1572 1375 1674 1399 corpore
1686 1368 1775 1394 mortis
1791 1368 1921 1393 existentis
1937 1368 2011 1393 alicui

1162 1411 1214 1435 tam
1242 1411 1330 1436 dulcia
1357 1413 1432 1443 sunt,
1457 1413 1487 1436 ut
1513 1412 1563 1436 mci
1589 1413 1613 1436 et
1637 1410 1726 1441 favum
1753 1412 1888 1443 superem,-
1915 1411 2010 1443 quauta

1162 1454 1238 1485 putas
1257 1462 1285 1479 ea
1305 1455 1432 1480 dulcedine
1451 1455 1653 1485 superabundare
1672 1454 1770 1484 debere,
1790 1454 1832 1479 ubi
1851 1455 1930 1480 omnis
1948 1461 2010 1479 mor-

1162 1498 1264 1527 talitas,
1284 1498 1364 1523 omnis
1383 1497 1469 1527 timor,
1488 1498 1568 1523 omnis
1587 1497 1657 1523 dolor
1676 1498 1762 1528 procul
1780 1497 1948 1528 transierunt,
1967 1497 2010 1522 ubi

1161 1540 1225 1564 nulli
1243 1540 1405 1565 amaritudini
1423 1540 1508 1565 nullus
1526 1541 1595 1566 locus
1614 1540 1778 1571 relinquitur,
1798 1540 1840 1565 sed
1859 1547 1943 1565 01111105
1962 1541 2010 1565 ior-

1161 1585 1232 1608 rente
1250 1584 1390 1615 voluptatis
1410 1584 1507 1609 divinae
1521 1584 1688 1615 potabuntur,
1701 1584 1838 1608 inebriatae
1851 1583 1883 1608 ab
1895 1584 2010 1608 ubertaic

1161 1627 1251 1652 donnes
1264 1628 1316 1652 eius
1326 1626 1362 1651 ΠΡ
1374 1627 1483 1652 Maxima
1496 1627 1609 1652 omnibus
1619 1622 1726 1652 felicitas
1738 1627 1860 1652 canticum
1871 1627 2010 1659 virgineum

1161 1670 1228 1701 Agni
1247 1670 1416 1695 dulcissimum
1438 1670 1607 1699 audientibus,
1632 1670 1711 1695 multo
1734 1670 1818 1695 tamen
1843 1670 2010 1695 abundantior

1161 1713 1301 1745 virginibus
1320 1714 1369 1745 ipsi
1388 1714 1413 1738 et
1431 1721 1487 1738 cum
1505 1714 1560 1745 ipso
1579 1714 1652 1745 Agno
1671 1713 1840 1738 cantantibus.

1233 1755 1292 1781 111.
1312 1756 1411 1786 Quanta
1430 1756 1596 1782 sollicitudine
1615 1757 1703 1782 merito
1720 1756 1844 1782 custodire
1856 1756 1947 1781 debent
1958 1757 2010 1781 vir·
2051 1761 2119 1780 [lomb

1159 1800 1230 1830 gines
1256 1807 1299 1825 ora
1327 1807 1385 1829 sua,
1411 1800 1535 1824 canticum
1562 1800 1622 1825 solis
1649 1799 1788 1831 virginibus
1814 1799 1958 1824 cantatura!
1985 1799 2010 1824 et
2025 1785 2120 1833 ἷὲᾱῖῗῑῖιῗζ

2027 1837 2087 1855 guam.
2119 1836 2120 1866 1

1161 1843 1227 1867 omni
1246 1842 1368 1867 munditia
1387 1842 1571 1868 conservabunt
1584 1841 1604 1855 ¹³
1626 1850 1676 1868 non
1701 1843 1781 1867 solum
1806 1843 1837 1867 ab
1862 1843 1928 1868 omni
1952 1842 2010 1868 actu

1160 1886 1273 1916 polluto,
1294 1886 1336 1910 sed
1354 1886 1428 1911 etiam
1448 1886 1480 1910 ab
1499 1886 1565 1911 omni
1584 1886 1658 1911 verbo
1677 1886 1818 1915 luxurioso,
1837 1885 1920 1917 turpi,
1944 1893 2010 1910 scur-

1160 1929 1212 1957 rili,
1232 1929 1323 1958 iocoso,
1343 1929 1417 1953 immo
1445 1929 1470 1953 et
1495 1928 1586 1958 otioso,
1614 1928 1749 1960 eruntque,
1770 1928 1834 1961 sicut
1858 1929 1885 1953 in
1908 1928 2009 1954 Cantico

1160 1978 1266 2002 sponsae
1285 1971 1375 1996 dicitur
1389 1972 1416 2001 Η,
1437 1972 1501 1996 sicut
1518 1972 1584 1996 vitta
1602 1972 1717 1996 coccinea
1737 1971 1807 1996 labia
1824 1971 1962 2003 virginum,
1986 1972 2010 1996 ci

1160 2013 1289 2045 eloquium
1319 2021 1404 2039 earum
1430 2014 1511 2039 dulce.
1539 2014 1607 2039 Sicut
1629 2015 1695 2039 vitia
1718 2015 1783 2039 enim
1806 2014 1921 2039 coccinea
1949 2013 2009 2038 sunt

1159 2057 1226 2081 labia
1245 2064 1329 2082 eorum
1348 2058 1390 2088 qui
1410 2064 1507 2088 semper
1524 2057 1607 2082 verbis
1620 2057 1731 2082 ardentis
1744 2057 1858 2082 caritatis
1871 2056 2008 2086 abundant,

1160 2099 1250 2130 quibus
1269 2099 1351 2124 verbis
1370 2100 1452 2124 motus
1472 2100 1496 2124 et
1509 2100 1672 2132 cogitationes
1685 2100 1798 2124 carnales
1811 2099 2007 2130 restringuntur.

1160 2142 1208 2166 Per
1226 2143 1368 2167 coceineum
1387 2143 1485 2174 quidem
1504 2143 1624 2174 colorem,
1644 2144 1747 2173 caritas,
1767 2150 1811 2174 per
1829 2143 1935 2173 vitiam,
1959 2149 2008 2173 qua

1159 2185 1239 2210 crines
1264 2185 1467 2217 restringuntur,
1496 2186 1620 2211 restrictio
1648 2186 1828 2218 cogitationum
1854 2185 2006 2216 carnalium,

1159 2234 1222 2259 quae
1236 2235 1279 2259 per
1290 2229 1373 2254 crines
1386 2228 1537 2260 figurantur,
1551 2229 1680 2261 accipitur.
1694 2229 1847 2260 sponsarum
1860 2236 1919 2260 ergo
1931 2228 2006 2260 Agni,

1159 2270 1205 2296 hoc
1224 2272 1262 2295 est
1283 2271 1408 2303 virginum
1428 2271 1533 2302 Christi,
1558 2273 1626 2297 labia
1651 2273 1782 2304 praecipue
1809 2272 1878 2297 decet
1903 2279 1955 2296 0550
1978 2271 2007 2296 ut

1159 2315 1250 2339 vittam
1269 2316 1417 2345 coccineam,
1436 2316 1465 2340 ut
1485 2323 1565 2341 sermo
1583 2307 1669 2341 earum
1688 2323 1785 2347 semper
1804 2316 1837 2340 sit
1855 2315 1884 2340 de
1902 2315 2007 2340 caritate

1159 2358 1271 2388 ardenti,
1301 2358 1329 2383 de
1358 2359 1473 2389 passione
1498 2359 1587 2390 Sponsi
1610 2359 1635 2383 et
1664 2358 1730 2390 Agni
1760 2359 1884 2388 rubentis,
1910 2358 1940 2382 ut
1965 2358 2006 2389 qui

1159 2408 1256 2432 semper
1274 2401 1346 2426 debet
1365 2409 1417 2426 esse
1437 2402 1461 2426 in
1480 2402 1565 2431 corde,
1590 2409 1686 2433 semper
1706 2402 1739 2426 sit
1763 2402 1788 2426 in
1814 2408 1855 2426 ore
1880 2400 2006 2426 candidus

317 2576 325 2588 ¹
346 2577 428 2599 Psahn.
445 2577 488 2603 75,
510 2578 544 2599 12.

318 2607 326 2620 ²
344 2609 453 2635 augme,
472 2609 513 2630 loc.
531 2609 584 2631 cit.:
603 2609 650 2631 Nou
669 2612 763 2637 propter
781 2615 891 2637 praesens
909 2610 1042 2638 saeculum,
1061 2610 1102 2632 sed

255 2642 350 2666 propter
367 2646 465 2667 regumn
483 2640 607 2662 caelorum.
625 2651 656 2657 --
673 2639 776 2662 Subinde
797 2641 908 2668 allegatur
930 2642 984 2663 Luc.
1003 2641 1044 2668 12,
1064 2641 1100 2663 37.

254 2683 285 2686 —
304 2671 361 2692 Bon.
379 2677 432 2693 cum
451 2671 488 2693 ed.
506 2672 514 2693 i
536 2672 590 2699 legit
602 2677 662 2701 quus
678 2671 744 2695 nobis
756 2671 914 2701 spiritualiter
926 2674 1008 2702 Aonas
1020 2674 1101 2695 noster

255 2701 364 2724 Clu-iscus
381 2705 424 2724 010.

318 2732 326 2745 ³
344 2734 375 2755 Ex
393 2734 410 2755 Α
428 2734 590 2761 supplevimus
607 2733 724 2763 quomodo
742 2734 847 2757 ulucrem
865 2734 992 2758 urcz'cliosu.

317 2763 326 2776 ⁴
344 2764 406 2787 Cam.
425 2765 450 2791 7,
473 2766 489 2786 1.
503 2777 532 2781 --
545 2766 657 2793 Superius
670 2771 711 2794 pro
723 2767 746 2789 et
756 2768 861 2789 meretur
880 2767 918 2793 (im
933 2767 960 2795 A)
980 2767 1033 2789 Bon.
1047 2772 1100 2788 cuin

255 2795 292 2817 ed.
313 2796 317 2816 1
340 2795 438 2825 denique
455 2796 591 2819 merebitur.

319 2826 328 2838 5
345 2827 455 2854 Greg0r.,
475 2828 487 2849 Ι.
506 2828 587 2850 11011111.
607 2828 627 2850 111
646 2829 733 2856 Evang.
746 2829 824 2851 homil.
836 2828 858 2851 7.
872 2835 894 2851 n.
907 2829 928 2851 3.
940 2828 986 2851 Cfr.
999 2832 1055 2851 10111.
1068 2829 1101 2851 ΙΙΙ.

255 2862 309 2885 pag.
328 2857 385 2885 466,
403 2862 454 2880 uota
478 2859 494 2880 l.

318 2887 327 2901 ⁰
344 2889 474 2917 Respiciiur
491 2890 547 2912 Gen.
565 2891 591 2918 3,
612 2891 648 2913 ⁴5.
665 2890 709 2913 Cir.
727 2897 796 2919 snpra
816 2897 870 2919 pag.
883 2890 923 2913 201
936 2909 941 2918 ,
954 2895 1006 2914 nom
1021 2891 1056 2913 ³10.
1069 2901 1100 2908 ⁴——

255 2920 366 2947 Superius
384 2926 426 2948 pro
444 2920 511 2944 cuiits
529 2923 608 2944 taine-n
624 2925 695 2951 capul
713 2922 750 2951 (iza
769 2923 796 2952 A)
814 2923 869 2945 Bon.
887 2929 940 2946 cum
959 2923 994 2945 ed.
1018 2924 1021 2944 Ι
1044 2927 1099 2946 cuin

255 2952 326 2980 cupiti
343 2952 465 2980 sementis,

317 2981 325 2994 ⁷
344 2984 415 3010 Apnc.
436 2983 474 3009 14,
493 2984 515 3005 3.
532 2996 562 3000 —
580 2985 690 3012 Superius
708 2990 749 3013 pro
763 2984 981 3011 illunzscslicet<i1a
994 2986 1020 3014 Α)
1035 2985 1071 3007 ed.
1089 2985 1093 3007 Ι

254 3017 275 3035 et
293 3014 348 3036 Bon.
368 3013 428 3036 illud
444 3014 538 3037 scilicet.

1223 2578 1232 2591 Β
1250 2580 1359 2607 August,
1377 2579 1406 2602 de
1424 2580 1507 2602 Sancta
1524 2579 1673 2608 Virginnate,
1699 2585 1718 2602 c.
1736 2579 1774 2601 27.
1792 2585 1815 2601 n.
1833 2579 1871 2601 27.
1888 2579 2004 2607 ,111ος111111-

1159 2611 1196 2632 rs.
1214 2611 1256 2637 95,
1278 2612 1296 2632 1.

1222 2641 1231 2653 ⁰
1249 2643 1278 2664 lla
1296 2642 1330 2669 A;
1349 2641 1404 2664 Bon.
1422 2647 1475 2664 cum
1493 2642 1529 2664 ed.
1549 2641 1556 2664 ,1
1579 2641 1635 2672 quia
1652 2641 1714 2665 illud
1730 2641 1820 2665 dicetur
1837 2648 1852 2664 a
1869 2640 1940 2664 robis.

1223 2672 1242 2685 ²⁰
1260 2674 1300 2695 Ed.
1320 2674 1326 2695 i
1349 2677 1371 2695 01
1387 2674 1443 2696 Bou.
1461 2677 1540 2696 contra
1557 2673 1576 2696 Α
1593 2675 1644 2696 lum
1661 2673 1683 2696 si
1698 2679 1805 2696 omnes...
1816 2672 1859 2696 illu.
1876 2672 1947 2702 Vel-[10
1958 2671 2004 2695 vir-

1158 2703 1243 2733 yinnm
1256 2704 1406 2733 primiceria.

1222 2735 1240 2748 ¹²
1259 2736 1342 2758 psalm.
1361 2737 1368 2757 i
1380 2736 1417 2764 18,
1436 2736 1495 2758 11031
1513 2736 1587 2764 Quam
1613 2736 1686 2759 dulcia
1713 2735 1817 2758 saucibus
1838 2735 1896 2758 ineis
1913 2734 2003 2763 eloquia

1159 2770 1210 2793 nm,
1228 2773 1298 2795 super
1316 2767 1360 2790 niel
1378 2767 1411 2790 ori
1430 2769 1496 2790 ineo!
1515 2768 1548 2790 Ρ5.
1571 2769 1609 2794 18,
1637 2768 1675 2789 li:
1693 2767 1799 2790 Dulciora
1822 2772 1892 2795 super
1914 2766 1959 2789 mel
1982 2768 2003 2788 et

1159 2799 1246 2820 favum.

1221 2829 1240 2841 ¹2
1258 2830 1340 2852 Psahn.
1358 2830 1401 2857 35,
1419 2831 1440 2853 9.
1458 2830 1500 2852 Pro
1518 2829 1646 2853 inebriatae
1672 2830 1710 2859 (ita
1736 2830 1763 2857 A)
1789 2830 1846 2852 Bon.
1863 2834 1916 2852 cnm
1934 2829 1971 2852 ed.
1993 2830 1998 2850 1

1157 2859 1274 2883 melu-iaci.
1293 2872 1325 2878 ——-—
1342 2862 1438 2884 inferius
1456 2866 1498 2889 pro
1515 2861 1561 2891 ipsi
1577 2863 1598 2884 ei
1614 2866 1668 2885 cum
1680 2861 1730 2891 ipso
1744 2861 1783 2890 (ita
1797 2861 1825 2890 A)
1838 2861 1875 2883 ed.
1893 2862 1897 2882 Ι
1913 2864 1935 2883 et
1947 2861 2002 2883 Bou.

1158 2891 1246 2914 Christi
1263 2897 1318 2915 cuni
1335 2892 1394 2923 ipso.
2004 2904 2016 2911 ν

1220 2922 1239 2935 ¹³
1257 2924 1286 2945 ha
1306 2925 1338 2951 A;
1356 2925 1411 2946 Bon.
1430 2927 1450 2946 ei
1468 2924 1505 2946 ed.
1527 2924 1531 2945 1
1554 2923 1686 2953 τυῃῂιῑὺῖιε
1703 2923 1849 2947 cantandum
1867 2924 1964 2946 cuntur-e
1981 2924 2002 2945 el

1156 2960 1209 2977 cum
1228 2954 1296 2977 ovini
1310 2955 1426 2978 munditia
1445 2960 1593 2978 conservare.

1220 2984 1239 2997 ¹⁴
1257 2985 1320 3009 Cant.
1338 2986 1364 3014 4,
1383 2987 1405 3009 3.
1422 2986 1467 3009 Cir.
1484 2986 1545 3009 Beda
1563 2987 1587 3008 in
1604 2987 1665 3009 hunc
1682 2987 1766 3009 locum.
