2133 3317
0 2469 61 2490 adver-

549 210 745 239 OPUSCULUM
764 210 806 239 XI.
828 209 990 239 APOLOGIA
1009 210 1190 240 PAUPERUM.
1211 210 1280 240 CAP.
1300 210 1343 239 XI.

83 290 198 324 Christi,
220 289 247 318 in
268 297 325 326 quo
345 288 479 325 Apostolis
499 287 643 316 inhibitam
660 290 766 316 constat
780 287 865 316 fuisse
880 295 925 324 pe-

83 337 207 370 cuniam,
229 336 301 365 sicut
321 339 349 365 et
369 338 464 364 textus
477 336 486 352 ¹
507 343 640 372 expresse
667 334 742 369 dicit,
764 338 791 363 et
812 335 924 363 Sancto-

83 392 145 413 rum
167 383 323 412 testimonia
349 384 489 411 astruunt.
518 381 596 418 Quod
624 381 736 418 quidem
765 381 924 410 nullatenus

83 430 248 460 credendum
264 429 334 458 est'a
347 429 476 466 Magistro
496 429 621 458 veritatis
636 428 842 465 perfectissimis
856 428 924 456 viris

82 478 165 507 fuisse
191 477 379 514 propositum,
407 476 459 504 nisi
481 483 530 513 per
556 475 608 504 hoc
639 475 764 504 scivisset
791 475 922 503 meritum

82 525 121 554 eis
140 531 298 552 accrescere
325 522 463 560 perfectae
494 522 606 551 virtutis
627 525 654 551 et
675 522 841 559 praecipuae
862 529 924 550 san-

83 570 190 601 ctitatis.
213 569 281 598 Cum
312 569 384 598 enim
413 577 528 606 magnae
549 569 585 597 sit
615 568 786 597 difficultatis
817 568 924 605 ignotas

82 617 207 654 regiones
228 618 256 645 et
276 615 367 644 aridas
388 618 478 644 terras
505 615 564 644 sine
589 615 754 644 sufficientia
775 614 924 651 stipendio-

81 671 143 693 rum
174 670 339 700 peragrare,
360 662 426 699 quia
457 662 525 691 tales
552 669 662 690 necesse
694 661 808 695 habent,
837 661 922 689 vitam

80 711 158 740 istam
181 709 334 746 transigere
355 709 386 737 in
406 707 487 746 fame
506 712 532 737 et
551 708 610 742 siti,
632 708 663 736 in
684 707 798 745 friyore
822 711 849 736 et
867 716 920 736 nu-

80 757 190 786 ditate*
211 756 392 793 omniumque
412 763 508 784 rerum
530 755 663 792 penuria;
685 755 707 783 si
734 755 843 783 nullum
871 755 924 783 hoc

79 803 160 833 modo
180 803 337 831 viventibus
358 802 488 831 meritum
510 802 662 830 sanctitatis
676 804 855 835 accresceret,
871 801 923 830 hoc

80 850 193 884 docere,
215 850 267 878 hoc
288 849 426 886 profiteri,
456 849 495 877 sic
526 848 620 877 vivere
650 848 718 877 nihil
746 848 821 876 aliud
852 850 924 876 esset

80 905 162 935 quam
183 896 313 925 insanire.

159 944 202 972 15.
225 943 341 977 Verum,
374 943 446 972 sicut
473 950 509 971 ex
536 942 634 971 ultima
662 941 851 979 praecedentis
879 949 923 970 re-

80 990 232 1028 sponsionis
258 990 395 1027 particula
410 989 420 1006 ³
449 993 539 1026 patet,
561 989 726 1026 penuriosae
751 989 923 1025 paupertatis

79 1036 248 1067 duodenario
268 1036 460 1073 Apostolorum
485 1036 575 1073 primo
603 1035 747 1072 impositae
777 1035 922 1064 duodecim

80 1087 144 1113 sunt
163 1084 296 1112 utilitates
316 1083 435 1112 eximiae
462 1083 582 1120 mirique
613 1082 723 1117 valoris,
744 1090 814 1119 quas
839 1082 922 1119 typici

79 1130 236 1160 rationalis
263 1130 407 1159 duodecim
436 1129 539 1167 lapides
568 1129 680 1166 pretiosi
708 1129 860 1166 designant.
891 1129 922 1157 Et

78 1177 143 1215 quia
163 1177 224 1206 illos
246 1177 331 1206 hostis
352 1177 397 1205 hic
418 1184 572 1214 pauperum
595 1176 746 1213 ignoravit,
768 1176 829 1205 ideo
847 1184 920 1205 mar-

78 1224 181 1262 garitas
202 1224 252 1252 has
273 1223 387 1260 porcino
408 1231 486 1252 more
507 1223 688 1257 conculcans,
710 1231 758 1252 ore
773 1223 878 1260 polluto
894 1223 921 1251 in

78 1271 146 1300 haec
167 1270 354 1307 blasphemiae
374 1270 460 1298 verba
481 1270 652 1306 prorumpit:
679 1281 693 1295 «
707 1270 750 1304 Si,
772 1269 878 1306 inquit,
894 1270 921 1298 in

77 1317 210 1355 pecuniae
231 1317 368 1351 carentia,
390 1316 447 1345 sive
468 1319 500 1345 ut
526 1324 581 1345 non
609 1319 787 1353 tangeretur,
809 1319 922 1344 sanctus

78 1364 239 1393 Franciscus
259 1363 432 1392 sanctitatem
454 1363 585 1398 credidit,
607 1364 650 1392 vel
682 1363 811 1400 perfectis
832 1371 848 1391 a
869 1363 921 1391 Do-

78 1411 152 1440 mino
172 1410 316 1439 inhibitam
338 1418 398 1439 esse
419 1410 548 1444 sancivit;
570 1410 701 1439 audacter
716 1410 814 1447 loquor
829 1417 921 1438 coram

57 1457 208 1492 -Domino,
228 1457 302 1494 quod
323 1457 464 1486 erravit».
487 1473 523 1478 —-
545 1457 596 1486 Sed
617 1459 745 1486 constans
768 1459 825 1490 est,
847 1457 921 1494 quod

77 1504 175 1533 heatus
198 1504 360 1532 Franciscus
389 1511 444 1532 non
475 1504 510 1532 ob
541 1503 616 1532 aliud
643 1503 843 1540 possessionem
872 1511 921 1532 seu

78 1551 319 1580 contrectationem
340 1550 474 1587 pecuniae
495 1550 682 1579 imitatoribus
712 1550 770 1579 suis
791 1550 921 1585 inhibuit,

77 1597 129 1626 nisi
149 1596 216 1634 quia
235 1596 263 1625 in
284 1597 337 1626 hoc
357 1597 478 1634 aliquam
501 1604 561 1625 esse
582 1597 754 1625 sanctitatem
768 1599 795 1625 et
810 1597 854 1633 pia
868 1596 922 1625 fide

77 1643 193 1673 credidit
212 1646 240 1672 et
261 1647 336 1672 certa
368 1644 484 1672 veritate
516 1644 658 1681 cognovit;
686 1652 740 1672 non
762 1644 828 1681 quia
849 1644 922 1672 mala

77 1691 112 1720 sit
132 1690 264 1728 pecunia,
288 1691 329 1719 vel
350 1690 416 1728 quia
437 1698 537 1719 census
557 1690 711 1719 formaliter
733 1691 790 1719 sive
805 1691 922 1719 causali-

77 1740 119 1767 ter
140 1738 176 1766 sit
195 1737 224 1766 in
244 1738 326 1774 culpa
336 1738 357 1772 4,
380 1737 422 1766 vel
443 1737 509 1774 quia
528 1738 646 1774 pecunia
667 1737 800 1774 possideri
815 1741 922 1766 010011-

78 1784 188 1814 trectari
209 1793 264 1813 non
289 1785 375 1821 possit
402 1784 507 1822 absque
538 1787 664 1821 peccat03
687 1784 732 1813 sed
755 1785 821 1822 quia
848 1785 921 1813 inter

77 1835 183 1866 cetera,
205 1839 276 1868 quae
298 1831 490 1868 possidentur,
511 1831 629 1868 pecunia
657 1831 780 1860 maxime
801 1834 842 1860 est
863 1831 921 1860 ille-

77 1879 191 1908 cebrosa
210 1881 237 1908 et
257 1878 291 1907 de
312 1878 383 1907 facili
412 1881 454 1907 est
482 1878 600 1907 illectiva
620 1882 647 1907 et
677 1878 837 1907 distractiva
865 1886 920 1907 non

77 1926 166 1955 solum
180 1925 404 1962 imperfectorum
414 1948 421 1959 ,
437 1925 483 1954 sed
498 1925 580 1954 etiam
595 1925 798 1962 perfectorum,
813 1928 840 1954 et
855 1925 920 1962 quia

77 1973 181 2010 Spiritu
202 1975 296 2001 sancto
316 1972 436 2001 dictante
457 1972 595 2009 percepit,
617 1971 692 2009 quod
713 1972 865 2001 sanctitatis
879 1974 921 2001 est

76 2027 130 2048 non
151 2022 259 2048 tantum
282 2022 392 2056 peccata
413 2027 526 2053 cavere,
549 2026 646 2048 verum
667 2019 749 2047 etiam
764 2019 921 2048 occasiones

76 2069 252 2103 peccatorum
274 2066 416 2103 refugere:
438 2066 499 2095 ideo
520 2066 655 2094 veraciter
677 2065 704 2094 in
725 2065 778 2094 hoc
792 2066 921 2094 sanctita—

76 2115 130 2142 tem
151 2120 211 2142 esse
231 2112 348 2142 credidit
373 2116 400 2141 et
421 2120 475 2141 non
497 2112 609 2141 erravit.
631 2112 707 2149 Qui5
729 2112 813 2149 igitur
845 2112 920 2141 hunc

77 2159 177 2189 Christi
209 2159 375 2188 imitatorem
408 2159 608 2196 praecipuum,
640 2159 727 2196 ipsius
758 2159 919 2196 insignitum

77 2206 265 2244 stigmatibus,
296 2206 449 2243 ascriptum
481 2206 604 2243 catalogo
635 2206 799 2235 Sanctorum
828 2209 855 2235 et
885 2206 920 2235 ab

76 2253 207 2282 universa
234 2253 352 2282 Ecclesia
378 2253 406 2281 in
434 2252 610 2282 veneratione
636 2256 796 2290 susceptum
821 2253 921 2282 asserit

78 2307 174 2329 errore
203 2299 349 2337 deceptum
381 2299 482 2334 fuisse,
500 2299 632 2329 'maxime
653 2299 680 2328 in
702 2299 872 2336 professione
893 2302 920 2328 et

77 2346 252 2376 observantia
271 2346 444 2383 evangelicae
465 2346 552 2381 vitae,
574 2354 629 2375 non
651 2346 740 2375 solum
762 2346 854 2383 ipsum
869 2346 920 2375 im-

77 2396 196 2431 pugnat,
211 2401 309 2422 verum
324 2393 405 2422 etiam
427 2393 611 2422 universalem
626 2393 782 2427 Ecclesiam,
804 2396 831 2421 et
845 2392 919 2430 quod

78 2440 141 2477 plus
161 2443 211 2474 est,
233 2440 354 2477 Magistri
375 2439 499 2469 veritatis
523 2442 551 2469 et
577 2439 769 2476 Apostolorum
791 2439 851 2468 eius
871 2439 919 2468 do-

60 2486 194 2515 .ctrinam
214 2486 388 2524 blasphemat
408 2488 435 2515 et
456 2487 548 2515 vitam.
566 2503 601 2507 —
618 2486 746 2523 lnsuper,
767 2488 794 2515 et
814 2485 919 2523 profes-

140 2694 148 2707 ¹
166 2695 243 2718 Matth.
261 2695 298 2723 ⁴0,
315 2695 342 2724 95
359 2695 426 2718 Marc.
451 2696 474 2723 6,
492 2696 517 2723 83
538 2696 593 2718 Luc.
611 2696 637 2723 9,
663 2696 686 2718 3.
710 2695 755 2718 Csr.
771 2701 841 2723 supra
859 2701 880 2718 c.
895 2695 918 2718 7.

76 2739 100 2756 n.
117 2734 179 2762 9-12,
196 2733 236 2756 ubi
253 2735 383 2757 testimonia
401 2735 536 2757 Sanctorum
554 2734 649 2762 allegata
666 2737 725 2757 sunt.

138 2771 147 2785 ²
164 2773 234 2801 Epist.
252 2774 276 2796 ll.
293 2773 345 2796 Cor.
363 2773 399 2802 tl,
416 2773 454 2796 27.
470 2786 501 2790 —
520 2773 614 2796 lnferius
631 2779 673 2801 pro
690 2773 734 2796 hoc
758 2772 841 2796 docere
866 2773 919 2796 Vat.

77 2817 129 2834 cum
146 2811 184 2834 ed.
202 2812 210 2834 1
232 2811 276 2835 hoc
292 2811 376 2835 dicere.

138 2849 148 2863 Β
165 2850 219 2873 Sive
235 2856 255 2873 c.
272 2851 295 2874 9.
310 2858 333 2873 11.
350 2851 387 2873 ⁴3.
405 2857 470 2880 seqq.

138 2887 147 2900 ⁴
164 2888 294 2916 Respicitur
310 2889 421 2912 sententia
439 2889 544 2917 Gregorii
561 2895 631 2917 supra
644 2895 663 2911 c.
675 2889 698 2911 7.
716 2895 739 2911 11.
757 2888 794 2911 24.
812 2889 876 2911 allata
895 2891 918 2911 et

77 2927 194 2955 explicata.
210 2939 242 2944 —
258 2927 314 2950 Edd.
331 2930 514 2956 prosequuntur:
531 2927 568 2951 vel
584 2927 640 2958 quia
654 2927 758 2957 pecunia
783 2928 806 2951 et
828 2929 917 2951 contre-

78 2965 140 2989 ctari
152 2965 230 2995 possit
245 2967 268 2989 et
282 2971 331 2989 non
344 2966 420 2996 possit
436 2969 479 2989 etc.

138 3003 148 3016 ⁶
164 3004 222 3028 Edd.
240 3004 315 3033 Quod,
332 3011 392 3034 quae
409 3005 477 3028 etiam
495 3005 588 3028 interius
612 3011 655 3034 pro
680 3011 764 3028 verum
781 3004 851 3029 etiam
868 3005 919 3028 um'·

1765 211 1821 240 315

981 296 1057 317 sores
1071 288 1156 317 11111115
1171 289 1289 326 Regulae
1304 292 1434 326 tanquam
1451 289 1649 326 approbatores
1663 289 1776 323 erroris,
1792 293 1823 318 111

980 334 1050 363 alter
1071 335 1177 363 Aman⁶
1199 335 1432 372 superbissimus,
1454 335 1550 373 dignos
1570 343 1630 365 esse
1644 336 1747 365 iudicat
1761 344 1822 365 sen-

981 381 1066 409 tentia
1087 382 1246 418 temporalis
1277 383 1374 411 mortis
1405 385 1433 411 et
1462 383 1645 419 sempiternae
1672 383 1822 412 damnatio-

981 427 1031 456 nis.
1062 428 1151 464 Super
1182 437 1238 465 qua
1267 429 1377 466 quidem
1409 429 1595 464 absurditate,
1627 438 1711 467 quam
1740 438 1823 460 aures

982 474 1041 510 piae
1069 475 1165 504 audire
1193 476 1371 505 vehementer
1402 476 1569 511 abhorrent,
1601 477 1667 514 ipsis
1697 477 1823 506 zelatori-

981 520 1034 549 bus
1061 522 1232 558 paupertatis
1257 526 1366 552 sanctae
1394 524 1479 560 magis
1506 524 1656 561 lugendum
1684 525 1823 554 credimus

981 575 1063 604 quam
1096 568 1280 605 loquendum,
1311 570 1397 606 magis
1424 570 1592 607 spiritualis
1623 570 1746 600 Esther⁷
1771 572 1822 601 im-

981 613 1144 649 plorandum
1174 615 1340 651 praesidium
1366 624 1448 653 quam
1480 617 1646 646 versandum
1675 618 1703 646 in
1732 626 1823 656 pugna

981 660 1139 689 verborum.

1062 708 1105 735 16.
1134 708 1171 736 Te
1199 708 1299 745 igitur,
1331 714 1506 739 sacrosancta
1537 711 1657 740 Romana
1689 712 1821 746 Ecclesia,

980 756 1111 791 tanquam
1132 755 1246 783 alteram
1269 756 1366 785 Esther
1387 757 1520 786 elevatam
1543 758 1569 786 in
1591 759 1700 795 populis
1718 762 1749 787 ut
1774 760 1822 788 Ec-

980 800 1126 829 clesiarum
1156 802 1278 830 omnium
1309 806 1443 837 matrem,
1472 804 1594 841 reginam
1627 808 1711 842 atque
1737 807 1823 843 magi-

980 850 1065 876 stram
1097 847 1130 876 ad
1162 848 1312 878 docendam
1342 852 1368 878 et
1399 850 1591 879 defensandam
1625 854 1680 880 tam
1712 860 1821 881 morum

979 902 1063 931 quam
1083 895 1145 924 fidei
1168 896 1326 931 veritatem,
1349 896 1513 926 fiducialiter
1535 897 1691 935 interpellat
1706 901 1820 928 tuorum

980 948 1134 977 pauperum
1156 944 1265 976 coetus,
1288 945 1319 971 ut
1340 951 1410 980 quos
1431 944 1548 980 genuisti
1578 948 1609 973 ut
1630 948 1733 980 mater,
1755 945 1822 974 edu-

980 987 1045 1016 casti
1069 991 1099 1016 111
1120 988 1234 1023 nutrix,
1256 997 1331 1018 nunc
1352 990 1433 1019 etiam
1455 994 1486 1019 ut
1508 991 1602 1028 regina
1623 992 1771 1028 potenter8
1790 1001 1821 1021 ac

980 1034 1051 1062 iuste
1071 1034 1214 1069 defendas;
1237 1043 1300 1064 cum
1322 1036 1440 1071 idcirco,
1461 1037 1638 1074 dispositione
1652 1038 1767 1068 faciente
1782 1039 1822 1068 di—

981 1080 1057 1115 vina,
1079 1081 1242 1118 pontificalis
1263 1090 1294 1111 ac
1316 1083 1407 1120 regiae
1423 1083 1563 1120 dignitatis
1579 1085 1708 1113 verticem
1724 1092 1823 1122 supre-

979 1135 1056 1156 mum
1077 1128 1189 1165 adipisci
1212 1129 1361 1163 merueris,
1383 1133 1415 1158 ut
1436 1130 1462 1158 in
1484 1130 1579 1159 arduis
1594 1131 1763 1160 necessitatis
1778 1140 1822 1160 ar—

980 1174 1071 1203 ticulis
1097 1175 1131 1203 ad
1162 1175 1358 1204 defensandum
1387 1176 1487 1205 Christi
1510 1177 1643 1214 populum
1673 1178 1821 1214 parareris.

982 1222 1114 1259 Eaesm'ye
1135 1222 1235 1259 igitur,
1258 1226 1351 1251 sancta
1378 1227 1482 1258 mater,
1511 1227 1537 1252 et
1566 1225 1668 1254 iudica
1699 1234 1822 1254 causam

980 1272 1063 1296 tua-m
1074 1268 1095 1302 ⁹,
1118 1269 1196 1306 quia,
1218 1269 1240 1298 si
1263 1278 1417 1306 pauperum
1439 1271 1483 1299 hic
1505 1270 1579 1299 Ordo
1594 1272 1730 1301 Minorum
1746 1276 1820 1302 recte

979 1315 1127 1352 profitetur
1148 1316 1292 1345 veritatem
1319 1317 1469 1354 Evangelii,
1492 1321 1572 1347 tuum
1595 1322 1648 1353 est;
1671 1319 1692 1348 si
1714 1328 1730 1348 a
1751 1320 1822 1348 veri-

980 1364 1034 1391 tate
1055 1363 1082 1391 in
1112 1363 1280 1399 professione
1307 1372 1323 1392 a
1351 1367 1378 1392 te
1405 1364 1508 1393 sancita
1529 1365 1635 1400 deviat,
1662 1368 1741 1394 tuum
1764 1370 1820 1400 est;

979 1417 1010 1437 ac
1031 1417 1080 1446 per
1102 1410 1167 1443 hoc,
1188 1410 1210 1438 si
1233 1410 1394 1446 professioni
1416 1411 1574 1440 huiusmodi
1603 1415 1713 1442 sanctae
1740 1421 1820 1442 error

979 1455 1153 1493 impingitur,
1176 1460 1219 1491 tu,
1235 1465 1306 1494 quae
1321 1457 1393 1486 illam
1409 1459 1535 1493 sanxisti,
1550 1467 1658 1488 errasse
1673 1460 1819 1495 assereris3

979 1505 1006 1531 et
1026 1511 1097 1540 quae
1118 1504 1251 1540 magistra
1272 1504 1395 1533 veritatis
1426 1505 1559 1534 hactenus
1580 1506 1724 1541 exstitisti,
1746 1515 1821 1536 nunc

978 1549 1011 1578 de
1032 1550 1229 1586 approbatione
1249 1551 1354 1580 erroris
1367 1552 1494 1588 argueris
1509 1556 1536 1581 et
1550 1561 1566 1581 a
1580 1553 1746 1589 quibusdam
1763 1562 1820 1582 mo-

978 1596 1071 1625 dernis
1092 1597 1331 1633 praesumtoribus
1358 1598 1434 1626 velut
1462 1598 1532 1627 iuris
1552 1599 1636 1628 divini
1659 1603 1685 1628 et
1707 1600 1820 1629 humani

978 1643 1069 1672 nescia
1088 1643 1231 1672 derideris.

1060 1691 1102 1718 17.
1126 1690 1176 1719 Sed
1198 1693 1225 1719 et
1246 1693 1292 1725 tu,
1314 1691 1415 1728 Regina
1442 1692 1537 1721 mundi
1569 1692 1743 1730 dignissima,
1774 1694 1820 1723 de-

978 1737 1113 1766 fensatrix
1134 1745 1289 1774 pauperum
1303 1741 1330 1767 et
1345 1738 1491 1768 humilium
1506 1739 1646 1775 advocata,
1662 1741 1740 1778 longe
1755 1742 1820 1771 sub-

978 1784 1071 1812 limius
1092 1792 1175 1821 quam
1196 1784 1294 1813 Esther
1315 1785 1436 1814 exaltata
1457 1785 1483 1814 in
1506 1786 1616 1823 populis
1646 1790 1673 1815 et
1703 1795 1820 1824 praepa-

979 1833 1038 1859 rata
1058 1831 1086 1859 in
1107 1834 1246 1868 tempore,
1268 1831 1438 1861 lllardochaei
1460 1832 1517 1866 tui,
1532 1833 1666 1862 Francisci
1682 1833 1820 1868 videlicet,

978 1877 1101 1907 excitare
1121 1878 1304 1912 clamoribus,
1326 1881 1358 1907 ut
1378 1879 1554 1916 interpellare
1574 1880 1695 1917 digneris
1716 1881 1750 1909 ad
1771 1882 1820 1910 Re-

977 1932 1055 1961 gem,
1077 1926 1215 1961 quatenus
1235 1932 1391 1961 pauperum
1413 1928 1531 1959 statum,
1557 1934 1639 1963 quem
1663 1927 1711 1956 tibi
1733 1927 1820 1956 voluit

976 1978 1036 2000 esse
1057 1971 1227 2000 consimilem
1249 1974 1276 2000 et
1297 1971 1408 2008 speciali
1423 1972 1542 2009 quadam
1557 1974 1739 2010 germanitate
1753 1982 1818 2003 con-

976 2017 1119 2051 iunctum,
1141 2018 1227 2046 sacris
1248 2018 1303 2047 tuis
1321 2018 1457 2055 exemplis
1477 2021 1504 2047 et
1517 2019 1541 2036 ¹⁰
1561 2020 1667 2049 meritis
1688 2020 1820 2050 clarificet

976 2067 1003 2093 et
1024 2067 1176 2093 conservet.
1198 2065 1269 2101 Quid
1290 2065 1363 2094 enim
1385 2065 1472 2102 magis
1486 2065 1533 2094 dat
1547 2067 1718 2103 paupertatis
1732 2068 1818 2096 amori

976 2111 1127 2140 fomentum
1156 2111 1300 2149 magisque
1331 2112 1418 2149 ipsius
1445 2112 1567 2142 declarat
1598 2115 1817 2151 praerogativam

975 2161 1003 2187 et
1034 2158 1166 2195 gloriam,
1198 2167 1282 2195 quam
1311 2161 1359 2187 tua
1388 2159 1476 2188 forma
1508 2160 1632 2195 vivendi,
1661 2161 1818 2190 beatissima

976 2205 1059 2242 Virgo
1080 2208 1108 2234 et
1128 2206 1213 2234 Mater
1234 2206 1341 2234 Domini
1357 2206 1443 2235 nostri
1460 2206 1519 2235 lesu
1534 2206 1649 2241 Christi,
1665 2216 1736 2244 quae
1750 2208 1818 2237 adeo

975 2251 1051 2280 fuisti
1072 2252 1255 2289 paupercula,
1271 2255 1302 2281 ut
1319 2252 1390 2281 sicut
1411 2253 1526 2282 historia
1548 2253 1683 2290 Evangelii
1696 2255 1720 2271 ¹¹
1741 2262 1819 2283 sacra

976 2301 1109 2333 testatur,
1130 2299 1158 2327 in
1190 2299 1249 2336 ipso
1280 2299 1463 2328 sacratissimo
1493 2302 1576 2336 partu
1608 2308 1662 2329 non
1683 2301 1816 2335 haberes,

975 2345 1023 2373 ubi
1044 2345 1194 2374 reclinares
1214 2346 1301 2374 Deum
1323 2346 1390 2375 caeli
1411 2349 1439 2375 et
1459 2346 1608 2375 Dominum
1639 2347 1816 2376 exercituum

976 2391 1027 2420 nisi
1049 2392 1077 2420 in
1099 2392 1142 2420 via
1163 2392 1275 2429 publica
1295 2392 1484 2421 itinerantium
1506 2396 1534 2422 et
1554 2393 1697 2431 praesepio
1711 2394 1818 2423 iumen-

976 2441 1090 2467 torum?
1112 2439 1212 2474 Porro,
1234 2439 1255 2468 si
1288 2442 1318 2468 tu
1346 2440 1430 2477 Virgo
1460 2440 1648 2475 sanctissima,
1676 2441 1766 2470 omnis
1788 2449 1817 2470 es

974 2485 1150 2523 perfectionis
1170 2486 1331 2523 exemplar,
1360 2486 1431 2515 sicut
1458 2487 1587 2524 perfectis
1617 2487 1748 2517 imitanda
1777 2492 1819 2517 est

974 2694 1090 2718 ver-salem
1108 2694 1245 2722 Ecclesium,
1262 2696 1285 2718 et
1300 2694 1363 2724 quod
1376 2694 1432 2724 plus
1449 2696 1484 2718 est
1499 2694 1640 2718 substituunt
1656 2697 1678 2719 et
1693 2695 1817 2719 universa-

975 2733 1019 2757 lem
1038 2733 1179 2762 Ecclesiam,
1197 2733 1238 2757 sed
1254 2733 1317 2763 quod
1329 2733 1386 2763 plus
1404 2735 1445 2757 est.

1037 2771 1047 2785 θ
1065 2773 1143 2795 Esther
1161 2773 1183 2800 3,
1201 2773 1222 2794 6.
1239 2778 1305 2801 seqq.

1037 2810 1046 2824 ⁷
1063 2811 1106 2834 Csr.
1126 2812 1204 2834 Esther
1220 2818 1240 2834 c.
1259 2811 1280 2834 4.
1297 2817 1363 2840 seqq.

1036 2849 1045 2863 Β
1063 2851 1092 2873 113
1110 2850 1152 2873 BC
1165 2851 1195 2879 G;
1213 2851 1266 2873 edd.
1281 2852 1402 2880 patenter,
1419 2857 1480 2880 quae
1497 2851 1565 2874 etiam
1578 2851 1672 2875 inferius
1683 2857 1726 2880 pro
1743 2851 1816 2881 dique*-

974 2888 1029 2913 tatis
1047 2889 1085 2917 (ita
1103 2889 1210 2918 ABCG)
1227 2889 1367 2913 substituunt
1381 2890 1511 2920 potesmh's.

1036 2926 1046 2939 ⁹
1063 2928 1144 2950 Psalm.
1162 2928 1201 2955 73,
1218 2929 1255 2950 22.

1036 2965 1056 2979 ¹⁰
1072 2966 1127 2989 Fide
1144 2966 1270 2989 ABCDG
1287 2967 1448 2995 supplevimus
1464 2967 1578 2997 eoeemplis
1595 2969 1623 2991 et.

1038 3005 1055 3018 ¹¹
1074 3006 1128 3028 Luc.
1145 3006 1171 3033 2,
1188 3005 1210 3028 7.

1846 714 1951 734 Obtestatio

1851 738 1944 757 Ecclesiae

1846 761 1947 780 Romanae.

1838 1696 1890 1718 item,
1905 1696 1928 1715 B.
1941 1695 1965 1716 V.

1861 1720 1938 1739 Mariae.
