2133 3317
19 1847 70 1867 enefi·

13 1876 27 1889 ‘2

19 1171 66 1192 m„
84 1142 230 1171 Dominum
249 1141 337 1170 lesum
352 1141 509 1175 Christum,
524 1141 618 1169 dicens
630 1140 656 1169 ²:

724 363 1031 400 OPUSOULUM
1056 363 1184 399 XXII.

223 502 614 558 EPISTOLA
651 503 760 557 DE
797 502 1285 558 IMITATIONE
1322 501 1649 559 CHRISTI
1670 496 1691 559 ¹.

163 1096 187 1123 1.
208 1095 316 1128 Frater,
340 1094 438 1123 beatus
459 1094 627 1131 Augustinus
649 1094 814 1131 loquebatur
835 1094 874 1122 sie
894 1094 928 1122 ad

676 1152 689 1165 «
705 1141 781 1175 Seio,
797 1141 927 1175 Domine,

67 1184 155 1227 'quod
177 1188 346 1226 ingratitudo
368 1188 415 1216 tibi
438 1188 558 1216 multum
577 1188 719 1225 displicet,
742 1196 813 1225 quae
828 1191 869 1216 est
885 1196 929 1216 ra-

83 1236 131 1266 dix
152 1236 237 1264 totius
258 1235 320 1264 mali
343 1235 496 1272 spiritualis
517 1238 544 1263 et
565 1238 606 1264 est
627 1237 727 1263 ventus
747 1234 887 1263 desiccans
901 1237 928 1263 et

83 1290 167 1312 urens
188 1290 268 1311 omne
290 1282 392 1310 bonum
415 1284 441 1310 et
461 1281 610 1310 obstruens
631 1281 734 1310 fontem
755 1281 862 1309 divinae
876 1281 927 1309 mi-

83 1329 247 1359 sericordiae
275 1337 360 1366 super
387 1329 543 1363 hominem,
566 1337 622 1366 qua
642 1329 723 1357 etiam
747 1329 834 1356 multa
856 1329 927 1357 mala

83 1376 225 1409 oriuntur,
240 1378 267 1404 et
282 1375 442 1404 moriuntur
463 1375 526 1403 viva
546 1383 631 1412 opera
652 1378 679 1403 et
700 1375 774 1403 ultra
796 1382 849 1402 non
871 1374 929 1403 adi-

82 1423 228 1461 piscuntur
243 1434 269 1450 ».
292 1422 362 1459 Quia
383 1430 449 1459 ergo
470 1422 639 1459 ingratitudo
664 1424 705 1450 est
732 1429 816 1450 rausa
845 1421 928 1450 totius

83 1469 144 1499 mali
157 1469 184 1503 ³,
204 1472 326 1506 oportet,
341 1469 415 1506 quod
431 1469 514 1497 homo
536 1469 704 1506 regratiatur
726 1469 782 1497 Deo
796 1468 830 1497 de
845 1468 928 1497 bene-

84 1516 165 1551 fieiis,
181 1523 252 1553 quae
265 1515 329 1544 fecit
350 1516 373 1544 ei
395 1516 485 1549 Deus;
506 1519 533 1544 et
554 1518 658 1552 quanto
679 1518 744 1544 sunt
763 1515 867 1543 maiora
881 1515 927 1544 be-

83 1563 188 1597 neficia,
204 1565 279 1592 tanto
294 1565 403 1600 oportet
417 1563 491 1600 quod
506 1563 561 1591 sint
576 1563 693 1591 maiores
704 1562 816 1599 gratiae.
835 1573 848 1587 «
859 1562 927 1591 Cum

83 1609 154 1639 enim
175 1613 314 1647 augentur
334 1609 421 1643 dona,
441 1609 561 1638 rationes
586 1609 668 1637 etiam
693 1612 822 1637 creseunt
843 1604 927 1637 dono-

83 1663 145 1685 rum
161 1668 188 1690 »,
209 1656 275 1685 dicit
295 1656 445 1693 Gregorius
457 1656 477 1683 4.
500 1656 534 1684 Ut
554 1659 648 1684 autem
670 1656 752 1684 homo
773 1658 927 1692 cognoseat,

83 1706 216 1740 quantum
231 1705 272 1731 est
286 1703 424 1739 obligatus
445 1702 478 1731 ad
494 1702 700 1739 regratiandum
719 1703 787 1736 Deo,
802 1705 927 1739 oportet,

83 1752 114 1778 ut
134 1750 249 1787 cogitet,
271 1752 374 1786 quanta
396 1749 528 1778 beneficia
549 1749 612 1778 feeit
633 1749 683 1777 sibi
707 1750 788 1778 Deus.

161 1798 187 1825 2.
210 1796 276 1825 Vide
298 1796 391 1833 igitur,
414 1799 518 1833 quanta
535 1796 668 1825 beneficia
689 1796 752 1825 fecit
774 1796 821 1825 tibi
844 1796 926 1825 Deus.

83 1843 244 1877 Considera,
267 1843 405 1880 quomodo
426 1846 452 1871 te
474 1843 592 1877 creavit,
615 1843 731 1871 redemit
745 1846 772 1871 et
787 1843 895 1871 vocavit
906 1843 925 1871 ⁵.

83 1890 148 1919 Vide
174 1890 258 1927 igitur
286 1890 391 1927 primo,
414 1898 433 1918 α
454 1898 510 1927 quo
533 1893 560 1918 te
579 1890 694 1918 vocavit.
719 1890 830 1918 Vocavit
854 1891 926 1918 enim

83 1939 109 1966 te
122 1937 155 1966 de
171 1937 274 1966 mundo
288 1937 369 1974 pleno
384 1937 516 1970 miseriis,
532 1937 612 1973 pleno
628 1936 733 1973 laqueis
747 1936 926 1972 daemonum,

83 1986 114 2013 ut
134 1984 247 2012 trahant
266 1983 371 2012 animas
392 1984 425 2012 ad
450 1991 552 2020 poenas
579 1983 762 2012 damnationis
789 1986 925 2012 aeternae.

83 2029 149 2059 Vide
170 2030 306 2064 secundo,
328 2029 369 2058 ad
389 2029 460 2068 quid
481 2033 507 2058 te
529 2029 643 2058 vocavit.
660 2029 739 2058 Certe
755 2029 862 2058 vocavit
885 2032 926 2063 te,

84 2078 114 2105 ut
134 2076 229 2105 laudes
249 2076 335 2105 eum⁶
364 2079 391 2105 et
411 2076 508 2113 diligas
529 2084 601 2105 eum.
625 2076 678 2104 Hoc
706 2079 747 2104 est
774 2075 848 2104 enim
869 2084 927 2104 ma-

986 1094 1092 1123 ximum
1115 1094 1234 1128 donum,
1256 1095 1322 1132 quia
1337 1095 1388 1124 hoe
1403 1099 1444 1124 est
1458 1095 1579 1124 officium
1595 1096 1770 1133 Angelorum.
1786 1097 1831 1125 Ni·
1847 1101 1976 1143 fflfflffffl

986 1141 1023 1169 hil
1045 1141 1118 1170 enim
1140 1141 1215 1170 aliud
1236 1142 1341 1171 faciunt
1361 1143 1453 1179 Angeli
1480 1143 1506 1171 in
1535 1143 1662 1180 paradiso
1691 1143 1742 1172 nisi
1771 1144 1830 1172 lau·
1847 1148 1936 1171 zelorum-

985 1187 1051 1216 dare
1072 1188 1168 1216 Deum.
1193 1188 1258 1217 Vide
1279 1197 1361 1226 ergo,
1383 1189 1521 1226 quomodo
1542 1193 1651 1226 oportet
1673 1193 1698 1219 te
1720 1191 1830 1225 vivere,

985 1235 1032 1272 qui
1055 1238 1169 1264 vocatus
1196 1243 1225 1264 es
1253 1236 1286 1264 ad
1314 1236 1435 1265 officium
1465 1237 1638 1273 Angelorum.
1665 1237 1777 1266 Vocavit
1804 1240 1831 1266 te

986 1282 1059 1310 Deus
1080 1282 1113 1310 de
1135 1282 1230 1311 mundi
1260 1283 1378 1311 miseriis
1399 1287 1426 1312 et
1446 1284 1545 1320 posuit
1566 1287 1592 1312 te
1613 1287 1640 1313 et
1661 1284 1783 1313 deduxit
1804 1288 1830 1313 te

985 1329 1016 1358 in
1038 1329 1117 1357 viam
1139 1330 1270 1358 rectam⁷
1292 1333 1319 1358 et
1341 1333 1427 1358 tutam
1457 1331 1539 1359 eundi
1568 1331 1601 1359 ad
1630 1331 1712 1360 vitam
1741 1334 1830 1360 aeter-

986 1383 1057 1403 nam.
1079 1375 1198 1403 Maxima
1219 1376 1307 1412 gratia
1328 1376 1395 1405 haec
1410 1379 1466 1411 est,
1485 1385 1568 1413 quam
1584 1377 1647 1406 fecit
1661 1378 1740 1406 nobis
1755 1378 1829 1407 Deus

985 1424 1099 1458 propter
1122 1422 1332 1451 immensitatem
1354 1423 1484 1451 bonitatis
1505 1431 1580 1452 suae.

1064 1468 1089 1497 3.
1113 1468 1163 1497 Sed
1185 1469 1207 1497 si
1230 1472 1327 1506 petunt
1348 1469 1383 1498 ab
1408 1478 1439 1498 eo
1461 1470 1507 1507 qui
1531 1470 1617 1499 vocati
1640 1474 1706 1500 sunt
1726 1471 1759 1500 ad
1781 1472 1830 1500 ha-

985 1515 1104 1544 bendum
1128 1515 1210 1544 vitam
1233 1519 1371 1544 aeternam
1394 1519 1421 1545 et
1448 1517 1540 1546 dicant
1568 1517 1612 1546 ei:
1641 1518 1771 1553 DomIne,
1800 1522 1830 1548 tu

985 1562 1082 1591 creasti
1105 1571 1155 1591 nos
1175 1566 1203 1591 et
1223 1563 1324 1592 vocasti
1347 1571 1397 1591 nos
1418 1564 1451 1592 ad
1467 1564 1625 1593 habendum
1641 1565 1724 1593 vitam
1741 1569 1830 1594 aeter-

984 1617 1065 1643 nam;
1088 1609 1155 1646 quid
1176 1612 1217 1637 est
1238 1617 1304 1646 ergo
1325 1610 1404 1639 nobis
1425 1610 1597 1645 faciendum,
1619 1615 1650 1640 ut
1679 1620 1738 1640 eam
1767 1621 1828 1649 pos-

984 1656 1147 1684 sideamus?
1169 1656 1357 1693 respondetss:
1382 1658 1415 1685 Et
1436 1666 1485 1695 eqo
1500 1658 1622 1695 dispono
1641 1659 1737 1693 vobis,
1752 1659 1829 1688 sieut

984 1703 1128 1740 disposuit
1149 1702 1223 1731 111111κί
1244 1704 1334 1731 Pater
1355 1713 1436 1732 meus
1457 1713 1589 1741 requam.
1618 1705 1829 1735 Consideremus
1853 1709 1953 1751 .C¹3{⁵⁸²¹¹¹²!¹

984 1758 1064 1787 ergo,
1087 1750 1225 1787 quomodo
1247 1751 1324 1779 Pater
1346 1751 1480 1787 disposuit
1503 1751 1526 1779 ei
1551 1760 1682 1788 regnum;
1706 1753 1829 1782 conside·
1842 1738 1926 1799 «11ιῖἳῖἆέἑὲ
1935 1739 1972 1775 *³3-

985 1805 1094 1831 remus,
1124 1805 1173 1833 per
1201 1805 1284 1834 quam
1312 1798 1384 1826 viam
1407 1798 1464 1834 ipse
1485 1798 1651 1833 ambulavit3
1674 1802 1701 1828 et
1726 1800 1747 1828 si
1769 1800 1830 1828 dili·
1874 1786 1901 1799 Ἡ
1916 1785 1944 1798 ⁰⁵*

983 1847 1079 1880 genter
1094 1844 1300 1872 consideremus
1315 1844 1397 1873 vitam
1413 1845 1530 1878 Christi,
1550 1845 1598 1882 qui
1619 1850 1660 1874 esc
1679 1846 1829 1883 speculum

983 1890 1045 1918 sine
1066 1890 1224 1924 muciam,
1247 1891 1433 1925 inveniemus,
1455 1891 1528 1928 quod
1550 1892 1607 1928 ipse
1623 1892 1712 1928 primo
1729 1893 1826 1922 ambu-

985 1937 1050 1965 lavit
1064 1944 1113 1973 per
1125 1937 1195 1965 viam
1205 1936 1374 1974 profundae
1385 1936 1569 1967 humilitatis.
1583 1955 1618 1958 -
1631 1940 1765 1973 Secundo,
1777 1948 1826 1976 per

984 1983 1055 2011 viam
1074 1986 1219 2011 eoetremae
1230 1984 1427 2020 paupertatis.
1442 2001 1482 2004 —
1495 1984 1596 2019 Tertio,
1612 1993 1662 2021 per
1677 1985 1747 2014 viam
1760 1994 1828 2023 per-

983 2028 1074 2065 fectae
1094 2029 1238 2058 caritatis.
1254 2046 1293 2050 —-
1307 2031 1424 2066 Quarto,
1440 2039 1489 2067 per
1504 2031 1575 2059 viam
1598 2031 1755 2061 immensae
1773 2041 1827 2069 pct-

984 2076 1107 2104 tientiae.
1120 2092 1158 2096 —
1169 2076 1279 2113 Quium,
1291 2084 1340 2113 per
1355 2077 1426 2105 viam
1441 2077 1630 2106 admirabilis
1644 2078 1827 2108 obedientiae.

145 2260 154 2274 ²
171 2262 234 2285 Hanc
246 2262 369 2290 Epistulam
383 2263 471 2290 primus
484 2263 610 2290 publicavit
623 2264 644 2285 Ρ.
655 2263 738 2286 Pened.
752 2263 835 2285 Bonclli
849 2263 871 2285 in
884 2269 926 2285 suo

86 2300 247 2328 supplemento
258 2301 286 2323 ad
299 2301 374 2329 Opera
387 2302 463 2323 onmia
477 2302 499 2323 S.
513 2302 686 2324 Bnnaventurae
699 2305 752 2324 [om.
763 2303 794 2324 lll.
805 2303 847 2324 col.
861 2303 865 2323 1
877 2303 925 2324 132.

145 2338 154 2352 ²
172 2340 263 2369 Soliloq.
281 2340 371 2362 animae
387 2340 417 2362 ad
436 2341 507 2362 Deum
534 2341 601 2367 <inter
618 2347 687 2368 opera
712 2341 827 2369 August),
851 2347 870 2363 c.
893 2341 925 2363 ¹8.

85 2378 127 2401 Pro
143 2378 246 2401 multum
263 2379 369 2408 displicet
386 2379 424 2407 (ita
444 2380 470 2407 A)
490 2382 562 2402 textus
586 2380 705 2407 originalis
728 2379 860 2409 displiceat,
884 2379 925 2402 BC

86 2418 108 2439 et
123 2417 158 2439 ed.
180 2418 185 2439 1
206 2417 317 2447 duplicet.
341 2418 444 2441 Subinde
462 2419 479 2440 A
499 2419 562 2446 plura
589 2418 683 2445 omittit,
701 2418 722 2440 in
741 2425 788 2446 quo
805 2418 872 2440 ctiam
891 2425 926 2440 su-

85 2456 163 2483 perius
179 2456 322 2478 desideratur
340 2457 426 2479 Frater
444 2457 495 2484 (BC
514 2457 625 2484 Fratres,
651 2457 690 2485 qui
713 2463 765 2479 cum
789 2457 824 2478 cd.
846 2457 851 2478 1
874 2463 927 2484 pro-

85 2497 212 2523 sequuntur
237 2494 343 2525 loquitur
369 2495 449 2519 [leatus
475 2496 623 2525 Aayustinus
646 2496 707 2524 eto).
732 2496 776 2518 Csr.
803 2496 926 2522 Bernard.,

86 2533 157 2556 Serm.
175 2533 211 2556 ti.
228 2535 251 2556 in
269 2534 331 2557 Cant.
349 2541 371 2557 n.
390 2536 412 2557 G.
429 2542 498 2563 supra
517 2541 571 2563 pag.
593 2535 648 2563 118,
667 2539 719 2557 nota
738 2536 759 2557 (3.
776 2535 894 2563 allegatus.

147 2572 156 2585 ³
173 2573 229 2596 Cod-
246 2574 279 2596 A:
299 2573 359 2601 Quia
378 2579 434 2603 erqo
451 2573 598 2603 inoratilmln
617 2575 650 2596 est
668 2573 699 2596 ila
717 2573 782 2596 mala
800 2575 822 2596 et
833 2575 926 2596 lantum

86 2610 131 2634 Deo
148 2611 266 2641 displicet,
283 2613 323 2641 qui
341 2612 439 2635 subinde
458 2619 500 2640 pro
511 2612 564 2642 ferit
576 2612 597 2635 ei
611 2612 670 2635 Deus
682 2612 799 2635 substituit
811 2612 855 2635 sila*
865 2612 925 2642 serii.

145 2649 156 2663 ⁴
172 2651 231 2673 Libr.
251 2652 265 2673 Ι.
282 2652 363 2673 Homil.
382 2652 405 2673 in
423 2652 510 2679 Evang.
528 2652 604 2673 homil.
623 2652 642 2673 9.
662 2658 683 2673 n.
707 2652 723 2673 l.
740 2664 762 2667 —
779 2651 871 2673 inferius
885 2658 926 2679 pro

86 2689 112 2711 ut
127 2688 210 2718 copiti-l
228 2689 269 2712 BC
287 2692 308 2712 et
326 2690 363 2712 ed.
381 2690 389 2712 ’1
411 2689 474 2719 quad
490 2690 607 2719 reeoyitet,
626 2692 648 2711 et
666 2696 707 2718 pro
729 2689 782 2719 feeit
799 2689 844 2712 sibi
866 2690 926 2713 Deus

86 2727 128 2749 Ac
144 2727 198 2757 fecit
213 2728 235 2751 ei
252 2729 319 2751 Deus.

147 2765 156 2778 ⁵
173 2767 201 2789 lta
215 2767 231 2789 B
240 2767 256 2789 C
267 2776 272 2794 ς
285 2768 303 2789 Α
315 2768 397 2790 omittit
410 2767 562 2791 Considera...
576 2767 683 2795 t·ocaril;
696 2767 732 2789 ed.
754 2768 759 2789 l
777 2774 832 2789 vero
844 2768 927 2790 omittit

89 2802 143 2827 Vide
158 2803 256 2834 igitur...
272 2805 371 2829 vocavit.
388 2806 444 2828 Cod.
457 2807 474 2828 A
488 2806 650 2835 prosequitur:
662 2807 683 2828 et
694 2805 817 2829 considera
834 2805 925 2835 primo,

87 2842 148 2872 quod
163 2843 253 2867 vocavit
269 2845 290 2867 te
307 2844 334 2867 de
350 2844 451 2873 mundo,
471 2844 573 2867 secundo
591 2844 726 2872 considera,
739 2844 839 2874 ailquid
855 2846 875 2868 te
889 2850 926 2867 rro-

87 2880 153 2904 cavit.
166 2881 246 2905 Primo
258 2881 333 2911 iqitur
345 2882 517 2911 considerabis,
530 2883 593 2913 quod
609 2883 699 2906 vocarit
711 2885 732 2906 le
744 2883 771 2906 de
782 2883 871 2906 mundo
879 2883 925 2912 ple-

87 2924 117 2942 no
133 2922 190 2947 etc.;
208 2921 244 2943 ed.
261 2923 266 2943 1
283 2928 354 2944 vero:
373 2921 512 2949 Considera,
525 2921 586 2944 unde
597 2923 618 2945 te
631 2921 730 2949 roravit,
746 2921 778 2944 ad
788 2921 845 2951 quid
856 2923 877 2944 te
889 2928 925 2944 ro-

88 2958 153 2982 cavit.
182 2959 274 2984 Voeavz‘t
295 2962 317 2984 te
338 2960 365 2984 de
389 2961 476 2983 inundo
498 2961 566 2990 pleno
588 2964 632 2983 etc.
655 2961 749 2983 interius
770 2967 811 2989 pro
831 2960 925 2983 animas

89 2996 126 3024 (ita
144 2997 170 3027 C)
187 2998 203 3020 Β
220 3001 242 3021 et
259 2999 295 3022 ed.
315 3000 322 3021 1
344 2999 464 3028 animam,
484 3000 501 3021 Α
519 2999 632 3022 lmmines.

1046 2262 1055 2275 ⁶
1072 2262 1145 2285 Codtl.
1162 2262 1205 2284 BC
1223 2262 1335 2285 laudares
1353 2269 1421 2291 ema.;
1439 2263 1490 2285 dein
1509 2263 1545 2285 ed.
1567 2263 1571 2284 1
1595 2263 1626 2291 (et
1643 2270 1668 2286 cx
1687 2266 1751 2291 parte
1774 2270 1829 2286 eon-

983 2302 1047 2324 venit
1064 2302 1089 2329 C)
1108 2302 1270 2330 prosequitur:
1289 2303 1313 2324 ut
1330 2301 1415 2330 confles
1433 2308 1498 2328 euni,
1516 2303 1540 2324 ul
1551 2301 1666 2325 desideres
1679 2309 1746 2331 eum,
1759 2305 1784 2325 vt
1796 2303 1829 2325 di-

984 2340 1044 2370 liyas
1062 2347 1122 2363 euim
1141 2341 1188 2363 Hoc
1205 2340 1341 2363 maa-imum
1358 2340 1454 2363 (Ionum.
1474 2340 1554 2367 Ouare
1570 2340 1633 2364 linc?
1653 2341 1713 2369 Quia
1731 2343 1764 2364 esi
1781 2341 1827 2371 offi-

984 2378 1047 2401 cium.
1066 2378 1210 2407 Anyelorum
1220 2387 1229 2406 ;
1247 2378 1305 2401 nihil
1317 2378 1378 2401 enim
1391 2378 1458 2401 aliud
1467 2378 1559 2408 [ιιι-111111
1572 2378 1656 2408 :iii-(leli
1667 2379 1689 2401 in
1700 2379 1822 2409 paradiso.

987 2416 1053 2445 Vide,
1071 2417 1187 2446 quomodo
1204 2418 1294 2446 oportet
1310 2420 1353 2439 etc.

1047 2455 1055 2468 ⁷
1074 2457 1132 2478 loun.
1153 2457 1193 2483 15,
1216 2457 1256 2478 lb':
1275 2457 1322 2484 Ego
1340 2457 1397 2484 elegi
1416 2463 1458 2478 vos
1474 2460 1496 2479 et
1513 2457 1579 2484 posui
1598 2463 1651 2484 vos,
1665 2457 1756 2480 utentis
1768 2460 1826 2486 ete.;

984 2496 1018 2517 ΡΞ.
1040 2496 1094 2521 106,
1111 2495 1139 2517 7:
1156 2496 1182 2517 Et
1199 2495 1293 2517 deduxit
1310 2502 1349 2517 eos
1367 2495 1388 2517 in
1406 2495 1467 2517 viam
1485 2500 1585 2522 rectum,
1607 2498 1631 2518 ut
1653 2496 1710 2518 irent
1731 2497 1753 2518 in
1771 2497 1828 2519 eivi-

984 2536 1052 2556 tatem
1071 2533 1225 2556 habitationis.
1242 2533 1287 2556 Cir.
1306 2535 1359 2561 Sap.
1381 2534 1418 2562 10,
1435 2534 1467 2556 10.
1479 2547 1510 2551 -
1523 2535 1633 2562 Superius
1646 2541 1688 2563 pro
1700 2535 1727 2557 de
1742 2535 1827 2558 nzuudi

983 2572 1085 2595 miseriis
1104 2572 1142 2600 (lta
1161 2573 1187 2601 Α)
1207 2572 1247 2594 us:
1265 2572 1292 2595 de
1308 2572 1397 2595 mundo
1415 2573 1514 2601 misera,
1534 2573 1571 2595 ed.
1594 2574 1598 2595 1
1620 2573 1647 2596 de
1659 2573 1748 2597 1111111111)
1760 2574 1827 2597 mise-

983 2611 1041 2634 riae.
1059 2611 1161 2634 Subinde
1178 2612 1196 2634 Α
1213 2612 1296 2634 omittit
1313 2613 1334 2634 et
1350 2611 1449 2635 dedum
1460 2614 1487 2635 te.
1501 2613 1594 2635 lusci-ius
1607 2613 1704 2635 vocibus
1716 2613 1826 2636 Maxima

983 2650 1063 2680 ,σι-111111
1079 2651 1096 2672 Α
1114 2651 1227 2673 interserit
1244 2651 1318 2678 enim,
1336 2654 1357 2673 et
1375 2657 1417 2679 pro
1435 2651 1544 2675 tinnientis
1560 2658 1618 2674 suae
1634 2652 1671 2674 ed.
1687 2653 1692 2674 1
1709 2652 1826 2675 substituit

983 2689 1074 2712 amoris
1091 2689 1137 2712 sui.

1045 2727 1054 2740 ¹³
1072 2729 1126 2750 Lue.
1143 2730 1183 2755 2⁴2,
1202 2729 1238 2750 25).
1256 2742 1285 2744 —
1303 2729 1415 2757 Superius
1433 2729 1468 2751 ed.
1491 2731 1495 2751 l
1518 2736 1571 2752 cum
1592 2730 1608 2751 C
1626 2737 1668 2758 pro
1686 2732 1707 2753 ei
1723 2730 1826 2754 dicant...

980 2766 1145 2796 possideamus
1164 2767 1202 2794 (ita
1221 2768 1247 2795 ,1)
1266 2767 1383 2789 substituit
1402 2767 1464 2795 Ouid
1480 2774 1536 2797 eryn
1549 2768 1655 2798 [animula
1670 2769 1741 2792 rilam
1753 2771 1826 2793 aeler-

982 2811 1039 2828 uam
1054 2805 1226 2835 possidebimus
1244 2805 1272 2835 [C
1283 2806 1440 2836 possidebrq?

1045 2843 1054 2856 ⁰
1072 2846 1125 2872 Sap.
1144 2845 1166 2872 7,
1184 2845 1221 2867 ⁶26.
1246 2846 1287 2868 Pro
1305 2845 1347 2875 qai
1362 2847 1396 2868 esc
1412 2845 1536 2875 speculum
1557 2846 1596 2875 (ita
1613 2847 1639 2875 C)
1658 2848 1701 2869 AB
1718 2851 1740 2870 et
1756 2848 1793 2870 ed.
1812 2848 1819 2870 ’1

983 2889 1042 2912 quae
1059 2884 1093 2905 est
1108 2883 1240 2912 speculum.
1252 2897 1281 2899 —
1295 2884 1406 2911 Superius
1423 2884 1520 2907 vocibus
1537 2885 1712 2909 consideremus
1726 2893 1770 2916 per
1783 2887 1798 2909 Β
1808 2886 1825 2909 C

983 2923 1121 2944 interserunt
1138 2921 1244 2949 tandem,
1262 2926 1283 2944 et
1300 2922 1399 2945 subInde
1425 2924 1460 2945 ed.
1491 2925 1496 2946 1
1523 2925 1606 2947 omiuit
1623 2924 1754 2955 diliyenler.
1773 2927 1825 2948 luse-

982 2962 1030 2983 riiis
1047 2967 1089 2989 pro
1104 2961 1222 2991 perfectae
1239 2962 1347 2985 caritatis
1359 2964 1375 2985 Α
1388 2963 1598 2986 ezei-[tentissime
1609 2965 1631 2987 et
1640 2965 1825 2994 perfi’ctissimae

982 2999 1097 3023 caritatis.
