<?xml version="1.0" encoding="UTF-8"?>
<!DOCTYPE html PUBLIC "-//W3C//DTD XHTML 1.0 Transitional//EN"
    "http://www.w3.org/TR/xhtml1/DTD/xhtml1-transitional.dtd">
<html xmlns="http://www.w3.org/1999/xhtml" xml:lang="en" lang="en">
 <head>
  <title>
</title>
<meta http-equiv="Content-Type" content="text/html;charset=utf-8" />
  <meta name='ocr-system' content='tesseract 3.04.00' />
  <meta name='ocr-capabilities' content='ocr_page ocr_carea ocr_par ocr_line ocrx_word'/>
</head>
<body>
  <div class='ocr_page' id='page_1' title='image "./doctorisseraphic08bona_0711.png"; bbox 0 0 2133 3317; ppageno 0'>
   <div class='ocr_carea' id='block_1_1' title="bbox 490 215 1425 247">
    <p class='ocr_par' dir='ltr' id='par_1_1' title="bbox 490 215 1425 247">
     <span class='ocr_line' id='line_1_1' title="bbox 490 215 1425 247; baseline -0.002 -1"><span class='ocrx_word' id='word_1_1' title='bbox 490 217 687 247; x_wconf 88' lang='lat' dir='ltr'>OPUSCULUM</span> <span class='ocrx_word' id='word_1_2' title='bbox 708 216 797 244; x_wconf 83' lang='lat' dir='ltr'>XXIV.</span> <span class='ocrx_word' id='word_1_3' title='bbox 820 216 969 244; x_wconf 78' lang='lat' dir='ltr'>LEGENDA</span> <span class='ocrx_word' id='word_1_4' title='bbox 992 215 1096 244; x_wconf 82' lang='lat' dir='ltr'>MlNOR</span> <span class='ocrx_word' id='word_1_5' title='bbox 1117 215 1231 244; x_wconf 73' lang='lat' dir='ltr'>SANCTl</span> <span class='ocrx_word' id='word_1_6' title='bbox 1252 215 1425 244; x_wconf 72' lang='lat' dir='ltr'>FRANCISCI.</span> 
     </span>
    </p>
   </div>
   <div class='ocr_carea' id='block_1_2' title="bbox 87 293 930 419">
    <p class='ocr_par' dir='ltr' id='par_1_2' title="bbox 87 293 930 419">
     <span class='ocr_line' id='line_1_2' title="bbox 87 293 930 329; baseline -0.006 -3"><span class='ocrx_word' id='word_1_7' title='bbox 87 297 120 327; x_wconf 90' lang='lat' dir='ltr'>ad</span> <span class='ocrx_word' id='word_1_8' title='bbox 141 297 289 326; x_wconf 86' lang='lat' dir='ltr'>salutarem</span> <span class='ocrx_word' id='word_1_9' title='bbox 311 295 489 329; x_wconf 84' lang='lat' dir='ltr'><strong>munditiam,</strong></span> <span class='ocrx_word' id='word_1_10' title='bbox 511 294 628 323; x_wconf 86' lang='lat' dir='ltr'>letaliter</span> <span class='ocrx_word' id='word_1_11' title='bbox 649 293 809 323; x_wconf 86' lang='lat' dir='ltr'>vulneratos</span> <span class='ocrx_word' id='word_1_12' title='bbox 832 293 866 322; x_wconf 90' lang='lat' dir='ltr'>ad</span> <span class='ocrx_word' id='word_1_13' title='bbox 890 293 930 321; x_wconf 90' lang='lat' dir='ltr'>in-</span> 
     </span>
     <span class='ocr_line' id='line_1_3' title="bbox 88 339 930 379; baseline -0.005 -7"><span class='ocrx_word' id='word_1_14' title='bbox 88 343 274 373; x_wconf 78' lang='lat' dir='ltr'>columitatem</span> <span class='ocrx_word' id='word_1_15' title='bbox 295 342 459 379; x_wconf 80' lang='lat' dir='ltr'>perfectam,</span> <span class='ocrx_word' id='word_1_16' title='bbox 487 344 514 370; x_wconf 91' lang='lat' dir='ltr'>et</span> <span class='ocrx_word' id='word_1_17' title='bbox 537 340 612 378; x_wconf 84' lang='lat' dir='ltr'>quod</span> <span class='ocrx_word' id='word_1_18' title='bbox 626 340 715 369; x_wconf 89' lang='lat' dir='ltr'>maius</span> <span class='ocrx_word' id='word_1_19' title='bbox 733 339 775 369; x_wconf 59' lang='lat' dir='ltr'>est</span> <span class='ocrx_word' id='word_1_20' title='bbox 788 340 930 374; x_wconf 87' lang='lat' dir='ltr'>omnibus,</span> 
     </span>
     <span class='ocr_line' id='line_1_4' title="bbox 87 388 538 419; baseline -0.007 0"><span class='ocrx_word' id='word_1_21' title='bbox 87 392 211 419; x_wconf 90' lang='lat' dir='ltr'>mortuos</span> <span class='ocrx_word' id='word_1_22' title='bbox 232 388 371 418; x_wconf 86' lang='lat' dir='ltr'>revocavit</span> <span class='ocrx_word' id='word_1_23' title='bbox 390 388 424 416; x_wconf 92' lang='lat' dir='ltr'>ad</span> <span class='ocrx_word' id='word_1_24' title='bbox 445 388 538 416; x_wconf 88' lang='lat' dir='ltr'>vitam.</span> 
     </span>
    </p>
   </div>
   <div class='ocr_carea' id='block_1_3' title="bbox 380 457 632 486">
    <p class='ocr_par' dir='ltr' id='par_1_3' title="bbox 380 457 632 486">
     <span class='ocr_line' id='line_1_5' title="bbox 380 457 632 486; baseline -0.004 0"><span class='ocrx_word' id='word_1_25' title='bbox 380 457 472 486; x_wconf 80' lang='lat' dir='ltr'><em>Lectio</em></span> <span class='ocrx_word' id='word_1_26' title='bbox 494 460 598 486; x_wconf 78' lang='lat' dir='ltr'>octava</span> <span class='ocrx_word' id='word_1_27' title='bbox 613 458 632 485; x_wconf 90' lang='lat'>¹.</span> 
     </span>
    </p>
   </div>
   <div class='ocr_carea' id='block_1_4' title="bbox 0 525 932 1169">
    <p class='ocr_par' dir='ltr' id='par_1_4' title="bbox 167 525 929 565">
     <span class='ocr_line' id='line_1_6' title="bbox 167 525 929 565; baseline -0.004 -8"><span class='ocrx_word' id='word_1_28' title='bbox 167 529 314 557; x_wconf 77' lang='lat' dir='ltr'>lnnuniera</span> <span class='ocrx_word' id='word_1_29' title='bbox 334 535 445 565; x_wconf 88' lang='lat' dir='ltr'>quoque</span> <span class='ocrx_word' id='word_1_30' title='bbox 459 535 509 564; x_wconf 91' lang='lat' dir='ltr'>per</span> <span class='ocrx_word' id='word_1_31' title='bbox 524 527 615 563; x_wconf 86' lang='lat' dir='ltr'>ipsum</span> <span class='ocrx_word' id='word_1_32' title='bbox 630 526 659 555; x_wconf 93' lang='lat' dir='ltr'>in</span> <span class='ocrx_word' id='word_1_33' title='bbox 672 526 789 555; x_wconf 88' lang='lat' dir='ltr'>diversis</span> <span class='ocrx_word' id='word_1_34' title='bbox 803 525 929 563; x_wconf 87' lang='lat' dir='ltr'>partibus</span> 
     </span>
    </p>

    <p class='ocr_par' dir='ltr' id='par_1_5' title="bbox 5 573 930 796">
     <span class='ocr_line' id='line_1_7' title="bbox 5 573 930 607; baseline -0.005 -2"><span class='ocrx_word' id='word_1_35' title='bbox 5 584 58 605; x_wconf 67' lang='lat' dir='ltr'>mins</span> <span class='ocrx_word' id='word_1_36' title='bbox 89 576 163 605; x_wconf 87' lang='lat' dir='ltr'>orbis</span> <span class='ocrx_word' id='word_1_37' title='bbox 178 576 188 592; x_wconf 76' lang='lat'>²³</span> <span class='ocrx_word' id='word_1_38' title='bbox 210 574 366 604; x_wconf 79' lang='lat' dir='ltr'>exuberare</span> <span class='ocrx_word' id='word_1_39' title='bbox 397 582 451 602; x_wconf 89' lang='lat' dir='ltr'>non</span> <span class='ocrx_word' id='word_1_40' title='bbox 483 576 590 602; x_wconf 84' lang='lat' dir='ltr'>cessant</span> <span class='ocrx_word' id='word_1_41' title='bbox 617 573 749 602; x_wconf 87' lang='lat' dir='ltr'>beneficia</span> <span class='ocrx_word' id='word_1_42' title='bbox 770 573 834 607; x_wconf 90' lang='lat' dir='ltr'>Dei,</span> <span class='ocrx_word' id='word_1_43' title='bbox 859 573 930 601; x_wconf 89' lang='lat' dir='ltr'>sicut</span> 
     </span>
     <span class='ocr_line' id='line_1_8' title="bbox 7 609 930 659; baseline -0.003 -9"><span class='ocrx_word' id='word_1_44' title='bbox 7 609 75 651; x_wconf 59' lang='grc' dir='ltr'>,ἶέιῖἶῖ</span> <span class='ocrx_word' id='word_1_45' title='bbox 89 626 116 652; x_wconf 89' lang='lat' dir='ltr'>et</span> <span class='ocrx_word' id='word_1_46' title='bbox 146 630 196 659; x_wconf 83' lang='lat' dir='ltr'>ego</span> <span class='ocrx_word' id='word_1_47' title='bbox 226 621 300 658; x_wconf 86' lang='lat' dir='ltr'>ipse,</span> <span class='ocrx_word' id='word_1_48' title='bbox 331 620 379 658; x_wconf 89' lang='lat' dir='ltr'>qui</span> <span class='ocrx_word' id='word_1_49' title='bbox 410 621 555 657; x_wconf 84' lang='lat' dir='ltr'>superiora</span> <span class='ocrx_word' id='word_1_50' title='bbox 582 620 731 656; x_wconf 82' lang='lat' dir='ltr'>descripsi,</span> <span class='ocrx_word' id='word_1_51' title='bbox 758 619 930 656; x_wconf 83' lang='lat' dir='ltr'>experientia</span> 
     </span>
     <span class='ocr_line' id='line_1_9' title="bbox 6 657 930 705; baseline -0.005 -6"><span class='ocrx_word' id='word_1_52' title='bbox 6 657 40 674; x_wconf 57' lang='grc' dir='ltr'>ω’</span> <span class='ocrx_word' id='word_1_53' title='bbox 89 671 173 703; x_wconf 88' lang='lat' dir='ltr'>teste,</span> <span class='ocrx_word' id='word_1_54' title='bbox 194 669 222 697; x_wconf 90' lang='lat' dir='ltr'>in</span> <span class='ocrx_word' id='word_1_55' title='bbox 243 676 287 697; x_wconf 89' lang='lat' dir='ltr'>me</span> <span class='ocrx_word' id='word_1_56' title='bbox 308 668 367 705; x_wconf 90' lang='lat' dir='ltr'>ipso</span> <span class='ocrx_word' id='word_1_57' title='bbox 388 667 511 705; x_wconf 86' lang='lat' dir='ltr'>probavi.</span> <span class='ocrx_word' id='word_1_58' title='bbox 534 667 603 696; x_wconf 90' lang='lat' dir='ltr'>Voto</span> <span class='ocrx_word' id='word_1_59' title='bbox 624 666 696 696; x_wconf 88' lang='lat' dir='ltr'>enim</span> <span class='ocrx_word' id='word_1_60' title='bbox 729 674 779 703; x_wconf 90' lang='lat' dir='ltr'>pro</span> <span class='ocrx_word' id='word_1_61' title='bbox 800 674 844 695; x_wconf 87' lang='lat' dir='ltr'>me</span> <span class='ocrx_word' id='word_1_62' title='bbox 873 666 930 694; x_wconf 90' lang='lat' dir='ltr'>lan-</span> 
     </span>
     <span class='ocr_line' id='line_1_10' title="bbox 87 712 928 753; baseline -0.005 -9"><span class='ocrx_word' id='word_1_63' title='bbox 87 717 188 753; x_wconf 85' lang='lat' dir='ltr'>guente</span> <span class='ocrx_word' id='word_1_64' title='bbox 218 714 379 752; x_wconf 87' lang='lat' dir='ltr'>gravissime</span> <span class='ocrx_word' id='word_1_65' title='bbox 406 713 441 742; x_wconf 91' lang='lat' dir='ltr'>ad</span> <span class='ocrx_word' id='word_1_66' title='bbox 471 713 583 742; x_wconf 87' lang='lat' dir='ltr'>beatum</span> <span class='ocrx_word' id='word_1_67' title='bbox 615 713 722 741; x_wconf 88' lang='lat' dir='ltr'>Patrem</span> <span class='ocrx_word' id='word_1_68' title='bbox 753 712 928 741; x_wconf 86' lang='lat' dir='ltr'>Franciscum</span> 
     </span>
     <span class='ocr_line' id='line_1_11' title="bbox 88 758 930 796; baseline -0.005 -5"><span class='ocrx_word' id='word_1_69' title='bbox 88 761 187 791; x_wconf 86' lang='lat' dir='ltr'>emisso</span> <span class='ocrx_word' id='word_1_70' title='bbox 208 769 224 790; x_wconf 90' lang='lat' dir='ltr'>a</span> <span class='ocrx_word' id='word_1_71' title='bbox 244 764 348 795; x_wconf 88' lang='lat' dir='ltr'>matre,</span> <span class='ocrx_word' id='word_1_72' title='bbox 377 768 440 789; x_wconf 88' lang='lat' dir='ltr'>cum</span> <span class='ocrx_word' id='word_1_73' title='bbox 470 759 561 788; x_wconf 87' lang='lat' dir='ltr'>adhuc</span> <span class='ocrx_word' id='word_1_74' title='bbox 593 767 680 788; x_wconf 84' lang='lat' dir='ltr'>essem</span> <span class='ocrx_word' id='word_1_75' title='bbox 712 759 864 796; x_wconf 88' lang='lat' dir='ltr'>puerulus,</span> <span class='ocrx_word' id='word_1_76' title='bbox 895 758 930 787; x_wconf 88' lang='lat' dir='ltr'>ab</span> 
     </span>
    </p>

    <p class='ocr_par' dir='ltr' id='par_1_6' title="bbox 0 805 932 1169">
     <span class='ocr_line' id='line_1_12' title="bbox 1 805 930 854; baseline -0.005 -16"><span class='ocrx_word' id='word_1_77' title='bbox 1 807 5 854; x_wconf 72' lang='lat'>1³</span> <span class='ocrx_word' id='word_1_78' title='bbox 87 808 153 846; x_wconf 90' lang='lat' dir='ltr'>ipsis</span> <span class='ocrx_word' id='word_1_79' title='bbox 174 816 235 837; x_wconf 90' lang='lat' dir='ltr'>sum</span> <span class='ocrx_word' id='word_1_80' title='bbox 257 807 355 836; x_wconf 88' lang='lat' dir='ltr'>mortis</span> <span class='ocrx_word' id='word_1_81' title='bbox 376 807 502 836; x_wconf 82' lang='lat' dir='ltr'>saucibus</span> <span class='ocrx_word' id='word_1_82' title='bbox 522 809 621 835; x_wconf 88' lang='lat' dir='ltr'>erutus</span> <span class='ocrx_word' id='word_1_83' title='bbox 641 809 668 835; x_wconf 88' lang='lat' dir='ltr'>et</span> <span class='ocrx_word' id='word_1_84' title='bbox 689 806 716 834; x_wconf 88' lang='lat' dir='ltr'>in</span> <span class='ocrx_word' id='word_1_85' title='bbox 744 805 831 834; x_wconf 88' lang='lat' dir='ltr'>robur</span> <span class='ocrx_word' id='word_1_86' title='bbox 858 805 930 834; x_wconf 88' lang='lat' dir='ltr'>vitae</span> 
     </span>
     <span class='ocr_line' id='line_1_13' title="bbox 87 852 929 890; baseline -0.006 -6"><span class='ocrx_word' id='word_1_87' title='bbox 87 855 232 884; x_wconf 87' lang='lat' dir='ltr'>incolumis</span> <span class='ocrx_word' id='word_1_88' title='bbox 247 854 401 884; x_wconf 87' lang='lat' dir='ltr'>restitutus.</span> <span class='ocrx_word' id='word_1_89' title='bbox 417 853 495 890; x_wconf 89' lang='lat' dir='ltr'>Quod</span> <span class='ocrx_word' id='word_1_90' title='bbox 510 861 573 882; x_wconf 86' lang='lat' dir='ltr'>cum</span> <span class='ocrx_word' id='word_1_91' title='bbox 589 853 651 881; x_wconf 86' lang='lat' dir='ltr'>viva</span> <span class='ocrx_word' id='word_1_92' title='bbox 665 852 799 881; x_wconf 91' lang='lat' dir='ltr'>memoria</span> <span class='ocrx_word' id='word_1_93' title='bbox 813 854 929 885; x_wconf 86' lang='lat' dir='ltr'>teneam,</span> 
     </span>
     <span class='ocr_line' id='line_1_14' title="bbox 87 897 930 937; baseline -0.006 -6"><span class='ocrx_word' id='word_1_94' title='bbox 87 909 153 931; x_wconf 84' lang='lat' dir='ltr'>vera</span> <span class='ocrx_word' id='word_1_95' title='bbox 173 909 248 930; x_wconf 85' lang='lat' dir='ltr'>nunc</span> <span class='ocrx_word' id='word_1_96' title='bbox 269 900 436 930; x_wconf 86' lang='lat' dir='ltr'>confessione</span> <span class='ocrx_word' id='word_1_97' title='bbox 457 900 605 937; x_wconf 84' lang='lat' dir='ltr'>profiteor,</span> <span class='ocrx_word' id='word_1_98' title='bbox 627 907 662 928; x_wconf 87' lang='lat' dir='ltr'>ne</span> <span class='ocrx_word' id='word_1_99' title='bbox 693 901 799 927; x_wconf 85' lang='lat' dir='ltr'>tantum</span> <span class='ocrx_word' id='word_1_100' title='bbox 827 897 930 927; x_wconf 86' lang='lat' dir='ltr'>benefi-</span> 
     </span>
     <span class='ocr_line' id='line_1_15' title="bbox 88 944 929 983; baseline -0.007 -5"><span class='ocrx_word' id='word_1_101' title='bbox 88 949 161 978; x_wconf 84' lang='lat' dir='ltr'>cium</span> <span class='ocrx_word' id='word_1_102' title='bbox 183 948 316 982; x_wconf 85' lang='lat' dir='ltr'>reticens,</span> <span class='ocrx_word' id='word_1_103' title='bbox 338 946 449 976; x_wconf 88' lang='lat' dir='ltr'>sceleris</span> <span class='ocrx_word' id='word_1_104' title='bbox 464 954 566 983; x_wconf 84' lang='lat' dir='ltr'>arguar</span> <span class='ocrx_word' id='word_1_105' title='bbox 587 948 619 974; x_wconf 91' lang='lat' dir='ltr'>ut</span> <span class='ocrx_word' id='word_1_106' title='bbox 639 945 772 982; x_wconf 89' lang='lat' dir='ltr'>ingratus.</span> <span class='ocrx_word' id='word_1_107' title='bbox 785 944 929 981; x_wconf 79' lang='lat' dir='ltr'>—Accipe</span> 
     </span>
     <span class='ocr_line' id='line_1_16' title="bbox 0 982 931 1033; baseline -0.006 -8"><span class='ocrx_word' id='word_1_108' title='bbox 0 982 64 1032; x_wconf 59' lang='lat' dir='ltr'>iamim</span> <span class='ocrx_word' id='word_1_109' title='bbox 87 995 188 1033; x_wconf 89' lang='lat' dir='ltr'>igitur,</span> <span class='ocrx_word' id='word_1_110' title='bbox 210 995 288 1023; x_wconf 88' lang='lat' dir='ltr'>Pater</span> <span class='ocrx_word' id='word_1_111' title='bbox 309 994 404 1028; x_wconf 87' lang='lat' dir='ltr'>beate,</span> <span class='ocrx_word' id='word_1_112' title='bbox 436 1000 626 1030; x_wconf 88' lang='lat' dir='ltr'>quascumque</span> <span class='ocrx_word' id='word_1_113' title='bbox 657 991 745 1021; x_wconf 87' lang='lat' dir='ltr'>exiles</span> <span class='ocrx_word' id='word_1_114' title='bbox 769 991 931 1028; x_wconf 88' lang='lat' dir='ltr'>meritisque</span> 
     </span>
     <span class='ocr_line' id='line_1_17' title="bbox 88 1038 930 1077; baseline -0.007 -6"><span class='ocrx_word' id='word_1_115' title='bbox 88 1041 144 1071; x_wconf 85' lang='lat' dir='ltr'>tuis</span> <span class='ocrx_word' id='word_1_116' title='bbox 164 1049 196 1070; x_wconf 90' lang='lat' dir='ltr'>ac</span> <span class='ocrx_word' id='word_1_117' title='bbox 217 1040 358 1070; x_wconf 87' lang='lat' dir='ltr'>beneficiis</span> <span class='ocrx_word' id='word_1_118' title='bbox 371 1040 492 1077; x_wconf 87' lang='lat' dir='ltr'>impares</span> <span class='ocrx_word' id='word_1_119' title='bbox 505 1039 659 1077; x_wconf 86' lang='lat' dir='ltr'>gratiarum</span> <span class='ocrx_word' id='word_1_120' title='bbox 674 1038 809 1072; x_wconf 85' lang='lat' dir='ltr'>actiones;</span> <span class='ocrx_word' id='word_1_121' title='bbox 825 1040 852 1066; x_wconf 92' lang='lat' dir='ltr'>et</span> <span class='ocrx_word' id='word_1_122' title='bbox 866 1045 930 1066; x_wconf 87' lang='lat' dir='ltr'>cum</span> 
     </span>
     <span class='ocr_line' id='line_1_18' title="bbox 89 1084 931 1125; baseline -0.007 -7"><span class='ocrx_word' id='word_1_123' title='bbox 89 1088 244 1125; x_wconf 85' lang='lat' dir='ltr'>susceperis</span> <span class='ocrx_word' id='word_1_124' title='bbox 265 1090 343 1122; x_wconf 92' lang='lat' dir='ltr'>vota,</span> <span class='ocrx_word' id='word_1_125' title='bbox 365 1087 461 1124; x_wconf 84' lang='lat' dir='ltr'>culpas</span> <span class='ocrx_word' id='word_1_126' title='bbox 481 1088 590 1115; x_wconf 88' lang='lat' dir='ltr'>nostras</span> <span class='ocrx_word' id='word_1_127' title='bbox 615 1085 654 1114; x_wconf 86' lang='lat' dir='ltr'>sic</span> <span class='ocrx_word' id='word_1_128' title='bbox 680 1084 784 1114; x_wconf 89' lang='lat' dir='ltr'>orando</span> <span class='ocrx_word' id='word_1_129' title='bbox 811 1092 931 1119; x_wconf 84' lang='lat' dir='ltr'>excusa,</span> 
     </span>
     <span class='ocr_line' id='line_1_19' title="bbox 88 1131 932 1169; baseline -0.005 -5"><span class='ocrx_word' id='word_1_130' title='bbox 88 1137 121 1165; x_wconf 86' lang='lat' dir='ltr'>ut</span> <span class='ocrx_word' id='word_1_131' title='bbox 140 1135 257 1164; x_wconf 88' lang='lat' dir='ltr'>fideliter</span> <span class='ocrx_word' id='word_1_132' title='bbox 277 1134 326 1163; x_wconf 86' lang='lat' dir='ltr'>tibi</span> <span class='ocrx_word' id='word_1_133' title='bbox 347 1133 460 1163; x_wconf 89' lang='lat' dir='ltr'>devotos</span> <span class='ocrx_word' id='word_1_134' title='bbox 479 1136 507 1162; x_wconf 93' lang='lat' dir='ltr'>et</span> <span class='ocrx_word' id='word_1_135' title='bbox 521 1141 537 1162; x_wconf 89' lang='lat' dir='ltr'>a</span> <span class='ocrx_word' id='word_1_136' title='bbox 550 1132 629 1161; x_wconf 88' lang='lat' dir='ltr'>malis</span> <span class='ocrx_word' id='word_1_137' title='bbox 643 1131 835 1169; x_wconf 85' lang='lat' dir='ltr'>praesentibus</span> <span class='ocrx_word' id='word_1_138' title='bbox 850 1139 932 1160; x_wconf 89' lang='lat' dir='ltr'>eruas</span> 
     </span>
    </p>
   </div>
   <div class='ocr_carea' id='block_1_5' title="bbox 89 1179 614 1218">
    <p class='ocr_par' dir='ltr' id='par_1_7' title="bbox 89 1179 614 1218">
     <span class='ocr_line' id='line_1_20' title="bbox 89 1179 614 1218; baseline -0.006 -7"><span class='ocrx_word' id='word_1_139' title='bbox 89 1184 116 1211; x_wconf 83' lang='lat' dir='ltr'>et</span> <span class='ocrx_word' id='word_1_140' title='bbox 136 1181 170 1210; x_wconf 90' lang='lat' dir='ltr'>ad</span> <span class='ocrx_word' id='word_1_141' title='bbox 190 1181 262 1210; x_wconf 89' lang='lat' dir='ltr'>bona</span> <span class='ocrx_word' id='word_1_142' title='bbox 283 1181 451 1218; x_wconf 87' lang='lat' dir='ltr'>sempiterna</span> <span class='ocrx_word' id='word_1_143' title='bbox 471 1179 614 1217; x_wconf 82' lang='lat' dir='ltr'>perducas.</span> 
     </span>
    </p>
   </div>
   <div class='ocr_carea' id='block_1_6' title="bbox 2 673 5 1181">
    <p class='ocr_par' dir='ltr' id='par_1_8' title="bbox 2 673 5 1181">
     <span class='ocr_line' id='line_1_21' title="bbox 2 673 5 1181; baseline 0 0"><span class='ocrx_word' id='word_1_144' title='bbox 2 673 5 1181; x_wconf 95' lang='lat' dir='ltr'> </span> 
     </span>
    </p>
   </div>
   <div class='ocr_carea' id='block_1_7' title="bbox 400 1249 625 1279">
    <p class='ocr_par' dir='ltr' id='par_1_9' title="bbox 400 1249 625 1279">
     <span class='ocr_line' id='line_1_22' title="bbox 400 1249 625 1279; baseline 0 0"><span class='ocrx_word' id='word_1_145' title='bbox 400 1250 492 1279; x_wconf 80' lang='lat' dir='ltr'>Lectio</span> <span class='ocrx_word' id='word_1_146' title='bbox 511 1258 590 1279; x_wconf 79' lang='lat' dir='ltr'>nona</span> <span class='ocrx_word' id='word_1_147' title='bbox 605 1249 625 1278; x_wconf 82' lang='lat'>³.</span> 
     </span>
    </p>
   </div>
   <div class='ocr_carea' id='block_1_8' title="bbox 168 1319 932 1359">
    <p class='ocr_par' dir='ltr' id='par_1_10' title="bbox 168 1319 932 1359">
     <span class='ocr_line' id='line_1_23' title="bbox 168 1319 932 1359; baseline -0.004 -9"><span class='ocrx_word' id='word_1_148' title='bbox 168 1321 254 1359; x_wconf 89' lang='lat' dir='ltr'>Igitur</span> <span class='ocrx_word' id='word_1_149' title='bbox 287 1324 319 1350; x_wconf 89' lang='lat' dir='ltr'>ut</span> <span class='ocrx_word' id='word_1_150' title='bbox 357 1321 507 1350; x_wconf 89' lang='lat' dir='ltr'>summaria</span> <span class='ocrx_word' id='word_1_151' title='bbox 540 1319 659 1358; x_wconf 89' lang='lat' dir='ltr'>quadam</span> <span class='ocrx_word' id='word_1_152' title='bbox 696 1319 932 1356; x_wconf 85' lang='lat' dir='ltr'>praescriptorum</span> 
     </span>
    </p>
   </div>
   <div class='ocr_carea' id='block_1_9' title="bbox 154 1514 933 1699">
    <p class='ocr_par' dir='ltr' id='par_1_11' title="bbox 154 1514 422 1542">
     <span class='ocr_line' id='line_1_24' title="bbox 154 1514 422 1542; baseline -0.004 -5"><span class='ocrx_word' id='word_1_153' title='bbox 154 1514 163 1527; x_wconf 87' lang='lat'>²</span> <span class='ocrx_word' id='word_1_154' title='bbox 180 1514 238 1537; x_wconf 87' lang='lat' dir='ltr'>lhid.</span> <span class='ocrx_word' id='word_1_155' title='bbox 253 1514 345 1542; x_wconf 83' lang='lat' dir='ltr'>Prolog.</span> <span class='ocrx_word' id='word_1_156' title='bbox 360 1520 384 1536; x_wconf 87' lang='lat' dir='ltr'>n.</span> <span class='ocrx_word' id='word_1_157' title='bbox 400 1514 422 1536; x_wconf 90' lang='lat'>3.</span> 
     </span>
    </p>

    <p class='ocr_par' dir='ltr' id='par_1_12' title="bbox 154 1551 531 1576">
     <span class='ocr_line' id='line_1_25' title="bbox 154 1551 531 1576; baseline -0.003 0"><span class='ocrx_word' id='word_1_158' title='bbox 154 1552 164 1566; x_wconf 81' lang='lat'>²</span> <span class='ocrx_word' id='word_1_159' title='bbox 180 1553 297 1576; x_wconf 79' lang='lat' dir='ltr'>omittitur</span> <span class='ocrx_word' id='word_1_160' title='bbox 314 1553 337 1575; x_wconf 91' lang='lat' dir='ltr'>in</span> <span class='ocrx_word' id='word_1_161' title='bbox 353 1552 406 1576; x_wconf 85' lang='lat' dir='ltr'>cod.</span> <span class='ocrx_word' id='word_1_162' title='bbox 422 1553 442 1575; x_wconf 89' lang='lat' dir='ltr'>M</span> <span class='ocrx_word' id='word_1_163' title='bbox 460 1551 531 1575; x_wconf 81' lang='lat' dir='ltr'>orbis.</span> 
     </span>
    </p>

    <p class='ocr_par' dir='ltr' id='par_1_13' title="bbox 154 1588 933 1661">
     <span class='ocr_line' id='line_1_26' title="bbox 154 1588 933 1619; baseline -0.005 -4"><span class='ocrx_word' id='word_1_164' title='bbox 154 1591 164 1605; x_wconf 80' lang='lat'><strong>⁸</strong></span> <span class='ocrx_word' id='word_1_165' title='bbox 182 1592 239 1615; x_wconf 90' lang='lat' dir='ltr'>lbid.</span> <span class='ocrx_word' id='word_1_166' title='bbox 250 1598 270 1615; x_wconf 91' lang='lat' dir='ltr'>c.</span> <span class='ocrx_word' id='word_1_167' title='bbox 283 1592 320 1614; x_wconf 69' lang='lat'>42.</span> <span class='ocrx_word' id='word_1_168' title='bbox 332 1598 354 1614; x_wconf 85' lang='lat' dir='ltr'>n.</span> <span class='ocrx_word' id='word_1_169' title='bbox 368 1592 404 1614; x_wconf 70' lang='lat'>42.</span> <span class='ocrx_word' id='word_1_170' title='bbox 416 1594 439 1614; x_wconf 88' lang='lat' dir='ltr'>et</span> <span class='ocrx_word' id='word_1_171' title='bbox 454 1591 477 1614; x_wconf 87' lang='lat' dir='ltr'>in</span> <span class='ocrx_word' id='word_1_172' title='bbox 494 1591 539 1614; x_wconf 83' lang='lat' dir='ltr'>fine</span> <span class='ocrx_word' id='word_1_173' title='bbox 552 1590 675 1619; x_wconf 86' lang='lat' dir='ltr'>Legendae</span> <span class='ocrx_word' id='word_1_174' title='bbox 686 1589 791 1617; x_wconf 81' lang='lat' dir='ltr'>maioris,</span> <span class='ocrx_word' id='word_1_175' title='bbox 803 1588 817 1618; x_wconf 71' lang='lat' dir='ltr'>S</span> <span class='ocrx_word' id='word_1_176' title='bbox 829 1589 865 1612; x_wconf 81' lang='lat' dir='ltr'>lo.</span> <span class='ocrx_word' id='word_1_177' title='bbox 874 1595 899 1611; x_wconf 81' lang='lat' dir='ltr'>n.</span> <span class='ocrx_word' id='word_1_178' title='bbox 912 1589 933 1611; x_wconf 82' lang='lat'>9.</span> 
     </span>
     <span class='ocr_line' id='line_1_27' title="bbox 154 1630 340 1661; baseline -0.005 -7"><span class='ocrx_word' id='word_1_179' title='bbox 154 1630 164 1644; x_wconf 78' lang='lat'><strong>⁴</strong></span> <span class='ocrx_word' id='word_1_180' title='bbox 181 1630 238 1654; x_wconf 89' lang='lat' dir='ltr'>Cod.</span> <span class='ocrx_word' id='word_1_181' title='bbox 255 1631 274 1653; x_wconf 89' lang='lat' dir='ltr'>M</span> <span class='ocrx_word' id='word_1_182' title='bbox 292 1631 340 1661; x_wconf 77' lang='lat' dir='ltr'><em>qui.</em></span> 
     </span>
    </p>

    <p class='ocr_par' dir='ltr' id='par_1_14' title="bbox 156 1669 338 1699">
     <span class='ocr_line' id='line_1_28' title="bbox 156 1669 338 1699; baseline -0.005 -6"><span class='ocrx_word' id='word_1_183' title='bbox 156 1669 167 1683; x_wconf 78' lang='lat'><strong>⁶</strong></span> <span class='ocrx_word' id='word_1_184' title='bbox 181 1670 254 1699; x_wconf 81' lang='lat' dir='ltr'>Apoc.</span> <span class='ocrx_word' id='word_1_185' title='bbox 270 1670 299 1698; x_wconf 85' lang='lat'>7,</span> <span class='ocrx_word' id='word_1_186' title='bbox 316 1671 338 1692; x_wconf 83' lang='lat'>2.</span> 
     </span>
    </p>
   </div>
   <div class='ocr_carea' id='block_1_10' title="bbox 3 1696 11 1845">
    <p class='ocr_par' dir='ltr' id='par_1_15' title="bbox 3 1696 11 1845">
     <span class='ocr_line' id='line_1_29' title="bbox 3 1696 9 1774; baseline 0 0"><span class='ocrx_word' id='word_1_187' title='bbox 3 1696 9 1774; x_wconf 76' lang='grc' dir='ltr'>Ξ</span> 
     </span>
     <span class='ocr_line' id='line_1_30' title="bbox 3 1787 11 1845; baseline 0 0"><span class='ocrx_word' id='word_1_188' title='bbox 3 1787 11 1845; x_wconf 69' lang='lat' dir='ltr'>i</span> 
     </span>
    </p>
   </div>
   <div class='ocr_carea' id='block_1_11' title="bbox 0 1910 20 2754">
    <p class='ocr_par' dir='ltr' id='par_1_16' title="bbox 0 1910 20 2754">
     <span class='ocr_line' id='line_1_31' title="bbox 0 1910 20 2754; baseline 0 0"><span class='ocrx_word' id='word_1_189' title='bbox 0 1910 20 2754; x_wconf 95' lang='lat' dir='ltr'> </span> 
     </span>
    </p>
   </div>
   <div class='ocr_carea' id='block_1_12' title="bbox 1773 216 1828 244">
    <p class='ocr_par' dir='ltr' id='par_1_17' title="bbox 1773 216 1828 244">
     <span class='ocr_line' id='line_1_32' title="bbox 1773 216 1828 244; baseline 0.018 -1"><span class='ocrx_word' id='word_1_190' title='bbox 1773 216 1828 244; x_wconf 78' lang='lat'>579</span> 
     </span>
    </p>
   </div>
   <div class='ocr_carea' id='block_1_13' title="bbox 987 293 1939 330">
    <p class='ocr_par' dir='ltr' id='par_1_18' title="bbox 987 293 1939 330">
     <span class='ocr_line' id='line_1_33' title="bbox 987 293 1939 330; baseline -0.003 -9"><span class='ocrx_word' id='word_1_191' title='bbox 987 293 1111 321; x_wconf 88' lang='lat' dir='ltr'>omnium</span> <span class='ocrx_word' id='word_1_192' title='bbox 1133 293 1314 329; x_wconf 83' lang='lat' dir='ltr'>epilogatione</span> <span class='ocrx_word' id='word_1_193' title='bbox 1332 301 1423 321; x_wconf 90' lang='lat' dir='ltr'>sermo</span> <span class='ocrx_word' id='word_1_194' title='bbox 1437 293 1595 327; x_wconf 82' lang='lat' dir='ltr'>claudatur,</span> <span class='ocrx_word' id='word_1_195' title='bbox 1611 293 1738 330; x_wconf 87' lang='lat' dir='ltr'>quisquis</span> <span class='ocrx_word' id='word_1_196' title='bbox 1753 294 1764 309; x_wconf 76' lang='lat'>4</span> <span class='ocrx_word' id='word_1_197' title='bbox 1783 301 1829 321; x_wconf 88' lang='lat' dir='ltr'>su·</span> <span class='ocrx_word' id='word_1_198' title='bbox 1846 300 1939 324; x_wconf 70' lang='lat' dir='ltr'>apnogm.</span> 
     </span>
    </p>
   </div>
   <div class='ocr_carea' id='block_1_14' title="bbox 986 338 1834 1261">
    <p class='ocr_par' dir='ltr' id='par_1_19' title="bbox 986 338 1834 1261">
     <span class='ocr_line' id='line_1_34' title="bbox 987 338 1828 376; baseline 0 -9"><span class='ocrx_word' id='word_1_199' title='bbox 987 339 1097 375; x_wconf 89' lang='lat' dir='ltr'>periora</span> <span class='ocrx_word' id='word_1_200' title='bbox 1125 339 1287 375; x_wconf 84' lang='lat' dir='ltr'>perlegerit,</span> <span class='ocrx_word' id='word_1_201' title='bbox 1316 339 1390 367; x_wconf 88' lang='lat' dir='ltr'>finali</span> <span class='ocrx_word' id='word_1_202' title='bbox 1419 339 1635 368; x_wconf 80' lang='lat' dir='ltr'>consideratione</span> <span class='ocrx_word' id='word_1_203' title='bbox 1663 338 1828 376; x_wconf 82' lang='lat' dir='ltr'>perpendat,</span> 
     </span>
     <span class='ocr_line' id='line_1_35' title="bbox 987 385 1829 421; baseline 0.001 -8"><span class='ocrx_word' id='word_1_204' title='bbox 987 385 1061 421; x_wconf 88' lang='lat' dir='ltr'>quod</span> <span class='ocrx_word' id='word_1_205' title='bbox 1083 385 1169 421; x_wconf 87' lang='lat' dir='ltr'>ipsius</span> <span class='ocrx_word' id='word_1_206' title='bbox 1190 385 1261 413; x_wconf 88' lang='lat' dir='ltr'>beati</span> <span class='ocrx_word' id='word_1_207' title='bbox 1283 385 1371 414; x_wconf 87' lang='lat' dir='ltr'>Patris</span> <span class='ocrx_word' id='word_1_208' title='bbox 1398 385 1532 414; x_wconf 86' lang='lat' dir='ltr'>Francisci</span> <span class='ocrx_word' id='word_1_209' title='bbox 1564 386 1728 414; x_wconf 87' lang='lat' dir='ltr'>mirabiliter</span> <span class='ocrx_word' id='word_1_210' title='bbox 1759 386 1829 414; x_wconf 85' lang='lat' dir='ltr'>facta</span> 
     </span>
     <span class='ocr_line' id='line_1_36' title="bbox 987 431 1829 469; baseline 0.001 -9"><span class='ocrx_word' id='word_1_211' title='bbox 987 432 1146 465; x_wconf 83' lang='lat' dir='ltr'>conversio,</span> <span class='ocrx_word' id='word_1_212' title='bbox 1168 431 1289 460; x_wconf 86' lang='lat' dir='ltr'>efficacia</span> <span class='ocrx_word' id='word_1_213' title='bbox 1310 432 1336 460; x_wconf 93' lang='lat' dir='ltr'>in</span> <span class='ocrx_word' id='word_1_214' title='bbox 1352 432 1437 460; x_wconf 88' lang='lat' dir='ltr'>verbo</span> <span class='ocrx_word' id='word_1_215' title='bbox 1451 432 1559 466; x_wconf 90' lang='lat' dir='ltr'>divino,</span> <span class='ocrx_word' id='word_1_216' title='bbox 1575 433 1734 461; x_wconf 84' lang='lat' dir='ltr'>sublimium</span> <span class='ocrx_word' id='word_1_217' title='bbox 1750 440 1829 469; x_wconf 88' lang='lat' dir='ltr'>prae-</span> 
     </span>
     <span class='ocr_line' id='line_1_37' title="bbox 988 478 1829 515; baseline 0.001 -9"><span class='ocrx_word' id='word_1_218' title='bbox 988 478 1111 515; x_wconf 89' lang='lat' dir='ltr'>rogativa</span> <span class='ocrx_word' id='word_1_219' title='bbox 1132 478 1284 513; x_wconf 88' lang='lat' dir='ltr'>virtutum,</span> <span class='ocrx_word' id='word_1_220' title='bbox 1306 478 1467 515; x_wconf 85' lang='lat' dir='ltr'>prophetiae</span> <span class='ocrx_word' id='word_1_221' title='bbox 1495 479 1609 515; x_wconf 87' lang='lat' dir='ltr'>spiritus</span> <span class='ocrx_word' id='word_1_222' title='bbox 1636 487 1698 507; x_wconf 90' lang='lat' dir='ltr'>cum</span> <span class='ocrx_word' id='word_1_223' title='bbox 1732 479 1829 508; x_wconf 90' lang='lat' dir='ltr'>intelli-</span> 
     </span>
     <span class='ocr_line' id='line_1_38' title="bbox 986 524 1830 561; baseline 0.002 -9"><span class='ocrx_word' id='word_1_224' title='bbox 986 525 1077 561; x_wconf 87' lang='lat' dir='ltr'>gentia</span> <span class='ocrx_word' id='word_1_225' title='bbox 1098 524 1323 561; x_wconf 88' lang='lat' dir='ltr'>Scripturarum,</span> <span class='ocrx_word' id='word_1_226' title='bbox 1344 524 1498 553; x_wconf 85' lang='lat' dir='ltr'>obedientia</span> <span class='ocrx_word' id='word_1_227' title='bbox 1512 528 1704 554; x_wconf 88' lang='lat' dir='ltr'>creaturarum</span> <span class='ocrx_word' id='word_1_228' title='bbox 1725 525 1830 554; x_wconf 85' lang='lat' dir='ltr'>ratione</span> 
     </span>
     <span class='ocr_line' id='line_1_39' title="bbox 987 571 1831 608; baseline 0.001 -9"><span class='ocrx_word' id='word_1_229' title='bbox 987 571 1155 605; x_wconf 88' lang='lat' dir='ltr'>carentium,</span> <span class='ocrx_word' id='word_1_230' title='bbox 1177 579 1322 600; x_wconf 89' lang='lat' dir='ltr'>sacrorum</span> <span class='ocrx_word' id='word_1_231' title='bbox 1343 571 1487 608; x_wconf 88' lang='lat' dir='ltr'>impressio</span> <span class='ocrx_word' id='word_1_232' title='bbox 1508 572 1666 608; x_wconf 85' lang='lat' dir='ltr'>stigmatum</span> <span class='ocrx_word' id='word_1_233' title='bbox 1682 574 1710 601; x_wconf 84' lang='lat' dir='ltr'>et</span> <span class='ocrx_word' id='word_1_234' title='bbox 1724 572 1831 601; x_wconf 86' lang='lat' dir='ltr'>celeber</span> 
     </span>
     <span class='ocr_line' id='line_1_40' title="bbox 987 617 1831 655; baseline 0.001 -10"><span class='ocrx_word' id='word_1_235' title='bbox 987 617 1120 645; x_wconf 86' lang='lat' dir='ltr'>transitus</span> <span class='ocrx_word' id='word_1_236' title='bbox 1140 625 1176 646; x_wconf 86' lang='lat' dir='ltr'>ex</span> <span class='ocrx_word' id='word_1_237' title='bbox 1198 617 1250 646; x_wconf 90' lang='lat' dir='ltr'>hoc</span> <span class='ocrx_word' id='word_1_238' title='bbox 1271 617 1374 646; x_wconf 93' lang='lat' dir='ltr'>mundo</span> <span class='ocrx_word' id='word_1_239' title='bbox 1395 617 1429 645; x_wconf 86' lang='lat' dir='ltr'>ad</span> <span class='ocrx_word' id='word_1_240' title='bbox 1460 618 1566 646; x_wconf 88' lang='lat' dir='ltr'>caelum</span> <span class='ocrx_word' id='word_1_241' title='bbox 1596 621 1726 655; x_wconf 87' lang='lat' dir='ltr'>tanquam</span> <span class='ocrx_word' id='word_1_242' title='bbox 1756 618 1831 647; x_wconf 89' lang='lat' dir='ltr'>testi-</span> 
     </span>
     <span class='ocr_line' id='line_1_41' title="bbox 987 664 1831 700; baseline 0.001 -8"><span class='ocrx_word' id='word_1_243' title='bbox 987 664 1079 692; x_wconf 90' lang='lat' dir='ltr'>monia</span> <span class='ocrx_word' id='word_1_244' title='bbox 1099 667 1203 700; x_wconf 86' lang='lat' dir='ltr'>septem</span> <span class='ocrx_word' id='word_1_245' title='bbox 1231 664 1340 693; x_wconf 89' lang='lat' dir='ltr'>saeculo</span> <span class='ocrx_word' id='word_1_246' title='bbox 1371 664 1419 692; x_wconf 90' lang='lat' dir='ltr'>toti</span> <span class='ocrx_word' id='word_1_247' title='bbox 1442 664 1598 693; x_wconf 84' lang='lat' dir='ltr'>luculenter</span> <span class='ocrx_word' id='word_1_248' title='bbox 1629 664 1777 693; x_wconf 86' lang='lat' dir='ltr'>ostendunt</span> <span class='ocrx_word' id='word_1_249' title='bbox 1804 667 1831 693; x_wconf 88' lang='lat' dir='ltr'>et</span> 
     </span>
     <span class='ocr_line' id='line_1_42' title="bbox 986 711 1831 748; baseline 0 -9"><span class='ocrx_word' id='word_1_250' title='bbox 986 713 1130 745; x_wconf 87' lang='lat' dir='ltr'>astruunt,</span> <span class='ocrx_word' id='word_1_251' title='bbox 1151 711 1242 748; x_wconf 87' lang='lat' dir='ltr'>ipsum</span> <span class='ocrx_word' id='word_1_252' title='bbox 1257 711 1333 739; x_wconf 89' lang='lat' dir='ltr'>velut</span> <span class='ocrx_word' id='word_1_253' title='bbox 1347 711 1520 748; x_wconf 88' lang='lat' dir='ltr'>praeclarum</span> <span class='ocrx_word' id='word_1_254' title='bbox 1542 711 1643 739; x_wconf 86' lang='lat' dir='ltr'>Christi</span> <span class='ocrx_word' id='word_1_255' title='bbox 1659 719 1831 748; x_wconf 84' lang='lat' dir='ltr'>praeconem,</span> 
     </span>
     <span class='ocr_line' id='line_1_43' title="bbox 986 756 1831 796; baseline 0 -11"><span class='ocrx_word' id='word_1_256' title='bbox 986 757 1105 794; x_wconf 64' lang='lat' dir='ltr'>azynum</span> <span class='ocrx_word' id='word_1_257' title='bbox 1128 758 1180 786; x_wconf 66' lang='lat' dir='ltr'>Dei</span> <span class='ocrx_word' id='word_1_258' title='bbox 1199 757 1260 786; x_wconf 76' lang='lat' dir='ltr'>vivi</span> <span class='ocrx_word' id='word_1_259' title='bbox 1280 758 1310 786; x_wconf 77' lang='lat' dir='ltr'>in</span> <span class='ocrx_word' id='word_1_260' title='bbox 1331 766 1360 785; x_wconf 78' lang='lat' dir='ltr'>se</span> <span class='ocrx_word' id='word_1_261' title='bbox 1388 758 1450 794; x_wconf 71' lang='lat' dir='ltr'>ipso</span> <span class='ocrx_word' id='word_1_262' title='bbox 1479 756 1626 796; x_wconf 68' lang='lat' dir='ltr'>habentem</span> <span class='ocrx_word' id='word_1_263' title='bbox 1641 757 1663 791; x_wconf 87' lang='lat'>⁵,</span> <span class='ocrx_word' id='word_1_264' title='bbox 1695 760 1722 786; x_wconf 92' lang='lat' dir='ltr'>et</span> <span class='ocrx_word' id='word_1_265' title='bbox 1751 764 1831 786; x_wconf 89' lang='lat' dir='ltr'>vene-</span> 
     </span>
     <span class='ocr_line' id='line_1_44' title="bbox 988 803 1830 833; baseline 0 -2"><span class='ocrx_word' id='word_1_266' title='bbox 988 804 1104 832; x_wconf 83' lang='lat' dir='ltr'>randum</span> <span class='ocrx_word' id='word_1_267' title='bbox 1127 812 1186 833; x_wconf 87' lang='lat' dir='ltr'>esse</span> <span class='ocrx_word' id='word_1_268' title='bbox 1207 804 1297 832; x_wconf 88' lang='lat' dir='ltr'>officio</span> <span class='ocrx_word' id='word_1_269' title='bbox 1312 807 1339 833; x_wconf 92' lang='lat' dir='ltr'>et</span> <span class='ocrx_word' id='word_1_270' title='bbox 1353 804 1476 833; x_wconf 88' lang='lat' dir='ltr'>doctrina</span> <span class='ocrx_word' id='word_1_271' title='bbox 1491 804 1681 833; x_wconf 86' lang='lat' dir='ltr'>authenticum</span> <span class='ocrx_word' id='word_1_272' title='bbox 1697 807 1724 832; x_wconf 88' lang='lat' dir='ltr'>et</span> <span class='ocrx_word' id='word_1_273' title='bbox 1745 803 1830 832; x_wconf 88' lang='lat' dir='ltr'>admi-</span> 
     </span>
     <span class='ocr_line' id='line_1_45' title="bbox 987 849 1830 888; baseline -0.002 -9"><span class='ocrx_word' id='word_1_274' title='bbox 987 850 1101 879; x_wconf 86' lang='lat' dir='ltr'>rabilem</span> <span class='ocrx_word' id='word_1_275' title='bbox 1122 851 1273 879; x_wconf 87' lang='lat' dir='ltr'>sanctitate.</span> <span class='ocrx_word' id='word_1_276' title='bbox 1296 851 1397 879; x_wconf 88' lang='lat' dir='ltr'>Secure</span> <span class='ocrx_word' id='word_1_277' title='bbox 1418 851 1511 888; x_wconf 87' lang='lat' dir='ltr'>itaque</span> <span class='ocrx_word' id='word_1_278' title='bbox 1526 851 1600 879; x_wconf 89' lang='lat' dir='ltr'>hunc</span> <span class='ocrx_word' id='word_1_279' title='bbox 1616 852 1768 887; x_wconf 89' lang='lat' dir='ltr'>sequantur</span> <span class='ocrx_word' id='word_1_280' title='bbox 1783 849 1830 886; x_wconf 89' lang='lat' dir='ltr'>qui</span> 
     </span>
     <span class='ocr_line' id='line_1_46' title="bbox 987 895 1832 935; baseline -0.001 -10"><span class='ocrx_word' id='word_1_281' title='bbox 987 905 1021 925; x_wconf 64' lang='grc' dir='ltr'>επ</span> <span class='ocrx_word' id='word_1_282' title='bbox 1042 898 1171 935; x_wconf 74' lang='lat' dir='ltr'>Aeyypto</span> <span class='ocrx_word' id='word_1_283' title='bbox 1192 901 1309 931; x_wconf 68' lang='lat' dir='ltr'>exeam,</span> <span class='ocrx_word' id='word_1_284' title='bbox 1324 897 1404 934; x_wconf 90' lang='lat' dir='ltr'>quia,</span> <span class='ocrx_word' id='word_1_285' title='bbox 1426 905 1476 934; x_wconf 87' lang='lat' dir='ltr'>per</span> <span class='ocrx_word' id='word_1_286' title='bbox 1497 897 1627 925; x_wconf 87' lang='lat' dir='ltr'>haculum</span> <span class='ocrx_word' id='word_1_287' title='bbox 1642 896 1733 925; x_wconf 85' lang='lat' dir='ltr'>crucis</span> <span class='ocrx_word' id='word_1_288' title='bbox 1753 895 1832 924; x_wconf 88' lang='lat' dir='ltr'>Chri-</span> 
     </span>
     <span class='ocr_line' id='line_1_47' title="bbox 987 942 1832 979; baseline -0.002 -7"><span class='ocrx_word' id='word_1_289' title='bbox 987 944 1020 972; x_wconf 90' lang='lat' dir='ltr'>sti</span> <span class='ocrx_word' id='word_1_290' title='bbox 1046 944 1127 972; x_wconf 80' lang='lat' dir='ltr'>marz&#39;</span> <span class='ocrx_word' id='word_1_291' title='bbox 1147 943 1255 977; x_wconf 67' lang='lat' dir='ltr'>diviso,</span> <span class='ocrx_word' id='word_1_292' title='bbox 1277 944 1391 972; x_wconf 77' lang='lat' dir='ltr'>deserta</span> <span class='ocrx_word' id='word_1_293' title='bbox 1412 943 1594 977; x_wconf 71' lang='lat' dir='ltr'>transibant,</span> <span class='ocrx_word' id='word_1_294' title='bbox 1620 943 1651 971; x_wconf 74' lang='lat' dir='ltr'>in</span> <span class='ocrx_word' id='word_1_295' title='bbox 1675 942 1832 979; x_wconf 76' lang='lat' dir='ltr'>repromis-</span> 
     </span>
     <span class='ocr_line' id='line_1_48' title="bbox 987 989 1832 1024; baseline -0.001 -6"><span class='ocrx_word' id='word_1_296' title='bbox 987 998 1052 1018; x_wconf 83' lang='lat' dir='ltr'>sam</span> <span class='ocrx_word' id='word_1_297' title='bbox 1073 990 1231 1018; x_wconf 73' lang='lat' dir='ltr'>vivencium</span> <span class='ocrx_word' id='word_1_298' title='bbox 1253 994 1364 1018; x_wconf 82' lang='lat' dir='ltr'>terram</span> <span class='ocrx_word' id='word_1_299' title='bbox 1375 990 1397 1024; x_wconf 75' lang='lat'>⁶,</span> <span class='ocrx_word' id='word_1_300' title='bbox 1416 990 1529 1018; x_wconf 89' lang='lat' dir='ltr'>Iordane</span> <span class='ocrx_word' id='word_1_301' title='bbox 1550 989 1723 1018; x_wconf 86' lang='lat' dir='ltr'>mortalitatis</span> <span class='ocrx_word' id='word_1_302' title='bbox 1744 992 1832 1017; x_wconf 89' lang='lat' dir='ltr'>trans-</span> 
     </span>
     <span class='ocr_line' id='line_1_49' title="bbox 987 1036 1833 1074; baseline -0.001 -9"><span class='ocrx_word' id='word_1_303' title='bbox 987 1037 1084 1071; x_wconf 86' lang='lat' dir='ltr'>misso,</span> <span class='ocrx_word' id='word_1_304' title='bbox 1099 1044 1149 1074; x_wconf 92' lang='lat' dir='ltr'>per</span> <span class='ocrx_word' id='word_1_305' title='bbox 1170 1037 1257 1074; x_wconf 88' lang='lat' dir='ltr'>ipsius</span> <span class='ocrx_word' id='word_1_306' title='bbox 1277 1037 1369 1065; x_wconf 89' lang='lat' dir='ltr'>crucis</span> <span class='ocrx_word' id='word_1_307' title='bbox 1382 1036 1537 1065; x_wconf 87' lang='lat' dir='ltr'>mirandam</span> <span class='ocrx_word' id='word_1_308' title='bbox 1558 1036 1706 1073; x_wconf 87' lang='lat' dir='ltr'>potentiam</span> <span class='ocrx_word' id='word_1_309' title='bbox 1728 1036 1833 1072; x_wconf 87' lang='lat' dir='ltr'>ingres-</span> 
     </span>
     <span class='ocr_line' id='line_1_50' title="bbox 988 1082 1834 1121; baseline -0.002 -9"><span class='ocrx_word' id='word_1_310' title='bbox 988 1083 1063 1117; x_wconf 90' lang='lat' dir='ltr'>suri,</span> <span class='ocrx_word' id='word_1_311' title='bbox 1092 1092 1148 1121; x_wconf 91' lang='lat' dir='ltr'>quo</span> <span class='ocrx_word' id='word_1_312' title='bbox 1179 1091 1228 1112; x_wconf 89' lang='lat' dir='ltr'>nos</span> <span class='ocrx_word' id='word_1_313' title='bbox 1249 1083 1406 1112; x_wconf 87' lang='lat' dir='ltr'>introducat</span> <span class='ocrx_word' id='word_1_314' title='bbox 1427 1091 1476 1120; x_wconf 92' lang='lat' dir='ltr'>per</span> <span class='ocrx_word' id='word_1_315' title='bbox 1503 1083 1572 1112; x_wconf 90' lang='lat' dir='ltr'>beati</span> <span class='ocrx_word' id='word_1_316' title='bbox 1596 1082 1682 1111; x_wconf 88' lang='lat' dir='ltr'>Patris</span> <span class='ocrx_word' id='word_1_317' title='bbox 1703 1082 1834 1119; x_wconf 85' lang='lat' dir='ltr'>suffragia</span> 
     </span>
     <span class='ocr_line' id='line_1_51' title="bbox 988 1129 1834 1167; baseline -0.002 -8"><span class='ocrx_word' id='word_1_318' title='bbox 988 1130 1108 1167; x_wconf 90' lang='lat' dir='ltr'>inclytus</span> <span class='ocrx_word' id='word_1_319' title='bbox 1129 1130 1174 1158; x_wconf 89' lang='lat' dir='ltr'>ille</span> <span class='ocrx_word' id='word_1_320' title='bbox 1195 1130 1319 1158; x_wconf 89' lang='lat' dir='ltr'>Salvator</span> <span class='ocrx_word' id='word_1_321' title='bbox 1341 1132 1368 1158; x_wconf 87' lang='lat' dir='ltr'>et</span> <span class='ocrx_word' id='word_1_322' title='bbox 1381 1129 1480 1158; x_wconf 90' lang='lat' dir='ltr'>ductor</span> <span class='ocrx_word' id='word_1_323' title='bbox 1496 1130 1585 1163; x_wconf 89' lang='lat' dir='ltr'>lesus,</span> <span class='ocrx_word' id='word_1_324' title='bbox 1607 1129 1652 1158; x_wconf 89' lang='lat' dir='ltr'>cui</span> <span class='ocrx_word' id='word_1_325' title='bbox 1673 1136 1736 1157; x_wconf 88' lang='lat' dir='ltr'>cum</span> <span class='ocrx_word' id='word_1_326' title='bbox 1756 1129 1834 1157; x_wconf 87' lang='lat' dir='ltr'>Patre</span> 
     </span>
     <span class='ocr_line' id='line_1_52' title="bbox 989 1175 1833 1214; baseline -0.002 -8"><span class='ocrx_word' id='word_1_327' title='bbox 989 1180 1015 1207; x_wconf 90' lang='lat' dir='ltr'>et</span> <span class='ocrx_word' id='word_1_328' title='bbox 1036 1177 1141 1214; x_wconf 87' lang='lat' dir='ltr'>Spiritu</span> <span class='ocrx_word' id='word_1_329' title='bbox 1162 1179 1256 1205; x_wconf 89' lang='lat' dir='ltr'>sancto</span> <span class='ocrx_word' id='word_1_330' title='bbox 1276 1176 1304 1205; x_wconf 91' lang='lat' dir='ltr'>in</span> <span class='ocrx_word' id='word_1_331' title='bbox 1322 1176 1455 1205; x_wconf 89' lang='lat' dir='ltr'>Trinitate</span> <span class='ocrx_word' id='word_1_332' title='bbox 1470 1175 1591 1213; x_wconf 85' lang='lat' dir='ltr'>perfecta</span> <span class='ocrx_word' id='word_1_333' title='bbox 1605 1175 1694 1204; x_wconf 88' lang='lat' dir='ltr'>omnis</span> <span class='ocrx_word' id='word_1_334' title='bbox 1708 1175 1743 1204; x_wconf 92' lang='lat' dir='ltr'>sit</span> <span class='ocrx_word' id='word_1_335' title='bbox 1764 1175 1833 1210; x_wconf 82' lang='lat' dir='ltr'>laus,</span> 
     </span>
     <span class='ocr_line' id='line_1_53' title="bbox 989 1222 1758 1261; baseline -0.004 -8"><span class='ocrx_word' id='word_1_336' title='bbox 989 1224 1078 1253; x_wconf 90' lang='lat' dir='ltr'>honor</span> <span class='ocrx_word' id='word_1_337' title='bbox 1099 1227 1126 1253; x_wconf 88' lang='lat' dir='ltr'>et</span> <span class='ocrx_word' id='word_1_338' title='bbox 1147 1223 1234 1261; x_wconf 84' lang='lat' dir='ltr'>gloria</span> <span class='ocrx_word' id='word_1_339' title='bbox 1254 1223 1282 1252; x_wconf 90' lang='lat' dir='ltr'>in</span> <span class='ocrx_word' id='word_1_340' title='bbox 1303 1223 1413 1252; x_wconf 89' lang='lat' dir='ltr'>saecula</span> <span class='ocrx_word' id='word_1_341' title='bbox 1434 1222 1617 1252; x_wconf 88' lang='lat' dir='ltr'>saeculorum.</span> <span class='ocrx_word' id='word_1_342' title='bbox 1640 1222 1722 1251; x_wconf 88' lang='lat' dir='ltr'>Amen</span> <span class='ocrx_word' id='word_1_343' title='bbox 1738 1222 1758 1250; x_wconf 87' lang='lat'>⁷.</span> 
     </span>
    </p>
   </div>
   <div class='ocr_carea' id='block_1_15' title="bbox 1103 1316 1724 1346">
    <p class='ocr_par' dir='ltr' id='par_1_20' title="bbox 1103 1316 1724 1346">
     <span class='ocr_line' id='line_1_54' title="bbox 1103 1316 1724 1346; baseline -0.003 -1"><span class='ocrx_word' id='word_1_344' title='bbox 1103 1318 1229 1346; x_wconf 77' lang='lat' dir='ltr'>Expmcu·</span> <span class='ocrx_word' id='word_1_345' title='bbox 1250 1317 1341 1346; x_wconf 74' lang='lat' dir='ltr'>Mmou</span> <span class='ocrx_word' id='word_1_346' title='bbox 1362 1317 1431 1346; x_wconf 70' lang='lat' dir='ltr'>Vim</span> <span class='ocrx_word' id='word_1_347' title='bbox 1452 1324 1550 1345; x_wconf 61' lang='lat' dir='ltr'>saum-1</span> <span class='ocrx_word' id='word_1_348' title='bbox 1571 1316 1724 1344; x_wconf 73' lang='lat' dir='ltr'>FaANclsm.</span> 
     </span>
    </p>
   </div>
   <div class='ocr_carea' id='block_1_16' title="bbox 990 1508 1835 1694">
    <p class='ocr_par' dir='ltr' id='par_1_21' title="bbox 990 1508 1835 1579">
     <span class='ocr_line' id='line_1_55' title="bbox 1051 1508 1835 1538; baseline -0.004 -5"><span class='ocrx_word' id='word_1_349' title='bbox 1051 1509 1062 1523; x_wconf 61' lang='grc' dir='ltr'><strong>Β</strong></span> <span class='ocrx_word' id='word_1_350' title='bbox 1078 1510 1240 1538; x_wconf 84' lang='lat' dir='ltr'>Respiciuntur</span> <span class='ocrx_word' id='word_1_351' title='bbox 1256 1509 1327 1532; x_wconf 82' lang='lat' dir='ltr'>Exod.</span> <span class='ocrx_word' id='word_1_352' title='bbox 1345 1508 1387 1536; x_wconf 70' lang='grc'>14,</span> <span class='ocrx_word' id='word_1_353' title='bbox 1399 1509 1437 1531; x_wconf 80' lang='lat'>22.</span> <span class='ocrx_word' id='word_1_354' title='bbox 1453 1514 1514 1537; x_wconf 82' lang='lat' dir='ltr'>seq.;</span> <span class='ocrx_word' id='word_1_355' title='bbox 1533 1509 1597 1531; x_wconf 84' lang='lat' dir='ltr'>losue</span> <span class='ocrx_word' id='word_1_356' title='bbox 1613 1514 1634 1531; x_wconf 92' lang='lat' dir='ltr'>c.</span> <span class='ocrx_word' id='word_1_357' title='bbox 1652 1508 1678 1537; x_wconf 79' lang='lat' dir='ltr'>l,</span> <span class='ocrx_word' id='word_1_358' title='bbox 1695 1508 1718 1530; x_wconf 81' lang='lat'>2.</span> <span class='ocrx_word' id='word_1_359' title='bbox 1736 1510 1759 1530; x_wconf 87' lang='lat' dir='ltr'>et</span> <span class='ocrx_word' id='word_1_360' title='bbox 1775 1508 1801 1535; x_wconf 87' lang='lat'>3,</span> <span class='ocrx_word' id='word_1_361' title='bbox 1815 1508 1835 1531; x_wconf 76' lang='lat' dir='ltr'>t.</span> 
     </span>
     <span class='ocr_line' id='line_1_56' title="bbox 990 1548 1237 1579; baseline -0.008 -7"><span class='ocrx_word' id='word_1_362' title='bbox 990 1555 1069 1579; x_wconf 81' lang='lat' dir='ltr'>seqq.;</span> <span class='ocrx_word' id='word_1_363' title='bbox 1085 1549 1122 1572; x_wconf 66' lang='grc' dir='ltr'>ΡΞ.</span> <span class='ocrx_word' id='word_1_364' title='bbox 1140 1548 1180 1571; x_wconf 75' lang='grc'>441</span> <span class='ocrx_word' id='word_1_365' title='bbox 1192 1566 1198 1576; x_wconf 83' lang='grc'>,</span> <span class='ocrx_word' id='word_1_366' title='bbox 1216 1548 1237 1571; x_wconf 89' lang='grc'>6.</span> 
     </span>
    </p>

    <p class='ocr_par' dir='ltr' id='par_1_22' title="bbox 992 1585 1835 1694">
     <span class='ocr_line' id='line_1_57' title="bbox 1054 1585 1833 1616; baseline -0.004 -5"><span class='ocrx_word' id='word_1_367' title='bbox 1054 1587 1063 1601; x_wconf 87' lang='lat'>&#39;¹</span> <span class='ocrx_word' id='word_1_368' title='bbox 1080 1587 1136 1611; x_wconf 89' lang='lat' dir='ltr'>Cod.</span> <span class='ocrx_word' id='word_1_369' title='bbox 1154 1587 1172 1610; x_wconf 87' lang='lat' dir='ltr'>A</span> <span class='ocrx_word' id='word_1_370' title='bbox 1188 1593 1232 1616; x_wconf 91' lang='lat' dir='ltr'>pro</span> <span class='ocrx_word' id='word_1_371' title='bbox 1248 1586 1405 1610; x_wconf 78' lang='lat' dir='ltr'>translatione</span> <span class='ocrx_word' id='word_1_372' title='bbox 1427 1585 1534 1616; x_wconf 83' lang='lat' dir='ltr'>corporis</span> <span class='ocrx_word' id='word_1_373' title='bbox 1557 1585 1584 1609; x_wconf 93' lang='lat' dir='ltr'>S.</span> <span class='ocrx_word' id='word_1_374' title='bbox 1600 1585 1726 1609; x_wconf 73' lang='lat' dir='ltr'>Franciscz&#39;</span> <span class='ocrx_word' id='word_1_375' title='bbox 1746 1588 1768 1608; x_wconf 89' lang='lat' dir='ltr'>et</span> <span class='ocrx_word' id='word_1_376' title='bbox 1790 1591 1833 1613; x_wconf 85' lang='lat' dir='ltr'>pro</span> 
     </span>
     <span class='ocr_line' id='line_1_58' title="bbox 992 1624 1835 1654; baseline -0.006 -3"><span class='ocrx_word' id='word_1_377' title='bbox 992 1628 1075 1651; x_wconf 78' lang='lat' dir='ltr'>octava</span> <span class='ocrx_word' id='word_1_378' title='bbox 1086 1626 1122 1650; x_wconf 79' lang='lat' dir='ltr'>die</span> <span class='ocrx_word' id='word_1_379' title='bbox 1139 1626 1244 1654; x_wconf 84' lang='lat' dir='ltr'>adiungit</span> <span class='ocrx_word' id='word_1_380' title='bbox 1259 1631 1346 1648; x_wconf 88' lang='lat' dir='ltr'>novem</span> <span class='ocrx_word' id='word_1_381' title='bbox 1357 1625 1475 1654; x_wconf 85' lang='lat' dir='ltr'>lectiones,</span> <span class='ocrx_word' id='word_1_382' title='bbox 1487 1630 1548 1654; x_wconf 86' lang='lat' dir='ltr'>quae</span> <span class='ocrx_word' id='word_1_383' title='bbox 1559 1624 1740 1652; x_wconf 82' lang='lat' dir='ltr'>correspondent</span> <span class='ocrx_word' id='word_1_384' title='bbox 1756 1630 1835 1647; x_wconf 85' lang='lat' dir='ltr'>nume-</span> 
     </span>
     <span class='ocr_line' id='line_1_59' title="bbox 992 1662 1782 1694; baseline -0.005 -5"><span class='ocrx_word' id='word_1_385' title='bbox 992 1667 1024 1689; x_wconf 91' lang='lat' dir='ltr'>ris</span> <span class='ocrx_word' id='word_1_386' title='bbox 1041 1672 1061 1689; x_wconf 91' lang='lat' dir='ltr'>c.</span> <span class='ocrx_word' id='word_1_387' title='bbox 1081 1666 1117 1689; x_wconf 74' lang='lat'>45.</span> <span class='ocrx_word' id='word_1_388' title='bbox 1135 1665 1257 1694; x_wconf 80' lang='lat' dir='ltr'>Legendae</span> <span class='ocrx_word' id='word_1_389' title='bbox 1274 1664 1380 1692; x_wconf 73' lang='lat' dir='ltr'>maioris,</span> <span class='ocrx_word' id='word_1_390' title='bbox 1398 1665 1438 1687; x_wconf 83' lang='lat' dir='ltr'>csr.</span> <span class='ocrx_word' id='word_1_391' title='bbox 1455 1670 1526 1692; x_wconf 86' lang='lat' dir='ltr'>supra</span> <span class='ocrx_word' id='word_1_392' title='bbox 1543 1669 1597 1692; x_wconf 82' lang='lat' dir='ltr'>pag.</span> <span class='ocrx_word' id='word_1_393' title='bbox 1613 1663 1672 1692; x_wconf 74' lang='lat'>547,</span> <span class='ocrx_word' id='word_1_394' title='bbox 1689 1665 1742 1685; x_wconf 86' lang='lat' dir='ltr'>nota</span> <span class='ocrx_word' id='word_1_395' title='bbox 1761 1662 1782 1685; x_wconf 76' lang='lat'>4.</span> 
     </span>
    </p>
   </div>
  </div>
 </body>
</html>
