2133 3317
0 1143 92 1164 imitas

0 1171 98 1187 noveran-

18 1190 60 1210 tine.

437 212 633 242 OPUSCULUM
653 213 695 241 VI.
716 213 760 242 DE
783 213 1004 244 PERFECTIONE
1025 214 1122 243 VITAE
1143 215 1186 244 AD
1208 215 1365 245 SORORES.
1387 215 1457 245 CAP.
1477 216 1541 245 Vnt.

117 290 253 319 Christus.
267 290 411 327 Quomodo
423 299 458 319 ex
472 293 533 318 tota
547 289 672 319 anima?
692 290 760 319 Audi
782 290 893 320 beatum
908 292 962 320 Au-

116 336 259 374 gustinum
272 338 282 354 ¹
302 336 445 366 docentem
467 339 513 365 te:
539 348 553 362 α
569 337 613 365 Ex
634 340 710 371 tota,
731 336 837 373 inquit,
858 337 962 366 anima

117 383 210 412 Deum
230 383 351 420 diliyere
370 386 413 412 est
433 383 525 420 ipsum
545 382 660 420 diligere
680 390 717 412 ex
739 385 796 411 tota
822 383 962 413 voluntate

117 429 176 459 sine
196 429 391 459 contrarietate
405 441 432 458 n.
454 430 535 458 Certe
555 432 622 458 tunc
643 437 680 459 ex
701 432 758 458 tota
778 429 871 458 anima
901 429 962 458 dili—

116 476 173 514 gis,
195 476 306 513 quando
336 484 391 505 non
422 476 498 513 quod
527 479 559 505 tu
590 476 648 511 vis,
669 484 724 505 nou
745 475 819 513 quod
841 476 962 505 mundus

116 522 252 557 consulit,
273 530 328 551 11011
348 522 424 559 quod
444 530 510 552 caro
537 523 678 559 suggerit,
706 522 754 551 sed
774 522 848 560 quod
869 522 962 551 Domi-

115 577 184 598 num
205 569 294 598 Deum
326 572 406 598 tuum
437 569 490 598 scis
511 569 581 598 velle
608 569 667 598 sine
694 569 909 598 contradictione
930 569 962 597 11-

115 615 213 645 benter
243 616 318 645 facis.
347 616 427 645 Certe
456 619 522 645 tunc
543 616 631 645 Deum
653 624 690 645 ex
712 619 768 644 tota
788 616 880 644 anima
900 616 962 644 dili-

115 662 172 699 gis,
194 662 306 699 quaudo
332 670 384 699 pro
404 670 499 692 amore
520 663 581 691 Iesu
602 662 704 691 Christi
725 662 845 691 animam
867 665 960 696 tuam,

115 708 139 737 si
159 716 271 743 11808558
290 709 392 744 fuerit,
412 710 495 738 morti
523 709 641 738 libenter
671 709 796 746 exponis.
819 709 846 738 Si
867 712 960 738 autem

1809 219 1863 248 125

1019 292 1046 320 111
1067 292 1161 329 aliquo
1180 293 1298 322 istorum
1319 294 1460 331 negligens
1480 293 1583 328 fueris,
1604 293 1658 323 iam
1679 302 1735 323 non
1755 302 1791 323 ex
1808 297 1863 324 tota

1018 338 1111 366 anima
1130 338 1229 375 diligis.
1250 339 1338 376 Dilige
1358 347 1424 377 ergo
1445 339 1593 369 Dominum
1614 340 1703 369 Deum
1725 343 1807 369 tuum
1827 349 1865 370 ex

1018 387 1075 413 tota
1095 385 1188 414 anima
1209 389 1272 420 tua,
1294 385 1321 414 id
1341 389 1392 420 est,
1413 387 1577 415 0011101111112
1598 387 1768 416 voluntatem
1788 390 1864 417 tuam

1019 431 1152 459 voluntati
1173 431 1282 461 divinae
1302 432 1330 461 in
1351 433 1489 462 omnihus.

1097 478 1123 506 [1.
1139 478 1196 506 Νο11
1211 481 1304 507 autem
1319 479 1409 508 solum
1424 488 1461 508 ex
1475 483 1532 509 toto
1546 480 1637 514 corde,
1652 488 1706 509 non
1722 481 1811 510 solum
1825 489 1863 510 ex
1875 487 1928 510 uem.
1938 492 1961 507 ex
1971 490 2010 508 tota

1019 526 1075 552 tota
1095 524 1201 558 anima,
1222 524 1271 554 sed
1291 525 1373 554 etiam
1394 534 1429 554 ex
1450 530 1510 555 tota
1525 531 1615 556 mente
1628 527 1711 564 dilige
1725 528 1862 564 Sponsum
1906 513 1977 531 mm

1018 572 1098 598 tuum
1130 570 1278 599 Dominum
1310 571 1408 600 lesum.
1440 572 1581 609 Quomodo
1605 582 1640 602 ex
1660 577 1720 602 tota
1746 573 1865 603 mente?

1019 616 1086 645 Audi
1108 616 1210 645 iterum
1225 617 1336 646 beatum
1351 619 1534 655 Augustinum
1547 620 1556 633 ⁸
1573 623 1599 649 te
1612 620 1771 650 docentem:
1793 632 1807 646 α
1821 621 1863 650 Ex

1018 666 1091 697 tota,
1114 663 1220 700 iuquit,
1240 668 1332 692 memte
1355 665 1445 694 Deum
1467 665 1587 704 diligere
1607 670 1648 696 est
1665 667 1778 704 diligere
1798 675 1862 697 eum

1017 717 1054 738 ex
1075 709 1149 738 omni
1170 710 1305 739 memoria
1325 711 1384 740 sine
1405 711 1541 741 oblivione
1555 724 1582 741 n.

860 843 1022 872 Capu-unum
1043 843 1106 872 Vlll.

790 965 829 994 De
848 964 936 1002 sinuli
950 965 1181 1003 perseverantia.

195 1089 219 1116 1.
241 1088 388 1125 Postquam
410 1087 533 1116 omnium
555 1087 691 1116 virtutum
711 1087 775 1124 quis
788 1087 905 1124 adeptus
919 1090 961 1116 est

114 1134 297 1172 principium,
328 1133 450 1162 nondum
472 1136 564 1162 tamen
586 1133 613 1162 in
635 1136 784 1170 conspectu
807 1133 853 1162 Dei
876 1142 960 1171 appa-

114 1184 157 1210 ret
178 1181 330 1218 gloriosus,
352 1180 403 1209 nisi
425 1180 561 1209 virtutum
576 1180 797 1209 consummatrix
811 1180 882 1209 adsit
896 1189 960 1218 per-

113 1227 282 1262 severantia,
304 1227 369 1264 quia
389 1227 484 1255 nullus
505 1227 617 1255 omuino
637 1227 779 1261 mortalis,
809 1230 960 1264 quantum-

113 1282 233 1312 cumque
253 1273 407 1311 perfectus,
430 1273 584 1302 laudandus
604 1276 646 1302 est
667 1273 693 1302 in
722 1273 778 1302 vita
810 1281 876 1307 sua,
906 1274 957 1303 nisi

113 1322 192 1359 prius
207 1322 259 1350 hoc
272 1321 376 1349 bonum
387 1343 394 1354 ,
416 1320 490 1357 quod
512 1320 667 1354 inchoavit,
686 1320 758 1349 bono
772 1323 799 1349 et
813 1320 891 1349 felice
905 1321 959 1350 fine

112 1368 266 1397 concludat.
283 1368 329 1396 Est
346 1368 419 1396 enim
440 1367 647 1404 perseverantia
667 1367 730 1396 finis
750 1370 778 1396 et
803 1379 816 1392 «
831 1375 959 1396 consum-

113 1415 217 1444 matrix
240 1414 385 1449 virtutum,
407 1414 507 1443 nutrix
527 1414 561 1442 ad
582 1414 729 1448 meritum,
748 1414 897 1443 mediatrix
925 1415 959 1443 ad

112 1461 291 1499 praemium*
305 1473 331 1489 n.
353 1460 429 1489 Unde
451 1460 548 1489 beatus
570 1460 727 1489 Bernardus
746 1460 830 1489 dicit:
854 1471 869 1486 α
884 1460 958 1489 Tolle

112 1507 363 1545 perseverantiam,
384 1515 435 1536 nec
455 1507 621 1544 obsequium
643 1514 693 1536 nec
714 1506 879 1535 beneficium
893 1515 957 1544 gra-

112 1554 191 1589 tiam,
206 1562 257 1583 nec
271 1554 379 1582 laudem
400 1553 534 1582 fortitudo
551 1553 742 1590 praestabit».
765 1553 865 1582 Parum
884 1554 957 1582 enim

111 1601 231 1636 valeret,
253 1601 393 1630 hominem
413 1600 498 1629 fuisse
519 1600 695 1637 religiosum,
710 1600 794 1629 fuisse
809 1600 957 1637 patientem

112 1651 141 1677 et
161 1648 310 1682 humilem,
332 1647 417 1676 fuisse
438 1647 570 1676 devotum
591 1650 618 1675 et
639 1647 840 1681 continentem,
869 1647 958 1676 Deum

111 1694 242 1724 dilexisse
262 1697 290 1723 et
310 1697 417 1723 ceteras
442 1694 560 1723 virtutes
591 1693 736 1728 habuisse,
768 1694 820 1722 nisi
851 1694 959 1723 adesset

112 1741 326 1779 perseverantia.
359 1741 427 1770 Cum
460 1741 532 1769 enim
563 1748 660 1769 omnes
687 1741 805 1769 virtutes
825 1744 957 1775 currant,

113 1788 171 1818 sola
190 1788 396 1825 perseverantia
417 1787 525 1824 accipit
545 1787 723 1821 bravium⁵;
744 1787 810 1824 quia
834 1795 888 1815 non
913 1787 958 1816 ille

111 1835 160 1872 qui
176 1834 292 1871 incepit,
313 1834 361 1863 sed
375 1834 428 1872 qui
445 1834 676 1871 perseveraverit
688 1834 790 1862 salvus
803 1834 867 1862 eric.
882 1834 958 1863 Unde

111 1881 225 1910 loannes
245 1881 459 1918 Chrysostomus
473 1880 538 1909 dicit
551 1891 557 1908 :
581 1891 595 1906 α
610 1880 685 1917 Quae
699 1880 805 1909 utilitas
819 1880 957 1909 seminum

111 1928 270 1957 florentium
292 1930 319 1956 et
340 1930 435 1964 postea
448 1927 648 1956 tabescentium
663 1929 694 1955 »Ἰ
713 1927 791 1964 quasi
807 1927 895 1956 dicat:
910 1934 958 1964 pe-

111 1975 188 2004 nitus
208 1974 292 2004 nulla.

175 2139 184 2152 ¹
203 2140 275 2162 Serm.
297 2140 347 2161 108.
365 2140 387 2161 111
404 2139 537 2168 Appendice
555 2139 619 2166 (alias
636 2139 672 2161 53.
686 2139 714 2162 de
727 2140 865 2167 Tempore),
877 2139 916 2162 lib.
928 2139 958 2162 de

113 2178 198 2207 Spiritu
215 2181 237 2201 et
253 2179 329 2201 anima
348 2178 415 2207 (inter
432 2184 501 2206 opera
520 2178 640 2208 August),
658 2184 677 2201 e.
691 2178 734 2205 35,
746 2178 785 2200 lib.
796 2178 825 2201 de
837 2179 958 2206 Diligendo

112 2218 161 2241 Deo
179 2218 246 2247 (inter
257 2224 327 2246 opera
340 2218 459 2247 August.),
472 2223 492 2240 c.
505 2219 531 2245 2,
542 2217 614 2240 verba
627 2217 718 2240 Domini
731 2217 818 2247 Diliqes
830 2217 958 2241 Dominum

112 2257 188 2280 Deum
204 2258 273 2280 tuum
289 2263 320 2279 ecc
337 2258 383 2280 toto
400 2256 482 2285 corde,
499 2263 530 2280 ear
547 2258 595 2280 tota
605 2256 701 2285 anima,
717 2263 747 2280 esc
759 2258 808 2280 tota
819 2257 895 2280 mente
907 2257 959 2279 sim-

112 2295 200 2323 pliciter
217 2295 246 2317 ita
263 2298 421 2323 exponuntur:
438 2295 461 2317 id
478 2297 512 2317 est
529 2301 556 2317 ex
573 2298 620 2317 toto
633 2295 746 2317 intellectu
759 2298 811 2322 tuo,
823 2301 850 2317 ex
862 2298 907 2318 tota
920 2301 958 2317 vo-

112 2335 198 2358 luntate
215 2338 265 2362 tua,
283 2341 309 2357 ex
327 2337 372 2356 tota
390 2334 501 2356 memoria
519 2337 570 2361 tua,
588 2340 614 2356 ea
632 2340 700 2361 vero,
718 2340 778 2363 quae
795 2334 848 2357 huie
871 2335 959 2362 exposi-

113 2374 168 2396 tioni
185 2373 355 2401 adiunguntur,
377 2373 423 2395 scil.
446 2372 496 2395 sine
517 2378 612 2400 errore,
634 2372 685 2395 sine
707 2373 885 2401 contrarietate,
908 2372 959 2396 sine

112 2411 239 2440 nolit-ione,
256 2411 348 2434 exhibet
364 2412 480 2434 innocent.
496 2412 540 2438 lll.,
558 2412 632 2434 Serm.
649 2411 672 2433 5.
689 2412 710 2433 111
728 2411 850 2434 Communi
867 2412 896 2434 de
912 2418 958 2434 uno

113 2455 220 2479 martyre.
238 2451 297 2473 Vide
313 2456 374 2479 quae
391 2450 490 2473 diximus
507 2454 561 2472 tom.
580 2451 594 2472 1.
607 2456 662 2478 pag.
674 2451 715 2478 81,
727 2453 779 2473 nota
791 2451 813 2473 8.
824 2454 913 2473 0110111.
926 2451 959 2473 111.

115 2495 169 2518 pag.
187 2490 245 2516 613,
262 2492 315 2511 nota
332 2489 355 2511 7.

180 2527 189 2541 ²
205 2529 235 2551 lta
252 2527 333 2555 BCF,
351 2528 402 2550 Vat.
419 2529 441 2551 ei
457 2527 588 2557 conforma.

175 2566 185 2579 ³
202 2566 246 2589 Csr.
267 2573 338 2595 supra
360 2569 413 2589 nota
436 2567 457 2589 t.
479 2579 510 2583 —
533 2567 644 2594 Superius
666 2573 692 2589 cx
709 2566 776 2589 BCF
798 2566 959 2595 supplevimus

113 2605 168 2629 Non
183 2605 263 2629 solum
279 2607 359 2629 autem
376 2612 406 2629 επ
428 2607 475 2629 tolo
497 2605 579 2633 corde,
596 2608 619 2628 et
635 2605 734 2628 subinde
752 2605 822 2635 dzllqe
839 2606 959 2635 Sponsum

114 2646 183 2668 tuum
202 2644 328 2667 Dominum
346 2645 430 2667 lesum.
449 2644 571 2672 Quomodo
588 2650 618 2667 er
635 2646 683 2667 tota
700 2646 793 2667 mente?

175 2682 186 2695 ⁴
203 2683 327 2710 Berna1·d.,
342 2683 413 2711 Epist.
431 2684 484 2706 lizi).
501 2690 522 2705 n.
540 2684 561 2705 2.
580 2684 610 2706 Ex
627 2683 694 2706 BCF
706 2684 767 2706 hunc
779 2684 856 2706 locum
867 2684 960 2712 supple-

114 2723 200 2745 vimus.
216 2723 268 2744 Loc.
285 2723 323 2744 cit.
340 2721 437 2744 liabetur
453 2723 522 2745 etiam
540 2728 589 2751 seq.
606 2723 717 2744 sententia
735 2722 856 2750 Bernardi,
873 2723 895 2744 in
913 2729 958 2751 qua

115 2764 188 2784 textus
204 2761 322 2789 originalis
340 2763 391 2789 post
407 2760 543 2790 obseqm'um
559 2761 624 2784 addit
640 2760 769 2784 mercedem
781 2760 861 2788 habet,
873 2761 959 2784 omisso

114 2800 214 2823 subinde
228 2799 374 2830 praestabit;
392 2800 442 2822 Vat.
459 2803 538 2822 contra
556 2800 598 2822 DF
615 2803 637 2822 et
655 2803 739 2822 textum
757 2800 891 2827 originalem
908 2800 958 2822 voci

115 2839 220 2869 qratiam
236 2839 342 2867 praefigit
358 2845 413 2867 nec,
431 2845 492 2867 quae
509 2839 576 2861 etiam
596 2839 689 2861 inferius
707 2845 748 2866 pro
766 2840 786 2861 et
803 2840 892 2862 celeras
914 2838 959 2862 vir-

115 2879 174 2901 tutes
193 2877 230 2905 (ita
248 2877 301 2906 BC)
320 2877 388 2900 habet
405 2879 427 2900 et
442 2877 542 2901 caelicas
559 2877 665 2901 riv-tutes.

177 2916 187 2928 ⁵
204 2916 333 2944 ltespi‹:itur
351 2917 364 2939 1.
376 2916 427 2939 Cor.
441 2917 454 2938 9
463 2935 468 2945 ,
480 2916 518 2939 24.
529 2929 560 2934 —-
572 2917 679 2945 Sequitur
692 2917 767 2939 Mattli.
784 2917 821 2944 10,
834 2918 877 2944 22,
888 2924 958 2946 quem

115 2955 191 2978 locum
208 2962 324 2983 exponens
340 2956 470 2983 chrysost,
488 2956 570 2978 11011111.
585 2956 622 2978 33.
641 2955 706 2984 (alias
723 2955 769 2984 34.)
788 2962 810 2978 n.
828 2955 855 2983 5,
872 2957 959 2984 profert

114 2995 247 3017 sententiam
265 3000 318 3017 mox
334 2995 433 3016 allatam.

1095 1089 1122 1116 Ξ.
1144 1088 1171 1116 Si
1192 1087 1292 1125 igitur,
1315 1088 1416 1117 Christi
1438 1089 1516 1126 virgo
1536 1089 1729 1125 dilectissima,
1755 1091 1862 1128 aliquas
1879 1099 1993 1119 samonum.

1016 1134 1153 1163 honorum
1175 1142 1292 1171 operum
1314 1135 1400 1164 habes
1419 1135 1554 1170 virtutes,
1576 1136 1660 1165 immo
1681 1137 1747 1174 quia
1761 1138 1862 1166 multas

1017 1181 1102 1210 habes
1123 1181 1256 1216 virtutes;
1279 1182 1306 1210 in
1328 1182 1372 1211 his
1393 1190 1556 1219 persevera,
1578 1183 1606 1211 in
1628 1183 1671 1212 1115
1692 1184 1811 1220 profice,
1834 1185 1862 1213 in

1016 1227 1060 1255 his
1080 1235 1170 1264 usque
1191 1228 1224 1256 ad
1247 1231 1365 1257 mortem
1387 1228 1504 1257 viriliter
1525 1237 1575 1266 age
1596 1229 1697 1258 Christi
1720 1230 1861 1264 militiam,

1016 1276 1048 1302 ut
1068 1281 1132 1302 cum
1154 1276 1282 1302 extrema
1302 1274 1360 1303 dies
1385 1275 1504 1312 finisque
1526 1275 1598 1304 vitae
1619 1278 1682 1304 tuae
1703 1276 1861 1311 advenerit,

1016 1328 1067 1357 pro
1088 1320 1223 1357 stipendio
1244 1324 1271 1350 et
1291 1322 1418 1350 mercede
1440 1322 1542 1351 laboris
1572 1322 1654 1351 detur
1686 1323 1735 1351 tibi
1760 1331 1862 1352 corona

1015 1367 1118 1404 gloriae
1139 1371 1166 1396 et
1188 1367 1309 1396 honoris.
1342 1368 1418 1397 Unde
1444 1369 1518 1397 lesus
1538 1369 1681 1403 Christus,
1703 1370 1785 1398 unice
1812 1370 1861 1399 11111

1015 1413 1147 1448 1111801115,
1169 1414 1321 1451 alloquitur
1342 1418 1369 1443 te
1390 1415 1418 1443 in
1440 1415 1598 1452 Apocalypsi
1611 1415 1638 1450 ⁶,
1659 1415 1772 1445 dicens:
1795 1417 1861 1445 Esto

1014 1459 1108 1497 fideli-9
1129 1469 1219 1498 usque
1240 1461 1280 1489 ad
1301 1465 1439 1496 mortem,
1461 1465 1486 1490 ec
1506 1462 1581 1491 dabo
1596 1462 1649 1491 tibi
1662 1471 1803 1491 coronam
1818 1463 1862 1492 vi-

1016 1510 1069 1535 tae.
1092 1507 1162 1536 Haec
1183 1515 1286 1536 corona
1306 1508 1375 1536 nihil
1395 1508 1470 1537 allud
1492 1511 1534 1537 est
1554 1517 1638 1546 quam
1661 1517 1767 1538 merces
1788 1510 1860 1539 vitae

1014 1557 1158 1589 aeternae,
1189 1555 1223 1583 ad
1247 1563 1331 1592 quam
1357 1555 1558 1592 adipiscendam
1584 1556 1749 1585 inflammari
1780 1557 1861 1586 debet

1014 1601 1181 1630 desiderium
1196 1602 1319 1631 omnium
1335 1602 1566 1631 Christianorum.
1583 1604 1628 1632 Est
1642 1604 1713 1632 enim
1728 1607 1783 1633 tam
1798 1613 1862 1633 ma-

1012 1656 1091 1685 9na,
1113 1651 1144 1676 ut
1165 1649 1261 1677 nullus
1281 1649 1393 1677 omnino
1414 1657 1474 1678 eam
1496 1650 1643 1679 aestimare
1665 1651 1766 1688 possit,
1788 1652 1860 1680 sicut

1014 1693 1080 1722 dicit
1100 1694 1199 1723 beatus
1219 1694 1406 1732 Gregori11s⁷,
1429 1698 1484 1724 tam
1505 1696 1615 1730 multa,
1638 1700 1669 1725 ut
1690 1697 1785 1726 nullus
1799 1705 1860 1726 eam

1014 1740 1192 1769 dinumerare
1219 1744 1317 1777 queat,
1339 1744 1380 1770 est
1401 1741 1521 1779 denique
1543 1745 1597 1770 tam
1619 1742 1707 1780 lonyct
1728 1746 1755 1772 et
1775 1743 1860 1772 dura-

1015 1787 1092 1820 bilis,
1115 1790 1146 1815 ut
1166 1795 1310 1824 nunquam
1332 1789 1475 1817 terminari
1500 1789 1588 1817 valeat
1609 1792 1636 1818 et
1657 1789 1739 1818 finiri.
1762 1806 1799 1810 —
1820 1790 1858 1818 Ad

1015 1834 1086 1862 hanc
1107 1834 1277 1869 mercedem,
1299 1834 1333 1862 ad
1354 1835 1426 1863 hanc
1456 1842 1585 1864 coronam
1617 1836 1714 1865 invitat
1744 1839 1771 1865 te
1791 1836 1859 1865 dile-

1015 1883 1077 1908 ctus
1098 1880 1220 1917 Sponsus
1241 1884 1323 1915 tuus,
1346 1882 1420 1910 lesus
1441 1882 1569 1911 Christus
1599 1882 1626 1911 in
1658 1882 1798 1912 Canticis³³
1819 1883 1860 1912 di-

1015 1934 1098 1955 cens:
1134 1927 1203 1956 Veni
1221 1928 1256 1956 de
1276 1927 1401 1962 Libano,
1422 1937 1532 1965 sponsa
1552 1937 1633 1963 mea,
1655 1929 1756 1958 amica
1775 1938 1858 1964 mea,

1014 1974 1081 2002 veni
1094 1974 1127 2002 de
1141 1973 1262 2009 Libano,
1273 1974 1340 2003 veni
1352 1975 1547 2004 coronaberis.
1564 1976 1659 2014 Surye
1673 1984 1748 2014 ergo,
1760 1977 1859 2006 amica

1882 1800 1950 1819 Invitat
1960 1801 1984 1820 ad

1886 1829 1980 1843 eoronam.

1886 1848 1979 1867 Christus.

1078 2139 1087 2152 ⁵
1104 2139 1160 2168 Cap.
1177 2141 1204 2167 2,
1223 2140 1258 2162 iO.
1275 2152 1306 2156 —
1323 2140 1417 2163 Inferius
1435 2147 1477 2168 pro
1489 2146 1578 2163 meroes
1591 2141 1629 2170 (ita
1642 2141 1658 2163 B
1668 2141 1684 2164 C
1694 2142 1718 2170 F)
1734 2141 1862 2171 Vat.prae-

1015 2178 1103 2207 mium,
1122 2182 1143 2201 et
1160 2178 1312 2208 inflammare
1329 2180 1350 2202 te
1366 2185 1409 2207 pro
1426 2179 1582 2209 inflammari.

1079 2217 1087 2230 '¹
1104 2217 1166 2240 Libr.
1184 2219 1208 2240 11.
1225 2218 1308 2240 Homil.
1324 2219 1347 2240 in
1365 2219 1451 2246 Evang.
1469 2219 1548 2241 homil.
1565 2219 1602 2241 37.
1620 2225 1643 2241 n.
1661 2219 1687 2241 t:
1710 2219 1734 2241 Si
1756 2219 1862 2242 conside-

1015 2263 1106 2284 remus,
1124 2258 1203 2279 t'ratres
1221 2257 1343 2286 carissimi,
1361 2263 1422 2286 quae
1438 2260 1461 2280 et
1476 2261 1561 2286 quanta
1579 2261 1632 2281 sunt
1648 2264 1709 2287 quae
1725 2258 1791 2281 nobis
1808 2265 1862 2287 pro-

1015 2295 1136 2318 mittuntur
1153 2296 1173 2317 in
1191 2296 1271 2323 caelis,
1289 2296 1401 2318 vilescunt
1423 2296 1500 2318 animo
1517 2297 1606 2325 omnia,
1624 2303 1684 2326 quae
1707 2297 1819 2320 habentur
1839 2298 1861 2320 111

1015 2334 1105 2356 terris...
1122 2335 1185 2362 Quae
1202 2337 1279 2356 autem
1297 2335 1375 2362 lingua
1391 2335 1468 2357 dicere
1493 2336 1528 2357 vel
1551 2336 1604 2364 quis
1629 2336 1753 2358 intellectus
1778 2342 1861 2364 capere

1015 2373 1098 2395 sufficit
1109 2373 1160 2395 illae
1171 2379 1286 2401 supernae
1302 2373 1400 2395 civitatis
1417 2377 1502 2402 quanta
1519 2374 1563 2396 sint
1580 2374 1664 2402 gaudia
1680 2378 1722 2396 etc.
1734 2374 1778 2397 Csr.
1791 2381 1861 2402 supra

1016 2418 1069 2439 pag.
1088 2412 1131 2440 58,
1148 2414 1201 2434 110111
1221 2412 1262 2439 r103
1280 2418 1334 2439 pag.
1351 2412 1393 2439 60,
1410 2415 1462 2434 nota
1481 2413 1502 2435 3.
1519 2415 1542 2435 et
1554 2418 1608 2440 pag.
1621 2413 1662 2440 62,
1675 2415 1727 2435 nota
1739 2412 1860 2435 3.Ι,1111·.1.

1016 2450 1098 2472 11011111.
1116 2451 1138 2472 111
1156 2451 1182 2472 Ex
1190 2456 1243 2478 aug.
1261 2451 1338 2472 homil.
1355 2451 1377 2472 9.
1390 2457 1411 2472 11.
1424 2452 1451 2472 2:
1463 2451 1536 2473 Pauca
1549 2451 1636 2479 qnippe
1649 2450 1708 2473 bona
1720 2454 1772 2474 sunt
1784 2452 1861 2473 omnia

1016 2489 1142 2516 praesentis
1158 2489 1231 2517 ritae,
1248 2489 1376 2518 quamlibet
1392 2490 1463 2512 multa
1480 2495 1531 2511 esse
1548 2489 1677 2517 videantur,
1688 2490 1861 2517 comparatione

1015 2527 1171 2550 retributionis
1187 2530 1300 2550 aeternae.
1317 2528 1363 2550 Sed
1381 2531 1433 2550 111110
1450 2528 1524 2550 tidelis
1541 2534 1623 2550 servus
1639 2534 1709 2556 super
1726 2529 1797 2551 multa
1810 2535 1862 2551 con-

1016 2566 1124 2593 stituitur,
1141 2566 1249 2595 quando,
1267 2566 1356 2588 devicta
1374 2567 1450 2589 omnis
1466 2567 1621 2594 corruptionis
1642 2567 1758 2595 molestia,
1780 2567 1809 2589 de
1826 2573 1861 2589 ae-

1017 2605 1085 2628 ternis
1102 2605 1192 2633 gaudiis
1209 2605 1231 2627 in
1249 2605 1284 2627 illa
1300 2605 1391 2628 caelesti
1403 2605 1458 2628 sede
1471 2606 1582 2632 gloriatur
1593 2608 1636 2628 010.
1648 2605 1707 2628 Vide
1718 2611 1788 2633 supra
1801 2606 1861 2634 Opu-

1016 2644 1105 2666 sculum
1124 2644 1146 2665 11.
1165 2644 1258 2672 Soliloq.
1274 2650 1293 2666 c.
1312 2643 1334 2665 4.
1350 2650 1372 2666 11.
1391 2644 1411 2665 l.
1429 2644 1451 2665 in
1470 2644 1522 2666 11118.
1619 2672 1621 2674 η

1079 2681 1088 2694 ⁸
1106 2682 1161 2709 Cap.
1180 2682 1205 2707 4,
1224 2683 1249 2709 8,
1268 2681 1305 2704 11111
1325 2682 1422 2710 Vulgata
1446 2685 1468 2704 et
1488 2684 1535 2704 vat.
1559 2683 1666 2705 omittunt
1691 2682 1769 2706 amica
1794 2689 1859 2711 mest,

1016 2721 1079 2750 quod
1098 2721 1182 2743 liabent
1199 2721 1240 2744 BC
1252 2721 1300 2743 DF.
1319 2721 1375 2743 thid.
1393 2722 1419 2749 2,
1438 2721 1478 2743 110:
1497 2722 1583 2749 Surge,
1600 2727 1698 2749 propera
1712 2722 1784 2744 amica
1796 2728 1860 2749 mea,

1016 2760 1123 2783 columba
1149 2766 1212 2787 mea,
1238 2761 1337 2783 formosa
1364 2766 1428 2789 mea,
1451 2763 1473 2782 et
1497 2761 1559 2783 veni.
1576 2773 1605 2778 —
1623 2761 1716 2783 luserius
1741 2761 1861 2789 respicitur

1016 2800 1088 2827 Apoc.
1110 2800 1147 2826 19,
1165 2800 1191 2821 9:
1205 2799 1279 2826 Beati,
1291 2799 1331 2827 qui
1343 2799 1372 2821 ad
1384 2805 1480 2821 coenam
1493 2799 1625 2827 nuptiarum
1638 2800 1696 2827 Agni
1709 2800 1783 2822 vocati
1800 2803 1861 2823 sunt.

1016 2838 1092 2860 Matth.
1111 2839 1153 2865 522,
1172 2838 1196 2860 lt:
1216 2837 1286 2860 Dicite
1304 2837 1416 2860 invitalis:
1434 2839 1502 2866 Ecce,
1520 2838 1643 2865 prandium
1661 2845 1738 2861 meum
1756 2839 1861 2866 paravi...

1016 2880 1038 2899 et
1055 2877 1131 2899 omnia
1151 2879 1238 2904 parata.
1254 2876 1300 2899 Csr.
1316 2877 1371 2899 Luc.
1392 2876 1430 2904 14,
1451 2877 1486 2899 17.
1497 2889 1528 2893 -
1540 2877 1571 2899 De
1583 2877 1740 2905 propositione
1752 2879 1800 2901 tota
1812 2884 1860 2901 cue·

1017 2915 1080 2938 lestis
1098 2915 1165 2938 curia
1183 2916 1203 2938 te
1219 2916 1350 2944 eoespectat,
1363 2915 1418 2937 vide
1429 2922 1499 2943 supra
1511 2915 1652 2943 Opusculum
1666 2917 1689 2939 11.
1702 2917 1795 2945 Soliloq.
1807 2923 1825 2939 c.
1840 2917 1861 2940 4.

1016 2961 1040 2977 11.
1057 2956 1077 2977 3.
1098 2955 1119 2977 111
1137 2955 1190 2977 sine.
