2133 3317
143 546 171 565 De
186 546 266 572 pecunia

158 575 194 588 non
207 574 254 588 reei-

169 593 244 616 pienda.

142 2284 218 2303 Nullum
231 2284 263 2303 de-

132 2307 213 2332 positum
224 2313 262 2327 ser-

132 2331 219 2350 vandum.

282 228 339 256 452
629 228 827 256 OPUSCULUM
849 227 937 256 XVIll.
959 227 1243 257 CONSTITUTIONES
1264 229 1506 259 NARBONENSES.
1530 231 1623 259 RUBR.
1646 231 1686 259 Ill.

470 306 509 333 Dn
530 313 720 334 oesenvmvrm
746 313 943 334 mensuraris.

602 398 734 427 Raurica
758 399 810 427 III.

360 493 428 520 Cum
452 492 555 528 Regula
568 492 653 526 dicat,
676 493 750 529 quod
770 504 784 518 ι(
797 493 907 522 Fratres
921 501 974 521 non
998 494 1131 530 recipiant

282 539 428 576 pecuniam
450 547 499 575 per
521 546 565 572 se,
588 539 630 567 vel
652 547 702 576 per
723 540 914 576 interpositam
936 548 1083 576 personam
1099 552 1129 576 ”3

283 586 443 619 statuimus,
465 586 539 622 quod
562 587 678 622 pecunia
700 594 750 615 1100
775 587 886 615 nomine
911 587 1056 616 oblationis
1080 596 1131 617 nec

281 633 347 661 alias
370 633 522 669 recipiatur
543 633 571 661 in
594 633 660 662 locis
687 633 831 667 Fratrum;
854 637 880 662 et
901 633 1018 662 dicimus
1043 643 1130 671 pecu-

280 680 363 708 niam
386 688 439 708 non
462 680 552 708 solum
567 680 708 713 denarios,
730 680 777 709 sed
794 688 850 709 rem
874 681 1039 717 quamlibet,
1059 690 1130 718 quae

279 727 424 763 accipitur,
447 730 478 755 ut
498 727 642 755 vendatur.
674 727 705 755 Et
732 727 754 756 si
775 727 846 756 sorte
867 727 960 764 aliqua
988 727 1024 756 ibi
1046 736 1130 764 pone-

279 777 372 807 retur,
395 774 472 802 nullo
505 774 585 802 modo
617 776 796 803 eonvertatur
818 775 845 802 in
877 782 960 803 usum
992 775 1128 803 Fratrum.

278 820 351 849 Nihil
373 824 464 849 tamen
493 821 602 849 Fratres
630 829 746 857 prorsus
767 829 881 858 quoquo
910 821 991 849 modo
1018 829 1131 850 servare

278 867 379 896 faciant
400 868 443 896 vel
464 867 562 904 deponi
585 868 636 896 nisi
659 871 773 904 propter
788 868 979 896 necessitatem
1001 876 1130 905 praesen-

279 917 343 947 tem,
366 914 408 942 vel
429 914 462 943 de
486 915 614 951 proximo
643 915 831 943 imminentem
844 916 863 942 ¹.
890 915 1010 943 Caveant
1037 918 1129 944 autem

279 961 401 995 Fratres,
417 969 451 989 ne
467 961 611 997 pecuniam
626 969 642 989 a
656 961 786 990 dantibus
801 969 850 990 seu
863 961 871 974 2
888 961 1070 990 offerentibus
1084 962 1130 991 de-

279 1011 403 1045 putatam
420 1008 446 1036 in
461 1008 569 1045 aliquos
584 1011 675 1037 certos
690 1017 759 1037 usus
773 1009 807 1037 ad
822 1008 890 1037 alios
908 1009 958 1037 nisi
981 1017 1018 1038 ex
1032 1017 1130 1038 eorum

279 1055 419 1084 voluntate
447 1059 634 1090 commutent,
663 1064 713 1084 nec
735 1056 899 1085 auctoritate
925 1057 1037 1093 propria
1065 1057 1130 1085 dent

278 1102 322 1131 vel
344 1102 478 1139 recipiant
499 1103 604 1139 aliquid
626 1103 669 1131 vel
690 1106 851 1139 permutent
871 1103 929 1132 sine
957 1112 1073 1132 suorum
1102 1104 1131 1131 li-

279 1150 369 1178 centia
390 1150 594 1186 praelatorum,
617 1150 682 1187 quia
704 1150 756 1178 hoc
781 1150 858 1179 nullo
880 1150 960 1179 modo
980 1151 1041 1179 lieri
1070 1155 1131 1188 pot-

279 1199 335 1230 est,
358 1197 433 1224 salva
456 1197 573 1233 Regulae
596 1197 725 1233 puritate.

358 1243 439 1277 item,
461 1243 559 1271 altaria
587 1244 766 1280 quaestuaria
787 1252 836 1273 seu
865 1244 937 1281 cippi
960 1244 1001 1273 vel
1031 1244 1131 1273 similia

278 1289 313 1318 ad
339 1290 525 1326 recipiendam
558 1291 702 1327 pecuniam
735 1299 874 1328 nusquam
907 1299 956 1328 pro
987 1292 1131 1320 Fratribus

280 1337 451 1371 habeantur3
475 1345 525 1366 1100
540 1338 681 1374 patiantur
697 1338 806 1367 Fratres
821 1338 847 1366 in
865 1339 930 1367 locis
945 1339 1019 1373 suis,
1041 1341 1089 1367 aut
1104 1339 1131 1367 in

278 1384 543 1421 praedicationibus,
565 1385 638 1421 quod
661 1393 723 1413 cum
750 1385 869 1419 bacinis,
892 1385 935 1414 vel
964 1386 1131 1414 chirothecis

279 1432 321 1460 vel
343 1431 479 1460 similibus
502 1432 618 1468 pecunia
640 1440 690 1468 pro
712 1432 855 1461 Fratribus
877 1433 1031 1469 colligatur.

357 1479 438 1511 Item,
460 1479 583 1512 Fratres,
606 1479 653 1515 qui
671 1482 816 1507 morantur
839 1479 864 1507 in
882 1479 963 1513 locis,
987 1480 1131 1516 pecuniam

277 1534 293 1554 a
318 1525 528 1554 transeuntibus
556 1534 610 1553 non
643 1529 737 1562 petant
765 1534 815 1555 nec
844 1526 898 1563 peti
924 1526 1039 1561 faciant;
1070 1527 1132 1555 licet

278 1575 370 1601 tamen
392 1580 491 1609 panem
513 1576 540 1601 et
562 1573 659 1601 vinum
682 1573 825 1602 humiliter
848 1578 957 1610 petere3
980 1581 1030 1602 nec
1049 1582 1131 1610 pecu-

279 1620 352 1648 niam
375 1620 518 1648 occasione
539 1620 618 1656 panis
640 1620 682 1649 vel
704 1620 759 1648 vini
782 1628 899 1657 prorsus
925 1620 1009 1657 recipi
1032 1621 1132 1649 faciant

278 1667 335 1695 ullo
359 1667 449 1695 modo.
473 1668 491 1695 A
514 1667 645 1703 praelatis
667 1671 770 1695 terram
792 1675 870 1695 suam
900 1668 1070 1696 exeuntibus
1091 1668 1131 1696 ni-

277 1714 317 1742 hil
339 1716 441 1750 petant.
475 1714 506 1742 Et
538 1714 558 1742 si
582 1714 645 1751 quis
666 1714 784 1742 scienter
817 1717 914 1742 contra
940 1714 1051 1748 fecerit,
1081 1722 1132 1751 pro

278 1760 401 1797 qualibet
423 1761 482 1789 vice
498 1768 553 1788 una
574 1760 617 1789 die
634 1763 741 1788 tantum
756 1760 783 1788 in
800 1768 870 1797 pane
891 1765 917 1789 et
932 1769 1005 1797 aqua
1019 1761 1130 1789 ieiunet.

357 1807 438 1841 item,
462 1808 487 1835 in
511 1807 701 1844 poenitentiis,
724 1815 794 1844 quas
822 1808 984 1844 imponunt,
1014 1816 1067 1836 non
1093 1808 1131 1836 fa-

277 1854 365 1888 ciant,
388 1855 438 1883 sibi
465 1854 569 1891 aliquid
597 1854 657 1883 dari
679 1862 729 1883 nec
757 1855 901 1883 Fratribus
923 1863 973 1883 nec
998 1863 1132 1892 personae

277 1910 328 1930 nec
348 1902 431 1930 alicui
454 1902 513 1930 1000
528 1902 648 1938 speciali.
673 1902 703 1930 Et
725 1910 789 1931 cum
804 1902 831 1930 in
854 1902 1025 1931 testamentis
1047 1903 1131 1930 inter-

278 1949 396 1983 fuerint,
419 1957 473 1977 non
496 1952 662 1985 procurent,
678 1949 728 1978 sibi
744 1950 787 1978 vel
809 1949 933 1986 cognatis
954 1949 1012 1977 suis
1027 1949 1131 1986 aliquid

278 1996 400 2033 erogari;
423 1999 450 2024 et
472 1996 643 2033 quicumque
657 1996 777 2025 scienter
792 2000 889 2025 contra
909 1996 1018 2030 fecerit,
1041 1997 1131 2025 tribus

278 2042 375 2071 diebus
398 2043 424 2070 in
447 2050 517 2079 pane
532 2045 639 2071 tantum
661 2046 688 2071 et
709 2051 781 2079 aqua
803 2043 906 2071 ieiunet
927 2046 954 2071 et
976 2043 1035 2080 ipso
1060 2043 1131 2071 facto

278 2097 295 2117 a
316 2089 494 2118 confessionis
509 2089 600 2118 officio
615 2089 650 2118 sit
671 2097 838 2126 suspensus,
853 2089 941 2118 donec
962 2093 1024 2126 post
1039 2090 1130 2118 iniun-

280 2140 351 2165 ctam
373 2136 424 2165 sibi
447 2136 609 2173 condignam
636 2137 832 2173 poenitentiam
854 2145 870 2165 a
895 2138 1018 2174 praelato
1046 2137 1130 2166 suerit

278 2183 431 2212 absolutus.

359 2231 440 2264 item,
463 2230 571 2259 nullum
593 2230 748 2267 depositum
771 2234 900 2259 servetur
921 2231 948 2258 in
979 2230 1045 2259 locis
1067 2231 1130 2259 Fra-

280 2281 355 2306 trum
378 2278 404 2306 in
427 2286 497 2306 auro
518 2280 545 2306 et
566 2281 693 2314 argento,
715 2278 847 2314 gemmis,
870 2285 919 2306 seu
940 2278 993 2306 alia
1015 2286 1045 2306 re
1067 2285 1130 2314 pre—

279 2324 363 2358 tiosa,
396 2325 461 2353 solis
492 2324 570 2353 libris
601 2324 741 2360 exceptis,
774 2324 824 2353 nisi
853 2324 953 2361 aliquis
984 2324 1130 2353 necessita—

279 2372 314 2399 tis
334 2371 469 2399 articulus
498 2371 657 2405 emerserit,
686 2379 769 2407 quem
799 2371 908 2399 Fratres
936 2379 990 2399 non
1019 2373 1130 2407 possent

277 2418 383 2455 absque
404 2418 480 2455 gravi
507 2418 635 2446 scandalo
663 2418 817 2452 declinare;
839 2421 866 2446 et
887 2420 954 2446 tunc
979 2418 1013 2446 de
1043 2417 1131 2446 Guar-

277 2465 350 2493 diani
372 2465 419 2493 fiat
445 2464 569 2499 licentia,
598 2465 640 2493 vel
669 2464 768 2493 Vicarii
798 2473 860 2493 cum
888 2464 1001 2493 consilio
1022 2464 1130 2493 Discre-

278 2516 380 2540 torum.
405 2512 435 2540 Et
463 2512 485 2540 si
514 2512 577 2548 quis
605 2512 832 2545 contrafecerit,
862 2511 953 2540 tribus
977 2511 1075 2540 diebus
1102 2511 1130 2540 in

279 2567 348 2595 pane
380 2562 486 2587 tantum
509 2562 536 2587 et
567 2567 639 2596 aqua
664 2559 775 2587 ieiunet.
808 2559 905 2587 Nullus
939 2559 1034 2587 Frater
1065 2567 1131 2595 qua-

1188 315 1310 344 cumque
1331 316 1367 336 ex
1395 316 1477 337 causa
1509 309 1654 345 pecuniam
1686 309 1759 346 apud
1788 310 1909 347 aliquem
1936 311 2034 348 deponi

1188 354 1323 383 sustineat
1355 355 1398 383 vel
1429 355 1533 383 servari
1566 356 1625 384 sine
1654 356 1763 384 licentia
1794 357 1980 393 praelatorum
2009 361 2036 387 et

1188 408 1297 437 semper
1319 409 1382 429 cum
1404 402 1571 430 conscientia
1592 402 1754 436 Guardiani‚
1777 406 1803 431 et
1818 403 1870 432 1100
1891 404 1959 432 nulli
1976 412 2036 433 con-

1188 447 1311 481 cedatur,
1334 447 1386 476 nisi
1414 456 1465 484 pro
1493 448 1612 476 evidenti
1634 449 1797 477 necessitate
1824 449 1909 478 fuerit
1936 450 2036 479 facien-

1187 493 1262 521 dum.
1286 493 1317 521 Et
1337 494 1508 530 quicumque
1526 494 1553 522 in
1579 495 1631 523 1100
1653 495 1781 524 inventus
1802 496 1886 525 suerit
1907 497 2035 531 vitiosus,

1188 542 1319 576 tanquam
1341 540 1543 577 proprietarius
1558 541 1706 577 puniatur,
1728 543 1779 570 nisi
1802 543 1862 572 eius
1883 543 2037 573 innocentia
2126 559 2128 597 1

1187 595 1237 623 per
1258 590 1334 616 certa
1362 587 1461 616 indicia
1482 591 1643 616 excusetur.
1674 589 1773 617 Eodem
1802 590 1883 618 modo
1904 591 2036 626 puniatur

1187 634 1234 670 qui
1257 634 1285 662 in
1307 634 1502 662 contrahendis
1523 634 1622 663 debitis
1644 643 1694 671 pro
1722 643 1751 664 se
1773 636 1815 664 vel
1843 644 1894 672 pro
1922 637 1975 665 alio
1995 637 2037 666 111-

1190 683 1288 709 ventus
1308 681 1393 709 suerit
1416 681 1545 715 vitiosus;
1568 684 1594 709 et
1616 681 1649 710 de
1672 682 1723 710 hoc
1744 683 1899 719 specialiter
1921 683 2037 712 Ministri

1187 730 1215 756 et
1245 728 1378 756 Custodes
1410 728 1553 764 inquirere
1579 731 1738 763 teneantur,
1771 732 1798 758 et
1828 730 1861 758 de
1893 730 1936 759 his
1966 739 2037 768 (11130

1188 774 1347 802 huiusmodi
1369 774 1573 810 expendentur,
1592 775 1736 812 diligenter
1758 776 1871 813 exigere
1893 777 2036 806 rationem.

1266 821 1364 849 Nullus
1385 824 1516 849 mutuum
1538 822 1684 851 contrahat
1705 823 1748 851 vel
1769 823 1910 858 debitum,
1932 824 1959 852 111
1982 832 2037 861 (1110
2050 834 2133 857 neamus.

1186 868 1297 897 Fratres
1318 876 1347 896 se
1368 868 1490 904 obligent
1514 868 1547 896 ad
1577 869 1755 903 solvendum,
1784 878 1846 898 cuni
1877 871 1946 899 1111111
1974 879 2038 908 pro·
2061 860 2133 902 unffi.

1187 915 1280 952 prium
1303 915 1457 943 secundum
1483 916 1614 952 Regulam
1637 916 1803 951 habeamus3
1826 917 1918 946 dicere
1946 921 2037 947 tamen
2122 913 2123 917 ¹

1188 965 1319 999 possunt,
1340 962 1415 999 quod
1436 962 1470 990 ad
1499 963 1665 991 solutionem
1687 963 1804 992 fideliter
1826 964 1992 993 laborabunt
2011 968 2037 994 et

1187 1009 1374 1045 eleemosynas
1394 1009 1434 1037 eis
1454 1009 1650 1046 assignabunt,
1672 1010 1783 1047 quando
1804 1011 1878 1040 Deus
1900 1011 2039 1040 ministra-

1187 1056 1267 1085 verit.
1290 1056 1422 1090 Ministri‚
1444 1056 1593 1091 Custodes,
1615 1056 1778 1091 Guardiani,
1801 1062 1997 1094 procuratores
2011 1061 2039 1087 et
2126 1073 2128 1087 l

1187 1103 1231 1131 alii
1255 1102 1386 1131 officiales
1410 1102 1444 1131 de
1465 1103 1571 1131 collatis
1593 1106 1620 1131 et
1641 1104 1771 1140 expensis
1787 1104 1902 1133 reddant
1918 1105 2038 1133 debitam

1188 1149 1338 1178 rationem:
1362 1149 1455 1186 itaque
1476 1149 1598 1178 Minister
1623 1150 1651 1178 in
1672 1150 1797 1187 Capitulo
1823 1151 1984 1187 provinciali
2012 1155 2039 1180 et

1187 1197 1285 1225 Custos
1307 1196 1408 1225 ibidem
1429 1204 1522 1225 coram
1538 1197 1682 1225 Fratribus
1696 1205 1762 1226 suae
1777 1197 1935 1232 Custodiae,
1950 1198 2038 1227 Guar-

1187 1244 1286 1272 dianus
1308 1247 1334 1272 et
1357 1247 1522 1280 procurator
1541 1244 1627 1273 semel
1647 1244 1719 1272 infra
1740 1245 1898 1281 quindecim
1920 1245 1978 1274 dies
1993 1253 2038 1274 co—

1188 1299 1246 1319 ram
1269 1291 1409 1327 aliquibus
1427 1291 1559 1319 Discretis
1580 1291 1681 1320 adhoc
1702 1300 1718 1319 3
1738 1292 1882 1321 Fratribus
1899 1292 1950 1321 loci
1972 1292 2039 1321 assi-

1189 1337 1295 1373 gnatis;
1318 1345 1368 1365 1100
1396 1345 1425 1366 00
1446 1345 1496 1366 1100
1529 1338 1619 1366 10011111
1643 1338 1763 1375 aliquem
1786 1339 1812 1367 in
1844 1339 2039 1376 obligationem

1188 1392 1336 1412 onerosam
1358 1384 1490 1413 inducant
1511 1385 1616 1421 absque
1638 1386 1815 1422 provincialis
1835 1386 1952 1422 Capituli
1974 1394 2038 1414 con-

1188 1431 1249 1459 silio
1271 1434 1298 1460 et
1319 1439 1449 1465 assensu,
1472 1435 1499 1460 01
1526 1432 1560 1460 (10
1588 1432 1802 1469 obligationibus
1824 1433 1981 1461 huiusmodi
2010 1433 2038 1461 in

1188 1478 1313 1515 quolibet
1335 1479 1495 1515 provinciali
1519 1479 1644 1515 Capitulo
1659 1480 1848 1516 perquiratur.
1872 1480 1972 1508 Tamen
1987 1488 2038 1516 pro

1188 1525 1320 1554 aedificiis
1352 1526 1559 1559 construendis,
1582 1526 1623 1554 vel
1656 1534 1707 1562 pro
1739 1526 1805 1555 locis
1828 1527 1967 1555 mutandis
1995 1527 2039 1555 vel

1188 1572 1367 1609 ampliandis,
1389 1576 1436 1600 aut
1453 1573 1534 1601 etiam
1551 1581 1601 1609 pro
1623 1573 1701 1601 libris
1716 1573 1868 1602 scribendis
1890 1574 1932 1602 vel
1947 1581 2039 1602 emen-

1188 1619 1230 1648 dis
1251 1619 1375 1656 dehitum
1398 1620 1441 1648 vel
1464 1623 1594 1647 mutuum
1616 1619 1675 1648 fieri
1701 1620 1820 1649 firmiter
1842 1620 2038 1657 prohibemus,

1189 1666 1241 1694 nisi
1263 1666 1310 1694 ubi
1333 1666 1455 1694 Minister
1476 1666 1651 1702 provincialis
1672 1674 1707 1694 ex
1723 1674 1806 1695 causa
1828 1667 1982 1695 necessaria
2003 1666 2039 1695 vi-

1188 1712 1261 1741 derit
1281 1713 1506 1749 dispensandum.
1529 1713 1555 1741 Si
1581 1721 1648 1742 vero
1669 1714 1728 1742 sine
1755 1713 1847 1742 debito
1870 1714 1911 1742 vel
1940 1717 2039 1742 mutuo

1188 1760 1306 1796 pecunia
1327 1763 1437 1788 servata
1457 1760 1542 1789 fuerit
1563 1760 1606 1788 vel
1621 1760 1727 1794 oblata,
1749 1760 1782 1789 de
1804 1760 1979 1797 provincialis
1994 1761 2039 1789 Mi-

1188 1806 1268 1835 nistri
1285 1806 1407 1840 licentia,
1424 1806 1470 1835 ubi
1487 1814 1598 1835 necesse
1619 1806 1719 1841 fuerit,
1734 1807 1801 1835 fiant
1821 1807 1945 1836 aedificia
1958 1808 2039 1836 iuxta

1188 1853 1395 1890 dispositionem
1411 1853 1480 1887 eius,
1496 1853 1596 1882 limites
1611 1862 1665 1882 non
1680 1853 1843 1882 excedentia
1857 1854 2037 1890 paupertatis.

1189 1917 1226 1921 —
1245 1900 1313 1929 Cum
1336 1904 1429 1929 autem
1451 1900 1597 1929 curiositas
1618 1904 1645 1929 et
1667 1900 1846 1937 superfluitas
1866 1900 1970 1929 directe
1990 1900 2038 1929 ob-
2059 1905 2133 1937 03111111

1188 1948 1285 1977 vientB
1307 1948 1477 1984 paupertati,
1499 1948 1673 1982 ordinamus,
1696 1948 1769 1985 quod
1784 1947 1972 1976 aedificiorum
1988 1956 2038 1976 011-
2058 1935 2133 1975 '¹⁰⁵¹”J'

1188 1995 1309 2023 riosz'tas
1331 1995 1357 2023 in
1384 1995 1516 2032 picturis,
1539 1995 1701 2029 caelaturis,
1729 1994 1872 2028 fenestris,
1902 1994 2039 2023 columnis

1188 2045 1215 2070 et
1237 2042 1407 2076 huiusmodi,
1422 2045 1470 2071 aut
1484 2041 1675 2079 superfluitas
1696 2042 1724 2070 in
1740 2042 1923 2078 longitudine,
1945 2042 2039 2070 latitu-

1187 2089 1251 2118 dine
1272 2092 1299 2118 et
1320 2089 1466 2118 altitudine
1491 2089 1644 2118 secundum
1666 2089 1718 2118 loci
1734 2089 1917 2118 conditionem
1932 2090 2038 2118 arctius

1187 2136 1316 2165 evitetur.
1338 2136 1389 2172 Qui
1412 2139 1504 2164 autem
1527 2139 1747 2173 transgressores
1762 2136 1847 2165 huius
1864 2136 2038 2165 constitutio-

1186 2183 1229 2212 nis
1256 2183 1360 2212 fuerint
1396 2183 1519 2220 graviter
1547 2183 1717 2219 puniantur,
1746 2187 1773 2212 et
1805 2184 1971 2220 principales
2002 2183 2037 2212 de

1187 2230 1253 2258 locis
1275 2230 1493 2258 irrevocabiliter
1519 2230 1706 2266 expellantur,
1727 2230 1779 2258 nisi
1802 2238 1852 2267 per
1880 2230 2035 2259 Ministrum

1186 2277 1341 2314 generalem
1365 2277 1468 2305 fuerint
1496 2277 1625 2305 restituti.
1651 2277 1683 2305 Et
1710 2277 1743 2305 ad
1772 2277 1824 2305 1100
1852 2277 1970 2306 firmiter
1997 2280 2037 2306 te-

1185 2327 1305 2352 neantur
1333 2324 1509 2357 Visitatores,
1532 2324 1554 2352 si
1583 2324 1698 2352 Ministri
1728 2324 1832 2353 fuerint
1857 2325 2035 2361 negligentes.

1186 2388 1225 2391 -—
1240 2371 1373 2400 Ecclesiae
1388 2373 1479 2399 autem
1495 2371 1572 2399 nullo
1588 2371 1668 2400 modo
1689 2371 1756 2400 fiant
1771 2371 1967 2406 testudinatae,
1986 2379 2036 2400 ex-
2126 2395 2127 2398 ,

1186 2422 1265 2455 cepta
1286 2418 1381 2446 maiori
1405 2418 1517 2454 capella.
1540 2418 1696 2455 Campanile
1717 2418 1847 2447 ecclesiae
1867 2418 1901 2446 ad
1923 2418 2034 2446 modum
2126 2437 2127 2477 1

1186 2465 1274 2494 turris
1295 2465 1328 2493 de
1349 2469 1442 2494 cetero
1459 2473 1597 2502 nusquam
1614 2465 1669 2494 fiat.
1686 2465 1765 2499 item,
1782 2465 1917 2494 fenestrae
1931 2465 2035 2493 vitreae

1186 2511 1346 2540 historiatae
1368 2512 1411 2540 vel
1437 2511 1591 2548 picturatae
1618 2511 1651 2540 de
1673 2515 1765 2540 cetero
1792 2519 1931 2548 nusquam
1951 2511 2034 2546 fiant,

1186 2562 1303 2595 excepto
1325 2558 1399 2595 quod
1420 2559 1447 2586 in
1469 2558 1613 2595 principali
1643 2559 1730 2587 vitrea
1755 2561 1817 2595 post
1838 2559 1927 2587 maius
1948 2558 2035 2587 altare

341 2715 348 2728 ¹
367 2716 423 2738 Cod.
437 2717 519 2738 Trev.:
535 2725 544 2736 ιι
554 2716 684 2745 Quaeritur,
697 2720 805 2745 quantam
820 2716 903 2739 habeat
915 2716 1074 2739 habitudinem
1087 2718 1130 2739 hoc

278 2755 341 2783 quod
359 2755 441 2778 dicitur
459 2755 486 2778 cle
500 2755 627 2785 111-03017110,
646 2758 721 2778 utrum
739 2756 825 2778 scilicet
842 2756 977 2783 necessitas,
989 2762 1049 2785 quae
1066 2762 1130 2784 prae-

278 2795 376 2817 sumitur
394 2795 473 2817 venire
490 2798 541 2823 post
559 2801 645 2817 annum
663 2795 699 2817 vel
716 2795 789 2822 duos,
807 2795 905 2818 dicenda
922 2796 951 2817 sit
970 2794 997 2818 de
1014 2794 1128 2824 prooeimo

279 2833 414 2861 imminere,
433 2837 455 2856 et
473 2837 549 2856 utrum
568 2840 611 2862 pro
629 2834 735 2857 emendis
750 2833 814 2856 libris
832 2834 979 2862 necessariis,
997 2835 1033 2857 vel
1058 2834 1128 2861 areis,

279 2873 316 2894 vel
333 2873 443 2895 aedificiis
469 2873 630 2895 construendis
655 2873 727 2900 possit
748 2873 835 2895 tamdiu
854 2873 952 2901 pecunia
979 2873 1064 2901 deponi
1086 2879 1128 2901 pro

279 2910 396 2933 Fratribus
413 2915 435 2933 et
447 2912 533 2933 servari
551 2912 669 2940 deposita,
688 2912 763 2935 donec
774 2915 834 2935 131113
852 2915 992 2940 congregata
1010 2912 1049 2939 sit,
1068 2918 1128 2940 quae

279 2949 377 2972 sufficiat
394 2950 423 2972 ad
441 2951 665 2973 consummationem
680 2951 715 2973 vel
727 2951 851 2979 emptionis
868 2951 905 2973 vel
923 2951 1094 2978 aedificiorum
1106 2952 1128 2972 et

279 2991 357 3010 utrum
383 2988 418 3010 1113
436 2989 540 3011 dicantur
557 2989 584 3012 de
600 2990 713 3019 promimo
738 2989 872 3017 imminere,
893 2996 954 3018 quae
973 2990 1003 3012 de
1022 2989 1127 3017 proximo

279 3027 422 3055 imperantur
442 3028 569 3050 inchoanda
589 3031 611 3051 et
627 3029 825 3056 consummanda,
843 3029 951 3058 quamvis
973 3029 1003 3051 de
1022 3028 1127 3056 proximo

1186 2723 1233 2739 non
1251 2716 1399 2739 necessaria?
1416 2716 1588 2744 Respondetur,
1606 2716 1669 2745 quod
1695 2716 1724 2739 ad
1750 2722 1776 2738 ea
1799 2721 1860 2744 (11130
1881 2717 1985 2743 spectant
2004 2715 2035 2738 ad

1186 2756 1274 2777 victum
1297 2757 1319 2777 et
1341 2755 1531 2777 sustentationem
1553 2755 1627 2781 vitae,
1653 2754 1776 2777 necessitas
1801 2754 1905 2782 ipsorum
1931 2754 2034 2776 imminet

1186 2800 1227 2822 per
1244 2794 1345 2816 eundem
1363 2800 1448 2816 annum
1466 2796 1488 2815 et
1504 2800 1549 2815 nou
1568 2794 1638 2820 ultra;
1655 2799 1702 2815 non
1719 2793 1780 2815 enim
1799 2793 1828 2815 de
1844 2793 1950 2821 proximo
1967 2799 2034 2820 opor-

1186 2836 1216 2855 tet
1233 2833 1284 2855 talia
1308 2833 1433 2861 providere
1450 2833 1472 2855 in
1493 2838 1579 2855 annum
1597 2836 1741 2861 sequentem.
1764 2832 1809 2855 Sed
1826 2832 1903 2861 quoad
1921 2831 1992 2854 libros
2011 2834 2034 2854 et

1185 2871 1288 2894 aedificia
1301 2872 1425 2894 necessitas
1442 2878 1523 2894 eorum
1543 2871 1572 2893 de
1588 2871 1694 2899 proximo
1708 2871 1811 2893 imminet
1828 2874 1893 2899 tunc,
1911 2877 1965 2893 cum
1981 2871 2033 2893 Fra-

1185 2913 1231 2933 tres
1248 2911 1281 2933 eis
1298 2911 1439 2939 indiguerint
1445 2919 1451 2937 ;
1468 2910 1487 2933 si
1504 2917 1551 2933 non
1568 2913 1665 2938 possunt
1681 2916 1708 2932 03
1725 2911 1800 2932 statim
1814 2910 1916 2938 incipere
1932 2916 1974 2932 nec
1990 2912 2033 2932 sta-

1185 2950 1225 2971 tim
1243 2956 1418 2977 consummare,
1440 2949 1528 2971 tamdiu
1551 2952 1649 2977 possunt
1670 2955 1826 2977 congregare,
1845 2949 1918 2971 donec
1935 2949 2033 2971 sufficiat

1185 2989 1214 3011 ad
1237 2989 1460 3011 consummationem
1474 2997 1496 3010 n.

1247 3027 1256 3040 ²
1274 3028 1290 3050 E
1306 3029 1357 3051 aut.
1889 3026 1899 3039 ³
1916 3027 1932 3049 E
1950 3026 2031 3050 obviet.
