2133 3317
137 1490 165 1508 De
178 1488 262 1508 numeris

155 1514 175 1532 111
193 1513 261 1535 officio,

155 1536 216 1560 primo
230 1536 264 1555 lat-

155 1565 225 1579 corum.

135 2148 226 2176 Secundo,
233 2149 269 2167 cle-

158 2178 246 2191 ricorum.

274 229 332 258 408

274 307 412 336 voluntas
434 310 486 334 tua
506 305 583 333 sicut
596 304 628 332 iit
649 304 727 332 cacto
748 307 774 332 et
794 303 826 332 in
845 307 936 337 terra,
958 303 1077 340 petitur,
1092 306 1124 332 ut

275 354 335 383 eius
356 353 464 382 bonitas
484 351 615 388 diligatur
637 353 664 379 et
684 353 799 387 propter
820 358 850 379 se
864 350 972 379 colatur
994 350 1028 379 ab
1046 350 1124 378 infir-

275 401 343 434 mis,
365 400 436 428 sicut
457 398 557 427 colitur
579 406 594 426 a
615 397 744 426 fortibus.
765 414 804 418 —
829 397 856 426 ln
878 400 1001 434 quatuor
1029 400 1123 426 autem

275 446 454 485 petitionibus
468 445 649 482 sequentibus
670 445 762 481 primo
777 444 881 481 petitur
899 444 1013 473 collatio
1029 444 1124 473 omnis

276 494 343 523 boni
374 492 482 529 corpori
512 494 539 520 et
569 491 678 520 animae
709 491 874 525 necessarii,
905 499 970 520 cum
1001 491 1123 520 dicitur:

277 541 387 568 Panem
408 542 543 567 nostrum
571 538 777 576 quotidianum
798 538 838 566 cta
865 537 948 566 'nobis
969 536 1070 571 liodie,·
1098 540 1125 566 et

275 586 393 623 petendo
414 588 521 614 tantum
545 593 597 622 pro
617 584 714 619 ltodz'e,
730 584 855 613 excludit
877 584 1044 621 proterviam
1061 592 1125 613 ava-

275 633 367 667 ritiae,
390 632 613 661 incertitudinem
632 632 704 660 vitae
719 631 893 660 insinuando.
916 631 1041 660 Secundo
1059 631 1126 660 suh-

275 679 351 708 ditur
373 679 468 716 petitio
489 678 646 707 amotionis
668 678 762 707 omnis
790 678 882 712 mali,
912 678 1015 714 primo,
1037 686 1125 714 quan-

275 730 334 755 tum
356 726 391 754 ad
409 726 586 763 praeterita,
609 733 672 754 cum
694 725 775 754 dicit:
800 725 833 753 Et
847 724 958 753 dimitte
978 724 1061 753 nobis
1079 724 1125 753 de-

276 773 336 802 hicet
356 777 470 807 nostra,
491 773 568 802 sieut
581 776 607 801 et
620 781 673 801 7208
688 772 879 805 dimittimus,
900 772 947 800 ubi
966 772 1126 808 implicatur

275 820 398 849 debitum
420 819 591 848 innocentiae
604 820 630 854 ¹,
652 822 684 848 ut
705 819 788 853 sciat,
814 827 843 848 se
864 819 898 847 ad
920 819 1023 847 malum
1042 826 1125 847 suum

275 871 385 905 petere,
408 867 504 904 quiin
534 867 617 896 corde
641 874 693 895 suo
720 866 754 895 ad
781 866 901 895 alterum
930 866 1031 895 retinet
1063 874 1126 894 ran-

276 923 368 944 corem
391 915 457 944 irae.
479 914 620 948 Secundo,
641 917 777 951 quantum
799 913 833 942 ad
853 912 979 950 futura,
998 916 1029 941 ut
1044 912 1126 941 detur

275 962 364 999 gratia
385 961 476 990 omnia
501 960 638 990 devitandi
668 963 846 997 peccatorum
869 960 912 989 vel
941 959 1123 988 tentationum

276 1009 416 1046 pericula,
438 1017 503 1037 cum
524 1008 643 1037 dicitur:
668 1009 703 1037 Et
722 1017 757 1036 nc
777 1017 831 1036 nos
859 1007 986 1036 inducas
1008 1007 1039 1035 in
1068 1010 1126 1035 len*

277 1056 431 1090 tationem,
454 1055 481 1084 id
502 1058 557 1089 est,
576 1063 611 1084 ne
632 1055 724 1084 induci
740 1055 893 1092 permittas.
916 1054 1023 1088 Tertio,
1038 1062 1126 1091 quan-

276 1106 336 1132 tum
351 1103 385 1131 ad
397 1103 565 1140 praesentia
581 1102 652 1130 mala
666 1102 755 1130 exsilii
775 1101 918 1135 universa,
935 1104 977 1135 ut,
994 1100 1127 1129 habentes

277 1150 362 1179 vitam
384 1150 409 1178 in
440 1149 586 1186 patientia,
616 1152 733 1178 mortem
758 1151 887 1185 optemus
916 1148 1000 1177 vitam
1030 1148 1126 1181 istam,

277 1204 340 1225 cum
364 1197 479 1225 Domino
500 1196 653 1233 placuerit,
675 1196 886 1230 terminantem,
916 1203 980 1224 cum
1004 1194 1126 1223 dicitur:

278 1244 333 1272 Sed
354 1243 446 1272 libera
466 1252 518 1272 nos
534 1252 553 1272 ct
575 1243 652 1272 mato
665 1244 683 1271 2.
709 1243 739 1271 Et
760 1243 828 1271 haec
846 1243 938 1271 omnia
959 1242 1127 1270 confirman-

279 1295 340 1325 tur,
362 1299 426 1319 cum
448 1291 528 1320 dicit:
553 1292 653 1319 Amen.
683 1290 732 1319 Ubi
761 1290 927 1323 notandum,
956 1289 1029 1326 quod
1058 1289 1127 1317 haec

277 1338 365 1367 oratio
380 1338 451 1366 inter
466 1345 568 1375 ,omnes
589 1340 630 1366 est
652 1337 800 1373 praecipue
822 1336 995 1370 veneranda,
1014 1343 1077 1364 cum
1093 1335 1128 1364 ab

277 1385 337 1422 ipso
356 1385 473 1413 Domino
494 1384 571 1413 nullo
592 1384 682 1413 medio
703 1383 809 1412 fuerit3
831 1383 965 1411 instituta.

357 1432 383 1460 [1.
406 1432 476 1460 Dicit
500 1434 593 1460 autem
620 1431 717 1459 beatus
742 1430 903 1458 Franciscus
925 1430 1065 1467 signanter
1086 1429 1130 1457 vi-

277 1479 353 1517 piuti
366 1483 495 1517 quatuor
512 1479 602 1507 Pater
616 1482 713 1506 noster
725 1486 783 1514 pro
805 1477 959 1511 Matutino,
981 1476 1047 1514 quia
1069 1476 1129 1505 offi-

281 1526 353 1555 cium
386 1526 549 1555 nocturnale
576 1525 710 1554 excubias
732 1527 922 1561 repraesentat
949 1524 1059 1552 civium
1079 1532 1129 1551 su-

277 1583 458 1612 pernorum,
483 1576 511 1602 et
537 1573 583 1601 illo
615 1576 740 1609 tempore
770 1574 812 1600 est
842 1571 1009 1600 sacrificium
1041 1570 1130 1600 laudis

277 1622 333 1651 Deo
359 1625 385 1650 et
413 1620 521 1657 Angelis
548 1619 781 1656 acceptissimum.
806 1619 946 1647 Numerus
973 1621 1066 1647 autem
1089 1618 1130 1647 vi-

277 1669 399 1706 gesimus
421 1670 539 1705 quartus
561 1670 602 1696 est
628 1674 763 1695 numerus
786 1666 897 1694 Patrum
919 1665 1069 1702 utriusque
1090 1668 1130 1694 te-

278 1715 414 1745 stamenti.
438 1714 586 1743 Duodecim
619 1714 691 1742 enim
723 1713 838 1742 fuerunt
868 1712 1057 1746 Patriarchae,
1081 1720 1129 1749 per

278 1771 349 1800 quos
364 1762 563 1799 multiplicatus
577 1764 619 1790 est
639 1761 760 1798 populus
775 1760 949 1789 credentium
964 1760 1127 1794 carnaliter;

278 1809 422 1839 duodecim
452 1809 534 1838 etiam
562 1808 697 1846 Apostoli,
726 1816 776 1845 per
797 1815 869 1844 quos
893 1807 922 1836 in
950 1815 1021 1835 novo
1047 1809 1129 1836 testa-

278 1860 371 1886 mento
393 1856 592 1893 multiplicatus
606 1858 648 1885 est
668 1856 789 1892 populus
804 1854 977 1884 credentium
998 1854 1130 1891 spiritua-

279 1904 340 1933 liter
352 1904 372 1932 4.
395 1904 495 1932 Petunt
519 1910 586 1940 ergo
612 1902 736 1936 Fratres,
757 1901 785 1930 in
815 1901 946 1938 mysterio
968 1900 1053 1929 huius
1077 1909 1129 1929 nu-

278 1951 348 1981 meri
376 1953 502 1988 optantes
522 1950 549 1978 in
571 1949 720 1987 utriusque
751 1948 907 1978 testamenti
933 1948 1045 1977 Patrum
1075 1955 1130 1976 me-

279 1999 340 2028 ritis
361 1997 506 2032 exaudiri,
528 2005 599 2034 quos
630 2005 686 2025 non
706 1998 748 2025 est
768 1996 885 2025 dubium
917 1995 951 2024 ad
972 1994 1128 2032 angelicum

279 2045 449 2075 consortium
465 2044 640 2081 pervenisse,
662 2043 706 2073 vel
727 2051 792 2072 cum
820 2042 916 2080 viginti
939 2045 1060 2079 quatuor
1074 2042 1130 2071 sint

280 2093 366 2122 horae
387 2092 523 2121 naturalis
543 2091 609 2126 diei,
637 2091 725 2119 oratio
746 2090 826 2119 istius
853 2090 962 2119 numeri
990 2090 1058 2126 petit
1086 2097 1129 2118 re—

281 2140 403 2169 medium
425 2138 560 2175 temporis
580 2137 713 2167 universi.
730 2153 766 2158 -
792 2137 874 2171 Item,
895 2137 1048 2165 matutinae
1070 2136 1129 2165 lau-

281 2186 342 2221 des,
364 2194 435 2223 quae
456 2194 472 2214 a
493 2185 601 2214 clericis
621 2184 817 2218 decantantur,
839 2183 989 2212 novenario
1011 2183 1129 2219 psalmo-

504 227 702 256 OPUSCULUM
722 226 789 254 XVI.
812 225 987 254 EXPOSITIO
1008 225 1111 254 SUPER
1133 224 1287 254 REGULAM
1307 225 1462 254 FRATRUM
1483 224 1645 254 MlNORUM.
1667 224 1736 253 CAP.
1759 225 1799 253 ΙΙΙ.

1181 311 1244 331 111111
1254 325 1261 337 ,
1283 303 1430 332 lectionum
1446 311 1477 332 ac
1491 306 1625 332 cantuum
1638 303 1859 340 distinguuntur,
1879 306 1910 332 ut
1926 304 2028 341 angeli-

1182 357 1227 378 cos
1248 357 1347 378 novem
1369 350 1480 378 ordines
1497 352 1713 387 repraesentent.
1730 366 1768 370 —-
1783 350 1922 379 Numerus
1936 354 2028 380 autem

1181 395 1332 433 vigesimus
1353 398 1471 433 quartus
1498 399 1648 433 generatur
1677 404 1713 425 ex
1743 396 1830 425 ductu
1858 397 1971 425 ternarii
2000 398 2027 426 in

1181 443 1365 472 octonarium.
1389 443 1417 471 111
1439 443 1562 471 ternario
1589 446 1682 472 autem
1712 451 1848 472 numerus
1876 444 2029 473 credendo-

1182 499 1268 525 rum,
1290 490 1317 518 in
1339 490 1481 519 octonario
1508 489 1613 518 iustitia
1634 489 1798 527 intelligitur
1826 490 2029 528 ayendorzcm;

1182 539 1224 566 est
1244 537 1317 566 enim
1339 537 1492 566 secundum
1514 537 1697 574 Augustinum
1712 537 1723 554 ⁵
1752 546 1887 567 numerus
1909 532 2029 568 iustitiae

1182 584 1334 621 unicuique
1349 592 1400 613 sua
1422 583 1576 613 tribuentis,
1592 584 1663 612 Laici
1686 584 1787 621 igitur,
1810 585 1858 622 qui
1878 584 1912 613 ad
1934 585 2029 615 laudes

1182 631 1319 668 angelicas
1339 630 1383 660 vel
1414 630 1590 668 intelligenda
1622 631 1754 667 mysteria
1784 639 1839 660 non
1861 635 2027 669 assurgunt,

1182 678 1386 715 simplicitatem
1404 686 1483 707 suam
1505 678 1532 706 in
1548 678 1601 706 [ide
1623 680 1650 706 et
1672 678 1777 707 iustitia
1792 678 1819 707 in
1841 679 1893 708 1100
1914 687 2031 708 1111111010

1182 725 1366 762 profitentur,
1388 724 1455 753 dum
1475 724 1635 753 octonarius
1656 724 1690 753 ad
1712 725 1862 760 iustitiam,
1891 726 2032 755 ternarius

1182 772 1216 801 ad
1238 771 1319 800 fidem
1341 772 1461 808 pertinet
1482 771 1631 800 Trinitatis.

1263 820 1288 847 5.
1311 818 1458 855 Sequitur:
1486 818 1547 847 Pro
1581 818 1753 847 Laitclibu3⁶
1785 819 1921 857 quinque.
1956 819 2032 849 Sicut

1183 866 1351 894 matutinum
1371 865 1493 894 officium
1522 865 1618 894 laudes
1639 865 1775 902 significat
1800 866 1902 895 civium
1932 874 2031 903 super-

1183 921 1299 946 norum,
1321 913 1360 941 sic
1385 912 1507 941 officium
1532 912 1657 941 Laudum
1686 913 1792 941 cultum
1822 913 1957 950 significat
1980 915 2032 942 Ec-

1183 959 1285 988 clesiae
1306 968 1322 988 a
1342 967 1423 988 mane
1446 959 1579 988 Ecclesiae
1601 959 1757 996 primitivae
1778 968 1868 997 usque
1889 960 1923 989 ad
1942 960 2032 989 lucem

1183 1006 1299 1040 claram,
1321 1015 1405 1043 quam
1428 1006 1455 1034 in
1478 1006 1532 1035 fine
1553 1006 1655 1035 saeculi
1678 1010 1880 1043 exspectamus.
1898 1007 2034 1044 Incipiunt

1183 1054 1256 1082 enim
1279 1062 1295 1082 a
1315 1062 1402 1090 regno
1422 1053 1524 1082 Christi
1546 1053 1673 1082 decorem
1696 1053 1784 1082 induti
1797 1054 1808 1070 ⁷
1829 1054 1856 1082 in
1872 1055 1974 1091 populo
1989 1054 2033 1083 Iu-

1183 1101 1332 1134 daeorum,
1354 1108 1404 1137 per
1426 1100 1544 1128 iubilum
1567 1100 1656 1129 omnis
1672 1103 1763 1129 terrae
1784 1104 1976 1136 transeuntes,
2006 1102 2033 1130 in

1184 1148 1287 1184 populo
1308 1148 1431 1184 gentium
1462 1148 1551 1176 lucem
1574 1148 1649 1184 pacis
1676 1147 1766 1176 datam
1795 1147 1917 1177 fatentur
1944 1148 2034 1177 Eccle—

1184 1195 1254 1229 siae,
1276 1198 1303 1223 et
1323 1194 1393 1223 duos
1416 1194 1535 1223 Psalmos
1556 1194 1638 1223 tertio
1654 1195 1824 1231 copulando,
1847 1195 1965 1232 duplicis
1986 1204 2034 1232 po-

1185 1241 1242 1278 puli
1271 1241 1446 1270 concordiam
1475 1244 1693 1278 repraesentant.
1721 1242 1909 1270 Transeuntes
1939 1245 2033 1271 autem

1185 1296 1234 1325 per
1256 1288 1394 1316 canticum
1427 1287 1514 1316 trium
1542 1295 1694 1324 puerorum
1715 1288 1743 1316 in
1771 1288 1917 1323 caminos,
1940 1288 2035 1318 laudes

1186 1338 1395 1372 repraesentant
1416 1334 1550 1363 Ecclesiae
1577 1334 1630 1363 sub
1651 1335 1833 1369 antichristo;
1859 1338 1887 1364 et
1915 1343 1978 1365 cum
2007 1336 2034 1365 in

1186 1382 1276 1410 tribus
1298 1382 1409 1419 psalmis
1431 1381 1526 1410 laudes
1554 1382 1674 1418 iungunt
1694 1382 1805 1416 ultimo,
1835 1385 1945 1420 tempus
1974 1385 2035 1420 post

1185 1429 1379 1458 antichristum
1402 1429 1572 1466 significant,
1594 1428 1705 1465 quando
1726 1436 1791 1457 cum
1806 1429 1969 1459 Christianis
1987 1430 2035 1467 qui

1186 1484 1276 1513 usque
1304 1479 1370 1505 tunc
1391 1476 1507 1505 fuerunt
1534 1476 1624 1504 Iudaei
1656 1478 1683 1504 et
1714 1475 1812 1513 pagani
1843 1476 1870 1505 in
1898 1485 1955 1505 una
1980 1477 2035 1506 fide

1186 1523 1279 1552 sociati
1303 1523 1451 1551 Dominum
1477 1523 1682 1552 collaudabunt.
1703 1523 1818 1560 Propter
1840 1523 1889 1552 has
1910 1524 2035 1561 quinque

1186 1571 1332 1607 petitiones
1367 1570 1480 1599 laudum
1515 1570 1765 1599 ecclesiasticarum
1803 1574 1871 1608 puto
1905 1575 2033 1601 sanctum

1186 1617 1363 1646 Franciscum
1391 1617 1467 1646 hunc
1496 1617 1656 1654 quinarium
1678 1617 1755 1647 laicis
1782 1618 1952 1656 assignasse,
1981 1619 2032 1648 nisi

1186 1664 1212 1692 in
1236 1664 1288 1692 hoc
1309 1664 1380 1693 forte
1409 1672 1525 1693 numero
1552 1664 1707 1692 differentia
1731 1664 1888 1701 assignetur
1920 1664 2035 1694 laudum

1186 1711 1346 1741 caelestium
1368 1714 1395 1740 et
1418 1711 1609 1745 terrestrium3
1632 1711 1712 1739 iuxta
1733 1711 1806 1748 quod
1828 1711 1856 1740 in
1884 1712 1937 1741 hoc
1958 1712 2034 1741 diffe-

1187 1762 1254 1788 runt
1274 1758 1464 1792 hierarchiae,
1486 1758 1552 1795 quia
1573 1757 1701 1787 caelestis
1722 1758 1816 1787 laudat
1844 1758 1931 1787 Deum
1954 1758 2034 1787 intel-

1186 1805 1356 1839 lectualiter,
1387 1805 1572 1833 sztbcctetestis
1598 1807 1691 1834 autem
1712 1813 1762 1842 per
1794 1805 1933 1834 sensibilia
1961 1813 2035 1842 sym-

1186 1853 1249 1882 bola
1260 1852 1280 1887 ⁹,
1302 1860 1374 1890 quae
1395 1852 1505 1889 quidem
1527 1852 1619 1881 omnia
1647 1860 1697 1889 per
1717 1852 1842 1889 quinque
1863 1860 1962 1881 sensus
1990 1860 2035 1882 co-

1186 1903 1369 1937 gnoscuntur,
1389 1899 1457 1928 dum
1486 1899 1610 1928 auditus
1631 1899 1725 1928 laudat
1746 1899 1772 1927 111
1802 1899 1931 1934 canticis,
1952 1899 2035 1928 visus

1186 1947 1213 1975 in
1228 1946 1413 1981 ornamentis,
1436 1950 1531 1975 taetus
1546 1946 1573 1975 in
1588 1946 1742 1984 obsequiis,
1761 1949 1868 1984 pitsius
1882 1946 1909 1975 11]
1931 1946 2035 1975 sacrifi-

1186 1994 1227 2023 cio
1248 1994 1359 2028 altaris,
1382 1993 1509 2031 olfactus
1530 1994 1558 2022 111
1577 1993 1730 2030 fragrantia
1756 1993 1864 2028 thuris,
1887 1996 1913 2022 et
1935 1993 1958 2022 si
1980 2001 2036 2031 qua

1186 2041 1286 2070 similia
1307 2041 1340 2069 ad
1361 2040 1540 2077 fragrantiam
1561 2040 1738 2069 adhibentur.

1266 2088 1291 2116 6.
1314 2087 1461 2124 Sequitur:
1479 2095 1537 2124 pro
1560 2087 1681 2121 Prima,
1703 2087 1732 2116 in
1759 2095 1815 2124 qua
1840 2087 1975 2116 Dominus
1999 2086 2033 2115 ad

1185 2135 1329 2172 pontifices
1349 2137 1376 2163 et
1397 2137 1529 2171 tyrannos
1543 2134 1645 2163 ductus
1665 2138 1722 2168 est;
1751 2134 1858 2168 Tertia,
1877 2134 1904 2163 in
1920 2143 1976 2172 qua
1989 2142 2034 2163 ac-

1186 2185 1300 2211 cusatus
1320 2185 1348 2210 et
1362 2181 1499 2210 iudicatus
1520 2184 1577 2216 est,
1600 2182 1626 2210 in
1641 2189 1697 2219 qua
1717 2184 1744 2210 et
1759 2181 1900 2211 descendit
1914 2182 2035 2219 Spiritus

345 2367 352 2380 ¹
371 2369 482 2395 August..
499 2367 529 2389 de
546 2366 676 2392 Mendacio,
694 2372 713 2388 0.
735 2365 769 2387 19.
786 2372 808 2387 n.
827 2364 868 2387 40:
885 2365 1013 2387 innocentia
1026 2367 1072 2391 est,
1083 2370 1130 2393 qua

281 2408 335 2430 1111111
353 2413 473 2429 nocemus.

344 2445 353 2458 ²
371 2446 425 2468 Fide
443 2446 513 2468 ABD
534 2444 694 2472 supplevimus
717 2450 772 2467 cum
793 2443 897 2466 debitur:
921 2442 967 2466 Sed
989 2442 1064 2465 libera
1086 2449 1130 2466 izos

282 2492 296 2508 (t
313 2484 386 2507 malo.

344 2522 353 2535 ³
371 2523 444 2545 Codd.
462 2524 478 2545 Α
491 2523 507 2544 G
526 2525 548 2544 et
565 2522 602 2544 ed.
620 2522 640 2549 vl,
659 2521 766 2549 superius
789 2521 876 2543 ouiisso
893 2527 948 2544 cum
972 2520 1024 2549 (pro
1041 2527 1088 2549 quo
1112 2521 1129 2542 D

282 2562 361 2592 (litia),
380 2562 415 2584 liic
433 2562 540 2584 omittunt
557 2561 630 2590 suerit
648 2561 699 2588 (pro
717 2567 764 2589 quo
783 2560 800 2582 D
817 2561 869 2588 est).

344 2600 353 2613 ⁴
371 2600 416 2623 Cfr.
434 2600 526 2623 Alium-ii
545 2600 675 2627 presbyteri
692 2599 811 2626 Mctcnsis,
830 2599 866 2621 ΙΥ.
884 2599 913 2621 de
931 2599 1059 2621 Ecclesiast.
1076 2598 1130 2621 Offi-

282 2640 334 2667 ciis,
352 2646 370 2662 0,
390 2640 410 2662 9.
425 2640 521 2668 (Migne,
539 2639 620 2661 patrol.
634 2640 681 2661 Lat.
699 2642 754 2660 toni.
773 2638 828 2666 «105,
846 2638 890 2660 001,
907 2638 963 2659 1185
981 2638 1054 2666 5011),
1074 2637 1129 2659 ibid.

283 2679 304 2701 in
322 2678 514 2707 praecedentibus
531 2684 599 2706 capp.
622 2678 697 2705 agitur
715 2677 783 2699 etium
802 2677 831 2699 (10
853 2677 902 2699 aliis
926 2676 1030 2704 partibus
1053 2676 1130 2699 oflicii.

283 2718 342 2740 Vide
360 2718 427 2740 etiam
441 2718 532 2745 lsidor.,
551 2719 565 2739 l.
578 2717 607 2739 dc
624 2717 751 2739 Ecclesiast.
765 2716 861 2744 Officiis,
875 2723 893 2738 0.
912 2716 943 2737 li).
961 2722 1039 2744 seqq.;
1053 2716 1129 2743 Drogo

283 2757 400 2781 cardinal..
412 2757 441 2779 de
453 2757 540 2779 Divinis
552 2756 650 2783 01110115,
663 2757 746 2778 Honor.
759 2755 929 2783 Augustodun.,
941 2756 964 2777 ll.
977 2755 1073 2777 Gemma
1086 2755 1130 2776 ani-

284 2802 347 2823 mae,
364 2803 384 2818 c.
405 2797 422 2818 l.
440 2802 516 2824 seqq.;
536 2797 602 2824 llugo
620 2802 632 2817 a
651 2796 673 2817 S.
687 2795 757 2822 Vict.‚
771 2796 793 2817 ll.
805 2795 834 2817 <le
846 2795 931 2817 Officiis
949 2794 1073 2816 ecclesiast.
1089 2794 1131 2822 (111-

284 2838 316 2857 ter
333 2841 402 2862 opera
421 2835 521 2863 llugon.)
539 2841 559 2857 c.
575 2835 594 2857 1.
607 2841 673 2863 50(κ1.
684 2837 706 2856 et
718 2834 810 2856 Siccard
831 2833 980 2856 Creinonens.
997 2833 1079 2861 episc,
1093 2832 1130 2854 lV.

284 2874 369 2895 lllitrale
380 2891 384 2900 ‚
397 2880 415 2896 0.
433 2875 450 2896 l.
463 2880 528 2902 seqq.
545 2874 642 2902 (Migne,
656 2874 735 2896 Patrol.
755 2874 801 2895 Lat.
815 2876 869 2895 tom.
882 2873 939 2899 213,
952 2873 996 2894 col.
1011 2872 1053 2894 tte
1065 2878 1130 2900 seqq.

347 2911 356 2924 ⁵
374 2913 474 2935 Enarrat.
492 2913 515 2934 ’111
532 2913 567 2935 Ps.
586 2913 606 2935 ὓ.
623 2919 647 2935 n.
664 2914 690 2940 2,
709 2912 762 2939 ubi,
780 2912 921 2940 praemisso,
938 2912 1002 2940 quod
1019 2917 1131 2933 numerus

285 2951 445 2979 quaternarius
462 2954 555 2979 propter
572 2954 671 2979 quatuor
688 2952 800 2973 elementa
817 2951 845 2973 ad
865 2957 962 2978 corpus,
979 2953 1002 2972 et
1018 2950 1132 2972 tei-narius

287 2993 380 3018 propter
398 2993 546 3017 praeceptum
565 2990 693 3013 dilectionis
711 2992 747 3019 (ex
765 2993 811 3012 toto
829 2990 912 3016 corde,
928 2996 954 3012 ex
978 2992 1023 3012 tota
1041 2990 1130 3016 anima,

285 3035 312 3050 cx
330 3032 374 3051 tota
393 3031 476 3057 niente)
495 3030 523 3050 ad
542 3030 643 3051 animum
657 3030 780 3057 pertineat,
797 3029 864 3051 dicit:
883 3029 1032 3057 Quaternario
1046 3029 1068 3051 in
1082 3035 1131 3051 001·-

1188 2370 1241 2392 pus,
1260 2364 1358 2385 ternario
1376 2363 1398 2385 in
1411 2363 1515 2385 animum
1527 2362 1660 2388 dJstributo,
1677 2362 1752 2384 veniet
1765 2363 1862 2385 octavus
1879 2362 1957 2385 iudicii
1972 2362 2033 2390 dies,

1187 2403 1225 2431 qui
1245 2403 1330 2425 inci-itis
1348 2402 1451 2424 tribuens
1468 2402 1531 2430 quod
1549 2401 1659 2427 debetur,
1677 2401 1722 2423 iam
1741 2407 1786 2423 uon
1804 2401 1834 2423 ad
1856 2407 1926 2429 opera
1944 2404 2032 2430 tempo-

1187 2442 1253 2469 ralia,
1271 2442 1312 2464 sed
1329 2442 1357 2463 ad
1376 2442 1447 2463 vitam
1470 2444 1587 2463 aeternam
1610 2441 1704 2462 Sanctus
1723 2441 1853 2468 transferet,
1877 2440 1960 2468 impios
1977 2446 2034 2462 vero

1187 2480 1306 2504 damnabit
1323 2481 1344 2503 in
1362 2483 1490 2502 aetornum.

1249 2518 1259 2531 ⁰
1276 2521 1361 2542 Textus
1378 2519 1494 2547 originalis
1512 2518 1558 2541 Pro
1576 2517 1663 2540 Laude.
1683 2518 1777 2540 lnferius
1794 2524 1836 2546 pro
1854 2517 1957 2548 officium
1974 2518 2035 2541 Lau-

1187 2558 1244 2581 dum.
1261 2560 1278 2580 Α
1288 2563 1309 2580 01
1326 2559 1363 2581 ed.
1385 2558 1390 2580 l
1412 2558 1515 2588 officium
1532 2557 1628 2580 Laudis.
1647 2558 1679 2579 Du
1703 2557 1793 2585 Gange,
1816 2557 1957 2579 Glossarium
1975 2560 2033 2579 etc.:

1187 2599 1262 2625 Laus,
1284 2597 1388 2624 Laudes,
1407 2604 1460 2625 pars
1478 2597 1555 2619 ultima
1573 2597 1641 2619 oflicii
1659 2597 1798 2619 nocturnalis
1815 2600 1857 2618 etc.

1251 2636 1259 2649 ⁷
1277 2637 1406 2664 Respicitur
1425 2636 1513 2664 primus
1526 2636 1560 2658 Ps.
1573 2635 1677 2657 Laudum
1697 2634 1812 2658 Dominus
1829 2634 1952 2664 regnavit,
1969 2634 2033 2657 deco-

1187 2682 1238 2699 rem
1256 2675 1353 2699 inclutus
1371 2677 1419 2703 est,
1436 2675 1535 2697 subinde
1552 2674 1682 2701 secundus,
1695 2673 1793 2696 litliilate
1805 2674 1852 2697 Deo
1864 2673 1941 2697 omnis
1953 2675 2033 2701 terra,

1188 2718 1209 2737 ct
1227 2715 1319 2741 tertius,
1338 2715 1412 2742 Deus,
1433 2715 1493 2737 Deus
1510 2719 1591 2741 meus,
1608 2712 1640 2735 ud
1656 2714 1676 2736 te
1694 2712 1721 2735 di*
1739 2713 1790 2736 luce
1808 2712 1891 2742 t-iyz'to,
1909 2713 1945 2735 0111
1964 2718 2036 2740 001111-

1188 2755 1246 2776 latur
1264 2755 1297 2776 l‘s.
1316 2755 1378 2777 Deus
1396 2754 1538 2776 misereatur
1556 2753 1618 2781 (post
1634 2752 1703 2775 tei-tio
1720 2752 1803 2780 supple
1820 2752 1888 2779 loco).

1250 2792 1259 2805 Β
1277 2793 1345 2822 Quod
1363 2793 1383 2815 in
1402 2792 1519 2815 Laudibus
1534 2795 1616 2820 quarto
1632 2792 1682 2813 1000
1703 2791 1808 2819 ponitur,
1826 2791 1862 2813 0111
1884 2790 1965 2819 quinto
1982 2790 2032 2812 1000

1187 2833 1360 2860 subiunguntur
1378 2835 1423 2854 tres
1445 2831 1517 2854 ultimi
1537 2831 1617 2853 Psalmi
1646 2830 1757 2853 148-150:
1781 2829 1886 2853 Laminie
1906 2829 2032 2853 Dominum

1188 2872 1214 2895 de
1232 2872 1302 2895 caetis
1320 2874 1363 2893 etc.
1380 2885 1411 2887 —
1429 2871 1523 2893 Inferius
1540 2874 1592 2898 post
1609 2871 1630 2893 et
1647 2876 1701 2893 cum
1715 2870 1732 2891 D
1743 2869 1904 2898 prosequitur:
1922 2868 1946 2891 in
1957 2867 2033 2892 tribus

1185 2911 1268 2941 pueris·
1286 2910 1380 2933 landem
1393 2910 1508 2939 inrepunt,
1521 2909 1632 2932 ultimum
1650 2910 1740 2938 tempus
1758 2911 1815 2936 ete.;
1833 2914 1876 2936 pro
1893 2914 1948 2931 omn
1967 2907 2033 2931 Chri-

1187 2950 1271 2973 stianis
1289 2950 1328 2978 (ita
1346 2950 1372 2978 D)
1391 2951 1408 2972 Α
1418 2950 1436 2971 G
1453 2955 1468 2971 α
1486 2948 1641 2976 Christianis,
1654 2948 1690 2970 alii
1703 2948 1771 2970 codd.
1785 2951 1807 2969 et
1821 2947 1870 2969 Vat.
1883 2946 2032 2970 Christianis.

1250 2988 1259 3001 ⁰
1276 2990 1304 3012 Ut
1316 2989 1414 3011 insinuat
1427 2989 1530 3016 Dionys„
1543 2988 1572 3010 de
1583 2987 1678 3010 Caelesti
1690 2987 1835 3012 Hier-archia,
1847 2993 1866 3009 c.
1882 2987 1888 3008 l
1905 2986 1919 3014 S
1930 2987 1951 3008 2.
1971 2992 2032 3014 seq-3

1188 3028 1217 3050 de
1235 3028 1390 3050 Ecclesiastica
1408 3027 1551 3053 llierarchia,
1570 3033 1590 3049 0.
1612 3027 1630 3048 l.
1647 3026 1660 3054 ⁴2]
1678 3028 1698 3048 Ξ.
1716 3030 1738 3048 et
1756 3026 1777 3048 4.

2047 825 2119 846 Continu
2123 834 2133 848 ιι

2052 1532 2118 1552 Norant
2127 1544 2133 1553 1,

2051 2093 2078 2112 De
2090 2097 2118 2120 me
2126 2096 2133 2115 ,1

2065 2121 2118 2140 passi·

2071 2140 2119 2159 Clu-'u
