2133 3317
17 533 94 555 ‚mutim

17 558 30 576 rl
43 557 96 576 itine-

21 586 30 600 ε
37 580 95 600 exelu-

1 629 6 634 Ι
28 603 95 628 equita-

18 765 88 786 hisatio.

17 1978 84 2021 ifflein

14 2050 72 2068 untur.

10 2095 68 2115 tanda.

335 214 530 243 OPUSCULUM
550 213 616 242 XVI.
638 213 811 242 EXPOSITIO
832 213 934 242 SUPER
956 214 1109 243 REGULAM
1129 215 1283 244 FRATRUM
1303 215 1464 245 MINORUM.
1486 216 1554 244 CAP.
1576 216 1617 245 IV.

108 293 141 322 ad
162 295 285 328 tempus,
307 292 330 320 si
345 291 504 320 scandalum
526 291 666 319 immineat
680 291 782 327 populo
803 291 946 328 generale;

107 339 179 369 unde
206 338 322 367 Glossa¹
342 337 408 366 dicit
436 345 520 374 super
545 337 618 366 dicto
638 337 724 366 verbo
751 338 879 366 Matthaei
900 338 947 366 de-

108 386 192 415 cimo:
219 396 233 410 «
246 385 304 413 Non
324 384 430 413 dehetis
451 383 596 417 resistere,
619 383 665 412 sed
686 383 718 412 ad
740 386 850 421 tempus
864 384 947 413 decli-

106 439 185 466 nare,
206 433 238 460 ut
258 430 319 459 aliis
340 430 449 467 possitis
469 430 599 467 prodesse
613 442 641 458 n.

187 478 230 506 14.
252 477 303 506 Sed
325 485 375 514 pro
395 476 553 505 seclusione
573 477 760 515 equitationis
781 477 889 506 subdit:
912 478 948 506 Et

106 533 164 554 non
183 523 303 552 debeant
315 523 462 561 equitare,
483 526 511 551 et
532 531 581 560 per
596 531 767 560 consequens
787 531 837 552 nec
852 524 946 560 bigare

106 573 154 600 aut
184 569 365 607 quadrigam,
397 577 468 606 quae
499 569 610 598 maioris
641 573 706 598 sunt
733 573 858 604 sumtus;
887 570 948 598 nisi

106 615 263 653 manifesta
283 615 464 649 necessitate,
486 616 587 652 prolixi
617 616 660 644 vel
681 616 803 652 impediti
824 616 945 650 itineris,

105 663 148 692 vel
168 662 268 699 negotii
290 662 429 699 urgentis,
450 662 494 690 vet
513 661 683 699 infirmitate
704 666 856 700 coya-ntur.
876 663 947 691 Dicit

105 712 196 738 autem
223 717 281 737 non
302 708 421 737 debeant
446 708 585 747 equitare,
609 717 658 745 pro
678 717 711 737 eo
736 709 810 746 quod
838 712 880 738 est
900 709 946 737 de-

105 757 187 786 beant
207 764 266 784 non
285 755 424 794 equitare.
440 771 477 776 -
494 755 545 784 Sed
566 755 633 784 illud
655 755 764 784 videtur
785 756 945 792 perfectioni

104 803 306 837 contrariuui²³‚
327 803 457 839 quoniam
478 803 598 831 multum
619 802 751 831 itinerans
772 810 882 831 necesse
897 803 945 831 ha-

103 851 150 880 bet
163 850 231 879 cibis
245 853 272 878 et
286 849 396 886 potibus
410 849 562 878 secundum
585 849 687 878 laboris
700 849 867 886 exigentiam
883 850 946 886 plus

103 904 186 934 quam
207 896 334 933 equitans
355 896 491 930 recreari,
506 899 533 924 et
548 904 597 932 per
618 903 789 932 consequeus
804 896 867 932 plus
881 896 945 924 dor-

102 943 184 978 mire;
199 943 251 972 hoe
265 946 358 971 autem
380 943 493 979 impedit
514 943 678 971 exercitium
701 943 858 979 spirituale,
880 944 946 980 quia

102 990 227 1028 prolixae
248 990 356 1027 vigiliae
377 997 484 1018 summe
512 992 577 1018 sunt
597 990 768 1018 necessariae
789 990 944 1018 sanctitati:

63 1044 86 1063 ·.
102 1037 201 1066 melius
221 1044 287 1073 ergo
301 1039 372 1065 esset
392 1036 526 1073 equitare.
542 1052 580 1056 —
594 1036 761 1073 Respondeo.
780 1036 944 1073 Exemplum

102 1084 202 1112 Christi
230 1083 384 1112 itinerantis
411 1086 438 1112 et
465 1083 664 1119 discipulorum
685 1091 799 1111 suorum
821 1083 944 1111 omnium

102 1133 143 1160 est
166 1130 245 1158 alteri
273 1129 500 1166 praeferendum
529 1132 555 1157 et
583 1129 710 1165 quamvis
737 1129 875 1158 itineratio
896 1130 945 1158 ali-

102 1183 184 1213 quem
207 1175 473 1208 habeatdefectum,
496 1175 574 1212 longe
590 1178 680 1204 tamen
702 1175 836 1204 minorem
858 1184 943 1212 quam

101 1222 248 1259 equitatio,
270 1222 335 1250 dum
358 1222 435 1250 labor
456 1222 563 1250 itineris
583 1222 761 1251 vehementer
783 1230 884 1259 corpus
905 1223 944 1250 as-

101 1269 170 1306 fligit
190 1272 218 1298 et
239 1269 377 1298 lasciviam
399 1269 538 1303 excludit,
559 1269 593 1298 ad
615 1277 697 1306 qnam
720 1269 853 1306 equitatio
882 1270 943 1306 plu-

101 1316 203 1344 rimum
233 1315 368 1352 disponit,
390 1324 444 1344 non
473 1316 562 1344 solum
591 1324 607 1344 a
628 1324 743 1352 corpore
771 1316 944 1345 excludendo

100 1363 271 1399 angustiam,
293 1362 368 1399 quod
388 1371 442 1391 non
471 1363 658 1399 angustiatum
681 1370 747 1391 mox
773 1363 800 1391 in
823 1363 944 1400 turpitu—

100 1409 190 1438 dinem
213 1409 314 1443 tendit,
331 1417 426 1438 verum
449 1409 531 1438 etiam
552 1409 670 1438 calorem
693 1409 881 1438 membrorum
897 1417 944 1446 ge-

100 1456 225 1485 nitalium
249 1456 353 1493 pluries
381 1456 585 1484 inflammando.
608 1456 683 1484 Unde
707 1456 876 1493 equitantem
905 1456 943 1484 fa-

99 1505 160 1532 teor
180 1503 327 1540 aliquando
355 1503 417 1539 plus
437 1503 551 1540 vigilare
582 1503 739 1537 extensive,
768 1503 942 1532 itinerantem

99 1552 190 1578 autem
212 1549 332 1586 amplius
353 1549 498 1578 intensive.
521 1549 549 1577 ln
575 1549 763 1578 itinerantium
785 1553 878 1578 auten]
900 1558 943 1578 so-

99 1596 195 1625 latium
216 1596 350 1625 Dominus
371 1596 428 1632 ipse
450 1596 537 1624 voluit
558 1604 647 1632 usque
668 1596 701 1624 ad
723 1599 829 1624 sextam
846 1596 942 1624 horam

69 1660 72 1663 -
98 1642 243 1671 ambulans
262 1642 385 1679 fatigare,
407 1645 438 1671 ut
460 1642 560 1679 legitur
582 1642 688 1671 Ioanms
709 1643 840 1679 quarto³.
863 1643 942 1671 Prae-

99 1691 174 1718 terea
194 1689 355 1718 itinerantes
376 1691 492 1725 possunt
513 1689 592 1726 longe
614 1689 712 1717 melius
733 1689 941 1718 somnolentiam

98 1735 208 1764 vincere
228 1743 312 1772 quam
333 1736 503 1772 equitantes,
526 1738 553 1764 et
574 1736 596 1764 si
618 1735 702 1764 sobrii
724 1736 787 1769 sint,
803 1736 942 1764 sufficien-

99 1782 203 1810 tissime
224 1782 337 1819 vigilare
358 1782 485 1811 similiter
506 1785 533 1811 et
553 1790 647 1816 orare;
670 1782 742 1810 unde
764 1782 941 1811 Ecclesiastae

99 1829 242 1858 decim04:
270 1829 336 1858 Vidi
354 1837 453 1857 servos
481 1829 512 1857 in
532 1829 613 1867 cquis
641 1833 666 1858 et
685 1829 833 1866 principes
854 1829 943 1867 quasi

98 1884 196 1904 servos
217 1875 399 1904 ambulantes
419 1884 508 1912 supet·
530 1879 649 1904 terrain.

182 1924 224 1951 13.
247 1922 278 1950 Et
299 1922 330 1951 in
357 1931 570 1960 quanicumque
598 1923 717 1951 (Iomitni
749 1922 940 1956 intraverint,

99 1969 133 1997 ad
154 1969 360 2006 procurandum
382 1969 537 1998 animarum
556 1969 659 1998 scilicet
674 1970 801 2003 salutem,
813 1970 939 1998 Matthaei

101 2016 218 2044 sexto—⁷¹:
240 2016 379 2044 Primum
399 2016 529 2053 quaerite
553 2025 678 2053 regnum.
704 2017 755 2044 Dei
782 2019 850 2050 etc.;
875 2016 941 2053 pri-

100 2071 182 2091 mum
202 2063 322 2091 dicant.-
344 2063 412 2091 Pax
433 2062 501 2091 Intic
522 2063 633 2096 domui,
660 2063 812 2092 secundnm
839 2063 941 2092 doctri-

99 2117 162 2137 nam
183 2109 298 2143 Christi,
314 2109 440 2138 Matthaei
462 2109 576 2138 decimo.
592 2109 718 2146 Optando
738 2113 829 2138 autem
846 2117 940 2146 pacem

99 2158 226 2193 optamus
246 2163 355 2185 omnem
377 2156 566 2185 liberationem
595 2164 611 2184 a
635 2156 707 2185 malo
734 2159 761 2184 et
791 2156 941 2193 promotio-

162 2334 170 2347 ¹
188 2335 278 2357 Scilicet
290 2334 461 2362 interlinearis,
479 2341 538 2364 quae
555 2338 632 2358 tamen
647 2342 689 2363 pro
701 2336 810 2359 resistere
826 2336 942 2359 substituit

100 2371 217 2396 desistere.
230 2373 290 2395 Beda
308 2373 328 2395 in
341 2373 440 2395 eundem
458 2374 500 2395 loe.
513 2374 589 2395 Matth.
605 2374 642 2402 10,
660 2375 701 2396 23:
713 2375 761 2396 Non
774 2374 876 2397 timendo
889 2381 941 2402 pas-

99 2411 200 2439 sionem,
212 2412 253 2434 sed
270 2412 418 2439 declinando,
430 2415 455 2435 ut
472 2412 624 2435 tribulationis
636 2413 726 2436 occasio
743 2414 892 2436 seminarium
904 2414 941 2436 fle·

99 2453 134 2473 ret
150 2451 276 2479 Evangelii.

161 2489 170 2502 ²
187 2490 249 2512 Hanc
266 2489 418 2513 obtectionem
435 2493 457 2512 et
479 2490 529 2513 eius
545 2490 682 2513 solutionem
700 2491 861 2519 supplevimus
878 2497 905 2513 ex
922 2491 940 2513 Α

99 2527 194 2551 BCFG
211 2532 233 2551 et
249 2529 287 2551 ed.
308 2529 327 2551 t.

162 2567 171 2580 ³
189 2568 252 2590 Vers.
265 2568 290 2590 6:
309 2568 370 2590 lesus
381 2574 448 2596 ergo,
460 2568 566 2595 fatigatus
578 2574 604 2590 ex
617 2568 708 2596 itinere,
719 2568 814 2591 sedehat
826 2569 858 2590 sic
869 2574 940 2596 supra

101 2607 193 2629 sontem.
210 2607 270 2629 liora
287 2609 335 2629 erat
347 2607 413 2635 quasi
430 2610 501 2629 sexta.
808 2606 818 2619 ⁴
837 2607 901 2629 Vers.
918 2607 940 2629 7.

162 2644 171 2658 ⁵
189 2646 253 2668 Vers.
271 2646 309 2668 33.
325 2649 348 2668 et
361 2645 459 2668 subinde
477 2647 518 2672 40,
537 2646 578 2668 ⁴2:
596 2646 704 2668 intrantes
721 2648 797 2668 autem
810 2646 831 2668 in
844 2646 940 2668 domum

100 2684 195 2706 salutate
211 2691 274 2712 eam,
290 2685 402 2707 dleentes:
420 2686 463 2707 Pax
482 2685 534 2707 huic
551 2685 638 2707 domui.
752 2692 754 2694 ’

162 2722 171 2736 ⁰
188 2723 297 2751 August,
316 2724 376 2746 XIX.
395 2723 424 2746 de
441 2723 490 2746 Civ.
514 2724 565 2751 Dei,
589 2730 608 2745 c.
627 2724 663 2745 13,
680 2730 703 2745 n.
725 2723 746 2745 l:
770 2724 813 2745 Pax
835 2724 939 2745 omniurn

100 2767 190 2789 rerum,
207 2762 357 2790 tranquillitas
380 2762 474 2784 ordinis.
492 2763 539 2785 Pro
562 2761 652 2785 ordinis
676 2762 719 2791 (ita
735 2762 763 2791 G)
789 2762 804 2784 F
825 2761 939 2790 rationis,

101 2800 136 2822 ed.
155 2801 163 2822 t
185 2800 313 2828 orationis,
332 2801 382 2823 Vat.
400 2800 486 2824 cordis.

163 2838 171 2851 ⁷
189 2839 230 2861 Ed.
251 2841 255 2861 I
277 2839 318 2862 Est
335 2839 405 2863 eliam
422 2839 459 2862 liic
476 2838 616 2862 notandum.

162 2876 171 2890 Β
190 2878 254 2900 Vers.
273 2879 299 2905 8,
317 2881 369 2906 post
385 2884 455 2907 quem
474 2884 496 2900 v.
516 2879 538 2900 9.
555 2878 629 2906 Beda,
647 2878 668 2899 in
686 2878 761 2899 Matth.
779 2877 819 2904 to,
833 2878 857 2899 8:
875 2877 940 2907 lusit--

100 2921 151 2939 mos
167 2918 250 2940 curate
266 2920 322 2939 ete:
339 2917 400 2939 Hanc
418 2917 481 2939 dedit
497 2917 530 2939 eis
547 2920 681 2944 potestatem
699 2923 798 2944 regnum
820 2917 859 2938 Dei
877 2916 941 2944 polli-

101 2955 215 2982 centibus,
233 2958 257 2977 ut
278 2956 461 2983 magnitudinem
484 2956 650 2983 promissorum
673 2955 808 2982 magnitudo
833 2954 941 2982 probaret

101 2993 233 3021 signorum,
252 2995 307 3016 hacc
327 2994 429 3022 quotidie
449 2997 525 3016 sancta
544 2994 594 3016 facit
607 2994 716 3022 Ecclesia,
734 3000 788 3016 eum
803 2993 906 3016 infirmos
919 2994 940 3015 in

1791 218 1844 246 411

1006 299 1068 320 nem
1084 292 1111 320 in
1133 292 1213 321 bono.
1231 293 1275 322 Est
1289 293 1362 322 enim
1382 305 1396 318 «
1406 301 1461 330 pax
1483 294 1669 331 tranquillitas
1684 294 1807 324 ordinis⁶
1820 307 1846 324 ν.

1005 355 1042 358 -
1055 339 1089 366 Et
1109 339 1268 368 secundum
1290 344 1426 368 sanctum
1446 341 1636 378 Euanyelimn
1657 341 1690 369 (te
1712 341 1847 370 omnibus
1863 348 1987 395 qqssaiiiegffiss

1004 384 1088 418 cibis,
1110 385 1162 423 qui
1189 390 1381 423 apponantur
1407 387 1461 422 eis,
1484 387 1566 416 liceat
1586 388 1777 417 manducare.
1806 389 1846 418 Si-

1003 435 1119 468 gnanter
1144 432 1210 461 dicit
1237 432 1334 467 liceat,
1366 442 1419 462 non
1450 435 1638 464 necessitatem
1665 435 1845 472 imponendo,

1003 477 1051 506 sed
1072 479 1224 507 secundum
1252 479 1449 517 indulgentiam
1475 481 1674 518 permittendo,
1703 485 1735 510 ut
1762 482 1845 517 sciat,

1003 532 1032 553 se
1053 527 1149 553 contra
1163 526 1293 562 Regulam
1315 535 1368 555 non
1383 528 1486 562 faeere,
1508 528 1529 557 si
1556 528 1619 565 qius
1640 529 1759 557 voluerit
1780 529 1846 558 sub-

1003 571 1097 600 limius
1118 572 1269 601 ambulare.
1291 590 1329 594 -—
1349 574 1444 604 Adhuc
1465 575 1616 604 notandum
1629 575 1649 609 ⁷,
1670 576 1744 612 quod
1765 576 1844 604 dicit:

1003 617 1086 646 liceat
1106 618 1139 646 (Ie
1160 619 1293 647 omnibns
1315 621 1506 655 manducare,
1527 629 1581 650 uon
1603 622 1776 658 simpliciter,
1798 622 1846 651 sed

1002 665 1161 693 seeundum
1182 669 1318 694 sunctum
1344 667 1543 704 Evankqetiuum.
1567 668 1641 697 Istud
1669 671 1761 697 autem
1790 677 1845 697 non

1002 711 1162 740 conceditur
1183 712 1234 740 nisi
1257 713 1284 741 In
1306 713 1517 749 praedicationis
1531 715 1662 744 euntibus
1684 715 1844 744 ministerio.

1002 758 1053 794 Qui
1074 767 1141 795 ergo
1161 767 1212 795 pro
1233 760 1389 788 animarum
1410 761 1499 790 salute
1520 769 1574 790 non
1596 762 1788 797 circumeunt,
1816 762 1844 791 in

1002 805 1053 834 hac
1072 805 1180 834 licentia
1202 806 1244 835 ius
1266 815 1319 834 non
1336 807 1445 836 habent.
1463 824 1498 827 —
1515 808 1594 842 Item,
1616 808 1730 837 dicendo
1744 818 1845 838 secun-

1002 852 1071 880 dum
1093 856 1228 881 sanctum
1251 853 1456 890 Ecanqetinm,
1478 854 1614 883 licentiam
1641 858 1790 892 temperat,
1813 859 1844 885 ut

1002 898 1105 927 scilicet
1132 898 1180 927 fiat
1204 900 1356 928 secundum
1378 901 1502 937 regulam
1524 902 1696 938 evangelicae
1717 902 1845 931 honesta-

1002 944 1044 973 tis.
1067 945 1142 973 Unde
1157 953 1220 974 cum
1244 946 1357 974 verbum
1374 947 1545 982 praedictum
1562 948 1689 976 trahatur
1708 948 1741 976 de
1756 949 1844 977 Lucae

1001 991 1107 1019 decimo
1128 992 1248 1028 capitulo
1260 992 1280 1026 ⁸,
1301 992 1349 1021 ubi
1374 993 1488 1021 dicitur:
1510 994 1684 1022 illanducute
1705 1003 1779 1032 qnae
1793 1003 1845 1031 ap-

998 1041 1152 1074 ponuntur
1174 1038 1269 1071 vobis;
1290 1039 1450 1073 notandum,
1466 1040 1539 1077 quod
1554 1040 1591 1068 ibi
1611 1041 1765 1069 immediate
1779 1041 1845 1070 sub-

1001 1083 1140 1120 iungitur:
1163 1088 1187 1112 et
1201 1089 1303 1113 curate
1317 1085 1466 1122 infirmos,
1488 1087 1540 1124 qni
1560 1087 1591 1115 in
1606 1087 1656 1115 illa
1677 1092 1754 1116 sunt.
1780 1087 1844 1116 Cer-

1002 1133 1059 1158 tum
1076 1133 1131 1164 est,
1147 1131 1213 1159 illud
1235 1131 1348 1168 intelligi
1368 1132 1549 1169 spiritualiter
1570 1133 1721 1162 secundum
1743 1134 1845 1170 princi-

1002 1177 1089 1213 palem
1119 1177 1287 1206 intellectum
1316 1178 1450 1207 vocabuli.
1479 1179 1535 1207 Non
1565 1183 1606 1208 est
1633 1183 1724 1208 autem
1747 1180 1845 1209 modus

1000 1224 1114 1252 curandi
1137 1224 1241 1253 anImas
1253 1225 1263 1241 ⁰
1278 1225 1483 1254 delicatioribus
1498 1226 1538 1254 uti
1560 1226 1684 1261 cibariis,
1705 1235 1788 1263 quam
1804 1227 1843 1255 illi

1000 1273 1131 1304 utantur,
1154 1271 1179 1298 in
1202 1280 1322 1308 quorum
1345 1273 1446 1300 mensis
1470 1272 1579 1301 Fratres
1600 1276 1760 1301 vescuntur.
1790 1274 1843 1302 lloc

1000 1317 1072 1345 enim
1088 1325 1141 1345 non
1157 1321 1198 1346 est
1213 1326 1312 1346 curare
1333 1318 1472 1352 infirmos,
1488 1319 1534 1347 sed
1549 1327 1565 1347 a
1579 1319 1740 1348 fortitudine
1754 1320 1788 1348 ad
1803 1320 1844 1348 in-

1000 1363 1157 1391 firmitatem
1180 1372 1318 1393 revocare.
1335 1381 1372 1385 —
1387 1365 1501 1400 Quando
1515 1373 1581 1402 ergo
1596 1366 1760 1402 principales
1781 1375 1843 1403 per-

1000 1417 1082 1437 sonae
1102 1410 1202 1438 demus
1223 1414 1249 1439 et
1270 1410 1387 1439 familiae
1408 1411 1545 1439 abstinent
1570 1420 1586 1439 a
1613 1412 1759 1446 carnibus,
1789 1421 1843 1441 non

1000 1459 1040 1484 est
1053 1456 1075 1472 ¹⁰
1090 1457 1248 1485 seczmctmn
1264 1461 1399 1486 sanctuni
1412 1457 1611 1494 Evanyetiitm,
1627 1458 1735 1487 Fratres
1753 1459 1779 1486 in
1795 1466 1844 1487 esu

999 1503 1126 1531 carnium
1146 1503 1237 1532 laxius
1258 1504 1409 1533 ambulare.
1440 1505 1519 1538 Item,
1542 1505 1588 1533 ubi
1611 1508 1652 1533 est
1673 1505 1843 1534 ferculorum

999 1549 1192 1586 superfluitas,
1214 1558 1268 1578 non
1296 1554 1337 1579 est
1365 1552 1536 1588 evangelicae
1567 1552 1718 1581 sanctitatis
1746 1560 1844 1589 super-

999 1596 1132 1624 fluitatem
1154 1604 1206 1625 usu
1228 1605 1295 1631 suo,
1317 1598 1359 1626 vel
1381 1598 1475 1626 verius
1492 1599 1581 1627 abusu
1603 1599 1773 1635 approbare;
1796 1599 1844 1628 sed

998 1643 1100 1679 magis,
1132 1644 1293 1672 necessitate
1326 1648 1455 1681 accepta,
1486 1645 1660 1673 dissimulare
1692 1645 1843 1682 prudenter

998 1689 1072 1726 quod
1093 1690 1191 1727 nequit
1211 1693 1277 1719 tunc
1298 1691 1355 1719 sine
1377 1691 1503 1719 seandalo
1525 1692 1698 1728 reprehendi.
1715 1692 1798 1726 Item,
1820 1692 1842 1721 si

998 1735 1082 1772 aliqui
1106 1736 1246 1773 Religiosi,
1267 1741 1423 1774 receptores
1438 1738 1581 1772 Fratrum,
1596 1741 1691 1766 contra
1713 1739 1843 1775 Regulam

998 1790 1076 1810 suam
1092 1791 1189 1811 carnes
1204 1784 1387 1818 comederent,
1404 1793 1455 1812 non
1471 1788 1542 1813 esset
1557 1785 1728 1821 evangelicae
1743 1786 1842 1814 sancti-

999 1829 1061 1857 tatis
1086 1829 1251 1866 participare
1272 1838 1334 1858 eum
1360 1831 1580 1866 praevaricatore
1601 1831 1628 1859 in
1650 1831 1777 1865 crimine,
1799 1832 1842 1860 vel

998 1876 1185 1904 carnalitatem
1208 1876 1390 1913 irregularem
1405 1885 1455 1905 suo
1470 1878 1607 1906 consortio
1629 1878 1793 1907 confirmare
1809 1879 1840 1906 ¹².

1281 1962 1485 1994 (CAPITULUM
1500 1963 1557 1995 IV.)

1133 2039 1201 2069 Qum>
1220 2039 1337 2064 FRATRES
1355 2047 1403 2065 NON
1422 2047 1552 2065 RECIPIANT
1572 2048 1704 2065 Psenmau.

1068 2117 1194 2148 Praecipio
1214 2117 1319 2142 firmiter
1332 2118 1464 2142 Fratribus
1483 2119 1621 2149 universis,
1641 2118 1670 2143 ut
1688 2119 1757 2144 nullo
1771 2119 1841 2144 modo

996 2160 1111 2184 denarios
1123 2160 1163 2184 vel
1176 2160 1304 2190 pecuniam
1317 2161 1438 2191 recipiant
1452 2168 1495 2192 per
1509 2168 1546 2191 se,
1560 2161 1599 2186 vel
1612 2168 1656 2192 per
1669 2161 1841 2192 interpositam

998 2335 1059 2358 bono
1076 2342 1146 2363 opere
1163 2338 1228 2358 curat
1245 2335 1412 2362 exhortatione,
1429 2339 1533 2358 mortuos
1551 2335 1573 2357 in
1586 2335 1716 2358 infidelitate
1734 2336 1770 2358 vel
1788 2342 1841 2364 pec-

997 2375 1053 2397 catis
1071 2381 1112 2402 per
1129 2374 1291 2402 poenitentiam
1308 2377 1402 2396 revocat
1419 2377 1460 2397 ete.
1478 2374 1523 2397 Csr.
1546 2375 1654 2402 Gregor.,
1671 2375 1694 2396 ll.
1718 2374 1800 2396 liomil.
1818 2374 1840 2396 in

998 2414 1085 2441 Evang.
1104 2413 1182 2435 homil.
1199 2413 1236 2435 29.
1254 2419 1275 2435 n.
1294 2413 1320 2439 4,
1338 2412 1376 2435 uhi
1393 2413 1471 2440 docet,
1489 2413 1616 2440 corporalia
1634 2413 1700 2441 signa
1717 2413 1740 2435 in
1757 2413 1840 2441 prInci-

997 2452 1036 2480 pio
1062 2452 1174 2474 Ecclesiae
1197 2452 1266 2474 fuisse
1283 2452 1422 2478 necessaria,
1445 2452 1484 2474 sed
1509 2458 1568 2474 nunc
1589 2453 1713 2474 Ecclesiam
1736 2452 1840 2480 quotidie

997 2491 1144 2518 spiritualiter
1161 2490 1252 2518 operari
1268 2496 1328 2518 quae
1345 2490 1446 2518 Apostoli
1463 2491 1612 2518 corporaliter
1630 2490 1750 2513 faciebant.

1060 2529 1069 2542 '³
1086 2530 1128 2552 Pro
1145 2529 1250 2561 animus,
1262 2530 1325 2559 quod
1342 2530 1388 2552 AG
1405 2532 1427 2552 et
1444 2530 1480 2552 ed.
1499 2530 1506 2552 =l
1524 2530 1642 2556 omittunt,
1656 2530 1673 2551 D
1690 2529 1840 2553 animarum.

1060 2568 1080 2581 ¹⁰
1098 2569 1148 2591 Vat.
1165 2575 1212 2591 non
1226 2568 1284 2591 licet.

1060 2606 1077 2620 ¹²
1096 2607 1141 2629 Csr.
1159 2608 1273 2635 Expositio
1285 2610 1383 2636 quatuor
1401 2607 1560 2635 Magistrorum
1573 2607 1595 2629 in
1606 2613 1626 2629 e.
1638 2608 1664 2634 3,
1677 2608 1699 2629 in
1711 2607 1778 2630 cuius
1795 2608 1840 2630 tine

997 2647 1092 2670 dicitur:
1112 2655 1122 2666 «
1136 2646 1199 2669 Unde
1216 2646 1329 2668 habemus
1346 2652 1371 2668 ex
1389 2646 1474 2673 Regula
1493 2646 1607 2674 quaedam
1625 2646 1780 2668 concessionis
1800 2646 1839 2675 [de

997 2685 1105 2708 ominbus
1117 2684 1174 2707 cibis
1184 2686 1249 2707 liceat
1262 2685 1412 2711 manducare,
1425 2691 1470 2713 qna
1482 2685 1629 2707 concessione
1642 2685 1777 2712 generaliter
1795 2688 1841 2707 tan-

998 2726 1045 2746 tum
1064 2724 1147 2745 tollitur
1165 2724 1185 2745 in
1203 2726 1247 2746 vet.
1267 2726 1354 2745 testam.
1377 2726 1458 2745 statuta
1482 2722 1585 2745 inhibitio
1610 2723 1756 2751 quorundam
1779 2723 1840 2746 eibo-

996 2761 1072 2791 rum],
1090 2762 1204 2790 quaedam
1222 2762 1386 2788 instructionis,
1405 2762 1519 2790 quaedam
1542 2762 1703 2784 admonitionis
1727 2762 1838 2790 [primum

997 2800 1087 2823 dicant:
1105 2801 1148 2822 I‘ax
1174 2801 1226 2823 huic
1251 2801 1342 2828 domui,
1364 2800 1456 2822 videtur
1480 2801 1607 2823 secundum
1632 2801 1780 2823 monitionem
1803 2802 1838 2823 vel

997 2838 1187 2868 instructionem],
1199 2839 1312 2867 quaedam
1331 2839 1499 2866 praeceptionis
1510 2847 1531 2861 n.
1546 2838 1634 2861 Verba:
1647 2838 1715 2862 liceat
1726 2839 1753 2862 de
1765 2839 1839 2862 omni-

997 2875 1040 2899 lius
1052 2876 1198 2900 inanducat?
1209 2880 1259 2905 etc„
1272 2884 1317 2899 non
1331 2878 1416 2904 tollunt,
1429 2881 1452 2900 ut
1465 2877 1508 2899 iam
1522 2884 1548 2900 cx
1561 2878 1595 2899 liis
1608 2880 1676 2906 patet,
1689 2880 1837 2906 praeceptum

997 2915 1099 2943 Regulae
1115 2919 1176 2938 certo
1195 2919 1298 2944 tempore
1316 2916 1439 2938 ieiunandi.
1455 2929 1486 2933 —
1504 2917 1545 2939 I'ro
1563 2916 1722 2945 irri’yidutvm
1739 2917 1796 2939 citi
1814 2916 1838 2940 in.

997 2960 1116 2982 errorem,
1135 2955 1185 2977 Vat.
1204 2955 1269 2983 legit:
1282 2954 1318 2978 ret
1334 2955 1472 2978 cco-›zati'tatt
1486 2955 1653 2985 irrraulnriter
1664 2962 1708 2979 suo
1720 2956 1838 2979 cousin-tio

997 2993 1152 3023 confirmari.

1863 581 1905 600 Alia
1918 582 1983 600 notan-

1860 1375 1970 1394 Corollaria.
