2133 3317
485 206 685 235 OPUSCULUM
707 205 794 233 xxiii.
817 204 968 233 LEGENDA
990 205 1104 233 SANCTl
1125 205 1299 233 FRANClSCl.
1321 205 1390 233 CAP.
1413 205 1477 233 xiv.
1803 205 1857 232 545

113 286 211 315 summi
228 285 363 322 pontificis
384 284 501 317 Christi,
516 292 572 320 quo
594 283 678 312 verba
698 286 724 311 et
740 282 810 311 facta
831 285 878 311 tua
897 286 955 311 tan-

111 340 194 370 quam
209 331 463 368 irreprehensibilia
483 333 510 359 et
524 329 684 358 authentica
698 329 797 358 merito
812 330 846 357 ab
867 329 955 358 omni-

111 379 163 408 bus
183 381 369 414 acceptentur.
386 377 439 405 lam
459 377 531 405 enim
547 378 661 413 propter
681 376 823 413 sliymata
839 376 957 404 Domini

112 426 191 458 Iesu,
213 433 287 462 quae
308 425 339 452 in
360 432 481 460 corpore
499 427 548 452 tuo
567 426 687 460 portas,
709 431 791 451 nemo
813 423 865 451 tibi
879 423 955 451 dehet

111 480 169 501 esse
188 471 324 499 molestus
336 472 356 504 ¹,
382 470 449 507 quin
472 470 564 506 potius
592 470 707 506 quilibet
728 470 829 498 Christi
857 477 956 498 servus

112 518 184 547 omni
206 525 265 546 esse
287 520 399 546 tenetur
420 517 562 546 affectione
583 517 708 545 devotus
730 516 784 544 lam
810 524 860 552 per
888 516 956 545 haec

112 565 188 602 signa
209 564 376 597 certissima,
398 572 452 592 non
474 564 583 592 duobus
605 567 653 592 aut
674 563 764 591 tribus
786 563 902 592 testibus
922 563 956 591 ad

112 611 303 641 sufficientiam
316 611 336 645 2,
358 610 404 639 sed
426 619 508 647 quam
525 610 652 647 plurimis
673 611 706 639 ad
729 610 956 647 superabundan-

111 659 177 687 tiam
203 658 393 695 comprobata‚
426 657 589 686 castimonia
612 658 663 686 Dei
694 658 720 686 in
742 661 769 686 te
800 661 827 686 et
858 666 908 694 per
931 661 956 686 te

111 704 261 734 credibilia
281 703 365 741 facta
384 704 474 733 nimis
501 712 582 733 omne
603 705 703 733 tollunt
731 705 887 733 infidelibus
907 713 957 733 ex-

111 751 260 781 cusationis
281 752 419 785 velamen,
434 751 500 780 dum
522 751 666 780 credentes
681 751 707 779 in
728 751 780 780 fide
802 752 956 786 stabiliunt,

111 798 169 836 spei
197 798 326 827 fiduciam
357 806 469 826 sursum
499 801 585 834 agunt
618 801 645 826 et
670 798 731 834 igne
760 798 882 826 caritatis
913 806 958 827 ac-

111 844 241 874 cendunt.

193 892 236 919 10.
259 891 313 919 Iam
336 898 402 919 vere
416 891 528 927 impleta
548 893 590 919 est
601 891 704 927 prima
720 891 802 925 visio,
818 899 901 928 quam
917 891 956 919 vi-

83 944 98 959 ‘·
112 938 188 972 disti,
209 937 335 966 videlicet
354 937 428 974 quod
449 937 509 966 dux
531 937 557 965 in
587 937 683 965 militia
703 937 804 965 Christi
826 937 957 971 futurus,

90 977 198 1014 larmis
217 984 333 1013 deberes
353 984 532 1018 caelestibus,
555 984 632 1021 signo
647 992 759 1021 quoque
780 984 872 1013 crucis
893 984 958 1013 insi-

37 1027 43 1035 '
62 1038 66 1042 ·
91 1051 96 1056 -
113 1031 213 1069 gnibus
226 1031 350 1060 decorari
365 1031 383 1059 ³.
407 1031 461 1059 lam
482 1031 508 1059 in
522 1031 670 1067 principio
687 1034 749 1059 tuae
771 1031 958 1060 conversionis

112 1078 245 1107 Crucifixi
260 1078 333 1106 visio
348 1078 510 1115 compassivi
529 1078 632 1106 doloris
653 1078 742 1114 gladio
762 1078 917 1106 mentaliter
934 1081 958 1106 te

112 1124 291 1161 transfigens,
313 1124 360 1153 sed
381 1127 408 1152 et
428 1124 551 1152 auditus
572 1124 647 1153 vocis
667 1124 700 1152 de
722 1132 805 1152 cruce
827 1128 957 1160 tanquam

112 1171 146 1200 de
166 1171 267 1199 throno
297 1170 399 1199 Christi
430 1170 540 1199 sublimi
573 1174 600 1199 et
631 1174 737 1199 secreto
769 1170 958 1207 propitiatorio

113 1217 302 1254 procedentis,
324 1217 404 1246 iuxta
425 1217 500 1254 quod
522 1221 570 1246 tuo
595 1225 674 1246 sacro
695 1217 810 1246 firmasti
832 1217 957 1254 eloquio,

62 1271 66 1275 ·
91 1284 95 1288 -
113 1272 179 1294 vera
199 1264 386 1293 indubitanter
404 1264 489 1293 fuisse
509 1264 672 1293 creduntur.
690 1264 743 1292 lam
765 1265 792 1292 in
815 1267 877 1293 tuae
892 1273 957 1292 con-

112 1311 287 1340 versationis
315 1319 478 1348 progressu
503 1314 530 1340 et
551 1319 678 1344 crucem,
700 1319 783 1347 quam
806 1311 873 1339 vidit
894 1311 957 1338 Fra-

114 1360 156 1386 ter
176 1358 305 1386 Silvester
317 1359 330 1374 4
344 1365 379 1386 ex
397 1366 445 1386 ore
460 1361 508 1386 tuo
524 1357 685 1386 mirabiliter
707 1357 913 1394 procedentem,
931 1361 958 1386 et

113 1403 217 1441 gladios
237 1404 264 1432 in
293 1404 385 1433 crucis
406 1404 517 1433 modum
546 1407 594 1432 tua
615 1404 721 1432 viscera
748 1404 956 1440 transfigentes,

114 1459 184 1488 quos
205 1459 281 1480 sacer
304 1451 370 1480 vidit
397 1451 543 1485 Pacificus,
574 1454 655 1488 teque
684 1451 836 1480 secundum
866 1451 958 1480 crucis

1013 282 1131 319 figuram
1153 283 1180 311 in
1202 284 1265 311 a'e're
1293 283 1480 317 sublevatum,
1509 291 1571 312 cum
1600 282 1633 311 de
1661 282 1752 311 crucis
1781 282 1859 310 titulo

1013 332 1124 357 sanctus
1145 329 1320 366 praedicabat
1340 330 1485 364 Antonius,
1507 330 1586 358 iuxta
1614 329 1688 366 quod
1717 329 1859 366 perspexit

1012 375 1153 412 angelicus
1174 376 1217 403 vir
1233 376 1388 409 Monaldus,
1411 384 1464 404 non
1480 376 1651 413 phantastica
1673 376 1789 409 visione,
1811 375 1858 404 sed

1014 422 1180 450 revelatione
1201 423 1300 451 caelica
1322 423 1406 452 fuisse
1424 426 1585 459 conspecta,
1608 431 1672 451 vere
1694 422 1817 451 creditur
1831 425 1858 450 et

1014 468 1152 497 firmatur.
1176 469 1229 497 lam
1251 468 1370 506 denique
1392 469 1473 498 cirea
1493 469 1596 506 finem,
1618 469 1692 506 quod
1711 469 1794 497 simul
1809 468 1857 497 tibi

1013 515 1169 544 ostenditur
1190 518 1217 544 et
1242 515 1368 544 sublimis
1389 516 1539 545 similitudo
1567 517 1670 553 Seraph
1693 519 1719 545 et
1746 516 1858 545 humilis

1014 562 1117 598 effigies
1138 562 1286 596 Crucilixi‚
1302 563 1418 591 interius
1434 566 1459 591 te
1475 563 1622 592 incendens
1643 567 1670 592 et
1690 563 1816 592 exterius
1831 566 1857 591 te

1014 609 1177 645 consignans
1198 612 1328 646 tanquam
1350 610 1475 638 alterum
1500 610 1643 647 Angelum
1662 610 1857 638 ascendentem

1014 656 1050 684 ab
1072 660 1140 684 ortu
1160 656 1246 689 solis,
1268 656 1315 693 qui
1337 657 1455 694 styriam
1478 657 1504 685 in
1527 660 1553 686 te
1575 657 1675 685 habeas
1696 657 1746 685 Dei
1766 657 1826 685 vivi
1836 657 1858 690 ⁵,

1014 706 1041 731 et
1062 702 1209 739 praedictis
1236 702 1282 731 dat
1310 703 1468 732 firmitatem
1494 703 1554 732 fidei
1578 707 1604 732 et
1632 704 1666 732 ab
1694 704 1733 732 eis
1761 703 1858 740 accipit

1014 750 1202 778 testiinonium
1224 750 1356 779 veritatis.
1370 767 1405 770 —
1421 751 1501 784 Ecce,
1524 751 1576 779 iam
1592 754 1696 787 septem
1711 750 1858 787 apparitio-

1014 797 1096 825 nibus
1116 797 1207 825 crucis
1227 797 1327 825 Christi
1350 797 1377 825 in
1400 800 1425 826 te
1453 800 1480 825 et
1500 797 1573 825 circa
1596 800 1621 826 te
1641 797 1792 826 secundum
1814 805 1859 826 or-

1014 843 1105 872 dinem
1128 846 1284 880 temporum
1308 843 1470 872 mirabiliter
1492 844 1624 872 exhibitis
1639 847 1666 872 et
1687 844 1858 877 monstratis,

1014 890 1093 926 quasi
1115 898 1165 918 sex
1186 890 1318 926 gradibus
1338 890 1371 918 ad
1394 890 1473 919 istam
1489 890 1651 927 septimam,
1673 890 1699 918 in
1722 899 1778 927 qua
1792 891 1859 918 [ina-

1016 937 1077 965 liter
1099 937 1288 973 requiesceres
1299 937 1320 971 ⁶,
1342 937 1500 973 pervenisti.
1523 937 1623 966 Christi
1647 945 1765 974 namque
1786 945 1858 966 crux

1015 983 1041 1011 in
1065 986 1127 1012 tuae
1149 984 1335 1013 conversionis
1357 984 1508 1020 primordio
1531 986 1584 1012 tam
1617 985 1756 1021 proposita
1775 992 1857 1021 quam

1015 1033 1136 1058 assumta
1162 1033 1190 1058 et
1219 1030 1318 1059 dehinc
1340 1030 1367 1058 in
1395 1031 1610 1059 conversationis
1632 1039 1780 1067 progressu
1812 1038 1859 1067 per

1016 1076 1097 1104 vitam
1120 1076 1340 1112 probatissimam
1362 1077 1482 1106 baiulata
1503 1077 1529 1105 in
1553 1081 1578 1106 te
1604 1078 1662 1114 ipso
1683 1077 1812 1106 continue
1833 1080 1860 1105 et

1016 1123 1042 1151 in
1058 1123 1218 1159 exemplum
1236 1124 1296 1151 aliis
1319 1123 1505 1152 demonstrata
1525 1127 1599 1152 tanta
1620 1124 1792 1152 certitudinis
1807 1124 1859 1152 cla-

1015 1169 1096 1198 ritate
1124 1170 1258 1204 ostendit,
1286 1171 1457 1207 evangelicae
1489 1170 1664 1207 perfectionis
1697 1171 1801 1207 apicem
1834 1173 1860 1198 te

1016 1217 1134 1245 finaliter
1156 1217 1336 1251 conclusisse,
1358 1220 1390 1246 ut
1410 1217 1671 1246 demonstrationem
1694 1218 1763 1246 lianc
1785 1217 1858 1246 chri-

1016 1263 1119 1292 stianae
1140 1264 1288 1300 sapientiae
1310 1264 1336 1292 in
1359 1268 1422 1293 tuae
1454 1265 1545 1293 carnis
1574 1265 1688 1301 pulvere
1716 1267 1858 1293 exaratam

1015 1310 1110 1339 nullus
1131 1318 1196 1339 vere
1216 1310 1332 1339 devotus
1352 1311 1473 1345 abiiciat‚
1495 1312 1589 1340 nullus
1615 1319 1679 1340 vere
1700 1311 1788 1340 fidelis
1810 1311 1860 1339 ini-

1017 1360 1135 1393 pugnet,
1157 1357 1251 1385 nullus
1279 1365 1343 1385 vere
1372 1357 1485 1385 humilis
1511 1357 1705 1394 parvipendat,
1734 1366 1796 1386 cuin
1826 1357 1861 1386 sit

1016 1412 1081 1432 vere
1112 1403 1244 1432 divinitus
1275 1412 1409 1440 expressa
1439 1407 1466 1432 et
1497 1405 1577 1433 omni
1607 1404 1770 1441 acceptione
1797 1412 1861 1433 con-

1015 1451 1097 1487 digna
1114 1451 1134 1478 ⁷.

863 1581 1023 1609 CAPITULUM
1045 1581 1110 1609 XIV.

652 1705 689 1732 De
708 1704 852 1741 patientia
873 1704 967 1741 ipsius
988 1708 1013 1732 et
1034 1704 1163 1732 tran-situ
1184 1704 1288 1733 mortis
1303 1704 1322 1732 ⁸.

195 1828 219 1856 1.
243 1826 356 1856 Christo
381 1827 466 1863 igitur
498 1827 551 1855 iam
582 1826 667 1855 cruci
690 1826 823 1864 confixus
838 1826 849 1843 ⁹
877 1827 959 1855 Fran-

114 1873 204 1903 ciscus
219 1877 274 1902 tam
295 1881 378 1903 carne
392 1881 476 1910 quam
497 1873 613 1910 spiritu,
628 1881 682 1902 non
704 1873 792 1902 solum
815 1873 959 1910 seraphico

46 1924 51 1928 '
76 1924 97 1943 “·
114 1928 208 1950 amore
228 1920 343 1949 ardebat
363 1921 391 1949 in
412 1921 517 1954 Deum,
540 1928 636 1949 verum
658 1920 739 1949 etiam
762 1920 871 1949 sitiebat
895 1928 958 1949 cum

114 1967 223 1996 Christo
237 1967 374 1996 crucifixo
388 1967 592 1996 multitudinem
608 1967 812 1996 salvandorum.
835 1967 959 1996 Faciebat

114 2014 242 2052 proinde,
263 2014 394 2051 quoniam
422 2016 535 2051 propter
563 2017 756 2042 excrescentes
787 2014 813 2042 in
842 2013 959 2051 pedibus

114 2061 206 2090 clavos
227 2060 370 2089 ambulare
390 2068 444 2088 non
466 2063 585 2097 poterat,
607 2067 709 2096 corpus
729 2062 888 2089 emortuum
909 2068 959 2097 per

114 2107 238 2137 civitates
258 2110 285 2136 et
306 2107 416 2136 castella
436 2106 624 2140 circumvehi,
645 2109 677 2135 ut
697 2106 730 2135 ad
746 2114 856 2135 crucem
879 2106 960 2135 Chri—

115 2154 149 2183 sti
170 2153 311 2183 ferendam
331 2157 438 2183 ceteros
458 2154 600 2182 animaret.
622 2153 765 2182 Fratribus
785 2161 897 2190 quoque
918 2153 958 2182 di—

115 2200 207 2230 cebat:
234 2200 446 2237 «Incipiamus,
474 2201 596 2235 Fratres,
625 2200 731 2229 servire
760 2200 875 2228 Domino
903 2200 959 2229 Deo

115 2251 222 2282 nostro,
244 2248 310 2285 quia
330 2255 420 2284 usque
444 2255 519 2276 nuuc
539 2255 639 2284 parum
669 2247 837 2284 profecimus
851 2259 878 2275 ι).
900 2247 959 2276 Fla-

115 2294 211 2332 grabat
231 2294 314 2323 etiam
338 2294 474 2323 desiderio
494 2302 593 2331 magno
621 2294 654 2322 ad
675 2294 839 2323 humilitatis
867 2293 958 2322 redire

115 2341 281 2378 primordia,
302 2344 334 2370 ut
355 2341 470 2378 leprosis
491 2341 562 2369 sicut
583 2349 599 2369 a
630 2341 765 2377 principio
789 2340 959 2369 ministraret

117 2395 275 2425 corpusque
296 2388 350 2417 iam
374 2395 440 2425 prae
461 2387 554 2416 labore
582 2387 732 2424 collapsum
758 2390 900 2416 revocaret
925 2387 958 2415 ad

181 2560 188 2573 ¹
206 2561 253 2583 Gal.
271 2562 297 2588 6,
317 2561 356 2583 =i7:
370 2562 401 2583 De
418 2564 493 2583 cetero
506 2568 573 2584 nemo
591 2562 646 2583 milii
665 2562 774 2583 molestiis
785 2562 825 2589 sit,
843 2567 886 2589 ego
899 2562 959 2583 enim

118 2599 225 2627 stigmata
247 2600 337 2622 Domini
355 2601 402 2622 lesu
421 2600 441 2622 in
460 2607 556 2628 corpore
575 2606 626 2622 meo
645 2603 720 2628 porto.

180 2636 189 2649 ²
207 2638 271 2660 Dent.
293 2638 330 2665 19,
352 2638 390 2660 15:
410 2639 432 2660 ln
450 2645 489 2661 ore
510 2639 610 2661 duorum
634 2642 673 2661 aut
690 2639 758 2661 trium
783 2639 872 2661 testium
893 2639 961 2661 stabit

119 2682 187 2699 omne
204 2676 311 2699 verbum.
328 2689 357 2693 —
374 2677 477 2700 Subinde
494 2678 605 2705 allegatur
624 2678 659 2700 Ps.
676 2678 717 2704 92,
735 2678 756 2700 5.

182 2715 191 2728 ³
209 2716 253 2738 Cir.
270 2722 339 2744 supra
357 2723 378 2738 c.
396 2715 416 2738 Ι.
434 2723 456 2738 ιι.
475 2717 500 2744 3;
518 2716 573 2738 ibid.
592 2723 613 2738 n.
631 2717 652 2739 5.
671 2720 691 2738 el
710 2723 729 2739 c.
748 2718 768 2739 2.
786 2724 808 2739 n.
829 2718 847 2739 l.
867 2717 895 2739 de
912 2724 960 2746 seq.

120 2755 282 2782 propositione.
301 2767 330 2770 —-
347 2755 457 2783 Superius
475 2762 516 2783 pro
533 2755 601 2785 siyno
619 2762 710 2785 quoque
728 2756 769 2784 (ita
788 2757 815 2784 A)
833 2756 886 2778 edd.
907 2762 960 2778 cuin

120 2793 168 2816 aliis
184 2794 254 2816 codd.
270 2793 393 2823 signoque.

179 2832 188 2844 ¹
207 2832 265 2855 Vide
282 2839 351 2860 supra
369 2839 388 2855 c.
406 2834 427 2855 3.
446 2840 467 2855 n.
485 2834 510 2861 53
527 2833 557 2856 de
574 2834 663 2856 visione
680 2834 715 2855 Fr.
728 2834 815 2856 Pacifici
833 2835 871 2856 cfr.
890 2840 958 2861 supra

120 2877 141 2893 c.
158 2871 179 2893 4.
197 2878 219 2894 n.
236 2872 261 2899 9;
280 2871 334 2894 ibid.
347 2878 369 2894 n.
391 2873 424 2894 l0.
435 2872 464 2895 de
481 2872 569 2894 visione
586 2873 622 2895 Fr.
636 2873 740 2895 lllonaldi.
752 2885 783 2889 —
795 2873 906 2900 Superius
919 2880 960 2901 pro

121 2910 303 2933 conversationis
320 2910 374 2932 edd.
396 2910 554 2934 conversionis
573 2911 640 2937 (circa
664 2911 733 2933 [inem
758 2917 808 2938 cap.
831 2914 906 2933 tamn-n
925 2913 961 2933 lia-

122 2947 175 2970 bent
191 2948 398 2977 conver-sationis),
416 2955 475 2977 quae
492 2949 560 2971 etiam
579 2949 672 2971 inferius
685 2955 725 2977 pro
741 2949 862 2978 pei-sperit
880 2949 961 2972 substi-

123 2990 187 3010 tuunt
201 2987 331 3017 prospexit.

211 3034 334 3058 Sssonac.
352 3047 382 3050 —
399 3035 467 3057 Tom.
480 3035 538 3057 Vlll.

1017 1827 1160 1863 pristinam
1188 1827 1360 1856 servitutem.
1384 1827 1566 1864 Proponebat,
1588 1828 1697 1857 Christo
1721 1828 1805 1862 duce,
1832 1836 1860 1857 se

1017 1873 1155 1902 facturum
1177 1874 1310 1910 ingentia,
1331 1877 1358 1902 et
1383 1874 1572 1903 fatiscentibus
1593 1875 1737 1909 membris,
1759 1875 1860 1912 spiritu

1015 1919 1094 1948 fortis
1114 1923 1142 1949 et
1162 1920 1285 1949 fervidus
1311 1928 1382 1949 novo
1403 1920 1531 1957 sperabat
1552 1921 1700 1950 certamine
1725 1921 1758 1950 de
1780 1922 1858 1950 hoste

1016 1966 1198 2003 triumphum.
1221 1967 1314 2004 Neque
1341 1967 1413 1995 enim
1436 1967 1551 2004 languor
1573 1968 1615 1996 vel
1643 1968 1746 1996 desidia
1768 1968 1858 1997 locum

1016 2013 1111 2047 habet,
1133 2013 1179 2042 ubi
1195 2014 1297 2042 amoris
1318 2013 1448 2042 stimulus
1462 2021 1570 2051 semper
1588 2014 1621 2042 ad
1636 2015 1740 2043 maiora
1761 2023 1860 2051 perure

1014 2063 1068 2097 get.
1090 2061 1176 2089 Tanta
1196 2064 1290 2089 autem
1312 2060 1339 2089 in
1354 2069 1386 2089 eo
1407 2061 1498 2090 carnis
1519 2061 1553 2089 ad
1571 2061 1700 2098 spiritum
1721 2065 1781 2091 erat
1795 2070 1859 2091 con-

1014 2107 1125 2141 cordia,
1156 2110 1231 2136 tanta
1258 2107 1428 2136 obedientiae
1459 2108 1664 2145 promptitudo,
1692 2109 1766 2145 quod
1792 2117 1856 2137 cum

1014 2153 1059 2182 ille
1083 2154 1117 2182 ad
1132 2162 1240 2183 omnem
1262 2154 1398 2183 niteretur
1413 2154 1585 2183 sanctitatem
1608 2155 1778 2192 pertingere,
1800 2155 1858 2192 ipsa

1013 2208 1068 2229 non
1090 2201 1180 2230 solum
1208 2209 1262 2230 non
1283 2204 1465 2238 repugnaret,
1491 2201 1538 2230 sed
1559 2204 1587 2230 et
1615 2209 1798 2238 praecurrere
1820 2202 1861 2230 ni-

1014 2250 1121 2276 teretur
1133 2248 1165 2276 ¹⁰.

1092 2296 1118 2323 2.
1141 2295 1174 2323 Ut
1194 2298 1287 2324 autem
1315 2295 1376 2324 viro
1397 2295 1444 2324 Dei
1470 2295 1601 2324 cumulus
1628 2296 1793 2324 meritorum
1814 2303 1859 2324 ac-

1014 2343 1162 2375 cresceret,
1184 2349 1255 2378 quae
1276 2341 1368 2370 omnia
1382 2349 1447 2371 vere
1468 2342 1495 2370 in
1514 2342 1645 2379 patientia
1665 2350 1859 2371 consumman-

1014 2390 1077 2421 tur,
1098 2387 1187 2424 coepit
1214 2387 1423 2417 infirmitatibus
1449 2388 1619 2417 multimodis
1647 2389 1774 2417 laborare
1802 2392 1856 2418 tam

1080 2560 1089 2573 ⁵
1106 2561 1177 2589 Apoc.
1194 2561 1219 2587 7,
1238 2562 1263 2583 2:
1282 2562 1307 2583 Et
1324 2561 1371 2583 vidi
1394 2561 1488 2583 alterum
1513 2562 1624 2589 Angelum
1646 2562 1806 2583 ascendentem
1831 2562 1860 2583 al)

1017 2603 1067 2622 ortu
1085 2600 1149 2628 solis,
1167 2600 1289 2622 habentem
1307 2600 1399 2628 signum
1419 2601 1457 2622 Dei
1475 2601 1530 2622 viri.

1079 2639 1089 2652 ὅ
1106 2640 1162 2662 Edd.
1179 2639 1314 2669 requiescis.
1335 2639 1428 2662 Inferius
1452 2646 1493 2667 pro
1513 2641 1622 2662 assumta
1640 2640 1691 2662 Vnt.
1714 2647 1766 2662 i⁴llill
1785 2641 1821 2662 cd.
1851 2642 1854 2662 Ι

1017 2684 1139 2706 perperam
1157 2677 1275 2701 absumta..

1080 2716 1088 2729 ⁷
1107 2717 1236 2745 Respicitur
1254 2718 1267 2739 Ι.
1286 2717 1346 2739 Tim.
1363 2718 1383 2745 l,
1405 2717 1437 2739 15.
1456 2720 1478 2739 et
1490 2717 1515 2744 Ιι,
1533 2717 1556 2739 9;
1576 2718 1657 2740 Fidelis
1669 2724 1745 2740 sermo
1762 2722 1784 2740 et
1795 2719 1858 2741 omni

1017 2757 1150 2784 acceptione
1167 2757 1263 2784 dIgnus.

1080 2794 1089 2806 Β
1106 2795 1152 2817 Csr.
1170 2795 1253 2817 Tliom.
1270 2801 1281 2817 a
1300 2795 1394 2822 Cel-uno,
1413 2795 1463 2818 Vita
1487 2796 1502 2818 1.
1520 2802 1542 2823 p.
1560 2796 1583 2818 ll.
1605 2802 1624 2818 c.
1644 2797 1665 2818 9.
1682 2801 1701 2819 ei
1727 2803 1749 2824 p.
1767 2797 1804 2823 lll;
1822 2797 1860 2819 Le-

1018 2834 1091 2862 genda
1110 2835 1178 2856 trium
1196 2835 1328 2861 Sociorum,
1347 2842 1366 2856 c.
1386 2835 1421 2856 48.

1080 2871 1089 2884 ⁹
1106 2873 1154 2894 Gal.
1172 2873 1197 2898 2,
1217 2873 1253 2895 19,
1267 2872 1311 2895 Csr.
1324 2873 1463 2901 Waddfflg„
1480 2873 1523 2895 loc.
1536 2873 1584 2900 cit„
1601 2873 1630 2895 ad
1643 2880 1679 2896 an.
1701 2874 1770 2901 1224,
1788 2880 1809 2896 n.
1823 2875 1859 2896 30.

1018 2925 1047 2927 —
1066 2911 1160 2934 inferius
1177 2918 1218 2940 pro
1231 2911 1325 2935 castella
1344 2912 1398 2934 edd.
1409 2914 1504 2940 σαψ-ιη
1522 2914 1562 2935 cfr.
1579 2919 1648 2941 supi-a
1663 2919 1714 2941 pag.
1733 2913 1789 2941 514,
1807 2917 1858 2935 nota

1018 2950 1039 2972 5.
1058 2950 1078 2972 in
1097 2950 1147 2972 line.

1081 2987 1100 3001 ¹⁰
1117 2989 1189 3011 Codd.
1208 2989 1346 3011 BCDElM
1365 2991 1500 3013 conaretur.

1736 3039 1764 3059 tili

1876 476 1966 499 Septima.

1877 759 1970 782 Epilogus.

1879 1974 1992 1993 Notandum.

1874 2302 1998 2320 Gravissimae

1873 2325 1997 2344 infirmitates.
