2133 3317
31 900 37 905 ¹
50 905 66 918 m
77 899 101 918 de

32 923 101 943 'tudine

38 952 67 966 um
83 950 102 965 e-

666 207 860 236 OPUSCULL'M
883 207 911 235 ll.
934 207 1163 243 SOLlLOQUlUM.
1186 207 1253 236 CAP.
1278 207 1318 235 lV.
1831 209 1866 236 67

119 287 144 315 Si
165 286 281 315 delectat
312 285 487 323 pulcritudo,
515 284 667 323 siclyebmzc
688 285 760 313 iusti
779 285 857 313 sieut
877 285 921 313 sol
932 285 940 300 ¹
952 296 963 319 ;

118 333 140 362 si
162 333 274 361 libertas
295 336 343 361 aut
364 332 511 366 fortitudo,
532 331 642 360 similes
663 335 749 360 erum
771 331 889 368 Anqelis
912 332 965 360 Dei

120 380 149 408 in
170 379 269 412 catelo,-
297 379 319 408 si
342 379 421 416 longa
441 383 469 408 et
489 379 609 407 salubris
631 378 701 412 vita,
732 381 774 406 est
801 378 837 406 ibi
860 378 962 407 sanitas

117 429 247 460 aeterna;
269 426 291 454 si
313 426 424 454 satietas
444 429 492 454 aut
513 425 647 459 ebrietas,
666 425 843 453 satiabuntur
857 425 890 453 de
905 425 963 461 glo-

118 472 159 501 ria
180 472 286 501 Domini
315 476 342 501 et
372 472 599 500 inebriabuntur
629 471 666 500 ab
697 471 827 499 ubertate
858 472 962 499 (lomus

119 519 190 553 Dei‚·
211 519 232 547 si
255 519 386 553 melodia,
408 519 443 547 ibi
466 522 569 547 canunt
599 518 711 555 Angeli;
741 518 762 546 si
792 518 908 546 societas
935 521 962 546 et

117 566 251 599 amicitia,
273 566 309 594 ibi
340 569 382 594 est
403 565 549 594 Beatorum
570 565 686 594 societas
706 568 733 593 et
754 564 879 593 omnium
906 572 963 592 una

117 613 263 646 voluntas;
285 612 306 641 si
329 612 448 641 honores
469 614 497 640 et
516 612 642 645 divitiae,
672 611 771 648 ylen-ia
796 614 821 639 ec
841 611 963 639 diviciae

118 660 147 688 in
169 660 253 688 (lomo
274 659 358 692 eius,-
378 659 401 687 si
422 659 557 687 securitas
571 661 598 687 et
613 658 765 692 certitudo,
781 658 817 686 ibi
836 658 961 686 omnium

117 709 273 743 temporum
295 709 408 734 aeterna
429 705 579 742 longitudo.
601 705 624 733 Ο
645 713 693 733 cor
714 705 885 739 humanum,
914 712 962 732 cor

117 753 256 790 indigens,
278 761 326 781 cor
347 754 496 789 expertum
523 760 687 785 aerumnas,
718 752 802 780 immo
827 751 961 780 obrutum

116 799 272 833 aerumnis,
294 801 429 836 quantum
451 798 602 835 gauderes,
624 798 645 826 si
668 798 711 826 his
731 797 860 826 omnibus
874 797 962 825 abun-

117 845 216 874 dares!
240 846 381 882 luterroga
402 845 498 874 intima
520 848 582 879 tua,
604 845 625 874 si
648 852 747 881 capere
768 844 874 881 possint
902 847 962 872 tan-

117 895 177 921 tum
198 892 330 929 gaudium
352 900 434 921 suum
455 892 488 921 de
510 895 585 920 tanta
599 891 768 920 beatitudine
783 899 841 920 sua.
857 908 896 911 -
910 891 961 919 Sed

117 940 140 969 si
158 939 241 968 homo
255 939 288 968 de
304 942 377 967 tanta
392 939 560 968 beatitudine
575 938 623 967 vix
637 938 725 975 capiet
746 938 877 975 gaudium
899 946 962 974 pro-

117 986 226 1022 prium,
247 985 385 1023 quomodo
406 994 494 1022 capax
516 985 569 1014 erit
584 988 624 1014 tot
638 988 665 1014 et
686 987 826 1013 tantorum
849 984 962 1021 gaudio-

117 1040 196 1066 rum,
228 1035 350 1069 quantns
380 1036 422 1061 est
451 1039 587 1060 numerus
614 1032 783 1065 electorum,
805 1031 852 1059 ubi
875 1039 962 1059 unus-

116 1079 235 1116 quisque
256 1082 362 1108 tantum
384 1079 471 1116 diligit
502 1079 662 1116 proximum
695 1086 793 1112 suum,
825 1082 962 1115 quantum

117 1133 146 1154 se
167 1126 273 1163 ipsum,
296 1129 323 1155 et
345 1129 450 1154 tantum
472 1126 507 1154 de
528 1134 578 1154 suo
599 1125 699 1163 gaudio
729 1125 846 1162 gaudet,
874 1133 962 1162 quan-

116 1175 176 1201 tum
197 1173 302 1210 diligit!
327 1173 365 1201 lta
385 1173 466 1202 etiam
488 1173 607 1210 quisque
629 1173 692 1210 plns
713 1173 818 1210 absque
833 1173 961 1201 aestima-

116 1220 190 1249 tione
217 1220 251 1249 de
282 1220 329 1249 Dei
357 1228 442 1257 quam
472 1220 506 1249 de
527 1228 578 1249 sua
598 1223 625 1249 et
655 1220 780 1248 omnium
808 1220 961 1248 electorum

117 1267 218 1304 gaudet
238 1267 382 1301 felicitate3
404 1267 478 1304 quia,
500 1267 572 1296 sicut
592 1267 679 1295 Deum
703 1270 758 1295 coco
783 1266 882 1300 eorde,
904 1270 963 1294 tota

1020 285 1133 319 animet,
1149 289 1209 314 tola
1222 289 1312 314 mente
1326 285 1422 323 [lt‘ciyz't
1434 285 1458 320 2,
1482 285 1518 314 ita
1532 285 1566 314 ad
1580 285 1779 322 plenitudinem
1801 294 1868 323 gau—

1019 331 1055 360 dii
1077 332 1152 360 illius
1175 335 1261 360 totum
1284 340 1347 366 cor,
1370 335 1426 361 tota
1447 332 1553 366 anima,
1576 334 1632 360 tota
1646 339 1725 361 mens
1739 340 1794 360 non
1810 332 1867 360 suf-

1019 377 1091 412 ficit,
1123 378 1188 415 quia
1211 382 1317 407 tantum
1348 379 1517 416 gaudebunt,
1546 381 1682 416 quantum
1714 379 1866 412 amabunt;

1019 428 1126 453 tantum
1158 426 1307 460 amabunt,
1329 429 1465 463 quantum
1496 429 1669 463 cognoscent.
1698 425 1788 459 Certe,
1816 434 1867 454 nee

1019 471 1121 499 oculus
1142 472 1230 505 vidit,
1252 481 1302 501 nec
1323 473 1410 501 auris
1431 473 1563 507 ιιῑιιίίυίι,
1584 481 1635 501 nec
1650 473 1681 501 in
1702 481 1753 501 cor
1774 471 1867 501 homi-

1018 518 1066 546 m‘s
1089 518 1236 552 ascendit,
1265 522 1401 556 quantum
1431 522 1456 548 te
1488 520 1620 548 amabunt
1652 522 1679 548 et
1704 522 1868 556 cognoscent

1019 564 1110 593 Sancti
1125 565 1182 593 Dei.
1198 582 1236 585 ——
1251 565 1322 599 Oro,
1339 566 1412 595 Deus
1432 574 1527 601 meus,
1543 574 1704 603 cognoscam
1721 568 1763 600 te,
1779 573 1867 594 amem

1020 614 1061 645 te,
1083 614 1115 639 ut
1136 611 1312 640 aeternaliter
1334 612 1467 648 gaudeam
1489 613 1522 642 de
1544 616 1578 641 te.
1602 613 1633 641 Et
1648 613 1669 641 si
1685 621 1739 641 non
1755 620 1867 649 possum

1018 657 1053 686 ad
1074 658 1187 694 plenum
1210 658 1236 686 in
1260 658 1310 686 hac
1334 659 1404 692 vita,
1429 664 1535 688 crescat
1566 660 1662 688 saltem
1696 660 1740 688 liic
1771 659 1868 688 notitia

1020 704 1060 733 tui
1080 708 1108 733 et
1128 712 1222 739 amor,
1245 708 1276 733 ut
1297 705 1333 733 ibi
1356 705 1391 733 sit
1412 706 1525 741 plenum
1550 706 1697 743 gaudium,
1720 706 1764 735 liic
1786 706 1821 734 sit
1840 706 1868 734 in

1019 759 1068 788 spe
1089 755 1116 780 et
1136 751 1173 780 ibi
1195 751 1231 780 sit
1252 751 1278 779 in
1302 759 1339 780 re.
1363 752 1476 781 Domine
1502 753 1593 786 Pater,
1609 761 1658 789 per
1674 753 1771 782 Filium
1786 756 1867 782 tuum

1019 798 1154 832 consulis,
1177 798 1262 826 immo
1284 798 1362 827 iubes
1383 801 1476 834 petere
1504 802 1531 827 et
1562 800 1701 836 promittis
1726 800 1867 836 accipere,

1019 849 1050 874 ut
1069 845 1218 882 gaudium
1246 848 1372 874 nostrum
1398 845 1516 882 plenum
1542 846 1611 874 sm.
1636 847 1714 881 Pelo,
1736 847 1867 881 Domine,

1019 892 1093 929 quod
1125 900 1175 929 per
1205 892 1395 921 admirabilem
1427 892 1614 921 consiliarium
1642 897 1722 922 tuum
1747 894 1868 923 consulis

1019 942 1112 976 petere
1143 942 1170 967 et
1200 938 1339 976 promittis
1359 939 1499 976 accipere,
1522 942 1553 968 ut
1572 940 1719 977 gaudium
1740 943 1867 969 nostrum

1018 986 1056 1014 sit
1075 986 1214 1023 plenum,-
1239 985 1387 1014 meditetur
1419 986 1530 1014 interim
1561 986 1595 1015 de
1617 986 1668 1015 boc
1691 995 1768 1015 mens
1790 995 1866 1021 mea,

1019 1032 1150 1069 loquatur
1182 1031 1243 1060 inde
1275 1031 1368 1069 lingua
1401 1040 1476 1066 mea,
1502 1035 1576 1061 amet
1598 1032 1666 1061 illud
1688 1041 1735 1061 cor
1757 1041 1867 1068 meum,

1019 1078 1221 1106 sermocinetur
1252 1086 1283 1106 os
1305 1086 1407 1113 meum,
1438 1078 1544 1107 esuriat
1575 1079 1667 1107 anima
1689 1087 1765 1113 mea,
1795 1079 1869 1108 sitiat

1019 1133 1084 1153 caro
1104 1133 1174 1159 mea,
1195 1125 1333 1154 desideret
1356 1128 1411 1154 tota
1433 1125 1587 1154 substantia
1614 1133 1688 1160 mea,
1709 1126 1795 1154 donec
1824 1126 1868 1154 in-

1020 1176 1092 1201 trem
1114 1173 1144 1200 z'n
1164 1172 1312 1209 yaudiam
1333 1172 1380 1201 Dei
1403 1173 1472 1206 mei,
1494 1173 1542 1209 qui
1564 1176 1605 1202 est
1626 1173 1718 1202 trinus
1739 1176 1766 1201 et
1794 1181 1868 1202 unus

1020 1219 1182 1248 benedictus
1204 1219 1235 1248 in
1255 1219 1383 1248 saecula.
1407 1220 1522 1248 Amen4
1534 1232 1560 1247 ».

116 1459 170 1478 sunt
184 1456 207 1477 in
219 1455 289 1478 rebus
305 1455 490 1484 delectabilibus,
508 1456 583 1485 qualis
600 1459 622 1478 et
637 1460 721 1485 quanta
747 1456 868 1479 delectatio
890 1460 924 1479 est
941 1457 963 1479 in

116 1495 153 1517 illo
174 1495 214 1524 qui
241 1495 292 1517 fecit
312 1495 361 1523 ipsa
380 1495 539 1518 delectabilia!
563 1508 592 1511 —
615 1496 679 1524 Quae
701 1498 829 1525 sequuntur
850 1496 964 1519 habentur

117 1533 173 1556 ibid.
190 1540 209 1556 c.
227 1535 264 1557 25.
282 1537 304 1557 et
321 1535 364 1561 26,
381 1535 403 1556 in
420 1533 506 1563 quIbus
523 1537 598 1557 tamen
617 1537 691 1558 textus
708 1535 825 1563 originalis
842 1536 894 1558 111110
912 1536 964 1558 indo

116 1574 181 1601 plura
198 1573 318 1596 interserit.

179 1611 187 1625 ²
205 1613 281 1635 Matth.
295 1613 334 1641 13,
347 1613 384 1635 43.
396 1612 500 1635 Subinde
511 1613 639 1641 allegantur
650 1614 704 1636 Luc.
717 1614 759 1641 20,
772 1614 810 1636 36.
825 1614 875 1641 (cfr.
887 1615 963 1637 lllattli.

117 1652 159 1679 22,
176 1652 222 1678 30;
240 1652 294 1674 vide
310 1658 381 1679 snpra
399 1658 453 1680 pag.
470 1652 512 1679 63,
530 1655 609 1674 notam
628 1652 675 1681 6.);
694 1653 729 1675 Ρ5.
746 1653 789 1681 35,
807 1653 829 1675 9.
841 1656 863 1675 et
879 1654 929 1681 lll,
942 1654 964 1676 3.

179 1689 188 1702 ²
205 1691 282 1713 Manu.
300 1692 342 1718 22,
360 1691 398 1713 37.
414 1703 445 1708 --
463 1691 571 1720 Sequitur
588 1692 603 1714 1.
620 1691 674 1714 Cor.
691 1692 716 1719 2,
735 1692 757 1713 0.

180 1728 189 1741 ³
206 1730 267 1751 loan.
286 1730 327 1757 116,
345 1729 383 1752 24.

178 1767 188 1781 ⁴
205 1769 273 1791 Rom.
292 1770 300 1790 'l
312 1786 318 1796 ,
336 1769 377 1797 25,
394 1769 536 1797 praecedens
553 1770 618 1792 locus
635 1772 669 1792 est
681 1770 757 1792 11101111.
769 1770 812 1797 25,
830 1771 867 1793 21.
884 1783 915 1787 —
932 1771 964 1793 De

117 1807 203 1835 gaudio
220 1808 343 1830 Beatorum
360 1808 382 1830 in
400 1808 468 1830 caelis
485 1808 567 1830 diffuse
584 1808 697 1836 disputat,
711 1809 814 1837 allegatis
830 1809 907 1831 multis
924 1816 964 1832 011-

117 1846 273 1875 ctoritatibus,
290 1850 371 1870 auctor
387 1848 493 1875 opusculi
515 1847 545 1870 de
567 1848 661 1876 Septem
679 1848 749 1870 Donis
769 1848 867 1876 Spiritus
885 1850 907 1871 S.
926 1849 964 1877 (de

116 1886 178 1909 dono
191 1886 321 1914 Sapientiae
338 1892 358 1909 c.
373 1887 447 1915 8-11),
459 1886 500 1915 qui
512 1887 604 1909 videtur
617 1893 667 1909 esse
678 1887 816 1915 Rodulphus
827 1887 856 1910 de
867 1887 964 1910 Bibraco

118 1925 168 1951 (err.
185 1925 351 1953 Prolegomena
370 1925 392 1947 in
411 1925 438 1947 V.
456 1928 511 1948 tom.
528 1932 580 1953 cap.
597 1926 620 1948 7.
636 1926 650 1954 ⁶2,
669 1925 706 1954 1.).
723 1926 863 1954 Impressum
876 1930 910 1949 est
922 1928 965 1949 1100

117 1965 256 1992 opusculum
282 1964 340 1986 inter
365 1970 436 1993 opera
461 1965 649 1992 Bonavonturao,
667 1965 705 1987 ed.
722 1965 831 1987 Vaticana
850 1969 906 1988 lom.
925 1966 965 1993 Vl,

117 2009 172 2032 pag.
189 2004 299 2026 236-276.

181 2042 262 2071 Quoad
279 2045 382 2065 nostram
400 2043 468 2075 liuius
485 2042 592 2070 opusculi
610 2042 735 2065 editionem
753 2043 809 2065 haec
827 2043 849 2065 111
867 2043 912 2065 sine
926 2043 964 2065 ol)-

117 2087 246 2104 servamus.

1085 1456 1180 1484 Primo,
1206 1456 1258 1484 plus
1283 1455 1394 1484 temporis
1419 1458 1441 1478 et
1466 1455 1563 1483 laboris,
1580 1462 1651 1484 quam
1669 1456 1734 1478 facile
1753 1455 1867 1483 creditur,

1021 1495 1205 1523 consumsimus,
1218 1497 1243 1516 nt
1253 1494 1329 1524 fomes
1342 1495 1517 1521 auctoritatum,
1535 1494 1621 1523 quibus
1638 1497 1711 1517 totum
1729 1495 1867 1522 opusculum

1022 1537 1152 1556 contextum
1171 1536 1217 1560 est,
1234 1540 1383 1562 quorumque
1400 1534 1518 1556 citationes
1535 1534 1557 1555 in
1578 1533 1771 1561 praecedentibus
1788 1534 1868 1556 editio-

1021 1573 1090 1595 nibus
1101 1579 1171 1601 saepe
1188 1573 1225 1595 vel
1242 1573 1359 1600 neglectae
1377 1573 1412 1595 vel
1430 1573 1485 1595 salso
1503 1575 1593 1595 notatae
1610 1576 1687 1600 erant,
1704 1573 1794 1595 sincere
1810 1573 1869 1595 indi-

1021 1618 1135 1635 caremus.
1153 1613 1185 1634 110
1199 1618 1253 1634 vera
1271 1612 1405 1634 invenimus
1422 1613 1469 1634 sere
1486 1618 1567 1634 omnes
1584 1613 1659 1639 locos,
1673 1618 1774 1641 quorum
1791 1616 1869 1635 aucto-

1022 1658 1058 1674 res
1075 1652 1155 1674 salleni
1173 1651 1252 1680 quoad
1269 1651 1363 1673 nomina
1377 1652 1400 1673 in
1413 1654 1474 1673 textu
1489 1651 1557 1673 notati
1575 1655 1652 1678 erant,
1665 1652 1705 1673 sed
1717 1651 1812 1679 insuper
1823 1658 1869 1674 11011

1022 1698 1109 1719 paucos
1127 1691 1266 1713 indicatione
1288 1691 1388 1713 auctoris
1405 1691 1498 1719 penitus
1515 1691 1649 1719 destitutos,
1669 1691 1698 1713 ita
1715 1693 1739 1713 ut
1757 1691 1779 1712 lii
1792 1691 1868 1718 potius

1022 1731 1064 1758 ipsi
1076 1731 1253 1753 Bonaventurae
1269 1730 1410 1752 attribuendi
1428 1730 1569 1752 viderentur.
1582 1731 1696 1758 Attamen,
1709 1732 1811 1757 spectata
1823 1730 1868 1752 stili

1022 1770 1105 1798 indole,
1123 1770 1277 1798 suspicamur,
1289 1776 1336 1792 nou
1349 1776 1437 1797 paucos
1446 1769 1552 1792 residuos
1561 1775 1612 1792 esse
1623 1770 1686 1791 locos
1698 1769 1791 1791 aliunde
1808 1775 1868 1792 sum-

1022 1811 1069 1836 105,
1094 1815 1194 1838 quorum
1216 1809 1265 1831 veri
1286 1811 1392 1831 auctores
1409 1809 1508 1831 inveniri
1530 1814 1576 1831 non
1602 1810 1720 1836 poterant,
1742 1808 1810 1837 qnia,
1828 1807 1867 1830 ubi

1021 1848 1150 1877 quaerendi
1168 1848 1189 1870 in
1207 1850 1267 1870 tanta
1286 1848 1437 1870 asceticorum
1461 1848 1600 1876 scriptorum
1627 1847 1693 1875 copia
1720 1850 1807 1875 essent,
1825 1853 1868 1870 nec

1022 1888 1118 1910 minimo
1136 1888 1201 1915 signo
1218 1887 1346 1910 constabat.

1084 1926 1206 1954 Secundo,
1223 1927 1293 1948 multa
1311 1926 1401 1950 inserta
1417 1926 1579 1956 supposititia,
1599 1932 1659 1955 quae
1676 1926 1700 1948 in
1713 1928 1773 1948 textu
1786 1927 1867 1948 hucus-

1021 1971 1067 1994 que
1084 1965 1179 1992 vulgato
1197 1966 1333 1993 occurrunt,
1350 1965 1379 1987 ad
1397 1965 1481 1987 calcem
1501 1965 1633 1993 posuimus,
1651 1971 1698 1987 non
1716 1967 1804 1987 tantum
1822 1970 1868 1986 rne-

1021 2004 1104 2026 lioruni
1122 2004 1190 2026 codd.
1207 2004 1342 2026 auctoritate
1367 2004 1460 2031 confisi,
1486 2003 1527 2026 sed
1544 2003 1614 2026 etiam
1631 2003 1760 2026 rationibus
1780 2003 1867 2026 inducti

1021 2049 1048 2066 ex
1061 2046 1166 2065 contextu
1179 2043 1215 2065 vel
1228 2043 1337 2071 qualitate
1348 2043 1512 2065 sententiarum
1525 2043 1614 2070 sumtis,
1626 2048 1684 2071 quas
1697 2048 1789 2070 semper
1801 2042 1868 2070 expli-

1022 2088 1074 2104 care
1091 2082 1159 2104 nimis
1176 2082 1273 2110 longum
1291 2084 1313 2104 et
1330 2082 1458 2105 taediosum
1477 2082 1563 2104 suisset.

1893 574 1957 593 Oratio
1970 574 1995 592 ad

1911 598 1977 616 Deum.
