2133 3317
551 229 746 258 OPUSCULUM
767 229 809 258 XI.
831 229 992 258 APOLOGIA
1012 230 1193 259 PAUPERUM.
1215 230 1282 258 cat).
1305 230 1369 258 VIII.

175 310 217 338 15.
240 308 314 338 Unde
335 311 362 337 et
383 308 429 336 illa
449 307 605 341 conclusio,
624 315 708 344 quani
730 309 792 343 post
812 307 934 343 explica-

8 365 83 386 manase
94 357 195 386 tionem
215 355 354 384 rationum
375 354 595 391 praedictarum,
627 354 655 382 in
685 354 788 390 quibus
812 354 935 382 absurdi-

8 390 41 408 -

2 468 4 567 l

0 569 4 720 j

0 722 42 882 Γ

0 2232 40 2260 niu!
45 2233 77 2252 ad-

0 2261 63 2276 wius.

95 407 163 432 tates
190 402 291 430 multas
318 401 475 435 interserit,
498 403 628 437 tanquam
650 400 770 429 finaliter
801 401 933 429 intentam

93 448 243 485 subiungit,
265 448 369 476 nullius
383 451 425 476 est
440 448 655 484 probabilitatis,
677 447 724 476 sed
742 455 857 484 magnae
872 455 934 484 per-

93 496 179 526 fidiae.
201 495 242 523 Ait
263 494 352 528 enim,
374 497 406 522 ut
427 494 519 523 verbis
540 494 600 522 eius
622 497 755 522 utamur:
782 505 795 518 ε(
810 494 855 522 His
869 501 934 522 cau-

93 543 129 572 sis
149 541 308 579 praedictis,
330 541 400 570 forte
415 544 442 569 et
456 541 532 575 aliis,
554 549 625 578 quae
646 549 662 569 a
682 541 852 578 sapientibus
871 548 933 577 pos-

93 592 156 619 sunt
166 588 299 621 inveniri,
312 596 376 616 cum
391 588 468 624 apice
484 587 659 624 perfectionis
670 605 708 608 ——
719 587 792 624 quod
808 587 880 616 enim
896 587 933 616 ci-

93 639 135 665 tra
154 638 195 664 est
216 634 408 671 imperfectum
429 637 469 663 est
484 651 523 655 —
537 634 608 663 bona
623 634 783 671 temporalia
799 634 933 663 Ecclesiae

92 690 108 711 a
128 681 255 718 perfectis
270 680 336 708 viris
352 681 491 717 praecepit
512 681 586 709 Deus
607 684 634 709 et
655 681 742 709 voluit
757 680 889 717 possideri
905 693 932 709 υ.

94 745 130 750 —
152 728 178 756 In
201 727 303 764 quibus
336 727 428 756 verbis
457 727 621 756 manifeste¹
642 728 747 764 aperit,
770 727 843 764 quod
865 736 933 764 pau-

92 775 206 813 pertatis
227 774 399 811 evangelicae
420 774 615 811 perfectionem
639 775 702 802 totis
718 774 825 803 viribus
846 774 934 803 elimi-

92 830 158 852 nare
178 821 326 850 contendit.
358 821 383 849 Si
417 821 489 849 enim
522 821 682 857 temporalia
706 821 778 849 bona
800 821 933 849 Ecclesiae

92 868 231 906 possidere
252 868 291 896 sic
311 871 353 897 est
373 867 542 904 perfectum,
565 871 596 895 ut
609 867 690 901 dicit,
706 871 736 895 ut
750 875 844 900 omne,
860 867 934 903 quod

92 919 133 945 est
163 915 232 944 citra
263 914 346 948 illud,
378 914 413 943 sit
443 914 651 951 imperfectum;
684 921 820 950 pauperes
849 913 933 950 igitur

92 962 209 996 Christi,
230 962 278 999 qui
301 961 369 990 nihil
390 961 501 990 omnino
522 961 662 998 possidere
683 961 795 994 volunt,
824 960 871 989 sed
893 964 934 988 to-

92 1013 151 1039 tum
181 1009 247 1038 dant
275 1017 337 1038 cum
360 1008 443 1037 vidua
472 1008 518 1036 illa
549 1008 757 1045 paupercula&
789 1011 837 1036 aut
865 1008 935 1036 citra

92 1056 166 1085 hunc
187 1055 362 1092 perfectionis
382 1054 487 1091 apicem
514 1054 682 1088 consistunt,
715 1057 742 1082 et
774 1057 840 1082 tunc
868 1056 934 1082 sunt

91 1102 262 1140 imperfecti;
283 1105 332 1130 aut
351 1102 425 1130 ultra
445 1101 615 1138 procedunt,
634 1103 661 1129 et
676 1104 742 1129 tunc
757 1104 822 1129 sunt
836 1108 935 1137 super-

92 1149 188 1179 stitiosi
209 1151 236 1177 et
257 1149 342 1185 impii.
364 1149 389 1176 Si
412 1148 497 1185 igitur
527 1147 588 1176 talis
618 1147 670 1176 fuit
698 1147 838 1182 Christus,
863 1148 935 1176 sicut

91 1199 185 1225 narrat
199 1195 371 1232 evangelicae
386 1195 510 1223 veritatis
526 1194 649 1228 historia,
664 1197 691 1223 et
707 1202 755 1231 per
770 1195 933 1223 Sanctorum

92 1242 245 1272 testimonia
267 1244 451 1271 monstratum
473 1244 514 1270 est
534 1241 658 1278 supra3,
680 1242 747 1270 tales
768 1241 850 1270 etiam
875 1241 934 1270 sue-

91 1293 157 1319 runt
177 1289 315 1326 Apostoli;
347 1289 503 1317 necessario
531 1288 659 1325 sequitur
687 1288 841 1317 secundum
862 1288 934 1317 hanc

91 1336 326 1366 antichristianam
347 1335 517 1369 doctrinam,
539 1334 612 1372 quod
634 1334 762 1363 Christus
776 1338 804 1363 et
818 1335 878 1363 eius
892 1335 932 1363 di-

91 1383 188 1421 scipuli
210 1383 253 1412 vel
274 1382 456 1419 superstitiosi
479 1381 599 1415 fuerint,
615 1382 657 1410 vel
673 1381 833 1418 imperfecti.
857 1382 933 1410 Insu—

91 1438 155 1468 per,
177 1429 199 1458 si
222 1429 289 1458 haec
310 1428 471 1464 temporalia
489 1428 560 1456 bona
574 1428 702 1456 Christus
716 1428 857 1465 praecepit
871 1436 933 1465 pos-

91 1476 172 1506 sideri
194 1483 210 1504 a
231 1475 298 1504 viris
319 1475 462 1512 perfectis,
484 1478 515 1502 ut
532 1475 646 1507 asserit;
662 1474 834 1511 quicumque
848 1475 933 1511 igitur

91 1523 175 1552 huius
206 1521 381 1558 perfectionis
412 1524 513 1549 statum
536 1521 703 1558 profitentur
724 1524 751 1549 et
773 1521 840 1550 haec
862 1521 934 1550 bona

90 1577 144 1598 11011
176 1568 330 1606 possident,
362 1570 582 1604 transgressores
606 1567 690 1596 divini
714 1568 851 1605 praecepti
873 1576 933 1597 esse

91 1615 303 1645 convincuntur.
325 1614 402 1651 Quod
425 1615 447 1643 si
469 1622 566 1643 verum
588 1617 646 1648 est,
668 1615 765 1651 utique
796 1615 849 1643 dici
878 1623 932 1644 non

91 1664 220 1700 potest4:
244 1662 328 1690 Beati
345 1670 508 1699 pauperes,
530 1661 671 1699 quoniam
690 1665 818 1690 vestrum
833 1666 874 1690 cst
888 1670 933 1690 re-

89 1717 181 1747 gnum
203 1709 271 1742 Dei,
292 1716 361 1737 nec:
389 1708 445 1736 Vac
467 1707 545 1736 vobis
566 1707 727 1736 diuitibus!
752 1708 799 1737 sed
821 1709 931 1745 potius:

90 1764 140 1785 vae
160 1755 238 1784 vobis
258 1755 429 1792 pauperibus
451 1759 582 1791 tanquam
605 1754 729 1789 miseris,
751 1755 932 1791 imperfectis,

90 1802 200 1831 iniustis
219 1804 246 1831 et
267 1801 375 1838 impiisl
397 1804 442 1830 et:
472 1801 544 1830 Beati
573 1801 689 1835 divites;
719 1801 819 1830 heatus
846 1802 933 1830 etiam

87 1848 232 1885 popalus,
254 1848 304 1877 cai
324 1847 394 1876 llaec
414 1849 522 1882 3117115,
554 1848 612 1877 51110
644 1848 747 1885 quibus
772 1856 822 1877 nec
844 1849 933 1885 perfe-

91 1895 188 1924 ctionis
208 1903 280 1932 apex
308 1902 357 1923 nec
385 1895 475 1923 virtus
499 1895 619 1924 iustitiae
644 1895 808 1931 possidetur.
831 1895 933 1932 Quodsi

91 1942 222 1979 perfectio
248 1942 320 1970 inter
341 1942 413 1970 dona
441 1942 488 1970 Dei
518 1942 608 1970 locum
637 1942 818 1979 praecipuum
846 1945 933 1977 tenet,

91 1993 184 2018 caveat
205 1989 256 2018 sibi
271 1989 318 2026 qui
333 1988 468 2017 eiusmodi
483 1988 634 2017 sententiae
649 1992 705 2022 est,
722 1997 755 2017 ne
770 1997 854 2026 super
869 1997 932 2017 eum

90 2036 244 2065 maledictio
260 2035 391 2073 principis
402 2035 593 2072 Apostolorum
609 2035 679 2064 iuste
694 2035 849 2069 descendat,
860 2035 934 2064 dica-

90 2085 193 2119 turque
207 2082 258 2111 sibi
270 2082 297 2110 ⁶:
315 2082 444 2110 Pcczmia
460 2086 512 2110 tua
527 2085 618 2110 tecam
633 2082 672 2110 sit
687 2082 718 2110 in
729 2082 933 2119 perditionem,

90 2137 120 2157 eo
140 2129 216 2167 quod
237 2128 425 2163 existimasti,
444 2129 554 2157 (lorium
571 2129 623 2157 Dei
634 2128 761 2165 pecunia
777 2129 932 2166 possideri.

171 2176 214 2204 16.
236 2176 335 2204 Mirum
357 2178 447 2210 certe,
466 2175 603 2213 quomodo
624 2176 687 2213 quis
709 2176 798 2212 potuit
819 2176 852 2204 ad
874 2179 935 2204 tan-

92 2226 147 2252 tam
167 2223 333 2260 impietatem
349 2223 499 2260 proficere,
515 2222 548 2251 ad
564 2226 665 2251 tantam
682 2223 776 2251 venire
791 2223 933 2257 insaniam,

91 2269 119 2298 in
140 2272 243 2298 tantam
265 2277 448 2307 prorumpere
469 2269 636 2304 fatuitatem,
658 2272 705 2304 ut,
720 2277 783 2298 cum
807 2269 934 2299 Christus

91 2316 158 2346 viris
172 2316 300 2354 perfectis
315 2316 440 2345 consulat
454 2316 545 2344 onmia
561 2316 678 2345 vendere
700 2319 727 2345 et
747 2316 814 2345 dare
831 2324 934 2353 paupe-

1778 230 1830 258 291

992 307 1085 341 ribus,
1107 308 1313 344 praecipiatque
1334 308 1482 344 Apostolis,
1498 310 1530 336 ut
1549 315 1599 336 nee
1614 315 1708 344 peram
1724 315 1773 336 nec
1788 315 1834 344 pe-

991 354 1100 382 cuniam
1125 354 1220 383 tollant
1241 355 1268 383 in
1289 354 1333 383 via
1354 362 1404 383 nec
1424 363 1525 383 aurum
1548 362 1598 383 nec
1612 357 1757 391 argentum
1774 362 1834 391 pos-

990 400 1096 428 sideant
1108 400 1117 417 ⁷
1131 411 1137 433 ;
1159 408 1174 429 e
1189 401 1328 429 contrario
1342 401 1442 430 audeat
1456 401 1563 435 dicere,
1582 404 1759 438 praeceptum
1774 409 1834 430 esse

991 454 1007 474 a
1027 447 1083 475 Deo
1104 447 1171 475 viris
1192 447 1320 483 perfectis
1343 448 1502 484 temporalia
1517 448 1664 484 possidere.
1687 464 1724 469 —
1746 448 1834 484 Quam
1848 456 1978 475 Confirmamr.

991 500 1058 521 vero
1078 493 1230 522 absurdum
1252 494 1373 530 1101111111Β
1395 494 1534 523 conclusio
1548 494 1669 531 praefata
1684 495 1834 529 contineat,

991 547 1027 568 ex
1048 539 1135 576 ipsius
1168 540 1259 569 verbis
1289 541 1415 575 elicitur,
1446 541 1549 577 quibus
1575 542 1709 576 affirmat,
1737 550 1833 576 omne,

991 586 1065 623 quod
1087 586 1157 614 infra
1176 587 1351 623 perfectionis
1366 588 1470 624 apicem
1486 591 1542 622 est,
1558 596 1617 617 esse
1632 589 1833 625 imperfectum.

991 633 1016 661 Si
1039 642 1114 670 apex
1135 633 1200 662 dicit
1221 634 1408 663 summitatem
1432 635 1470 663 rei
1492 635 1610 663 alicuius
1631 638 1785 664 extremam
1808 638 1835 664 et

991 680 1144 713 excelsam,
1166 683 1194 708 et
1214 680 1345 717 perfectio
1359 681 1463 717 apicem
1479 681 1579 715 habet;
1599 682 1702 718 aliquid
1717 685 1758 711 est
1772 690 1836 719 per-

990 726 1115 755 feetionis
1136 727 1213 755 citra
1234 727 1345 764 apicem
1366 728 1428 756 cius
1440 728 1470 756 ⁹:
1492 728 1548 756 duo
1562 736 1628 765 ergo
1643 729 1781 757 contraria
1799 729 1835 757 si—

991 773 1049 801 mul
1070 773 1151 807 dicit,
1173 782 1236 802 cum
1258 775 1372 808 asserit,
1394 778 1420 803 01
1442 775 1636 812 perfectionem
1660 776 1762 804 habere
1776 776 1834 813 api-

991 828 1066 853 cem,
1087 823 1114 849 et
1136 821 1203 848 nihil
1225 821 1294 849 citra
1315 821 1491 858 perfectionis
1519 822 1624 858 apicem
1655 830 1714 851 esse
1747 823 1835 859 perfe-

991 870 1074 895 ctum.
1099 867 1143 895 Est
1164 867 1245 896 etiam
1274 868 1339 896 haec
1369 868 1533 896 universalis
1562 869 1687 905 negativa
1709 877 1777 905 pene
1806 869 1832 898 in

992 917 1048 941 toto
1069 913 1151 947 falsa,
1173 922 1236 942 cum
1258 915 1417 942 1101150111111
1439 914 1569 951 perfectio
1592 915 1668 948 viae,
1691 916 1834 944 sedetiam

992 960 1123 996 perfectio
1147 961 1266 997 patriae
1287 961 1390 997 gradus
1415 961 1529 995 habeat3
1551 965 1577 989 et
1605 962 1676 990 sicut
1705 963 1835 998 perfectio

991 1007 1123 1035 castitatis
1144 1010 1171 1035 et
1191 1007 1361 1036 obedientiae
1383 1011 1472 1044 potest
1493 1016 1552 1036 esse
1575 1009 1660 1037 maior
1682 1012 1709 1037 et
1731 1010 1834 1043 minor,

992 1053 1030 1081 sic
1050 1055 1077 1081 et
1092 1053 1275 1091 paupertatis,
1297 1053 1529 1090 quemadmodum
1544 1063 1580 1083 ex
1602 1055 1707 1092 primae
1723 1064 1836 1093 respon-

991 1099 1075 1128 sionis
1097 1100 1178 1128 tertia
1199 1104 1277 1137 parte
1290 1101 1312 1117 ¹⁰
1333 1101 1455 1137 patescit.

1073 1147 1116 1174 17.
1138 1147 1276 1183 Denique,
1305 1156 1387 1184 quain
1417 1148 1603 1184 periculosum
1626 1149 1660 1177 sit
1688 1150 1835 1185 possessio-
1846 1157 1980 1184 Doctrinaeius

991 1201 1057 1221 num
1080 1194 1250 1222 affluentiam
1272 1194 1378 1230 magnis
1399 1194 1537 1223 laudatam
1560 1196 1713 1232 praeconiis
1733 1196 1835 1226 deside·
1857 1182 1968 1204 mmmm*

992 1240 1105 1268 rabilem
1128 1240 1259 1275 reddere;
1281 1249 1318 1269 ex
1340 1241 1391 1270 hoc
1414 1245 1539 1278 patenter
1565 1242 1732 1277 advertitur,
1761 1244 1835 1280 quod

990 1286 1114 1315 omnium
1143 1286 1201 1315 fere
1229 1287 1387 1315 mortalium
1416 1288 1555 1325 appetitus
1583 1292 1610 1317 et
1631 1297 1728 1318 sensus
1756 1290 1834 1326 proni

991 1336 1056 1362 sunt
1076 1333 1110 1361 ad
1132 1334 1381 1370 concupiscentiam
1403 1335 1548 1363 oculorum
1571 1338 1598 1364 et
1625 1335 1835 1365 admirationem

990 1379 1163 1414 divitiarum,
1185 1384 1212 1409 et
1233 1381 1305 1409 sicut
1319 1380 1384 1409 dicit
1402 1381 1545 1417 Apostolus
1560 1382 1592 1410 ad
1609 1383 1783 1411 Timotheum
1797 1385 1834 1411 ¹¹:

992 1427 1050 1462 Qui
1076 1427 1174 1455 volant
1205 1427 1307 1455 (lioiccs
1334 1427 1401 1464 ficri
1430 1428 1563 1457 incidunt
1594 1429 1624 1457 in
1653 1430 1835 1458 tentationem

990 1477 1014 1501 et
1036 1473 1170 1512 laqueum
1192 1474 1309 1502 diaboli.
1332 1491 1370 1494 ——
1391 1475 1492 1511 Quodsi
1514 1475 1632 1509 dixerit,
1654 1484 1708 1505 11011
1729 1484 1758 1505 50
1777 1477 1836 1505 lau·
1852 1485 1982 1511 0111110501-

989 1520 1055 1549 dare
1077 1521 1262 1557 possessiones
1282 1529 1486 1559 quascumque,
1508 1522 1555 1551 sed
1577 1526 1683 1551 tantum
1708 1532 1836 1552 conmza-
1884 1510 1939 1527 ΠΜ

989 1576 1039 1596 ‘nes
1059 1570 1087 1596 et
1107 1568 1304 1597 ecclesiasticas
1319 1571 1345 1596 et
1360 1568 1475 1597 Domino
1488 1569 1511 1586 ¹2
1525 1569 1677 1604 dedicatas;
1699 1571 1836 1605 attendat,

990 1614 1063 1652 quod
1086 1623 1138 1643 non
1162 1623 1259 1651 parum
1276 1615 1341 1643 latet
1362 1615 1389 1643 in
1411 1615 1533 1652 ipsarum
1555 1618 1775 1646 accumulatione
1791 1626 1836 1654 pe-

990 1661 1118 1690 riculum.
1150 1661 1223 1690 Unde
1251 1662 1408 1691 Bernardus
1435 1662 1468 1691 de
1495 1663 1637 1700 Colloquio
1665 1665 1782 1693 Simonis
1809 1668 1837 1694 et
1856 1672 1968 1691 Bernartius.

991 1708 1050 1737 lesu
1063 1708 1102 1736 ¹³:
1129 1720 1142 1733 α
1159 1708 1269 1737 Dotatas
1290 1712 1317 1737 et
1337 1708 1435 1737 ditatas
1459 1709 1582 1738 videmus
1603 1711 1731 1739 ecclesias
1752 1720 1767 1739 a
1789 1720 1835 1748 po-

991 1756 1112 1784 tentibus
1133 1759 1159 1784 et
1179 1755 1311 1784 divitibus
1332 1756 1419 1784 huius
1439 1757 1555 1790 saeculi,
1578 1757 1624 1794 qui
1648 1758 1673 1785 in
1704 1759 1835 1794 operibus

990 1802 1069 1831 bonis
1096 1802 1206 1836 divites,
1229 1802 1309 1830 iuxta
1336 1802 1443 1831 Domini
1472 1803 1702 1838 admonitionem,
1725 1805 1835 1833 amicos

989 1849 1047 1878 sibi
1065 1848 1163 1886 facere
1183 1849 1352 1877 studuerunt
1372 1850 1406 1878 cle
1427 1858 1597 1878 11111111111101111
1619 1851 1800 1889 iniquitatis,
1816 1861 1836 1881 a

991 1895 1096 1934 quibus
1117 1896 1148 1923 in
1170 1899 1289 1924 aelerna
1304 1895 1496 1924 tabernacula
1515 1897 1718 1934 reciperentur.
1735 1899 1834 1935 Quidni

991 1945 1150 1979 sperarent,
1178 1942 1212 1971 ab
1244 1943 1286 1971 bis
1317 1951 1345 1971 se
1376 1943 1477 1980 recipi,
1510 1944 1556 1980 qui
1589 1944 1679 1973 claves
1707 1945 1835 1974 videntur

991 1989 1115 2017 habere?
1137 1989 1187 2017 Sed
1210 1989 1277 2023 11011,
1299 1989 1362 2018 data
1389 1993 1430 2018 est
1452 1990 1510 2027 ipsa
1538 1991 1709 2027 providentia
1738 2000 1834 2021 eorum

991 2036 1017 2064 in
1039 2036 1208 2064 occasionem
1230 2037 1334 2070 carnis,
1349 2040 1376 2065 et
1397 2037 1443 2073 qui
1460 2037 1510 2066 sibi
1533 2040 1615 2074 atque
1636 2038 1696 2067 aliis
1712 2038 1736 2066 in
1760 2039 1835 2067 caelo

991 2083 1168 2111 tabernacula
1189 2091 1288 2119 parare
1315 2083 1483 2117 debuerant,
1512 2083 1538 2112 in
1562 2087 1636 2112 terra
1664 2085 1835 2122 coniungunt

990 2130 1110 2158 domum
1124 2130 1164 2158 ad
1181 2130 1299 2158 domum
1314 2133 1339 2158 et
1353 2130 1492 2167 copulant
1505 2139 1612 2167 aprum
1635 2140 1709 2168 11910
1722 2132 1752 2159 ¹³⁴.
1769 2132 1835 2168 Quis

991 2176 1083 2213 rapuit
1103 2176 1138 2205 ab
1159 2184 1207 2205 ore
1228 2176 1419 2213 Apostolorum
1441 2176 1598 2205 huiusmodi
1622 2178 1752 2214 temporis
1773 2186 1835 2207 ver—

991 2223 1058 2252 bum
1079 2223 1195 2260 gratiae,
1211 2223 1328 2252 verbum
1343 2223 1474 2252 fiduciae:
1492 2225 1574 2258 Ecce,
1590 2233 1642 2252 nos
1664 2224 1835 2263 reliquimus

991 2270 1091 2299 omnia
1111 2274 1136 2298 et
1155 2270 1247 2299 secuti
1266 2279 1370 2298 sumas
1392 2270 1436 2299 te?
1458 2271 1526 2300 Ecce
1546 2271 1632 2305 enim,
1649 2276 1681 2300 ut
1692 2272 1833 2309 populas,

990 2317 1033 2345 sic
1053 2317 1215 2346 sacerdotes
1227 2317 1250 2334 ¹5
1279 2317 1381 2346 diuites
1406 2317 1473 2355 ficri
1501 2318 1615 2351 uoluam
1637 2319 1762 2347 similiter
1790 2319 1834 2348 hic

154 2473 161 2486 ¹
180 2473 253 2496 Codd.
273 2473 339 2496 BCF
355 2473 517 2502 manifestius,
535 2476 557 2495 et
573 2473 657 2495 deinde
675 2480 717 2501 pro
737 2473 815 2503 aperit
832 2475 847 2496 B
863 2480 936 2504 appa-

92 2514 139 2542 ret,
156 2513 171 2535 F
188 2514 303 2542 apparet,
323 2512 395 2535 immo
411 2511 495 2542 aperit.

153 2551 163 2564 ²
181 2552 213 2574 De
229 2558 275 2581 qua
293 2553 360 2575 Marc.
379 2552 420 2578 12,
438 2552 474 2574 42.
492 2558 556 2581 seqq.
574 2555 596 2574 et
613 2553 667 2574 Luc.
686 2553 726 2579 21,
740 2553 879 2582 1501111-
893 2554 935 2575 Pro

93 2596 147 2614 cum
163 2591 234 2614 vidua
252 2591 290 2617 <ita
309 2591 406 2613 ABCD
423 2594 445 2613 et
462 2591 499 2613 ed.
521 2592 539 2619 1)
559 2591 608 2613 Vat.
627 2594 649 2614 et
666 2592 703 2614 ed.
722 2593 734 2613 2
753 2593 779 2614 ul
796 2591 875 2615 vidua.

155 2628 164 2642 ³
181 2629 236 2658 Cap.
253 2629 276 2652 7.
293 2636 313 2652 11.
332 2630 379 2652 6-8.
399 2632 421 2651 01
437 2629 547 2657 deinceps
564 2630 592 2652 de
610 2633 746 2658 paupertate
763 2631 935 2658 Apostolorum.

94 2680 122 2684 —
140 2669 182 2690 Pro
197 2675 241 2698 pei·
258 2668 404 2692 Sanctorum
421 2668 555 2691 testimonia
573 2669 610 2697 (ita
629 2669 646 2691 Α
657 2669 673 2691 C
684 2669 702 2691 D
719 2672 739 2691 et
757 2670 793 2692 ed.
817 2670 836 2698 1)
850 2670 900 2691 Vat.
912 2673 936 2692 et

93 2707 129 2730 ed.
146 2708 159 2729 2
170 2707 330 2737 perfectorum
342 2707 479 2730 testimonio.
494 2708 588 2730 inferius
600 2714 627 2730 ex
640 2708 656 2730 C
665 2709 680 2730 F
692 2708 854 2736 supplevimus
866 2708 934 2731 hanc.

155 2746 164 2758 ⁴
181 2747 234 2769 Luc.
253 2747 279 2773 6,
297 2747 333 2769 20.
352 2750 374 2769 et
391 2746 436 2773 24,
454 2748 493 2769 cfr.
512 2753 580 2774 supra
600 2753 653 2775 pag.
672 2748 728 2774 ²290,
748 2750 799 2769 nota
819 2748 840 2769 3.
858 2750 879 2769 et
898 2747 919 2770 4.

155 2784 164 2797 ⁶
182 2786 262 2808 Dsalrn.
284 2785 339 2813 143,
360 2786 401 2808 15;
419 2786 514 2807 Beatum
540 2786 645 2808 dixerunt
671 2787 795 2814 populum,
818 2786 856 2808 cui
879 2787 935 2808 liaec

94 2826 154 2846 sunt.
170 2837 201 2840 -—
218 2824 313 2847 lnferius
330 2828 382 2852 post
395 2824 531 2853 possidetur
542 2824 596 2847 edtl.
613 2827 691 2847 contra
709 2824 776 2847 BCF
794 2831 937 2853 prosequun-

94 2865 144 2885 tur:
161 2869 221 2892 quae
239 2863 347 2891 pcrscctio
365 2863 423 2885 111101
440 2863 499 2885 (lona
521 2863 561 2885 Dei
586 2864 663 2885 locum
689 2864 841 2891 praecipuum
867 2867 935 2886 tenet.

94 2900 178 2924 caveat
195 2901 237 2924 sibi
254 2905 297 2924 etc.

156 2939 165 2952 ⁶
182 2940 245 2962 Sicut
261 2940 349 2962 Simoni
367 2947 436 2968 mago
455 2942 504 2963 Act.
523 2942 550 2968 8,
568 2942 604 2963 20.

157 2978 165 2991 ⁷
183 2980 260 3001 Manli.
279 2980 319 3006 19,
337 2980 378 3002 21:
397 2980 419 3002 Si
437 2979 472 3002 vis
489 2981 604 3007 perfectus
621 2986 681 3007 esse,
700 2980 772 3007 vade,
791 2980 865 3003 vende
876 2984 935 3008 etc.;

99 3017 137 3046 ¹0,
153 3018 175 3040 9.
193 3024 257 3047 seq.z
275 3018 345 3040 Nolite
361 3018 480 3046 possidere
497 3024 579 3041 aurum
597 3022 639 3041 etc.

1053 2475 1063 2489 8
1080 2475 1109 2497 110
1127 2476 1144 2497 Α
1155 2475 1197 2497 BC
1209 2476 1226 2497 D
1242 2478 1264 2497 ct
1281 2475 1318 2497 ed.
1340 2476 1361 2502 l;
1381 2475 1429 2497 Vat.
1448 2478 1469 2497 et
1486 2475 1523 2497 ed.
1541 2476 1554 2497 2
1571 2475 1678 2498 absurda
1695 2475 1814 2505 domnula..

1054 2513 1063 2526 ⁹
1080 2514 1124 2536 Cfr.
1141 2520 1210 2542 supra
1228 2521 1248 2536 c.
1266 2515 1286 2536 Ξ,
1304 2521 1326 2536 n.
1344 2516 1364 2536 2,
1383 2520 1446 2542 seqq.
1466 2527 1495 2530 —
1512 2514 1623 2542 Superius
1649 2521 1691 2542 pro
1714 2514 1835 2538 summita-

992 2554 1035 2575 tem
1054 2553 1092 2581 (ita
1111 2555 1126 2575 Α
1138 2553 1180 2575 BC
1192 2553 1245 2580 DG)
1263 2553 1317 2575 cdd.
1333 2559 1461 2575 summam.

1055 2591 1074 2604 ¹⁰
1091 2591 1145 2620 Cap.
1164 2592 1186 2614 3.
1203 2598 1224 2614 n.
1242 2592 1278 2614 ⁴20.
1296 2604 1326 2608 —
1344 2592 1455 2619 Superius
1473 2598 1513 2620 pro
1533 2592 1643 2621 perfectio
1662 2592 1712 2616 uiae
1730 2592 1773 2621 (ita
1790 2592 1835 2615 CD

991 2633 1013 2653 et
1030 2631 1066 2653 ed.
1085 2631 1107 2659 l)
1126 2631 1175 2653 Vat.
1194 2634 1216 2652 et
1233 2631 1269 2653 ed.
1288 2632 1300 2652 2
1315 2630 1426 2660 persrctlo
1445 2630 1510 2653 ritae.

1054 2669 1072 2682 ²¹
1092 2670 1160 2697 Epist.
1179 2671 1193 2692 l.
1211 2677 1230 2691 1·.
1248 2670 1275 2696 6,
1293 2671 1315 2692 9.
1333 2683 1363 2687 --
1380 2671 1437 2692 (jen.
1454 2671 1480 2695 8,
1498 2670 1539 2692 ⁴21:
1558 2671 1642 2692 Sensus
1659 2670 1719 2692 euim
1737 2673 1759 2693 et
1775 2671 1835 2699 cogi-

992 2709 1045 2732 tatio
1063 2709 1157 2731 numani
1175 2709 1251 2731 cordis
1269 2710 1289 2731 in
1307 2710 1393 2731 malum
1411 2715 1482 2737 prona
1500 2712 1552 2732 sunt
1568 2709 1598 2731 ab
1615 2710 1767 2732 adolescentia
1783 2716 1833 2733 sua.

1056 2747 1075 2760 ¹²
1092 2748 1147 2770 Cod.
1166 2748 1182 2770 Β
1199 2749 1227 2770 ut
1242 2747 1350 2770 Domino.

1055 2786 1074 2799 ¹³
1092 2787 1144 2809 Sive
1162 2787 1324 2809 Declamation.
1341 2790 1384 2809 etc.
1401 2787 1451 2815 (cfr.
1469 2793 1537 2815 supra
1557 2793 1609 2815 pag.
1628 2787 1669 2814 45,
1682 2791 1732 2810 nota
1746 2789 1777 2817 8.)
1796 2789 1833 2811 lx.

992 2833 1014 2848 n.
1032 2826 1052 2848 9.
1073 2826 1123 2848 Υιιι.
1140 2829 1162 2847 et
1179 2825 1232 2848 edd.
1255 2826 1272 2851 l,
1290 2827 1316 2848 2:
1338 2826 1435 2849 Dotatas
1452 2827 1474 2848 et
1490 2825 1608 2849 dedicatas
1626 2826 1746 2850 cernimus
1768 2827 1835 2850 eccle-

991 2864 1040 2887 sius
1057 2867 1100 2886 etr.
1120 2864 1223 2886 Subinde
1241 2865 1350 2892 allegatur
1368 2865 1422 2887 Luc.
1443 2865 1481 2891 16,
1499 2865 1520 2886 9.

1055 2902 1074 2915 ¹⁴
1093 2903 1140 2925 lsai.
1160 2903 1184 2930 5,
1202 2903 1226 2925 8:
1245 2903 1308 2925 Vae!
1325 2903 1363 2932 qui
1381 2903 1520 2931 coniungitis
1537 2904 1632 2926 domum
1653 2905 1681 2927 acl
1700 2905 1795 2927 domum
1814 2908 1835 2927 ct

992 2948 1074 2969 agrurn
1092 2948 1149 2970 agro
1166 2942 1278 2969 copulatis
1294 2945 1336 2964 etc.
1354 2954 1384 2958 —
1402 2943 1510 2971 Sequitur
1527 2943 1602 2965 Martii.
1622 2943 1662 2970 ie,
1680 2944 1716 2965 27.

1055 2980 1074 2993 ¹⁵
1092 2981 1140 3003 lsai.
1154 2980 1194 3007 24.
1207 2982 1231 3003 2:
1247 2989 1257 3001 α
1269 2982 1293 3003 Et
1304 2981 1347 3003 erit
1357 2981 1416 3003 sicut
1427 2982 1539 3009 populus,
1556 2982 1588 3004 sic
1599 2983 1707 3005 sacerdos
1717 2991 1737 3004 ιι,
1751 2982 1835 3004 'sextus

992 3019 1120 3047 originalis:
1138 3020 1195 3042 Ecce
1212 3020 1286 3047 enim,
1303 3021 1329 3043 ul
1348 3020 1465 3050 populus,
1488 3020 1521 3044 sic
1546 3022 1567 3044 ec
1588 3021 1705 3044 sacerdos.
1729 3021 1835 3043 Similiter
