2133 3317
130 658 191 677 Sudor
204 662 246 675 san-

117 682 195 708 guineus
203 686 226 704 ag
227 686 246 699 o-

116 705 204 724 nizantis.

154 940 247 958 Ilortatio.

142 1842 243 1861 Vellicatio

146 1870 242 1889 genarum.

261 205 316 234 184

790 203 988 232 OPUSCULUM
1010 203 1040 231 X.
1064 203 1149 231 VlTlS
1170 203 1320 232 MYSTICA.

1343 203 1411 231 CAP.
1434 203 1488 232 XX.

1016 352 1178 381 CAmTULun
1200 353 1264 381 XIX.

865 476 904 504 De
925 476 1055 504 secunda
1076 474 1214 513 effusione
1234 475 1402 513 scmqutuis.

344 602 368 628 1.
396 599 521 629 Secundi
552 599 694 636 sanguinis
725 599 877 628 dulcissimi
910 599 970 628 lesu
1002 599 1114 633 effusio,

262 656 318 686 qua
342 647 477 684 passionis
508 655 572 675 rosa
593 646 750 680 coloratui
782 646 923 675 invenitur
954 646 982 674 in
1014 646 1116 675 sudore

263 694 414 732 sanguineo
435 694 540 722 orantis
562 697 589 722 et
610 693 780 730 agonizantis
801 693 877 727 lesu;
900 693 966 730 quia
980 694 989 710 1
1016 692 1116 730 fuctus

264 742 294 770 iu
325 741 436 779 (toenia
464 740 615 778 prolixius
637 740 754 773 orabat,
786 744 811 768 et
830 739 931 777 fctccus
952 744 994 768 est
1023 740 1116 768 sudor

263 788 326 817 eiu-9
344 788 422 816 sieut
440 791 542 825 yuttcte
566 787 726 824 sanyuinis
740 787 924 815 decurrentis
948 786 977 814 iit
993 790 1114 815 terrum.

263 835 375 863 Cessent
396 842 492 862 omnes
513 837 621 862 ceterae
644 833 786 870 sanguinis
802 833 966 867 effusiones,
989 833 1115 870 nunquid

264 882 332 910 haec
353 881 409 910 sola
432 889 486 909 non
502 881 603 918 poterit
626 888 717 909 rosam
736 883 859 909 nostram
882 880 1052 909 sufficienter
1068 889 1116 909 ru-

264 929 393 958 bricare?
408 929 478 957 Vere
497 931 594 965 potest.
612 944 648 948 —
664 928 851 956 Contremisce
866 931 892 956 et
907 927 1046 962 scindere,
1068 936 1116 956 cor

264 984 357 1005 meum
379 976 527 1010 miserum,
543 979 570 1004 et
585 975 743 1012 sanguineis
764 975 894 1011 lacrymis
914 975 1080 1003 immadesce
1096 975 1116 1008 2,

265 1023 331 1060 quia
351 1031 428 1057 ecce,
450 1023 564 1051 Creator
591 1030 670 1050 meus
697 1030 748 1058 pro
770 1029 813 1050 me
841 1022 992 1058 sanguineo
1014 1021 1116 1050 sudore

265 1069 458 1107 perfunditur,
481 1077 531 1098 nec
549 1069 601 1098 levi
618 1069 744 1106 quidem,
767 1068 814 1097 sed
835 1068 1003 1097 decurrente
1018 1069 1045 1096 in
1062 1072 1117 1097 ter-

266 1125 334 1145 ram.
350 1117 406 1145 Vae
421 1117 522 1145 misero
537 1116 626 1151 cordi,
641 1115 715 1153 quod
730 1116 776 1144 tali
793 1124 825 1144 ac
840 1119 915 1144 tanto
937 1115 1039 1144 sudore
1055 1124 1116 1152 per-

265 1164 359 1192 fusum
380 1172 434 1192 non
458 1163 606 1192 madescit!
631 1163 735 1200 Inspice
756 1163 963 1192 tribulationem
980 1163 1116 1191 mitissimi

265 1210 340 1239 illius
361 1210 451 1239 cordis
463 1210 483 1245 ³,
506 1219 561 1247 qua
582 1210 749 1247 angebatur,
772 1218 835 1238 cum
858 1212 947 1238 totum
962 1217 1064 1246 corpus
1081 1217 1117 1238 ex

266 1258 340 1286 omni
356 1261 434 1295 parte
462 1258 614 1295 sanguineo
643 1257 745 1286 sudore
766 1260 900 1285 manaret.
922 1257 1016 1294 Neque
1044 1256 1117 1285 enim

266 1311 368 1341 corpus
389 1304 566 1333 extrinsecus
588 1307 664 1333 tanto
686 1304 789 1341 talique
805 1304 906 1332 sudore
928 1303 1079 1337 deflueret,
1095 1303 1117 1332 si

267 1358 314 1380 cor
335 1351 503 1380 intrinsecus
525 1351 599 1380 illius
626 1351 729 1380 doloris
750 1351 875 1380 molestia
897 1359 950 1379 non
976 1351 1118 1388 frangere-

269 1402 322 1427 tur.
347 1399 511 1428 Coutritum
532 1403 586 1433 est,
609 1399 700 1436 inquit
715 1399 851 1436 Propheta
863 1399 883 1432 4,
903 1407 954 1427 eor
976 1406 1072 1426 meum
1088 1398 1118 1426 in

1172 598 1266 627 medio
1288 598 1351 626 mei.
1385 598 1474 627 Scisso
1496 607 1562 636 ergo
1593 599 1676 628 corde
1707 599 1837 633 interius,
1867 599 1951 628 scissa
1982 603 2023 628 est

1173 645 1299 674 exterius
1325 645 1404 682 pellis
1425 646 1483 674 veri
1506 646 1671 679 Salomonis,
1692 646 1872 675 amantissimi
1902 647 1975 681 Iesu,
1997 649 2024 675 et

1173 692 1278 721 effusus
1306 696 1348 721 est
1368 692 1454 721 sudor
1482 692 1652 729 sanguineus
1673 700 1757 729 super
1787 696 1898 721 terram.
1925 693 2024 722 Rubri-

1173 743 1233 768 cata
1254 742 1296 768 est
1317 747 1379 768 rosa
1401 739 1524 768 caritatis
1539 742 1566 768 et
1580 740 1715 776 passionis
1736 739 1853 774 Christi,
1876 739 2022 769 rubicundi

1174 786 1243 815 Iesu
1267 786 1347 820 Ecce,
1369 794 1453 823 quam
1476 789 1550 815 totus
1571 786 1795 815 iztbieuizctzffl!

1253 834 1279 861 2.
1303 833 1355 861 Nec
1377 836 1456 861 xacat
1477 841 1493 861 a
1518 833 1650 869 mysterio
1677 833 1729 862 ista
1755 833 1896 870 sanguinis
1927 834 2023 871 optimi
2059 831 2133 867 instet„

1175 880 1235 909 lesu
1256 880 1353 908 ellusio
1374 880 1519 917 sreneralis.
1537 880 1650 908 Sudavit
1672 881 1744 909 enim
1766 883 1822 908 toto
1843 888 1961 917 corpore
1975 867 2133 932 (4111ἶᾶῗείῊοῖᾞῖ

1174 930 1283 955 nostras
1312 927 1409 955 tollere
1437 930 1551 955 venerat
1572 927 1748 955 infirmitates
1776 935 1812 955 ex
1841 931 1936 956 nostro
1963 935 2024 956 cor·
2057 919 2071 932 “

1174 974 1264 1011 pore⁶
1286 977 1314 1002 et
1335 974 1469 1011 sanguine
1484 978 1652 1009 contractas,
1675 976 1706 1003 ut
1720 974 1754 1002 ad
1776 975 2023 1003 convalescentiam

1174 1025 1201 1050 et
1222 1021 1367 1050 sanitatem
1389 1021 1475 1050 totius
1496 1021 1621 1058 corporis
1642 1021 1807 1058 spiritualis,
1823 1021 1897 1058 quod
1916 1025 1957 1050 est
1979 1022 2026 1051 Ec-

1175 1069 1272 1103 clesia,
1295 1068 1436 1097 sufficeret
1467 1068 1552 1097 sudor
1574 1068 1744 1105 sanguineus
1775 1068 1810 1097 ab
1840 1069 1915 1097 omni
1947 1071 2026 1106 parte

1175 1116 1301 1153 corporis
1322 1116 1418 1153 capitis
1439 1115 1526 1144 nostri
1549 1116 1609 1144 Iesu
1631 1115 1771 1152 profusus.
1794 1115 1925 1144 Liberuti
1941 1115 2026 1153 igitur

1175 1171 1273 1192 sumus
1294 1163 1328 1191 tle
1348 1162 1561 1200 sanguinibus,
1586 1163 1641 1191 Deo
1672 1162 1779 1191 salutis
1810 1167 1928 1192 nostrae
1939 1163 1961 1197 ⁷,
1982 1163 2027 1192 be-

1175 1209 1336 1246 nignissimo
1359 1210 1419 1238 lesu
1440 1209 1556 1244 scilicet,
1579 1218 1631 1246 pro
1651 1210 1730 1239 nobis
1752 1210 1915 1247 sanguinem
1938 1210 2027 1239 effun-

1175 1256 1264 1285 dente.
1298 1257 1347 1285 Vel
1378 1257 1430 1285 hoc
1462 1259 1537 1285 certe
1569 1256 1694 1294 signabat
1725 1257 1810 1286 sudor
1843 1257 2025 1294 sanguineus,

1175 1303 1250 1340 quod
1272 1303 1299 1332 in
1322 1306 1378 1332 toto
1400 1311 1532 1340 corpore,
1561 1303 1665 1332 scilicet
1696 1303 1849 1341 spirituali,
1881 1303 1955 1341 quod
1986 1306 2027 1332 est

1177 1350 1310 1384 Ecclesia,
1333 1350 1445 1387 sanguis
1467 1354 1527 1379 erat
1547 1351 1701 1387 Martyrum
1724 1350 1908 1380 effundendus
1929 1354 1956 1380 et
1978 1351 2027 1379 Ec-

1176 1398 1258 1426 clesia
1280 1401 1340 1426 erat
1361 1397 1560 1426 rubricandass.

1029 1533 1191 1561 Caeirctmi
1212 1533 1266 1561 XX.

901 1657 942 1685 De
964 1656 1050 1685 teriia
1071 1655 1209 1694 effusione
1228 1656 1395 1694 scmyuinis.

353 1783 375 1810 1.
398 1781 490 1810 Tertia
511 1781 653 1818 sanguinis
678 1780 776 1809 effusio
804 1783 864 1809 erat
892 1780 919 1808 in
948 1780 1120 1809 vellicatione

270 1836 421 1866 genarum,
443 1828 524 1857 cuius
545 1827 735 1857 testimonium
757 1827 893 1856 habemus
914 1827 941 1855 in
960 1826 1119 1863 Propheta⁰

269 1876 377 1905 dicente
399 1884 435 1905 ex
463 1883 582 1913 persona
612 1875 738 1904 amabilis
768 1875 877 1903 Domini
906 1875 981 1903 Iesu:
1006 1874 1121 1911 Corpus

270 1932 367 1952 meum
388 1923 454 1951 decli
470 1922 719 1960 percutientibus,
733 1930 825 1960 yemis
840 1930 920 1950 meus
934 1921 1119 1955 vellentibus,-

269 1970 344 2007 quod
365 1970 478 2007 quidam
499 1972 645 2007 exponunt
675 1969 709 1998 de
740 1969 906 1998 laceratione
938 1968 1117 1997 maxillarum

1176 1780 1248 1809 facta
1268 1788 1331 1809 cum
1356 1780 1499 1818 unguibus
1527 1780 1676 1817 impiorum
1706 1781 1886 1816 ludaeorum,
1915 1782 2028 1819 quidam

1176 1835 1244 1856 vero
1264 1827 1298 1856 de
1319 1828 1492 1856 extractione
1513 1828 1616 1857 barbae
1637 1828 1746 1857 Domini
1768 1829 1844 1863 Iesu;
1864 1829 1954 1866 quod,
1970 1829 2028 1859 sive

1176 1877 1332 1911 utrumque
1352 1874 1410 1903 sive
1430 1874 1551 1903 alterum
1571 1883 1671 1904 verum
1692 1875 1742 1910 sit,
1764 1883 1819 1904 non
1848 1879 1940 1905 tamen
1969 1876 2028 1905 sine

1176 1922 1309 1951 effusione
1324 1921 1466 1959 sanguinis
1481 1921 1585 1950 factum
1600 1925 1641 1951 est
1653 1922 1683 1950 ¹⁰.
1700 1922 1785 1951 Video
1799 1930 1866 1960 ergo
1881 1923 2028 1960 sacrilegas

1177 1976 1276 1997 manus
1296 1968 1475 2005 impiissimae
1495 1969 1600 2005 gentis,
1622 1977 1678 1997 non
1699 1972 1838 1998 saturatas
1858 1969 1983 2006 colaphis
2001 1972 2029 1998 et

334 2183 341 2196 ¹
360 2185 389 2207 rt
406 2184 489 2206 dicitnr
506 2184 559 2206 Lu‹·.
579 2185 620 2211 ⁴22,
640 2183 676 2205 43.
694 2190 742 2212 seq.
761 2184 800 2206 Ed.
824 2185 828 2205 1
850 2189 903 2205 cuin
922 2186 937 2206 A
959 2185 991 2206 lla
1010 2183 1072 2206 enim
1085 2183 1119 2206 cli-

270 2222 300 2246 cit
319 2222 484 2252 Ecanglt’listu:
504 2222 532 2245 Et
547 2222 626 2252 [lictus
644 2226 686 2245 etc.

334 2261 342 2274 ²
361 2262 400 2284 Ed.
419 2262 423 2283 Ι
443 2262 501 2284 Vere
510 2263 587 2291 potest
598 2261 748 2285 conscindere
761 2268 801 2285 ror
814 2268 891 2285 meum
906 2261 1018 2285 miserum
1032 2264 1052 2285 et
1064 2268 1120 2285 sun.-

270 2301 361 2331 [Juineis
380 2301 494 2331 lucrymis
511 2301 665 2330 nzculefircere.
685 2302 779 2323 interius
792 2308 834 2329 pro
851 2308 891 2324 in'c
909 2301 954 2324 leoz?
970 2301 986 2324 C
1004 2308 1046 2325 uec
1064 2301 1117 2324 leni.

334 2339 342 2352 ³
359 2341 389 2363 lta
402 2341 438 2363 ed.
455 2341 463 2362 rl
480 2347 533 2363 eum
552 2341 582 2367 A}
600 2340 616 2363 C
627 2341 645 2362 D
656 2341 670 2362 Ε
688 2341 796 2363 omittunt
808 2340 893 2363 cordi&
906 2341 962 2363 Bon.
975 2341 1041 2369 legit:
1055 2340 1119 2364 illius

271 2379 312 2409 qui
327 2379 484 2409 (tyoitizabat,
502 2383 524 2402 et
541 2380 595 2402 dein
613 2386 666 2402 cun]
684 2380 720 2402 ed.
738 2381 742 2401 1
760 2386 814 2403 cum
832 2382 878 2403 toto
897 2386 996 2409 corpore
1013 2386 1044 2403 etr
1056 2380 1122 2403 omni

268 2420 338 2448 pao-te
354 2419 501 2448 sanqztineus
518 2418 593 2441 sudor
611 2420 729 2441 ntanrwet.

333 2457 342 2470 4
362 2459 401 2480 ier,
420 2458 462 2485 23,
480 2458 502 2480 9.
520 2458 565 2481 Cir.
583 2464 653 2486 supra
674 2458 760 2486 Opusc.
777 2459 809 2481 lll.
827 2459 927 2486 Lignum
951 2459 1024 2485 vitae,
1042 2466 1064 2481 u.
1087 2459 1119 2481 lS.

271 2500 293 2519 et
309 2497 393 2525 Opusc.
412 2497 448 2519 Vl.
466 2497 494 2519 de
512 2497 652 2519 Pei-sectione
670 2497 731 2519 vitae
753 2497 782 2519 ad
805 2504 908 2525 sorores,
926 2504 947 2520 c.
967 2498 988 2519 6.
1011 2504 1033 2520 n.
1050 2498 1072 2520 5.
1090 2510 1120 2514 —

271 2536 373 2559 Subinde
390 2536 497 2559 alluditur
510 2536 539 2559 ad
557 2536 621 2559 Cant.
636 2537 642 2557 1
656 2555 660 2564 ,
674 2536 699 2559 4:
718 2536 785 2559 Sicut
796 2536 868 2566 pelles
881 2536 1025 2560 Salomonis.
1038 2550 1067 2553 -—
1081 2538 1121 2559 Su-

271 2576 349 2604 perius
366 2582 409 2604 pro
425 2575 447 2599 si
463 2582 505 2599 cot·
522 2575 665 2599 intrinsecus
683 2575 749 2599 illius
767 2575 856 2599 (latoris
874 2576 982 2599 molestia.
993 2582 1042 2599 *non
1053 2577 1119 2605 frait-

271 2616 367 2644 (stretur
385 2615 428 2643 (ita
446 2614 462 2638 C
474 2615 490 2637 D
500 2616 525 2643 Ε)
544 2615 600 2637 alias
615 2615 636 2638 si
647 2621 688 2638 coi·
707 2615 849 2638 intrinsecus
863 2615 954 2638 nullius
964 2615 1061 2639 ‘doloris‘
1073 2621 1121 2638 rmo-

271 2654 337 2677 lestia
355 2654 518 2683 [ranam-etur.

333 2693 342 2705 ⁵
360 2693 423 2716 Cant.
442 2694 468 2720 5,
490 2694 528 2716 1οε
548 2694 646 2716 Dilectus
665 2700 730 2716 inens
747 2694 861 2717 candidus
878 2699 898 2716 et
917 2694 1070 2717 rubicundus.
1090 2707 1120 2711 —

271 2732 326 2754 Bon.
344 2738 396 2755 cuin
415 2732 452 2755 ed.
474 2733 478 2754 1
501 2736 522 2754 et
540 2733 557 2754 A
576 2733 647 2761 Ecce,
665 2739 738 2762 quant
761 2733 908 2756 rabit-mulus
929 2734 949 2756 et
967 2739 1040 2763 quam.
1057 2735 1120 2756 totus

270 2770 418 2794 rubicundus
429 2772 436 2793 l

333 2809 342 2822 ὃ
360 2810 400 2832 Ε(1.
423 2811 427 2832 Ι
449 2817 480 2833 ea*
497 2817 569 2834 carne
588 2813 677 2834 nostra.

335 2848 343 2861 ⁷
362 2849 442 2871 Psalni.
461 2849 501 2877 50,
524 2850 561 2872 16:
586 2850 666 2872 Libera
687 2857 723 2873 ine
745 2851 774 2873 de
792 2850 946 2878 sanguinibus
969 2851 1040 2879 Deus,
1060 2851 1120 2873 Deus

271 2888 349 2910 salutis
368 2894 438 2910 meae*
456 2889 512 2911 Bon.
530 2896 543 2911 {l
564 2890 608 2912 Deo
626 2889 731 2912 salutari
756 2891 850 2918 nostro,
871 2890 907 2912 ed.
936 2891 939 2911 Ι
969 2890 1015 2913 Deo
1039 2889 1118 2920 qratia

270 2927 311 2955 sit,
329 2927 425 2950 attatei-i
440 2927 525 2951 salutis
545 2930 640 2951 ΜΕΝ-[(1)
652 2928 751 2958 lienique
771 2930 833 2957 lesu,
855 2929 977 2959 (saisitum
992 2929 1119 2958 promotis

269 2966 412 2995 sanmtiieem
430 2966 596 2990 liberalissime
613 2967 702 2997 effudit.
720 2969 799 2990 Nostra
824 2969 889 2991 lectio
913 2968 1038 2996 praebetur
1055 2968 1084 2990 ab
1103 2970 1119 2990 A

270 3004 348 3028 CDE.
366 3006 487 3033 Bcrncud,
506 3007 578 3028 Serui.
597 3007 617 3028 3.
636 3007 657 3029 in
676 3007 792 3029 dominica
816 3008 959 3036 palmarum,
982 3014 1003 3029 n.
1023 3007 1049 3030 4:
1072 3008 1119 3030 Non

1176 2184 1230 2206 solis
1247 2184 1329 2210 oculis,
1347 2184 1389 2206 sed
1408 2184 1475 2212 quasi
1501 2183 1612 2206 membris
1630 2183 1739 2206 omnibus
1762 2184 1853 2206 flevisse
1876 2184 1981 2212 videtur,
2004 2188 2029 2208 ut

1176 2225 1249 2244 totum
1267 2229 1352 2250 corpus
1369 2223 1430 2249 eius,
1451 2223 1513 2251 quod
1532 2226 1566 2244 est
1584 2223 1695 2249 Ecclesia,
1712 2223 1781 2245 totius
1798 2223 1906 2250 lacrymis
1923 2224 2028 2251 corporis

1177 2264 1325 2289 purgaretur.

1240 2300 1248 2312 Β
1267 2301 1327 2323 Haec
1344 2301 1456 2328 expositio
1474 2304 1508 2323 est
1519 2301 1647 2323 secundum
1665 2301 1774 2329 August„
1793 2302 1894 2324 Enarrat.
1906 2301 1928 2324 in
1942 2302 1976 2324 Ps.
1988 2302 2027 2325 93.

1177 2347 1199 2362 n.
1222 2341 1254 2362 19.
1272 2343 1294 2362 et
1310 2341 1332 2362 in
1351 2341 1387 2362 Ps.
1409 2340 1457 2362 140.
1476 2346 1498 2362 n.
1518 2340 1581 2362 4.-
1593 2341 1704 2368 Superius
1723 2344 1774 2368 post
1790 2340 1864 2363 sudor
1880 2341 2027 2370 sanquineus

1178 2380 1214 2402 ed.
1236 2380 1240 2401 t
1264 2386 1317 2402 cuni
1335 2380 1352 2402 Α
1370 2380 1435 2402 addit
1452 2386 1468 2402 a.
1485 2381 1531 2403 toto
1550 2386 1650 2409 corpore
1667 2379 1750 2409 capitis
1762 2380 1840 2403 nostri·
1855 2380 1957 2410 effusus,
1971 2381 2027 2403 Bon.

1177 2419 1207 2442 ab
1225 2419 1291 2442 omni
1303 2421 1374 2449 parte
1391 2418 1474 2449 capitis
1491 2419 1570 2443 uestri
1583 2419 1680 2449 effusus.

1241 2457 1250 2470 ⁹
1268 2459 1318 2481 lsai.
1338 2459 1379 2487 50,
1397 2459 1422 2486 6,
1447 2458 1486 2480 ubi
1510 2459 1673 2486 Septuaginta:
1698 2459 1795 2481 Dorsum
1819 2465 1897 2481 meum
1920 2459 1973 2481 dedi
1997 2459 2027 2481 ad

1178 2498 1268 2525 flagella
1286 2501 1308 2519 et
1324 2504 1396 2525 genas
1419 2504 1482 2520 meas
1505 2498 1533 2520 ad
1556 2499 1642 2526 alapas:
1660 2497 1704 2520 Cfr.
1727 2498 1828 2525 Bonav.‚
1851 2497 1979 2520 Comment.
2003 2498 2026 2520 in

1180 2538 1240 2559 ioan.
1262 2538 1299 2565 19,
1317 2538 1338 2559 3.
1357 2544 1378 2559 n.
1397 2538 1417 2559 3.
1435 2538 1524 2565 Haymo
1548 2537 1692 2565 praedictum
1716 2537 1792 2559 locuni
1812 2537 1881 2559 isaiae
1898 2538 2027 2565 explicans,

1178 2576 1245 2598 dicit:
1268 2576 1360 2606 Corpus
1383 2582 1463 2599 rmeum
1485 2575 1538 2599 [ledi
1550 2575 1749 2605 percutientibus,
1773 2577 1862 2599 ludaeis
1879 2579 1900 2599 et
1917 2576 2028 2599 militibus

1178 2616 1299 2644 Romanis,
1318 2622 1360 2644 pro
1373 2617 1445 2638 salute
1458 2616 1549 2644 generis
1561 2616 1656 2638 humani
1665 2633 1670 2643 ,
1682 2617 1704 2639 et
1714 2621 1788 2645 yemis
1800 2622 1865 2639 meas
1880 2615 2025 2639 vellentibus.

1178 2656 1254 2677 Genae
1271 2658 1324 2677 sunt
1340 2655 1402 2682 loca,
1419 2654 1459 2677 ubi
1472 2655 1573 2682 primurn
1591 2654 1664 2677 barba
1677 2655 1790 2682 nest-itum
1808 2658 1862 2677 tune
1879 2655 1943 2677 dedit
1956 2661 2027 2683 genas

1178 2701 1232 2716 suas
1249 2694 1297 2716 sive
1310 2694 1407 2716 barbam
1426 2695 1453 2716 ad
1467 2694 1612 2721 vellendum,
1630 2694 1724 2722 quando
1737 2694 1872 2716 velaverunt
1885 2694 1964 2716 faciem
1977 2694 2027 2716 eius

1178 2738 1200 2756 et
1216 2733 1303 2756 dabant
1321 2734 1340 2756 ei
1366 2734 1444 2761 alapas
1470 2733 1550 2763 [Marc.
1572 2733 1609 2761 14,
1632 2733 1672 2761 65;
1695 2734 1751 2756 Ituc.
1771 2734 1813 2760 2-2,
1837 2732 1899 2762 6.t.]‚
1920 2733 1958 2755 illo
1980 2739 2026 2755 non

1178 2777 1344 2795 contemnente.

1241 2812 1260 2824 ¹⁰
1279 2813 1317 2835 Ed.
1340 2813 1344 2835 1
1367 2813 1433 2840 leg-it:
1451 2812 1547 2841 quidam
1560 2815 1636 2834 aulem
1652 2812 1681 2834 de
1695 2812 1813 2834 evulsione
1827 2811 1913 2834 barbae
1925 2811 2025 2834 Domini.

1178 2852 1253 2873 Potest
1271 2855 1396 2880 utrumque
1414 2852 1483 2873 fuisse
1495 2857 1586 2873 verum.
1599 2851 1673 2873 Credo
1691 2857 1735 2873 nou
1753 2851 1803 2873 sine
1814 2851 1889 2879 aliqua
1907 2851 2027 2878 sanguinis

1178 2891 1289 2912 effusione
1301 2891 1325 2912 id
1338 2893 1457 2918 peractum
1471 2890 1564 2920 [ultIma
1577 2889 1704 2918 propositio
1724 2889 1845 2912 exhibetur
1863 2889 1931 2912 etiam
1949 2889 1978 2911 ab
1990 2889 2026 2918 Α].

1178 2930 1263 2951 Eadem
1281 2930 1316 2951 ed.
1335 2930 1431 2951 inferius
1448 2936 1491 2957 pro
1509 2928 1670 2958 conspuitione
1688 2928 1806 2951 substituit
1828 2928 1982 2958 consputione
2004 2931 2026 2951 et

1178 2968 1275 2990 vocibus
1294 2968 1359 2991 vultu
1381 2968 1518 2991 dulcissimo
1544 2968 1658 2990 interserit
1683 2974 1774 2997 quoque
1791 2968 1857 2996 [Bon.
1882 2968 1936 2995 legit
1958 2967 2026 2990 vultu

1178 3013 1270 3037 quoque
1287 3007 1458 3036 (litet-tissima}

2043 1265 2109 1285 Aliter.
