2133 3317
497 204 696 233 OPUSCULUM
717 203 806 232 XXIII.
828 204 978 233 LEGENDA
999 204 1114 233 SANCTI
1134 205 1309 235 FRANCISCI.
1330 206 1399 234 CAP.
1421 206 1463 235 VI.

110 283 131 313 si
152 285 291 312 statuatur
312 282 340 311 in
361 282 504 315 cathedra,
525 290 579 309 non
600 282 668 315 alta,
683 281 730 310 sed
745 281 799 310 ima
814 281 949 318 respiciet.

109 330 134 358 Si
156 329 306 358 collocetur
327 329 354 357 in
376 336 519 365 purpura,
547 327 632 364 duplo
652 328 790 363 pallescet.
813 328 874 362 Hic,
896 328 949 361 ait,

109 384 192 405 verus
212 375 342 404 obediens
363 377 417 409 est,
439 374 502 411 qui,
525 382 576 403 cur
589 375 598 391 ²
620 378 777 408 moveatur,
799 383 853 403 non
879 374 950 403 diiu-

108 423 194 457 dicat;
216 423 262 451 ubi
286 422 408 455 locetur,
429 429 484 449 non
505 424 600 455 curat,
622 424 653 449 ut
670 424 879 454 transmutetur,
895 429 949 449 non

108 471 205 503 instat;
226 472 339 498 evectus
359 468 393 496 ad
421 467 559 502 officium,
581 468 687 496 solitam
714 470 788 496 tenet
808 467 949 496 humilita-

107 519 174 550 tem;
196 516 259 552 plus
280 515 440 548 honoratus,
462 514 525 551 plus
546 517 656 551 reputat
677 522 706 542 se
727 514 908 550 indignum».

186 563 211 590 ὃ.
233 562 310 590 Dixit
340 561 487 598 aliquando
519 561 591 589 socio
623 568 688 589 suo:
716 561 797 588 «Non
820 560 887 589 mihi
909 560 949 589 vi-

71 618 84 632 ·-
106 610 172 639 deor
193 609 287 637 Frater
309 608 411 642 Minor,
433 608 483 637 nisi
515 607 594 636 fuero
625 607 651 635 in
684 610 773 641 statu,
795 615 878 644 quem
900 607 948 635 tibi

57 655 62 660 '
107 655 286 692 descripsero.
310 655 389 689 Ecce,
411 655 552 692 praelatus
572 654 695 683 existens
716 655 857 688 Fratrum,
879 654 948 682 vado

105 703 139 732 ad
159 702 331 739 Capitulum,
353 701 480 738 praedico
501 704 528 730 et
549 709 708 730 commoneo
729 701 851 734 Fratres,
873 703 900 728 et
921 701 947 728 in

104 749 159 778 fine
189 749 291 777 dicitur
322 751 418 777 contra
438 756 501 777 me:
524 748 595 782 ,Non
616 747 746 776 convenis
767 747 862 781 nobis,
883 747 948 784 quia

103 796 263 825 illitteratus
283 803 312 824 es
325 794 344 829 ²,
365 795 495 832 elinguis,
518 794 601 823 idiota
621 796 648 822 et
669 794 816 830 simplex‘;
839 793 947 822 tandem

104 842 197 872 elicior
218 850 281 871 cum
303 841 469 879 opprobrio,
491 841 643 877 vilipensus
663 840 698 868 ab
718 840 855 868 omnibus.
883 840 948 868 Dico

103 889 168 923 tibi,
189 888 240 917 nisi
262 888 357 917 eodem
379 888 474 921 vultu,
496 887 589 916 eadem
613 887 712 915 11166115
733 886 834 915 laetitia
855 889 882 914 et
902 894 947 914 eo-

103 936 166 965 dem
186 935 338 964 sanctitatis
359 935 500 971 proposito
522 934 589 962 haec
604 934 688 962 verba
702 933 831 967 audiero,
853 933 947 962 Frater

103 983 190 1011 Minor
217 989 393 1019 nequaquam
425 989 486 1010 sum
501 992 528 1008 ».
552 981 582 1009 Et
604 980 735 1009 addebat:
763 992 776 1005 «
793 980 819 1008 16
842 980 946 1016 praela—

102 1030 176 1059 tione
203 1037 300 1063 casus,
332 1028 358 1056 in
390 1028 471 1056 laude
502 1027 710 1064 praecipitium,
733 1027 759 1054 16
792 1026 946 1055 humilitate

102 1076 205 1106 subditi
235 1076 342 1104 animae
364 1075 474 1103 lucrum
496 1077 545 1103 est.
567 1074 623 1102 Cur
644 1081 710 1110 ergo
731 1073 862 1110 periculis
883 1073 946 1109 plus

102 1131 186 1161 quam
217 1123 303 1151 lucris
329 1121 509 1155 attendimus,
531 1129 594 1150 cum
622 1120 811 1157 acceperimus
836 1123 946 1157 tempus

73 1176 88 1191 ¹-
101 1169 136 1199 ad
163 1169 274 1198 lucrum
288 1171 320 1197 »?
348 1185 386 1189 —
414 1168 467 1196 Hac
493 1168 578 1205 igitur
606 1167 639 1196 de
667 1175 750 1196 causa
781 1167 945 1195 humilitatis

35 1251 38 1260 Ι
58 1213 63 1219 ”
101 1216 191 1245 forma
211 1216 372 1244 Franciscus
394 1215 502 1243 Fratres
533 1222 598 1243 suos
621 1214 706 1242 voluit
735 1213 826 1242 vocari
855 1213 945 1242 Mino-

101 1272 149 1292 res
159 1263 181 1298 ³,
203 1266 230 1292 et
252 1262 388 1300 praelatos
409 1262 451 1290 sui
473 1261 584 1290 Ordinis
605 1261 656 1289 dici
679 1261 846 1294 1616151165,
869 1264 900 1289 61
918 1263 946 1289 61

102 1310 194 1340 verbis
215 1312 342 1339 uteretur
357 1309 503 1346 Evangelii,
518 1308 591 1345 quod
606 1308 755 1337 observare
771 1307 944 1344 promiserat,

102 1361 129 1387 et
149 1365 185 1386 ex
207 1357 266 1394 ipso
287 1357 397 1385 nomine
417 1356 555 1384 discerent
575 1355 702 1391 discipuli
725 1355 800 1388 eius,
822 1354 896 1391 quod
911 1354 944 1383 ad

101 1404 257 1433 discendam
290 1403 472 1432 humilitatem
500 1402 534 1430 ad
565 1402 673 1430 scholas
702 1401 816 1430 humilis
843 1401 943 1429 Christi

102 1451 247 1480 venissent.
269 1450 396 1487 Magister
417 1449 553 1486 siquidem
575 1448 738 1477 humilitatis
759 1448 886 1477 Christus
907 1448 946 1477 le-

101 1506 164 1532 sus,
185 1500 217 1526 ut
241 1497 402 1526 informaret
429 1496 578 1532 discipulos
605 1495 639 1524 ad
671 1495 855 1524 humilitatem
882 1503 945 1532 per-

99 1545 212 1579 fectam,
233 1544 342 1573 dixit4:
367 1543 546 1581 Quicumque
566 1542 688 1571 voluerit
709 1542 784 1571 inter
804 1551 854 1570 vos
881 1550 945 1570 ma-

100 1592 146 1621 ior
173 1591 256 1628 sieri,
281 1591 319 1620 sic
347 1595 438 1619 vester
465 1590 616 1623 minister,
645 1593 669 1618 et
696 1589 870 1628 quicumque
897 1598 945 1617 vo-

101 1638 189 1667 luerit
209 1639 285 1667 inter
306 1646 356 1666 vos
374 1637 492 1674 primus
513 1645 589 1671 esse,
605 1637 661 1665 erit
674 1640 764 1665 vester
778 1645 890 1664 servus.
906 1653 945 1656 -

100 1685 169 1714 Cum
191 1687 284 1714 autem
305 1684 462 1721 requireret
482 1683 517 1712 ab
538 1691 570 1712 60
590 1683 718 1712 dominus
732 1682 878 1717 Ostiensis,
893 1682 944 1711 Or-

17 1741 22 1745 ·
46 1741 50 1745 ·
70 1751 78 1756 -
100 1731 172 1761 dinis
192 1731 329 1760 Minorum
349 1731 476 1759 Fratrum
500 1733 639 1767 protector
660 1732 688 1758 et
708 1732 850 1766 promotor
865 1737 944 1766 prae-

100 1779 214 1816 pruus,
236 1778 283 1816 qui
305 1777 493 1815 postmodum,
516 1777 595 1805 iuxta
623 1776 697 1814 quod
725 1776 796 1805 idem
818 1776 861 1804 vir
882 1784 943 1805 sau-

99 1828 161 1854 ctus
181 1824 358 1862 praedixerat
370 1824 390 1858 ⁵,
412 1824 445 1852 ad
466 1823 566 1852 summi
588 1823 765 1860 pontificatus
779 1822 944 1851 sublimatus

99 1872 248 1906 honorem,
273 1871 423 1908 Gregorius
454 1878 545 1899 nouus
575 1873 616 1899 est
646 1870 752 1903 dictus,
774 1873 870 1898 utrum
892 1869 942 1898 sibi

97 1919 227 1956 placeret,
242 1918 317 1955 quod
331 1918 439 1946 Fratres
457 1917 499 1946 sui
522 1920 754 1954 promoverentur
768 1916 802 1945 ad
816 1916 943 1945 ecclesia-

99 1965 180 1994 sticas
201 1964 361 2002 dignitates;
385 1964 540 2001 respondit:
567 1975 580 1989 «
596 1964 726 1997 Domine,
740 1963 868 1992 minores
882 1963 942 1992 ideo

97 2012 186 2041 vocati
208 2015 274 2040 5661
294 2012 403 2040 Fratres
424 2011 490 2045 mei,
512 2014 544 2039 ut
565 2011 684 2039 maiores
704 2010 764 2039 fieri
787 2018 839 2038 non
862 2018 942 2047 prae-

97 2061 216 2088 sumant.
238 2058 263 2086 Si
286 2058 379 2092 vultis,
401 2058 450 2092 ait,
465 2060 497 2086 ut
511 2057 632 2086 fructum
654 2057 755 2086 faciant
775 2057 802 2085 in
824 2057 943 2086 Ecclesia

96 2105 161 2140 Dei,
183 2108 274 2134 tenete
305 2105 365 2133 illos
395 2107 422 2133 et
453 2107 613 2133 conservate
644 2103 672 2132 in
694 2106 767 2132 statu
793 2103 942 2132 vocationis

97 2160 210 2186 eorum,
231 2155 258 2181 et
279 2152 312 2180 ad
340 2151 522 2188 praelationes
553 2150 750 2179 ecclesiasticas
782 2150 941 2179 nullatenus

97 2199 244 2228 ascendere
265 2198 429 2235 permittatis
444 2209 470 2226 22.

176 2247 201 2274 6.
225 2246 256 2274 Et
276 2245 408 2282 quoniam
428 2245 611 2273 humilitatem
633 2247 688 2273 tam
710 2244 737 2272 in
756 2252 786 2273 se
804 2252 888 2281 quam
913 2244 939 2272 in

97 2293 214 2322 subditis
235 2292 342 2321 cunctis
369 2291 542 2329 praeferebat
569 2291 737 2326 honoribus,
758 2295 866 2320 amator
888 2291 940 2319 hu-

99 2340 205 2368 milium
237 2339 333 2368 Deus⁶
358 2339 503 2367 altioribus
534 2338 624 2375 ipsum
657 2338 770 2375 dignum
802 2338 941 2366 iudicabat

96 2386 226 2424 fastigiis,
248 2385 399 2415 secundum
422 2385 495 2422 quod
517 2385 565 2414 uni
587 2385 691 2419 Fratri,
707 2385 766 2413 viro
787 2385 899 2413 virtutis
913 2387 941 2413 et

96 2433 247 2462 devotionis
268 2432 447 2470 praecipuae,
463 2431 531 2460 visio
546 2431 661 2460 caelitus
681 2434 790 2460 ostensa
804 2433 940 2459 monstra—

97 2480 144 2508 vit.
166 2480 234 2508 Cum
256 2480 328 2508 enim
350 2482 421 2508 esset
436 2479 462 2507 16
478 2479 609 2507 6061116111
626 2478 677 2506 viri
693 2478 741 2506 Dei
756 2480 783 2506 et
804 2485 859 2506 una
874 2485 937 2506 6661

1797 208 1848 236 521

1008 282 1067 318 ipso
1088 282 1115 310 in
1137 283 1255 319 quadam
1286 284 1401 312 ecclesia
1431 284 1539 313 deserta
1560 284 1676 313 ferventi
1700 288 1793 313 oraret
1814 285 1852 313 as-

1006 329 1096 363 fectu,
1118 329 1146 357 in
1167 330 1264 358 ecstasi
1286 330 1391 364 sactus,
1414 331 1481 359 vidit
1512 331 1583 360 inter
1605 331 1708 360 multas
1729 331 1755 359 in
1778 331 1852 360 caelo

1007 375 1085 404 sedes
1120 384 1202 404 unam
1235 377 1334 405 ceteris
1364 377 1538 414 digniorem,
1567 377 1695 414 pretiosis
1725 380 1850 406 ornatam

1007 421 1144 458 lapidibus
1165 426 1192 451 et
1213 423 1287 451 omni
1310 423 1397 459 gloria
1428 423 1618 460 refulgentem.
1641 424 1754 452 Miratus
1780 424 1851 452 intra

1006 475 1035 496 se
1057 469 1188 504 praecelsi
1211 469 1402 506 refulgentiam
1426 470 1534 504 throni,
1563 470 1647 499 anxia
1668 470 1756 507 coepit
1778 470 1851 507 cogi—

1007 514 1108 543 tatione
1130 516 1310 552 perquirere,
1343 517 1406 553 quis
1435 517 1469 545 ad
1501 517 1578 546 illum
1604 517 1717 546 deberet
1738 517 1849 546 assumi.

1006 561 1115 590 Audivit
1136 562 1207 591 inter
1230 563 1297 591 haec
1318 571 1411 592 vocem
1434 563 1568 593 dicentem
1584 564 1651 593 sibi:
1672 576 1686 589 «
1701 564 1782 593 Sedes
1800 565 1850 593 ista

1006 608 1090 636 unius
1110 608 1144 637 de
1175 609 1321 638 ruentibus
1337 610 1346 626 ⁷
1375 610 1427 638 fuit
1447 614 1474 639 et
1504 619 1578 639 nunc
1600 611 1696 639 humili
1723 614 1851 639 servatur

1005 655 1149 683 Francisco
1161 667 1186 683 υ.
1209 656 1345 685 Reversus
1366 656 1476 685 demum
1498 657 1592 686 Frater
1606 657 1640 685 ad
1655 665 1683 686 se
1698 657 1732 686 ab
1751 657 1851 686 oratio-

1005 701 1048 730 nis
1068 710 1202 736 excessu,
1224 703 1315 731 virum
1338 703 1447 732 beatum
1470 704 1595 733 exterius
1610 704 1792 741 prodeuntem
1808 712 1850 733 so—

1006 748 1053 777 1110
1074 748 1126 777 fuit
1148 757 1223 777 more
1244 752 1365 778 secutus.
1388 750 1513 787 Cumque
1529 750 1685 779 incedentes
1700 759 1748 787 per
1764 751 1848 785 viam,

1005 795 1038 824 de
1060 796 1115 824 Deo
1147 796 1262 824 invIcem
1295 796 1493 833 loquerentur,
1525 797 1619 826 Frater
1651 798 1711 831 ille,
1739 798 1849 826 visionis

1006 849 1072 870 suae
1101 850 1154 870 non
1177 842 1337 877 immemor,
1359 843 1475 872 solerter
1497 844 1531 872 ab
1552 852 1584 872 eo
1606 844 1757 880 quaesivit,
1783 843 1848 880 quid

1004 888 1037 916 de
1058 896 1087 917 se
1108 888 1167 925 ipso
1188 889 1311 918 sentiret.
1333 889 1370 918 Ad
1392 898 1474 926 quem
1504 890 1639 919 humilisss
1660 891 1761 919 Christi
1791 899 1848 919 561-

1004 943 1070 963 vus:
1104 935 1248 969 «Videor,
1280 936 1330 970 ait,
1362 936 1428 964 milii
1462 937 1601 965 maximus
1632 940 1846 974 peccatorum».

1003 980 1052 1009 Cui
1075 989 1137 1010 cum
1160 982 1253 1010 Frater
1274 982 1378 1011 diceret
1405 991 1440 1011 ex
1472 983 1604 1017 adverso,
1626 983 1699 1020 quod
1726 984 1777 1011 1106
1799 991 1847 1011 nec

1003 1030 1095 1064 posset
1115 1036 1181 1056 sana
1203 1029 1368 1057 conscientia
1382 1029 1473 1058 dicere
1489 1037 1538 1058 nec
1554 1030 1669 1064 sentire,
1685 1029 1846 1058 subiunxit:

1007 1085 1020 1098 «ι
1036 1074 1061 1102 Si
1083 1077 1342 1112 quantumcumque
1357 1076 1521 1104 sceleratum
1539 1076 1676 1105 hominem
1692 1079 1767 1104 tanta
1782 1076 1847 1105 fuis-

1003 1124 1043 1149 set
1064 1121 1192 1150 Christus
1214 1121 1402 1150 misericordia
1428 1127 1608 1159 prosecutus,
1630 1123 1751 1151 arbitror
1773 1131 1846 1156 sane,

1002 1168 1075 1205 quod
1097 1168 1185 1196 multo
1206 1176 1289 1205 quam
1311 1177 1361 1205 ego
1383 1169 1437 1197 Deo
1452 1169 1555 1205 gratior
1570 1172 1641 1198 65561
1655 1181 1681 1197 1).
1696 1170 1847 1198 Confirma-

1002 1217 1048 1243 tus
1068 1214 1120 1243 fuit
1142 1215 1235 1243 Frater
1257 1223 1292 1243 cx
1315 1218 1369 1243 tam
1385 1215 1554 1244 admirabilis
1571 1216 1735 1244 humilitatis
1749 1216 1845 1245 auditu

1001 1261 1034 1290 de
1056 1262 1171 1290 veritate
1193 1261 1304 1290 visionis
1325 1265 1465 1296 ostensae,
1482 1262 1626 1299 Evangelio
1647 1270 1725 1291 sacro
1748 1265 1847 1291 testan-

1002 1311 1028 1337 te
1040 1309 1050 1325 9
1066 1316 1241 1345 cognoscens
1263 1308 1336 1345 quod
1357 1309 1390 1337 ad
1412 1309 1602 1337 excellentiam
1618 1309 1729 1346 gloriae,
1744 1309 1777 1337 de
1792 1317 1846 1346 qua

1002 1355 1141 1392 superbus
1162 1355 1287 1389 eiicitur,
1310 1363 1374 1384 vere
1396 1356 1508 1384 humilis
1530 1357 1678 1385 exaltetur.

1082 1404 1108 1431 7.
1130 1403 1187 1431 Alio
1208 1411 1319 1440 quoque
1342 1406 1480 1440 tempore,
1502 1412 1565 1432 6661
1594 1404 1620 1431 16
1649 1403 1757 1432 deserta
1779 1412 1846 1440 qua-

1001 1449 1064 1478 dam
1084 1452 1177 1478 oraret
1198 1450 1312 1478 ecclesia
1334 1450 1361 1477 16
1383 1449 1524 1486 provincia
1550 1451 1652 1478 Massae
1673 1449 1746 1486 apud
1769 1458 1845 1478 mon-

1002 1499 1058 1525 tem
1073 1496 1195 1525 Casalem
1207 1496 1247 1530 ¹⁰;
1263 1496 1399 1525 intellexit
1414 1504 1462 1533 per
1477 1496 1622 1533 spiritum,
1638 1504 1730 1525 sacras
1745 1497 1843 1525 ibidem

1002 1543 1166 1572 remansisse
1188 1543 1328 1580 reliquias.
1350 1544 1424 1579 Quas
1450 1551 1513 1571 rum
1546 1543 1626 1580 longo
1648 1543 1699 1571 iam
1724 1547 1846 1580 tempore

1001 1590 1176 1619 defraudatas
1197 1590 1406 1619 honorificentia
1436 1590 1527 1618 debita
1559 1598 1612 1618 non
1641 1590 1699 1619 sine
1721 1598 1845 1619 moerore

1002 1637 1187 1674 conspiceret,
1210 1636 1349 1673 praecepit
1371 1636 1528 1670 Fratribus,
1551 1640 1582 1665 ut
1610 1644 1642 1665 ea
1673 1645 1735 1665 cum
1768 1645 1844 1666 reve-

1002 1684 1091 1712 rentia
1111 1683 1251 1712 deferrent
1271 1683 1304 1711 ad
1327 1683 1425 1712 locum.
1443 1683 1494 1711 Sed
1515 1691 1588 1717 cum,
1605 1687 1732 1720 poscente
1754 1692 1845 1717 causa,

1001 1731 1169 1759 discessisset
1190 1730 1225 1759 ab
1246 1731 1298 1764 eis,
1331 1730 1449 1759 mandati
1482 1730 1569 1759 Patris
1602 1731 1776 1759 immemores
1797 1731 1843 1759 filii

1001 1777 1170 1806 obedientiae
1192 1777 1322 1805 meritum
1345 1777 1537 1813 neglexerunt.
1561 1777 1609 1805 Die
1631 1785 1697 1805 vero
1712 1777 1843 1814 quadam,

1001 1832 1064 1853 cum
1086 1832 1164 1853 sacra
1184 1824 1325 1852 celebrare
1346 1824 1446 1852 vellent
1461 1824 1604 1859 mysteria,
1619 1824 1755 1860 superiori
1778 1825 1845 1852 alta—

1001 1870 1039 1899 ris
1060 1870 1231 1906 operimento
1262 1870 1404 1904 submoto,
1425 1878 1487 1899 ossa
1508 1870 1697 1907 pulcherrima
1717 1873 1744 1899 et
1766 1870 1844 1899 redo-

1001 1917 1084 1946 lentia
1102 1917 1183 1945 nimis
1198 1925 1252 1945 non
1267 1917 1325 1945 sine
1339 1917 1518 1945 admiratione
1534 1917 1690 1954 reperiunt,
1706 1917 1844 1946 intuentes

1001 1963 1147 2000 reliquias,
1169 1971 1238 2000 quas
1259 1972 1313 1991 nou
1336 1963 1454 1991 hominis
1477 1972 1591 1997 manus,
1618 1964 1663 1992 sed
1687 1964 1732 1992 Dei
1755 1964 1844 1992 virtus

999 2011 1138 2039 attulerat.
1162 2011 1298 2039 Reversus
1320 2011 1402 2047 paulo
1424 2014 1497 2047 post,
1514 2011 1555 2039 vir
1572 2011 1626 2040 Deo
1647 2011 1763 2040 devotus
1783 2011 1843 2040 dili-

999 2061 1095 2095 genter
1115 2058 1205 2094 coepit
1225 2058 1391 2094 exquirere,
1413 2057 1434 2086 si
1457 2057 1531 2094 quod
1558 2058 1591 2086 de
1621 2058 1745 2095 reliquiis
1766 2066 1844 2086 nian-

998 2104 1111 2133 daverat
1125 2108 1196 2133 esset
1218 2104 1370 2140 impletum.
1394 2104 1496 2133 Verum
1518 2104 1656 2141 neglectae
1674 2104 1843 2133 obedientiae

999 2151 1108 2187 culpam
1130 2151 1238 2179 Fratres
1259 2151 1420 2179 confitentes
1441 2151 1596 2185 humiliter,
1618 2158 1680 2179 cum
1696 2158 1783 2187 poena
1798 2159 1843 2179 ve-

999 2197 1071 2226 niam
1101 2201 1274 2226 meruerunt.
1298 2197 1328 2225 Et
1359 2197 1396 2226 ait
1428 2197 1469 2225 vir
1498 2201 1625 2226 sanctus:
1655 2210 1665 2221 ιι
1681 2197 1842 2226 Benedictus

998 2244 1131 2273 Dominus
1162 2245 1235 2273 Deus
1267 2252 1360 2278 meus,
1382 2244 1429 2281 qui
1463 2252 1512 2280 per
1540 2252 1568 2273 se
1597 2244 1686 2280 ipsum
1719 2244 1842 2281 implevit

998 2291 1072 2328 quod
1094 2299 1141 2320 vos
1162 2291 1252 2320 facere
1272 2291 1406 2320 debuistis
1420 2303 1446 2319 ».
1469 2291 1616 2320 Considera
1637 2291 1781 2327 diligenter
1803 2290 1843 2318 sli-

999 2338 1076 2366 vinae
1098 2338 1285 2375 providentiae
1306 2346 1402 2367 curam
1428 2338 1501 2366 circa
1532 2338 1674 2374 pulverem
1700 2340 1842 2371 nostrum,

998 2387 1024 2413 et
1046 2385 1159 2413 humilis
1180 2384 1315 2413 Francisci
1338 2385 1519 2413 excellentem
1542 2384 1567 2412 16
1600 2384 1688 2412 066115
1710 2384 1755 2412 Dei
1780 2392 1842 2420 per-

997 2431 1084 2468 pende
1106 2431 1245 2460 virtutem.
1268 2431 1334 2459 Nam
1357 2431 1436 2459 cuius
1459 2431 1539 2460 iussis
1561 2439 1613 2459 non
1638 2431 1730 2467 paruit
1750 2431 1840 2464 homo,

997 2477 1067 2506 votis
1087 2477 1207 2506 obedivit
1229 2477 1310 2506 Deus.

159 2640 166 2652 ¹
185 2640 257 2663 Codd.
275 2640 345 2662 BDE
362 2646 424 2663 cum.

158 2677 167 2691 ²
184 2678 240 2702 Cod.
258 2680 275 2701 A
293 2679 375 2701 omittit
392 2685 423 2702 es.
441 2679 535 2701 {userius
552 2685 595 2707 pro
612 2679 706 2701 (11111666
724 2678 774 2701 Vat.
791 2678 874 2701 animi.

161 2717 169 2730 ³
187 2719 262 2740 Matth.
281 2719 321 2745 25,
340 2718 380 2740 45:
398 2718 513 2746 Quamdiu
532 2724 576 2739 nou
596 2717 678 2739 fecistis
696 2717 732 2739 uni
758 2717 787 2739 de
810 2716 938 2739 minoribus

98 2757 144 2784 1115,
161 2763 202 2779 nec
220 2757 275 2779 mihi
293 2757 388 2783 fecistis,
406 2758 447 2779 etr.
465 2756 520 2779 ibid.
537 2763 559 2778 v.
577 2757 613 2779 40.

158 2795 167 2807 ⁴
186 2796 261 2817 illatth.
278 2796 315 2822 20,
333 2796 370 2817 26.
386 2802 434 2824 seq.
452 2795 497 2818 Cl'r.
510 2795 641 2823 Wadding„
654 2796 696 2817 loe.
709 2795 753 2823 rit.y
765 2796 793 2817 ad
811 2801 848 2816 au.
869 2795 937 2821 1210,

97 2840 118 2856 n.
136 2834 173 2856 57.
510 2854 512 2857 ,

158 2871 167 2884 ⁵
184 2872 229 2896 Ct'r.
248 2873 380 2901 Wadding.‚
397 2874 439 2896 loe.
456 2873 502 2900 cit„
519 2873 547 2895 ad
560 2880 597 2895 an.
616 2873 683 2901 1217,
696 2879 716 2895 6.
734 2873 771 2901 1ος
783 2873 845 2895 idem
860 2873 888 2895 ad
902 2879 938 2895 66.

101 2912 170 2939 1219,
186 2919 208 2934 n.
231 2913 247 2934 l.
265 2918 402 2940 responsum
420 2913 533 2934 Francisci
551 2913 630 2934 datum
649 2912 762 2940 llugolino
784 2912 893 2934 cardinali
916 2914 938 2934 et

98 2951 172 2978 primo
190 2952 311 2979 protectori
329 2951 420 2974 Ordinis
437 2953 511 2973 rel'ert.
529 2963 559 2967 —
577 2952 618 2973 Pro
636 2950 668 2973 (ul
678 2950 768 2974 suntmi
779 2951 815 2973 ed.
832 2952 836 2972 1
853 2954 871 2972 61
887 2951 937 2973 Vat.

98 2996 150 3012 cum
167 2990 272 3017 pluribus
289 2990 357 3012 redd.
374 2989 405 3012 aul
421 2996 550 3013 summum.

190 3036 216 3060 S.
227 3037 316 3060 Bonae.
328 3049 358 3053 —
369 3037 437 3059 Toni.
450 3037 505 3059 Vlll.

1058 2638 1068 2651 ὃ
1086 2639 1166 2661 esaim.
1189 2639 1241 2666 137,
1259 2639 1285 2660 ti:
1303 2638 1416 2666 Quoniam
1441 2638 1543 2660 excelsus
1569 2638 1679 2659 Dominus
1704 2640 1726 2659 et
1744 2637 1837 2659 humilia

995 2678 1087 2706 respicit
1104 2681 1146 2700 etc.
1164 2690 1195 2694 —
1211 2678 1299 2704 Frater,
1317 2677 1353 2699 6111
1372 2677 1429 2698 xisio
1447 2677 1487 2699 isia
1514 2680 1604 2699 ostensa
1623 2677 1675 2703 suit,
1696 2680 1744 2699 erat
1761 2676 1839 2699 Pacili-

996 2724 1048 2743 ι·115;
1065 2718 1105 2739 cfr.
1129 2717 1263 2745 Wudding„
1279 2717 1321 2738 106,
1339 2716 1388 2742 eit,
1405 2716 1434 2738 ad
1458 2722 1494 2737 an.
1516 2716 1585 2743 1212,
1605 2722 1625 2737 11.
1647 2715 1678 2737 10.
1698 2728 1727 2731 -
1745 2716 1838 2737 iuferius

995 2755 1093 2778 vocibus
1111 2762 1183 2778 nizrtm
1201 2755 1281 2779 ceteris
1300 2756 1349 2777 Vat.
1367 2758 1388 2777 et
1405 2755 1440 2777 ed.
1463 2756 1467 2776 1
1491 2755 1629 2777 interserunt
1644 2761 1711 2783 prae.

1057 2793 1065 2806 ⁷
1084 2795 1106 2817 ld
1125 2798 1158 2816 651,
1175 2795 1262 2823 angelis
1279 2794 1421 2817 rudentibus.

1057 2833 1066 2845 ’³
1084 2834 1134 2856 Vnt.
1144 2840 1196 2856 rum
1207 2834 1243 2856 ed.
1257 2834 1261 2855 l
1276 2833 1397 2856 liuiizilt'ler
1406 2836 1427 2855 et
1440 2833 1494 2855 161111
1505 2839 1552 2855 iton
1561 2834 1638 2861 posset
1651 2839 1692 2860 pro
1705 2835 1838 2862 6661101561,

1057 2872 1066 2883 ⁹
1084 2873 1158 2895 Muttli.
1178 2873 1220 2899 23,
1242 2873 1278 2894 12:
1297 2873 1339 2901 Qui
1365 2875 1441 2894 :luti-ni
1467 2878 1490 2893 se
1516 2872 1645 2894 exallaxerit
1668 2872 1837 2899 humiliabitur3

994 2915 1016 2935 et
1033 2912 1072 2940 qui
1091 2919 1115 2933 se
1132 2912 1285 2934 humiliaverit
1307 2911 1449 2934 exultabitur.

1058 2951 1077 2963 ¹⁰
1094 2953 1167 2978 Supra
1186 2951 1288 2979 Burgum
1306 2951 1375 2973 5116611
1394 2951 1509 2978 sepulcri,
1527 2954 1551 2972 ut
1569 2953 1628 2972 notat
1645 2950 1778 2978 Waddiug„
1795 2951 1835 2972 106.

994 2990 1038 3017 rit.¹
1056 2990 1083 3011 :ul
1103 2996 1139 3011 611.
1162 2990 1230 3017 Ι21ῖ1,
1248 2997 1269 3011 u.
1291 2989 1324 3011 17.
1342 2990 1397 3012 Cod.
1416 2990 1432 3011 B
1450 2989 1584 3017 Qunsaeilmlt.

1713 3037 1740 3057 (ΞΓ)

1866 944 1955 971 Eumiliat
1967 949 1987 964 se

1889 973 1957 992 ipsum.

1864 1412 1939 1430 Factum
1951 1416 1983 1430 no-

1879 1435 1963 1453 tandum.
