2133 3317
231 229 287 257 698

483 265 540 288 cna

234 307 332 335 refulget
355 306 399 328 243
419 306 446 327 12
468 317 499 321 -
521 306 556 327 est
580 304 656 327 omnis
680 303 799 331 perfectio-

231 347 267 369 nis
283 346 392 374 splendor
408 347 431 367 et
447 344 566 372 speculum
580 344 625 366 285
638 343 667 365 40
679 355 711 359 -
722 348 800 365 exem-

233 387 298 414 plum
316 387 350 407 est
366 382 569 411 irreprehensibile
586 383 631 405 113
649 383 662 404 2
682 395 711 398 —-
728 383 800 410 perfe-

236 424 318 447 ctionis
334 429 446 446 arcanum
458 423 564 450 exemplo
576 422 714 444 monstravit
730 422 753 444 in
775 427 800 444 se

235 464 287 492 ipso
304 465 414 491 tanquam
440 462 463 484 in
486 465 563 484 monte
581 461 675 484 sublimi
697 464 719 483 et
741 461 800 489 Apo⁴

236 503 305 525 stolos
323 501 402 525 docuit
418 501 463 524 246
482 502 494 522 8
514 513 542 516 —-
560 501 618 523 Nihil
637 500 712 528 magis
733 500 800 522 infor-

233 544 282 564 mat
299 541 329 563 ad
354 541 451 563 salutem
473 546 545 569 quam
564 540 697 568 exemplum
718 539 801 562 Christi

235 581 279 603 123
297 581 310 602 9

280 632 312 636 -
323 620 436 642 maiorem
449 619 529 642 docuit
539 619 717 647 perfectionem,
729 625 800 647 quam

234 660 275 682 fuit
292 660 314 681 in
332 660 393 687 Lege
405 659 451 681 287
469 659 481 681 3
494 671 524 675 —
536 658 669 681 informavit
684 658 715 680 ad
729 658 800 680 vitam

235 700 360 727 perfectam
382 700 544 726 paupertatem
564 698 691 726 servando,
709 698 802 725 virgini-

234 741 304 761 tatem
328 738 492 765 custodiendo,
516 738 562 759 Deo
584 740 606 759 et
622 736 756 759 hominibus
778 743 802 759 se

236 777 396 806 subiiciendo,
414 777 520 799 noctibus
537 776 668 805 vigilando,
686 782 729 804 pro
751 782 803 799 cru-

238 816 370 839 cifixoribus
387 816 502 839 exorando
515 818 536 838 et
553 816 622 838 morti
638 822 662 838 se
679 816 747 838 etiam
759 822 802 844 pro

237 856 335 878 inimicis
352 855 469 878 offerendo
493 855 537 877 243
561 855 590 877 13
608 867 638 871 -—-
660 856 752 878 attrahit
774 855 802 878 acl

236 896 319 918 iustam
337 898 360 917 et
379 895 441 923 piam
460 897 483 917 et
504 895 709 917 condescensivam
728 895 804 923 proxi-

238 941 330 957 morum
347 935 546 962 supportationem
565 934 610 956 246
629 935 642 956 8

283 987 314 991 -—
330 974 455 1003 aliquando
473 974 537 996 dedit
553 974 685 1002 exemplum
707 980 804 1002 asperae

238 1014 386 1036 correctionis
405 1013 444 1036 431
462 1014 475 1035 2
487 1025 518 1029 -
530 1014 621 1036 Ρο111101
634 1013 718 1036 carnali
735 1020 803 1036 sensu

240 1053 335 1075 ductum
349 1055 371 1075 et
387 1053 522 1075 Pharisaeos
535 1053 659 1075 durissime
676 1052 805 1081 increpavit

236 1092 290 1115 ibid.

284 1144 315 1148 —
332 1132 457 1154 intuendus
469 1134 491 1154 et
502 1132 586 1159 iugiter
602 1131 748 1154 comitandus
759 1131 804 1159 pie-

237 1172 289 1193 tatis
306 1171 417 1199 operibus
434 1173 457 1193 et
474 1171 599 1193 virtutibus
615 1171 645 1193 74
664 1171 732 1193 15—
744 1170 805 1193 Chri-

240 1211 267 1232 sti
286 1211 392 1238 exempla
420 1210 529 1233 imitanda
556 1211 600 1232 288
624 1211 637 1232 6
655 1222 686 1226 -
704 1210 805 1238 Vestigia

238 1249 322 1272 Christi
334 1250 453 1278 sequenda
469 1250 497 1271 86
512 1249 540 1271 49
552 1262 583 1266 -
595 1250 732 1277 Exemplum
744 1249 805 1272 Chri-

239 1289 266 1311 sti
285 1289 421 1311 imitandum
440 1295 467 1311 ex
479 1295 559 1311 amore
570 1288 615 1311 494
628 1295 640 1311 0
657 1301 689 1305 -
706 1289 806 1316 perfecte

239 1329 362 1351 sectandus
379 1328 409 1350 74
423 1329 451 1350 13
469 1341 500 1345 -
517 1328 634 1351 Christum
647 1328 713 1356 sequi
729 1328 806 1357 requi-

238 1369 296 1390 ritur
312 1368 342 1390 ad
359 1368 524 1396 perfectionem
543 1368 588 1390 242
607 1368 644 1390 10.
661 1368 707 1390 276
730 1368 758 1389 13
775 1380 806 1384 -

241 1408 369 1430 imitandus
391 1415 403 1430 a
426 1408 534 1436 perfectis
557 1408 601 1429 236
629 1407 641 1429 4
667 1420 696 1423 —
722 1407 806 1429 Imitari

239 1447 356 1470 Christum
369 1447 392 1469 in
404 1447 494 1469 actibus
503 1446 682 1469 informantibus
693 1447 722 1469 ad
735 1447 806 1469 vitam

239 1488 365 1515 perfectam
393 1489 427 1509 est
452 1487 579 1514 perfectum
607 1486 651 1508 243
682 1487 707 1509 13
731 1498 763 1502 -
785 1486 807 1508 111

239 1526 343 1555 quinque
360 1525 486 1548 virtutibus
511 1525 638 1548 imitandus
662 1528 697 1548 est
722 1526 766 1548 400
786 1527 807 1548 3.

241 1565 286 1588 500
305 1565 326 1588 li.
343 1572 394 1594 sqq.

287 1618 316 1620 —
334 1605 356 1627 in
371 1611 440 1627 cruce
452 1605 482 1627 ad
494 1605 659 1633 poenitentiam
672 1607 694 1627 et
711 1605 747 1627 sui
760 1605 807 1627 imi-

239 1644 349 1667 tationem
367 1644 448 1666 invitat
465 1644 505 1666 188
525 1645 549 1672 1,
567 1644 580 1666 3
599 1657 627 1660 -
646 1644 757 1666 imitanda
775 1646 809 1666 est

241 1683 325 1707 Christi
338 1684 509 1711 perseverantia
523 1684 547 1705 111
565 1678 673 1712 passione
690 1684 735 1705 178
753 1684 766 1706 2
778 1696 809 1700 —

240 1723 262 1746 in
279 1723 388 1751 passione
405 1723 531 1746 imitandus
549 1723 577 1745 13
597 1724 610 1745 3
627 1735 659 1739 -
675 1722 758 1746 Christi
771 1729 809 1751 pa-

241 1763 317 1785 tientis
334 1763 431 1790 vestigia
450 1762 569 1791 sequenda
590 1763 620 1784 78
639 1763 668 1784 27
685 1775 717 1779 —
735 1763 809 1785 Verus

243 1802 284 1824 Dei
302 1803 375 1824 cultor
386 1801 476 1825 Christo
489 1808 531 1830 pro
548 1808 573 1824 se
585 1802 694 1825 crucifixo
709 1802 809 1830 perfecte

243 1841 384 1869 contigui-ari
408 1841 525 1864 desiderat
548 1842 576 1863 68
601 1842 610 1863 1
632 1854 663 1857 -
680 1842 808 1864 Det'ormari

245 1880 359 1903 debemus
376 1887 429 1903 cum
455 1881 585 1903 deformato
610 1882 673 1908 lesu,
700 1883 725 1903 ut
741 1882 809 1903 refor-

240 1926 332 1942 memur
349 1921 446 1943 interius
465 1921 504 1942 171
521 1921 535 1942 7
554 1932 584 1936 —
601 1921 678 1948 primo
696 1920 717 1942 in
730 1927 755 1943 se
767 1926 809 1948 pro

241 1959 320 1987 nobis,
338 1966 401 1982 nunc
423 1960 545 1982 nobiscum
571 1960 595 1982 in
620 1960 688 1982 nobis
708 1960 755 1988 pati
779 1960 810 1982 di-

242 2002 326 2027 gnatur
345 1999 388 2021 176
408 2000 421 2021 2
438 2011 469 2015 -
486 1999 627 2022 Crucifixum
644 2006 691 2022 non
708 2002 742 2022 051
759 2006 810 2027 pos-

241 2038 306 2061 sibile
331 2039 419 2061 homini
446 2039 479 2061 sic
506 2039 607 2067 perfecte
634 2039 728 2068 sectar1‚
754 2039 810 2067 quin

241 2078 330 2107 aliquas
347 2079 467 2100 contrahat
483 2078 564 2101 sordes
581 2078 626 2100 518
645 2078 658 2100 8

288 2129 320 2134 -—
342 2116 425 2140 Christi
448 2120 546 2140 sectator
568 2117 637 2140 debet
662 2119 810 2140 contemnere

243 2156 318 2179 laudis
337 2157 500 2184 praeconium,
517 2157 638 2179 iactantiae
654 2157 811 2185 comprimere

243 2197 328 2218 fastum
345 2198 368 2218 et
384 2196 538 2218 simulationis
560 2196 709 2218 mendacium
732 2198 811 2219 confu-

244 2237 292 2257 tare
310 2235 355 2257 520
374 2236 387 2257 2

290 2286 321 2290 -
338 2274 456 2297 Christum
474 2273 588 2297 debemus
605 2274 702 2297 induere
720 2281 761 2302 per
778 2281 811 2297 as-

244 2313 388 2336 similationis
413 2313 516 2336 studium
540 2314 568 2335 13
594 2314 607 2336 3
626 2326 657 2330 -
679 2313 811 2336 infidelibus

247 2353 342 2375 molesta
360 2355 394 2375 est
411 2353 559 2375 conformitas
580 2353 609 2375 ad
627 2352 743 2375 Christum
765 2353 809 2375 326

244 2393 273 2414 28
290 2405 321 2408 -
338 2398 395 2414 vere
412 2392 560 2414 credentibus
572 2392 678 2414 solatium
692 2395 726 2414 est
742 2392 810 2414 001111-

245 2432 324 2459 gurari
342 2431 431 2454 Christo
449 2431 503 2454 ibid.
520 2443 552 2448 —
569 2432 635 2453 Solus
652 2431 735 2454 Christi
752 2431 811 2453 odor

243 2471 275 2493 sic
288 2474 376 2493 mentes
388 2470 485 2493 inebriat
497 2472 646 2498 Sanctorum,
658 2473 683 2493 ut
696 2471 747 2493 totis
760 2470 811 2493 viri-

243 2509 287 2532 bus
304 2513 398 2532 currant
414 2513 466 2538 post
483 2510 560 2538 ipsum
576 2511 614 2532 161
637 2510 650 2532 3
664 2523 692 2526 -
705 2510 811 2537 Contigu—

243 2550 301 2572 ratio
318 2550 347 2572 ad
360 2549 476 2572 Chr1stum
488 2553 580 2578 optatur
592 2556 604 2572 a
622 2551 722 2578 perfecte
733 2556 811 2571 aman-

245 2588 308 2612 tibus
324 2589 369 2611 252
388 2591 401 2611 2
418 2602 449 2606 —-
466 2589 623 2617 Contiguratio
645 2589 676 2611 ad
695 2589 811 2612 Christum

247 2629 371 2651 attenditur
386 2629 514 2651 secundum
527 2629 714 2651 assimilationem
726 2629 749 2650 in
762 2635 811 2656 pas-

244 2668 309 2690 sione
326 2671 348 2690 et
365 2671 439 2690 morte
456 2669 501 2691 253
520 2669 533 2690 2
551 2681 580 2684 —-
598 2668 633 2690 Ad
649 2669 708 2691 hanc
725 2668 812 2690 assimi-

246 2707 355 2729 lationem
376 2707 503 2729 intlammat
526 2708 608 2730 caritas
628 2707 683 2730 ibid.
703 2720 735 2724 ·—
756 2706 811 2730 Con-

247 2746 367 2768 descensio
384 2746 534 2774 benignitatis
550 2747 680 2774 configurat
701 2746 731 2769 ad
751 2746 812 2769 Chri-

246 2788 307 2808 stum
326 2786 371 2807 325
389 2787 417 2808 28

292 2837 324 2840 -
337 2824 491 2848 Conformitas
503 2825 597 2847 viatoris
608 2825 639 2848 ad
650 2825 766 2848 Christum
779 2827 813 2847 est

249 2864 358 2891 perfectio
376 2865 507 2892 evangelica
527 2864 572 2886 245
599 2864 611 2887 4
629 2877 660 2881 -
676 2865 813 2887 Discordare

249 2909 261 2924 a
280 2902 361 2925 Christi
379 2903 489 2931 operibus
501 2906 577 2931 potest
593 2910 644 2926 esse
659 2904 757 2932 veniale,
776 2904 813 2926 vel

248 2942 335 2964 nullum
352 2946 473 2970 peccatum
491 2943 536 2966 240
555 2944 568 2965 3
586 2955 617 2960 --
633 2944 712 2966 Nullus
725 2946 813 2965 tenetur

247 2981 385 3003 conformari
398 2981 487 3004 Christo
499 2983 627 3005 seeundum
638 2982 813 3010 possibilitatem

248 3020 386 3042 conditionis
403 3022 518 3043 humanae
535 3021 590 3044 ibid.
606 3034 638 3038 ——
654 3022 717 3045 Velle
740 3022 814 3044 Domi-

932 223 1033 252 lNDEX
1054 223 1303 253 ALPHABETICUS.

832 309 889 325 num
907 303 974 332 sequi
992 303 1014 325 in
1031 303 1149 332 aliquibus
1166 305 1200 325 est
1224 309 1309 331 magna
1334 309 1401 331 prae-

833 342 918 365 sumtio
940 341 994 365 ibid.
1018 354 1049 359 —
1069 343 1117 365 Non
1143 348 1268 370 possumus
1285 342 1402 365 Christum

834 381 856 404 in
873 381 984 404 omnibus
1001 382 1067 410 sequi
1085 381 1138 405 ibid.

875 433 905 437 -—
915 421 938 443 in
945 421 1026 444 Christi
1037 420 1183 443 sermonibus
1193 423 1255 443 recte
1263 421 1404 449 distinguen-

834 460 890 483 dum
900 461 1077 489 estexplicando
1084 463 1106 482 et
1115 460 1287 488 interpretando
1297 460 1342 482 240
1353 460 1366 482 5
1374 473 1403 476 ——

834 500 905 522 Actus
916 499 999 523 Christi
1012 502 1065 522 sunt
1077 500 1230 522 multiformes
1242 502 1264 521 et
1276 500 1297 521 in
1311 505 1404 527 compa-

834 540 923 562 ratione
932 540 961 562 ad
979 539 1061 562 Christi
1074 545 1197 567 personam
1208 539 1314 567 perfecti,
1327 542 1403 561 tamen

834 579 963 601 secundum
981 581 1087 601 naturam
1103 578 1191 606 proprii
1203 578 1296 606 generis
1308 578 1404 607 quidam

835 620 887 640 sunt
904 618 1051 646 excellentes,
1074 618 1172 647 quidam
1194 618 1336 643 mediocres,
1356 618 1405 647 qui-

835 657 889 679 dam
909 657 1087 680 condescensivi
1109 657 1154 679 212
1180 658 1208 679 10
1225 669 1256 673 —-
1273 657 1291 679 A
1314 657 1405 680 Christo

835 696 952 723 refulgent
969 695 1067 724 quidam
1086 698 1150 717 actus
1167 695 1316 723 respicientes
1336 695 1405 718 subli-

836 735 939 757 mitatem
957 735 1087 763 potentiae,
1105 734 1201 763 quidam
1224 735 1350 762 sapientiae
1374 735 1406 757 lu-

836 780 901 802 cem,
918 775 1015 803 quidam
1033 774 1179 797 severitatem
1200 774 1291 802 iudicii,
1309 774 1405 803 quidam

837 814 905 836 officii
916 814 1051 841 dignitatem
1059 832 1064 841 ,
1078 814 1175 842 quidam
1186 814 1405 836 condescensionem

837 853 955 881 011501100,
971 853 1067 882 quidam
1081 853 1266 875 informationem
1279 853 1339 875 vitae
1357 859 1406 880 per-

839 894 910 916 fectae
928 893 972 915 243
993 893 1021 915 13

885 944 916 949 -
933 932 1018 954 10111011
1032 931 1148 954 Christum
1161 932 1183 954 in
1197 931 1286 954 actibus
1298 932 1406 954 excellen-

838 972 883 994 tiae
908 974 942 994 est
965 972 1062 999 impium
1086 971 1135 993 sine
1160 971 1274 999 privilegii
1300 971 1407 999 specialis

839 1012 912 1039 dono,
930 1011 953 1033 in
966 1010 1056 1033 act1bus
1068 1011 1197 1033 severitatis
1208 1013 1231 1033 et
1244 1011 1362 1038 dignitatis
1374 1013 1407 1033 cst

838 1051 1020 1079 praesidentium
1044 1053 1066 1072 et
1085 1051 1252 1078 praelatorum,
1273 1051 1295 1072 in
1318 1050 1407 1072 actibus

838 1090 1053 1117 condescensionis,
1066 1092 1178 1118 quantum
1192 1090 1221 1112 ad
1233 1092 1309 1111 actum
1328 1089 1408 1112 extrin-

838 1135 926 1157 secum,
936 1132 970 1151 est¹
980 1130 1168 1157 imperfectorum
1179 1128 1223 1150 243
1235 1129 1263 1151 13
1275 1141 1303 1144 -
1312 1129 1407 1151 Summa

838 1169 985 1197 perfectionis
1002 1175 1047 1190 non
1060 1168 1163 1190 consistit
1179 1168 1200 1190 in
1218 1168 1342 1190 universali
1360 1168 1408 1190 imi-

838 1208 924 1230 tatione
935 1207 1031 1235 Christi,
1044 1208 1086 1229 sed
1097 1210 1185 1229 tantum
1199 1207 1290 1229 illorum
1302 1210 1408 1235 actuum,

839 1248 880 1276 qui
897 1247 958 1269 vitae
983 1248 1100 1275 perfectae
1125 1247 1311 1269 informationem
1336 1247 1409 1275 respi-

839 1287 902 1309 ciunt
919 1286 974 1309 ibid.

886 1339 917 1342 ——
935 1325 1008 1348 Omne
1025 1332 1085 1353 opus
1103 1325 1186 1348 Christi
1197 1332 1297 1353 operans
1314 1328 1348 1348 est
1361 1331 1410 1354 per-

841 1365 1005 1393 fectissimum,
1023 1365 1077 1394 quia
1099 1368 1133 1387 est
1143 1368 1208 1387 actus
1229 1365 1409 1393 perfectissimae

840 1405 953 1432 caritatis,
971 1405 1097 1427 voluntatis
1114 1407 1136 1427 et
1152 1405 1243 1427 virtutis
1269 1405 1314 1427 238
1334 1405 1361 1427 10
1378 1418 1409 1420 -

840 1444 906 1472 Opus
917 1450 974 1466 vero
987 1444 1037 1466 eius
1049 1444 1149 1467 exterius
1162 1444 1184 1466 in
1196 1450 1221 1466 se
1237 1444 1408 1467 consideratum

841 1483 967 1512 aliquando
985 1484 1025 1506 suit
1042 1485 1170 1511 perfectum
1188 1484 1218 1506 de
1235 1490 1320 1511 genere
1333 1487 1409 1510 001115,

841 1523 966 1552 aliquando
990 1523 1165 1551 imperfectum,
1191 1523 1232 1545 sed
1256 1524 1354 1545 relatum
1379 1524 1409 1546 acl

841 1569 908 1585 suam
918 1563 1046 1590 caritatem,
1058 1569 1191 1591 personam,
1203 1563 1314 1585 rationem
1325 1565 1348 1585 et
1359 1569 1410 1586 cau-

841 1608 891 1625 sam
910 1602 1023 1630 operandi
1041 1602 1234 1630 perfectissimum
1246 1601 1300 1625 ibid.
1318 1615 1347 1618 —-
1366 1602 1409 1631 Qui

842 1641 958 1664 Christum
977 1642 1139 1670 imperfectum
1157 1642 1212 1664 dicit
1232 1642 1253 1663 in
1271 1642 1345 1663 Deum
1363 1641 1411 1663 bla—

842 1682 949 1709 sphemat
966 1681 1011 1703 256
1038 1681 1064 1703 15
1081 1694 1112 1697 »-
1129 1681 1212 1703 Christi
1234 1682 1334 1709 perfecta
1358 1684 1411 1703 sunt

842 1721 920 1743 omnia
938 1726 1011 1748 opera
1028 1720 1060 1743 ad
1077 1720 1154 1748 ipsum
1171 1720 1241 1742 relata
1264 1721 1309 1743 239
1333 1721 1356 1742 tt
1380 1733 1411 1737 —

843 1763 877 1782 cst
893 1766 963 1788 supra
984 1766 1079 1782 omnem
1100 1760 1219 1782 hominem
1233 1763 1411 1789 quantumcum-

843 1806 889 1828 que
906 1801 1036 1827 perfectum
1054 1799 1109 1822 ibid.

889 1852 920 1855 —
936 1845 977 1862 sua
992 1839 1083 1868 eloquia
1101 1842 1123 1862 et
1135 1840 1240 1867 exempla
1257 1846 1299 1867 pro
1317 1839 1359 1862 illis
1371 1839 1411 1868 qui

842 1885 868 1901 ea
886 1878 1020 1907 capiebant,
1033 1878 1180 1907 proponebat
1197 1879 1237 1901 241
1260 1879 1273 1900 8
1291 1891 1322 1895 -
1339 1879 1411 1901 consi-

842 1918 870 1940 lia
888 1919 1023 1946 evangelica
1037 1919 1135 1941 consulit
1151 1918 1180 1941 ad
1193 1918 1358 1946 perfectionem
1377 1919 1412 1940 ni-

844 1957 945 1980 tentibus
963 1958 1008 1980 247
1028 1958 1055 1980 12
1074 1970 1104 1974 -
1122 1958 1243 1986 proposuit
1266 1958 1344 1987 aliqua
1361 1958 1411 1980 imi-

843 1998 912 2020 tanda
930 1998 1037 2025 perfectis
1055 1998 1101 2020 267
1120 1997 1133 2019 4
1149 2010 1182 2014 -
1198 1998 1318 2026 Quaedam
1340 2003 1411 2026 opera

843 2036 926 2060 Christi
936 2039 1100 2065 proponuntur
1112 2037 1222 2059 imitanda
1235 2037 1354 2065 perfectis,
1364 2043 1411 2059 non

843 2077 985 2105 imperfectis
1002 2077 1043 2099 241
1067 2077 1079 2098 8
1097 2089 1128 2093 —
1144 2083 1189 2099 non
1207 2076 1317 2099 omnibus
1334 2077 1411 2099 omnia

842 2116 955 2139 revelavit
977 2116 1026 2138 5100
1045 2116 1130 2139 invidia
1154 2115 1209 2139 ibid.
1237 2128 1268 2133 -
1292 2116 1359 2138 nullis
1379 2122 1412 2138 se-

846 2156 926 2178 mitam
945 2155 1093 2183 perfectionis
1110 2155 1238 2183 praecludit
1255 2155 1353 2182 invidia,
1370 2155 1411 2177 sed

844 2195 944 2222 gradum
965 2195 1043 2217 statuit
1068 2197 1240 2222 competentem
1267 2195 1302 2216 his
1318 2194 1358 2223 qui
1382 2194 1411 2217 ad

844 2234 1009 2262 perfectionem
1036 2236 1146 2261 satagunt
1173 2234 1282 2261 provehi⁷
1307 2240 1355 2256 non
1377 2233 1412 2256 his

844 2273 884 2302 qui
901 2273 982 2295 volunt
999 2273 1020 2294 in
1041 2273 1217 2301 imperfectione
1234 2273 1322 2295 versari
1340 2272 1384 2294 267
1398 2272 1411 2295 4

892 2324 923 2329 —
941 2312 1033 2335 diversa
1052 2312 1148 2340 largitur
1160 2312 1326 2335 charismatum
1338 2312 1411 2339 dona,

844 2352 937 2374 diversa
954 2352 1041 2374 revelat
1068 2352 1232 2379 mysteriorum
1258 2357 1354 2378 arcana,
1380 2351 1411 2374 di-

844 2397 912 2413 versa
938 2391 977 2413 dat
1004 2391 1121 2419 graduum
1138 2393 1160 2413 et
1181 2391 1348 2418 praelationum
1366 2391 1413 2413 offi-

844 2430 892 2458 cia,
910 2431 1002 2453 diversa
1030 2430 1128 2458 praebet
1152 2431 1264 2453 virtutum
1291 2431 1411 2458 exempla,

845 2470 884 2492 uni
902 2470 1041 2492 imitandum
1059 2476 1144 2496 unum,
1162 2470 1225 2492 alteri
1242 2470 1352 2498 alterum,
1365 2475 1411 2492 non

844 2510 919 2532 solum
937 2509 1027 2538 absque
1040 2509 1139 2537 invidia,
1156 2509 1198 2531 sed
1209 2509 1278 2531 etiam
1296 2515 1322 2531 ex
1340 2509 1411 2531 multa

844 2549 945 2571 caritatis
962 2548 1123 2571 benevolentia
1135 2549 1180 2571 267
1196 2548 1209 2571 4
1221 2561 1252 2565 -
1264 2549 1286 2570 111
1298 2551 1410 2577 quantum

844 2588 948 2611 Verbum
964 2588 1108 2611 incarnatum
1128 2588 1246 2616 exemplar
1260 2591 1294 2610 est
1305 2588 1410 2610 omnium

845 2628 985 2655 gratiarum,
998 2627 1110 2649 virtutum
1129 2629 1151 2649 et
1163 2627 1313 2654 meritorum,
1330 2627 1360 2649 ad
1372 2633 1412 2649 cu-

846 2667 880 2689 ius
899 2667 1050 2689 imitationem
1069 2666 1207 2695 erigendum
1224 2669 1259 2689 est
1279 2666 1412 2689 tabernacu-

844 2706 893 2729 lum
909 2706 1023 2729 Ecclesiae
1041 2706 1086 2728 243
1106 2707 1134 2728 12

894 2758 924 2762 -
941 2745 976 2767 Α1)
995 2746 1045 2774 ipso
1063 2748 1173 2774 tanquam
1186 2745 1215 2767 ab
1232 2745 1338 2773 originali
1350 2745 1413 2773 prin-

845 2785 907 2813 cipio
920 2785 1008 2813 gratIae
1025 2787 1047 2807 et
1073 2785 1168 2813 speculo
1190 2785 1315 2807 sanctitatis
1340 2787 1362 2807 et
1379 2791 1412 2807 sa·

846 2825 946 2853 pientiae
963 2825 1051 2847 diversi
1069 2827 1152 2852 status,
1169 2824 1256 2852 gradus
1276 2826 1298 2846 et
1320 2824 1413 2846 ordines

846 2865 1009 2892 exemplariter
1027 2864 1162 2886 derivantur
1184 2863 1228 2886 243
1247 2864 1275 2885 12
1293 2875 1324 2879 -
1342 2863 1414 2885 Multi-

846 2904 916 2926 moda
934 2903 1017 2926 Christi
1035 2903 1144 2931 perfectio
1162 2903 1183 2925 in
1201 2903 1300 2925 diversis
1318 2902 1414 2925 statibus

847 2943 960 2966 Ecclesiae
978 2943 1093 2971 reperitur
1115 2942 1243 2965 secundum
1260 2942 1312 2970 plus
1332 2944 1355 2964 et
1371 2941 1414 2963 mi-

834 2989 890 3005 >nus
907 2982 962 3005 ibid.
978 2995 1009 2999 --
1028 2983 1049 3004 111
1068 2982 1179 3009 exemplis
1196 2987 1223 3003 ac
1240 2980 1319 3003 verbis
1332 2980 1413 3003 Christi

847 3024 924 3050 potest
940 3028 991 3044 esse
1009 3021 1097 3049 gradus
1114 3024 1136 3043 et
1159 3020 1283 3047 distinctio,
1304 3022 1326 3042 et
1343 3026 1414 3054 quae-

1708 262 1752 286 ClB

1435 302 1489 325 dam
1507 302 1559 325 fecit
1585 308 1656 330 opera
1677 304 1765 325 tantum
1788 302 1897 325 imitanda
1919 309 1931 325 a
1954 309 2003 331 per-

1436 342 1500 364 fectis
1517 341 1558 364 241
1581 343 1593 363 8
1612 354 1643 358 -
1665 341 1748 364 (11111511
1768 344 1832 364 00105
1854 348 1900 364 non
1923 348 2004 364 omnes

1437 381 1549 408 propositi
1567 381 1661 403 suntad
1679 380 1818 403 imitandum
1834 381 1941 408 persectis
1958 381 2003 403 242

1438 420 1474 442 10.
1491 426 1526 448 sq.
1549 432 1580 436 —
1604 420 1668 443 dedit
1692 420 1824 448 exemplum
1850 420 2003 449 imperfectis,

1437 459 1566 486 suscipiens
1578 459 1735 487 infirmitates,
1753 465 1814 488 quae
1825 459 1952 486 respiciunt
1963 466 2003 481 na-

1438 500 1513 520 turam
1530 498 1618 526 lapsam
1637 504 1679 521 nec
1691 498 1777 521 habent
1790 498 1924 520 foeditatem
1937 504 2004 521 anne-

1437 543 1489 559 xam
1500 536 1540 559 241
1553 538 1565 558 a
1575 550 1605 553 —
1615 538 1666 560 fecit
1675 538 1790 566 quaedam
1802 537 1912 559 imitanda
1922 537 2005 565 imper-

1438 576 1501 598 fectis
1519 576 1647 599 secundum
1660 579 1767 599 naturam
1783 580 1910 599 assumtam
1928 577 1973 599 267
1991 577 2005 598 5

1486 628 1516 631 —-
1535 615 1610 644 aliqua
1628 616 1680 638 fecit
1697 622 1780 643 opera,
1802 616 1946 638 intirmorum
1970 622 2006 638 su-

1439 655 1540 683 scipiens
1557 661 1680 682 personam
1693 657 1715 677 et
1727 655 1757 677 ad
1771 657 1849 677 nostra
1866 655 2006 677 condescen-

1439 694 1516 716 dendo
1534 694 1667 722 imperfecta
1686 694 1731 716 239
1750 694 1774 715 11
1796 706 1826 710 --
1848 694 1926 716 Nullus
1944 697 2005 716 tanta

1439 734 1533 756 caritate
1550 733 1653 755 ascendit
1666 733 1695 755 ad
1712 739 1783 761 opera
1797 734 1908 760 perfecta,
1920 736 2007 762 quanta

1439 772 1543 795 Christus
1561 773 1679 795 descendit
1697 772 1726 794 ad
1743 776 1820 794 nostra
1838 772 1929 795 infirma
1950 771 2004 795 ibid.

1439 824 1470 828 —
1487 818 1514 834 ex
1532 811 1625 834 caritate
1642 811 1807 834 condescendit
1821 811 1849 834 ad
1866 814 1957 834 nostros
1969 812 2006 834 de-

1440 852 1512 873 fectus
1528 851 1689 879 suscipiendos
1707 851 1751 873 238
1771 851 1799 872 10
1819 863 1848 866 —
1865 851 1941 880 aliqua
1959 851 2007 879 egit

1440 896 1486 912 non
1507 890 1531 912 11]
1549 896 1655 912 summae
1672 890 1818 917 perfectionis
1839 890 2007 917 ostensionem,

1440 929 1482 951 sed
1494 929 1517 951 in
1531 929 1719 957 imperfectorum
1730 929 1958 957 condescensionem,
1970 935 2007 951 cu-

1441 969 1476 991 ius
1500 969 1640 991 contrarium
1658 968 1782 997 aliquando
1802 969 1909 996 perfectis
1934 970 2009 991 facere

1440 1008 1492 1031 licet
1509 1008 1554 1030 236
1573 1008 1586 1030 5

1487 1059 1518 1063 -
1536 1047 1661 1069 Excludcre
1678 1053 1691 1069 a
1717 1046 1806 1070 Christo
1829 1053 1901 1075 opera
1926 1047 2008 1070 conde-

1441 1087 1569 1109 scensionis
1580 1090 1614 1109 est
1626 1087 1693 1109 fontis
1707 1086 1878 1109 misericordiae
1891 1092 1961 1109 venas
1973 1092 2008 1108 sa-

1441 1126 1541 1155 lutisque
1558 1126 1608 1148 vias
1630 1126 1780 1154 praecludere
1797 1128 1819 1148 et
1841 1126 1891 1148 eius
1911 1126 2009 1148 clemen-

1442 1165 1496 1188 tiam
1510 1165 1672 1193 blasphemare
1690 1166 1734 1187 236
1749 1165 1763 1187 5
1779 1177 1811 1181 -
1828 1165 1927 1193 Quidam
1945 1164 2009 1187 Chri-

1442 1205 1470 1227 sti
1487 1204 1694 1227 condescensivam
1712 1204 1845 1232 ignorantes
1862 1204 1970 1227 iustitiam
1987 1207 2009 1227 et

1443 1244 1589 1267 inflexibilem
1606 1244 1626 1266 01
1644 1243 1795 1266 attribuentes
1818 1244 1966 1271 perfectionis
1981 1243 2009 1265 ri-

1443 1290 1524 1311 gorem
1537 1289 1607 1306 verae
1623 1283 1722 1305 iustitiae
1734 1283 1843 1305 contrarii
1855 1285 1909 1305 sunt
1921 1283 1965 1305 239
1980 1283 2004 1304 11

1442 1336 1472 1339 -
1491 1322 1681 1345 condescendens
1693 1322 1789 1344 infirmis
1802 1322 1932 1350 exemplum
1945 1328 2009 1350 prae-

1443 1362 1493 1385 buit
1504 1362 1593 1391 absque
1610 1362 1749 1385 detrimento
1763 1362 1908 1390 perfectionis
1925 1362 1970 1384 266
1980 1362 2009 1384 30

1443 1415 1474 1419 —
1499 1402 1596 1424 infirmis
1613 1404 1635 1424 et
1661 1401 1801 1429 imperfectis
1818 1407 1845 1424 ex
1870 1401 2011 1423 sublimitate

1443 1442 1543 1465 caritatis
1560 1441 1725 1464 condescendit
1742 1441 1787 1463 238
1802 1441 1830 1463 10

1490 1494 1521 1498 -
1539 1487 1631 1503 5111111110
1656 1482 1750 1503 caritate
1775 1480 1805 1503 ad
1827 1482 1893 1502 actus
1917 1482 2010 1502 nostrae

1444 1520 1593 1543 imbecillitati
1610 1521 1742 1543 conformes
1766 1519 1917 1548 deprimitur,
1934 1519 1975 1542 sed
1998 1525 2011 1541 a

1444 1560 1591 1588 perfectionis
1607 1559 1744 1582 rectitudine
1760 1565 1809 1581 non
1831 1561 1942 1581 curvatur
1965 1559 2009 1581 239

1446 1600 1473 1622 10
1491 1612 1522 1615 -
1544 1599 1668 1627 perfectius
1690 1599 1738 1626 egit
1759 1598 1949 1621 condescendens
1970 1598 2011 1620 im·

1445 1639 1560 1667 perfectis,
1573 1644 1644 1667 quam
1656 1638 1693 1660 alii
1706 1638 1813 1660 facientes
1825 1638 1927 1665 perfecta
1939 1637 1983 1659 259
1997 1637 2010 1659 6

1491 1677 1557 1701 Ciaus
1572 1690 1604 1694 —
1620 1678 1670 1700 Non
1687 1680 1721 1699 est
1737 1677 1784 1699 vita
1807 1677 1901 1705 corpori
1923 1676 2012 1705 absque

1445 1717 1633 1745 incorporatione
1644 1716 1690 1739 cibi
1701 1716 1859 1739 convenientis
1872 1716 1916 1738 103
1935 1716 1962 1737 13
1980 1728 2011 1731 -

1445 1756 1536 1785 Corpus
1558 1762 1599 1784 per
1622 1755 1701 1779 cibum
1726 1755 1859 1783 vigoratur,
1883 1755 2013 1783 impingua-

1445 1799 1494 1824 tur,
1507 1797 1594 1824 calefit,
1608 1796 1739 1819 viviticatur
1751 1795 1781 1818 z'b.
1794 1796 1822 1818 12
1839 1807 1871 1812 ·-
1887 1795 2013 1823 corporalis

1445 1837 1525 1860 transit
1542 1837 1563 1858 iu
1581 1836 1734 1859 substantIam
1751 1837 1774 1857 et
1790 1835 1957 1858 nutrimentum
1977 1840 2012 1857 co-

1445 1876 1559 1899 medentis
1578 1876 1622 1898 104
1641 1876 1669 1898 13

1491 1928 1522 1932 -
1540 1915 1615 1938 honus
1632 1921 1678 1937 non
1695 1917 1729 1937 est
1741 1913 1883 1937 delectabilis
1900 1914 1949 1936 51110
1961 1919 2012 1936 0011-

1446 1955 1547 1978 dimento
1565 1955 1618 1977 salis
1636 1954 1680 1976 142
1699 1955 1712 1976 2

1492 2007 1523 2011 -
1540 1995 1582 2017 Per
1599 1993 1677 2016 cibum
1695 1993 1821 2021 prostravit
1841 1999 1884 2016 nos
1905 1992 2012 2015 diabolus

1446 2034 1469 2056 111
1486 2034 1594 2063 paradiso
1613 2033 1658 2056 444
1676 2033 1706 2055 25

1491 2086 1523 2090 -
1539 2074 1637 2101 simplex
1659 2075 1682 2095 et
1703 2072 1814 2095 naturalis
1834 2072 1923 2095 homini
1945 2072 2012 2094 datus

1445 2113 1475 2136 ab
1492 2113 1556 2136 initio
1574 2113 1618 2135 258
1633 2113 1641 2134 1
1660 2124 1692 2128 —-
1708 2113 1768 2135 Usus
1780 2111 1887 2134 ciborum
1905 2111 1979 2134 licitus
1990 2114 2013 2134 et

1445 2153 1536 2175 illicitus
1554 2152 1598 2174 259
1618 2151 1640 2173 7.
1664 2158 1716 2180 sqq.
1733 2163 1764 2167 —
1781 2157 1827 2173 non
1849 2151 2013 2173 contemnendi

1445 2195 1470 2214 ut
1487 2194 1591 2214 creatura
1616 2191 1657 2213 Dei
1683 2191 1728 2212 260
1756 2191 1792 2212 11.
1814 2191 1854 2212 261
1884 2190 1912 2212 13
1929 2202 1960 2206 -
1980 2190 2013 2213 Ci-

1445 2231 1481 2254 his
1498 2230 1601 2254 delicatis
1618 2236 1661 2258 pro
1678 2230 1728 2252 loco
1746 2233 1768 2252 et
1786 2232 1892 2258 tempore
1909 2230 1942 2252 uti
1959 2235 2013 2257 pos-

1444 2277 1525 2293 sumus
1542 2269 1631 2299 absque
1648 2273 1745 2297 peccato
1767 2269 1812 2291 259
1829 2269 1852 2291 7,
1870 2269 1916 2291 262
1934 2269 1963 2291 16
1982 2281 2012 2284 —

1444 2316 1490 2332 non
1508 2312 1542 2331 est
1558 2309 1580 2331 in
1593 2309 1674 2337 culpa,
1691 2309 1733 2331 sed
1751 2309 1805 2336 gula
1818 2308 1862 2330 259
1878 2308 1901 2330 7.
1919 2309 1964 2330 262
1983 2308 2011 2330 16

1444 2361 1474 2366 —
1492 2355 1537 2371 non
1554 2351 1608 2371 sunt
1630 2348 1755 2370 immundi·
1772 2348 1895 2370 causaliter
1917 2348 1953 2370 vel
1970 2349 2014 2370 for-

1446 2389 1546 2415 maliter,
1563 2388 1604 2411 sed
1622 2390 1710 2410 tantum
1728 2387 1902 2410 occasionaliter
1920 2387 1960 2410 261
1984 2387 2012 2409 14

1490 2441 1522 2444 -
1540 2429 1656 2456 Quaerere
1673 2426 1759 2450 cibaria
1777 2433 1890 2455 saporosa
1910 2429 1945 2449 est
1961 2432 2013 2449 con-

1445 2467 1587 2496 cupiscentia
1605 2467 1730 2494 voluptatis
1745 2466 1758 2488 4
1776 2467 1789 2489 5

1493 2519 1523 2523 -—
1540 2506 1631 2530 Cibaria
1654 2506 1730 2534 magis
1752 2506 1902 2534 provocantia
1924 2505 1953 2528 ad
1970 2511 2013 2533 gu-

1445 2547 1491 2569 lam
1508 2552 1579 2575 quam
1592 2546 1621 2568 ad
1638 2545 1828 2568 sustentationem
1841 2548 1894 2568 sunt
1910 2545 2013 2567 devitan-

1445 2587 1475 2609 da
1493 2586 1537 2608 482
1556 2587 1569 2608 2
1586 2598 1617 2602 -
1634 2585 1737 2608 Parcitati
1750 2584 1856 2607 ciborum
1871 2584 2012 2607 studendum

1446 2626 1489 2648 453
1504 2625 1519 2647 b
1531 2638 1561 2641 —-
1573 2625 1631 2647 viles
1642 2625 1717 2647 valent
1731 2625 1758 2647 ad
1771 2624 1946 2647 custodiendam
1958 2630 2013 2652 pau-

1445 2668 1557 2694 pertatem
1575 2665 1619 2687 260
1637 2665 1650 2686 9

1491 2717 1522 2721 -
1535 2705 1559 2726 ln
1570 2704 1629 2727 cibis
1638 2704 1795 2726 discernendis
1808 2703 1947 2731 reprobatur
1958 2704 2013 2725 Pha-

1446 2744 1574 2766 risaeorum
1589 2744 1721 2772 superstitio
1735 2744 1775 2765 261
1793 2743 1821 2765 13
1837 2755 1869 2759 -
1884 2749 1897 2764 a
1908 2742 2013 2765 Christia-

1445 2783 1481 2806 nis
1498 2789 1544 2805 non
1562 2786 1615 2805 sunt
1631 2782 1778 2805 discernendi
1795 2788 1859 2804 more
1875 2782 2013 2804 ludaeorum

1446 2823 1491 2845 265
1510 2823 1538 2845 28
1556 2835 1587 2839 -
1598 2822 1733 2845 Discernere
1745 2822 1803 2843 inter
1819 2820 1905 2843 cibaria
1917 2821 2013 2843 delicata

1446 2864 1469 2884 et
1486 2868 1578 2890 aspera,
1596 2861 1696 2889 pretiosa
1714 2864 1736 2883 et
1752 2861 1806 2884 vilia
1823 2867 1870 2883 non
1883 2863 1918 2883 est
1934 2866 2013 2888 super-

1446 2902 1555 2930 stitionis,
1572 2901 1612 2923 sed
1626 2903 1737 2923 consonat
1753 2900 1859 2928 religioni
1876 2899 2012 2922 christianae

1448 2941 1488 2964 261
1511 2941 1539 2963 13
1558 2954 1588 2956 -
1605 2940 1717 2963 Discretio
1734 2939 1839 2962 ciborum
1858 2945 1902 2961 non
1919 2938 2013 2966 respicit

1447 2980 1581 3008 religionem
1605 2980 1742 3002 christianae
1764 2979 1831 3006 fidei,
1851 2978 1892 3001 sed
1916 2977 2012 3005 discipli-

1448 3026 1502 3042 nam
1519 3020 1651 3047 regularem
1668 3018 1723 3042 ibid.
