2133 3317
351 257 404 279 POT

100 312 131 315 —
149 298 245 321 Divitiae
263 296 376 325 possideri
395 298 490 324 possunt
507 293 596 322 absque
614 298 665 320 pec·

102 341 152 361 cato
169 337 214 360 295
233 337 245 359 4
263 349 292 352 -
304 340 357 358 sunt
370 335 435 358 utiles
445 334 475 356 ad
487 334 665 356 sustentamenta

102 380 198 400 naturae
213 378 235 398 et
253 375 282 398 ad
299 381 369 403 opera
387 373 512 396 industriae
530 372 574 393 290
594 371 622 392 12
635 383 665 387 -

102 422 148 438 non
164 422 191 438 ex
209 421 233 437 se
251 414 319 442 111515,
336 414 376 436 sed
395 419 420 435 ex
437 415 502 440 parte
518 410 602 433 utentis
613 412 666 432 sunt

103 455 169 478 utiles
185 454 215 477 ad
232 454 336 476 exercitia
356 451 444 474 virtutis
466 451 581 478 perfectae
601 448 665 476 ibid„

104 493 133 516 14
151 506 179 509 -—
197 493 342 515 Possessione
359 496 437 513 rerum
462 489 508 511 vita
535 484 665 511 mortalium

105 539 183 555 carere
200 535 274 560 potest
292 532 336 553 312
354 530 368 552 5
385 542 416 546 -
434 527 620 551 Possessionibus
632 533 667 549 ca-

104 578 155 594 rere
172 574 206 593 est
231 571 357 598 perfectum
384 568 427 590 277
451 568 475 590 16
493 580 523 584 -
541 567 666 589 Possessio-

104 617 161 633 num
179 609 292 632 affluentia
310 615 355 631 non
368 611 400 630 cst
413 607 560 636 perfectionis
573 607 616 628 293
630 606 666 628 20.

104 650 148 672 303
168 650 195 671 27
213 661 244 665 -
262 648 417 670 Periculosum
439 650 473 669 cst
494 646 666 674 possessionum

104 688 243 711 affluentiam
266 687 396 715 praeconiis
421 684 598 708 desiderabilem
616 684 668 706 red-

106 728 160 750 dere
178 727 218 749 291
242 726 278 748 17.
295 726 340 748 292
362 726 386 747 18
404 737 434 741 -
453 724 599 752 Temporalia
618 730 668 751 pos-

107 767 182 789 sidere
199 772 243 788 non
262 768 295 787 est
313 768 462 793 praeceptum
484 763 541 785 viris
563 763 669 791 perfectis

105 806 145 828 291
172 805 197 827 15
214 818 245 820 -
262 805 401 832 temporales
421 806 553 825 sanctorum
575 802 667 824 Patrum

105 851 151 867 non
169 847 264 872 possunt
281 844 338 866 trahi
357 843 378 865 in
396 842 526 870 exemplum
550 841 669 869 perfectio-

106 884 141 906 nis
164 884 208 905 296
232 884 253 905 6.
271 889 306 911 sq.
323 895 353 899 —
372 882 531 904 Possessiones
556 873 669 903 Ecclesiae

106 923 226 951 possidere
242 925 264 944 et
280 925 357 944 sancte
382 921 516 948 dispensare
541 923 575 942 est
596 920 669 947 perfe-

107 962 175 984 ctioni
192 960 356 989 compossibiie
370 960 414 982 288
426 960 439 981 7
452 971 482 975 —
495 960 542 981 Non
555 961 670 986 repugnat

106 1000 239 1029 perfectioni
264 999 417 1022 ecclesiastica
442 998 515 1026 bona,
540 998 670 1025 imperante

106 1039 218 1066 Ecclesia,
235 1039 352 1066 suscipere
369 1037 524 1066 dispensanda
547 1036 591 1058 422
608 1036 622 1058 7
640 1048 670 1052 —

106 1078 265 1101 Possessiones
290 1077 407 1105 suscipere
433 1080 507 1104 potest
529 1082 580 1098 esse
597 1076 670 1103 perfe-

108 1117 188 1140 ctionis
205 1117 228 1139 iu
245 1117 364 1145 praelatis,
381 1116 421 1138 sed
436 1122 479 1137 non
492 1115 514 1137 in
527 1114 669 1143 quibuslibet

106 1156 203 1185 privatis
220 1155 324 1184 personis
336 1155 381 1177 294
395 1156 424 1176 22
438 1167 464 1170 -
479 1154 598 1176 Possidere
610 1153 669 1175 bona

107 1195 221 1218 Ecclesiae
238 1201 283 1217 non
300 1198 334 1217 est
351 1195 478 1222 perfectum
496 1194 518 1216 in
536 1200 561 1215 se
573 1193 608 1215 rel
621 1199 670 1221 per-

109 1235 190 1257 fectius
206 1240 277 1263 quam
293 1240 372 1256 carere
390 1234 434 1255 290
457 1233 489 1255 lli.
507 1233 547 1254 291
570 1232 606 1254 15.
625 1232 670 1254 294

109 1274 137 1296 22
155 1286 186 1289 -
202 1273 368 1295 ecclesiasticae
384 1278 431 1294 1100
448 1272 532 1294 faciunt
548 1272 577 1294 ad
600 1272 671 1299 perfe-

109 1313 191 1335 ctionis
208 1313 327 1335 cumulum
339 1318 381 1334 nec
393 1314 446 1334 sunt
457 1311 585 1334 secundum
597 1317 671 1332 exem-

108 1352 172 1380 plum
196 1351 277 1374 Christi
298 1355 321 1374 et
343 1351 504 1379 Apostolorum
523 1351 567 1372 288
585 1350 607 1372 7.
625 1350 669 1371 289

111 1391 133 1412 9.
149 1397 185 1419 sq.
200 1403 231 1407 —
249 1392 270 1413 ln
288 1390 456 1413 accumulando
473 1389 631 1417 possessiones
643 1389 671 1411 la-

111 1432 141 1452 tet
158 1436 269 1458 magnum
287 1430 415 1458 periculum
435 1430 475 1451 291
493 1429 530 1451 17.
542 1429 586 1451 303
600 1428 628 1450 29
643 1440 671 1443 —

110 1469 258 1491 Pei-sectionis
274 1472 308 1491 est
324 1469 453 1497 relinquere
469 1467 627 1496 possessiones
638 1473 672 1489 00-

111 1508 248 1530 clesiasticas
266 1508 310 1530 289
331 1508 356 1529 10
374 1520 404 1524 -
421 1507 540 1529 Possidere
564 1507 587 1529 in
609 1512 673 1528 00111-

110 1547 174 1569 muni
199 1547 309 1574 competit
334 1547 393 1569 vitae
419 1546 574 1569 coenobiticae
597 1546 642 1568 273
660 1545 673 1567 4

111 1598 142 1603 -·
158 1586 276 1609 Abdicatis
292 1592 370 1608 rerum
389 1585 580 1613 proprietatibus,
604 1585 674 1613 possi-

112 1624 168 1647 dere
184 1625 270 1653 aliquid
288 1625 311 1647 in
328 1625 445 1647 communi
463 1631 508 1647 non
525 1628 559 1647 est
571 1624 676 1652 imperfe-

113 1667 174 1686 ctum
193 1664 238 1686 277
258 1664 285 1686 16
303 1676 334 1681 -
350 1664 470 1686 Possidcre
488 1663 548 1686 hona
569 1664 591 1685 in
615 1669 675 1686 com-

112 1704 176 1725 muni
193 1709 239 1725 non
257 1706 291 1726 est
307 1709 381 1732 aeque
397 1704 525 1731 perfectum
538 1709 608 1731 quam
621 1708 676 1730 pau-

113 1745 190 1770 pertas
201 1748 254 1764 cum
266 1746 366 1764 extrema
380 1742 476 1770 penuria
489 1742 534 1764 295
547 1742 560 1764 3
573 1755 602 1757 -
615 1748 675 1764 00111-

113 1787 195 1804 munes
212 1782 267 1804 falso
292 1782 400 1804 dicuntur
425 1782 590 1809 perfectionem
613 1787 676 1803 00111-

113 1820 176 1848 plere
194 1821 238 1842 290
257 1821 285 1843 14
302 1834 332 1836 -
355 1827 491 1843 communes
516 1827 561 1843 non
586 1821 676 1842 elevant

113 1859 180 1882 altius
196 1860 225 1882 ad
243 1860 315 1882 Deum
333 1866 404 1888 quam
428 1862 529 1882 extrema
551 1862 676 1888 paupertas

114 1898 159 1921 293
177 1899 206 1920 20
225 1911 253 1914 -
270 1899 339 1921 etiam
363 1905 498 1921 communes
522 1902 575 1921 sunt
599 1898 677 1926 potius

114 1938 295 1960 contemnendae
317 1944 388 1966 quam
405 1938 519 1960 amandae
537 1938 582 1959 292
601 1937 628 1959 18
646 1949 676 1954 --

115 1975 160 1999 Cur
177 1976 236 1999 bona
255 1977 375 1999 levitarum
398 1977 503 1999 dicantur
524 1977 622 1999 Domino
640 1976 677 1999 de-

115 2015 188 2038 dicata
207 2016 250 2038 287
269 2015 283 2038 5
305 2015 358 2038 Vide
375 2022 395 2039 v.
413 2015 519 2039 Dlvitiae.

162 2055 272 2077 ΡοτΕΝτιΑ
289 2067 319 2071 -
336 2055 377 2077 5113
395 2058 429 2077 051
447 2055 469 2077 111
487 2055 568 2082 Apulia
586 2055 626 2077 551
649 2056 662 2077 6

162 2094 272 2116 Porssns
288 2105 319 2110 -
336 2094 499 2122 appropriatur
516 2094 575 2116 Patri
594 2094 621 2116 17
641 2094 677 2116 112.

117 2132 146 2154 28
168 2134 173 2154 t
195 2132 355 2154 -immensa
381 2133 421 2154 Dei
447 2135 528 2155 cuncta
554 2133 582 2155 de
608 2133 678 2155 nihilo

117 2171 204 2194 creavit
220 2174 243 2193 et
259 2174 380 2199 supportat
401 2172 441 2193 128
454 2172 468 2194 2
480 2184 510 2188 -
523 2172 635 2194 excellens
647 2178 679 2194 re-

117 2211 215 2239 quiritur
232 2210 262 2233 ad
279 2211 376 2238 gloriam
394 2211 458 2238 regni
477 2210 506 2233 84
524 2211 552 2233 46
564 2223 595 2226 —
607 2211 679 2233 eccle·

117 2249 205 2272 siastica
224 2249 276 2272 data
289 2253 321 2272 est
334 2249 440 2277 praelatis
452 2250 473 2271 in
487 2249 679 2277 aedificationem,

117 2295 162 2311 non
185 2289 208 2310 in
232 2288 411 2311 destructionem
437 2289 567 2310 animarum
585 2289 626 2311 381
650 2289 679 2311 20

117 2340 148 2344 -
165 2328 208 2356 Qui
221 2334 247 2350 ea
260 2328 330 2350 utitur
341 2328 364 2350 in
376 2327 556 2350 destructionem
568 2327 679 2350 virtutem

118 2373 184 2390 suam
202 2367 284 2389 amittit
300 2366 354 2389 ibid.
371 2379 401 2382 —
419 2367 440 2388 111
459 2366 610 2395 potestatibus
622 2366 681 2389 ordi-

119 2406 179 2428 natis
195 2406 310 2435 quidquid
327 2408 402 2434 potest
414 2406 514 2433 inferior,
526 2408 601 2433 potest
612 2405 679 2427 etiam

119 2445 232 2473 superior,
257 2445 298 2468 sed
320 2451 366 2467 non
391 2451 404 2467 e
426 2451 540 2468 converso
557 2445 601 2467 428
620 2444 633 2466 4
651 2457 680 2460 -

120 2484 168 2507 sine
185 2484 336 2507 exsecutionis
352 2484 452 2506 essicacia
471 2490 542 2506 vacua
561 2486 594 2506 est
610 2483 654 2506 377
668 2484 680 2505 8

121 2536 150 2539 —-
167 2523 285 2546 potestatis
302 2524 425 2545 auctoritas
442 2523 493 2545 facit
511 2523 638 2550 praelatum
655 2522 681 2544 ti-

121 2562 232 2585 mendum
249 2562 348 2585 subditis
366 2562 409 2584 146
428 2562 456 2584 17
476 2575 503 2577 -
520 2562 601 2584 Anima
614 2561 683 2584 habet

121 2604 257 2630 potestatem
282 2608 351 2630 super
377 2605 464 2624 ceteras
489 2604 605 2624 creaturas
623 2601 647 2623 31
669 2601 683 2623 7

168 2652 198 2657 -
211 2641 333 2663 Potestates
345 2644 398 2663 sunt
410 2641 432 2662 in
445 2640 545 2662 secunda
558 2640 684 2662 hierarchia

123 2680 151 2702 18
176 2680 203 2702 14
225 2692 256 2696 -
278 2682 359 2702 0111301
380 2680 476 2702 caeleste
498 2679 633 2701 convivium
656 2679 685 2702 de

123 2719 256 2742 auctoritate
273 2719 385 2747 malignos
402 2719 496 2747 spiritus
512 2718 633 2741 coercendi
656 2718 680 2740 61

123 2758 151 2781 17

170 2798 316 2820 ramosarum
333 2809 364 2814 —
382 2797 498 2820 Virtutum
517 2799 582 2819 actus
598 2796 685 2819 suntin

124 2839 248 2865 praecepto
265 2836 309 2858 394
328 2836 340 2858 3
357 2848 389 2853 —
404 2837 508 2865 Quatuor
519 2838 572 2858 sunt
584 2836 686 2858 differen-

125 2876 168 2898 tiae
195 2878 371 2903 praeceptorum
398 2874 439 2897 134
456 2875 471 2897 7
487 2887 518 2891 -
534 2874 642 2897 Cavenda
664 2877 686 2896 et

124 2914 223 2937 dolenda
240 2917 274 2936 est
291 2914 434 2943 quadruplex
451 2914 602 2941 transgressio
623 2919 687 2941 prae-

125 2957 246 2982 ceptorum
265 2953 295 2976 ib.
312 2953 325 2975 9
343 2965 372 2969 -
389 2953 424 2975 Ad
442 2953 573 2975 divinorum
597 2958 686 2980 praece-

126 2996 218 3021 ptorum
247 2992 418 3015 observantiam
446 2992 555 3014 convenit
582 2991 686 3020 quinque

777 213 877 241 INDEX
899 211 1145 241 ALPHABETICUS.

700 291 846 314 considerare
865 291 909 313 497
927 297 939 313 3
956 303 986 307 -
1003 291 1126 318 Praecepta
1149 290 1261 313 Ecclesiae

699 333 752 353 sunt
769 330 906 353 inviolabilia
926 330 969 353 134
986 331 1000 352 9

746 370 859 392 Ρ111001510
876 382 907 386 -
924 373 958 392 051
975 371 1011 392 vel
1027 370 1154 397 corporalis
1170 369 1206 392 vel
1218 370 1262 397 spi-

700 409 787 431 ritualis
807 409 848 431 160
870 409 888 431 1.
905 415 940 438 sq.
952 421 980 425 —
994 410 1044 437 lpsa
1058 409 1180 431 exinanitio
1192 415 1262 437 quae-

699 447 753 470 dam
772 448 883 475 praccisio
901 451 934 470 est
956 449 992 470 161
1015 449 1028 470 2

748 487 833 509 raiaco
849 500 879 502 —
896 488 919 509 S.
936 487 1070 510 Franciscus
1087 493 1171 515 praeco
1184 487 1262 515 magni

701 525 770 553 Regis
787 525 834 547 509
852 526 872 548 5.
892 526 937 548 566
955 525 970 548 b

749 565 936 587 ΡκΑιευεετιΝΑτιο
953 577 984 581 -
1001 566 1142 587 aeternaliter
1160 566 1218 588 facta
1229 570 1263 588 est

701 609 713 625 a
731 604 796 625 Patre
813 609 854 631 per
872 604 981 631 Spiritum
999 605 1021 626 S.
1039 605 1061 626 in
1078 605 1133 627 Filio
1152 605 1165 626 8
1183 605 1196 627 3

748 643 896 665 13111001οΛ00
913 655 943 659 -
955 647 988 666 est
1000 644 1113 666 Ecclesiae
1124 645 1264 671 necessaria,

702 681 724 703 in
742 688 766 704 se
784 682 821 709 pia
845 684 867 704 et
884 682 930 704 Deo
953 686 1046 710 accepta
1064 683 1109 705 319
1127 684 1140 705 9
1159 696 1187 699 -—
1205 684 1265 705 Dissi-

702 721 773 743 cultas
790 724 812 743 et
829 720 957 743 sublimitas
975 722 1150 749 praedicationis
1172 723 1217 745 320
1237 724 1263 745 13

704 771 734 776 —
751 760 814 788 Quae
832 761 946 788 pertinent
962 761 990 783 ad
1009 761 1187 788 praedicationis
1210 762 1265 784 utili·

703 801 771 820 tatem
789 798 952 821 describuntur
969 801 1046 828 quoad
1059 806 1153 822 causam
1165 801 1265 823 efficien-

705 840 749 859 tem
770 837 815 859 430
835 838 855 859 11
877 851 908 855 -
925 842 946 861 et
963 839 1041 867 quoad
1058 845 1152 862 causam
1165 840 1265 867 finalem,

704 877 842 898 materialem
860 880 881 899 et
900 878 1018 900 formalem
1038 878 1066 901 ib.
1085 879 1113 900 12
1131 891 1161 895 -
1178 879 1267 901 Praedi-

703 918 766 937 cator
783 916 845 943 loqui
863 915 931 938 (101101
943 923 970 938 ex
983 917 1029 939 Deo
1042 921 1121 939 contra
1134 918 1266 945 falsitatem,

703 960 781 976 0013111
799 955 844 977 Deo
856 961 898 982 per
910 956 1077 984 maturitatem,
1090 957 1111 978 in
1123 956 1213 979 Christo
1225 963 1267 985 per

704 993 853 1016 intentionem
871 995 975 1021 puritatis
992 994 1020 1017 ib.
1040 995 1063 1016 11
1085 1007 1115 1011 -
1133 996 1154 1017 10
1178 996 1268 1023 praedi-

706 1034 795 1055 catione
813 1033 926 1061 quaedam
940 1033 1085 1056 observanda
1098 1038 1151 1056 sunt
1163 1041 1188 1057 ex
1201 1038 1266 1063 parte

707 1072 884 1099 praedicatoris,
901 1072 1016 1101 quaedam
1034 1079 1060 1095 ex
1073 1077 1137 1101 parte
1149 1074 1268 1103 auditoris,

704 1111 819 1139 quaedam
837 1117 864 1133 ex
881 1115 945 1139 parte
958 1112 1071 1134 sermonis
1085 1112 1128 1134 443
1142 1114 1166 1134 21
1183 1125 1214 1129 -
1227 1114 1268 1135 Per

704 1149 899 1177 praedicationem
918 1150 1007 1173 Veritas
1024 1154 1058 1173 est
1069 1152 1226 1174 annuntianda
1240 1153 1267 1174 18

708 1187 734 1210 14
751 1201 781 1204 -
799 1189 944 1211 Praedicator
962 1189 1085 1212 informare
1097 1190 1165 1213 debet
1178 1191 1269 1219 fideles,

704 1227 760 1256 quid
778 1227 873 1250 credere
896 1231 917 1250 ct
941 1229 1038 1257 qualiter
1064 1229 1144 1252 vivere
1170 1229 1270 1253 debeant

705 1266 749 1288 378
769 1267 797 1288 12
816 1279 845 1282 ——
863 1267 1007 1290 Praedicator
1024 1268 1110 1290 diversi
1128 1269 1220 1296 generis
1232 1276 1269 1292 au-

704 1305 790 1328 ditores
806 1305 875 1328 debet
892 1306 1005 1329 instruere
1022 1307 1067 1329 359
1085 1307 1100 1329 b
1119 1320 1147 1323 ———
1166 1311 1190 1330 ut
1201 1308 1270 1331 virtu-

706 1348 738 1367 tes
756 1346 830 1373 magis
847 1345 929 1368 reddat
940 1346 1150 1375 commendabiles,
1163 1347 1217 1370 vitia
1230 1354 1270 1376 op-

705 1383 790 1411 posita,
807 1390 877 1412 quam
902 1385 946 1407 sint
963 1385 1044 1407 nociva
1069 1389 1092 1408 et
1116 1386 1269 1414 detestabilia,

705 1423 805 1445 ostendit
822 1423 876 1446 ibid.
893 1436 924 1440 —-
941 1425 1040 1452 pertinet
1057 1426 1086 1447 ad
1104 1426 1218 1448 leviathan
1235 1433 1270 1448 ex-

705 1462 849 1490 stirpandum
869 1463 913 1486 427
935 1464 940 1485 1
964 1476 992 1479 —
1011 1464 1156 1487 Praedicator
1173 1471 1219 1487 11011
1232 1466 1271 1488 (10-

707 1501 744 1523 bet
761 1501 805 1524 sibi
823 1508 935 1530 usurpare
952 1503 1054 1525 officium
1071 1504 1166 1531 iudicis,
1178 1505 1219 1527 sed
1232 1504 1271 1527 do-

707 1541 776 1563 ctoris
794 1541 838 1563 359
855 1541 870 1563 11
889 1555 917 1557 -
935 1542 1081 1565 Praedicator
1102 1543 1171 1565 debet
1194 1543 1215 1566 in
1233 1550 1271 1571 ge-

707 1586 762 1602 nere
780 1586 861 1603 omnes
877 1587 977 1609 arguere
994 1585 1115 1610 peccantes
1133 1585 1155 1604 et
1171 1589 1215 1605 non
1234 1583 1271 1605 de-

708 1619 819 1641 scendere
835 1620 863 1642 ad
887 1620 1082 1648 specificationem
1105 1628 1271 1651 personarum,

708 1658 749 1680 sed
767 1659 875 1681 vitiorum
894 1660 930 1681 1·οΙ
953 1663 1054 1682 51310001
1081 1661 1116 1683 vel
1141 1662 1270 1684 officiorum

709 1697 762 1720 ibid.
780 1698 824 1720 360
842 1704 854 1720 3
872 1711 902 1715 -
919 1699 1054 1722 correctioni
1075 1702 1097 1722 et
1119 1700 1271 1723 aedificationi

709 1737 828 1760 intendere
845 1737 926 1767 debet,
943 1745 989 1761 non
1006 1739 1135 1761 confusioni
1158 1740 1195 1762 vel
1218 1740 1272 1763 infa-

710 1776 805 1798 mationi
822 1777 866 1798 360
884 1783 896 1799 3

755 1827 786 1832 —
803 1816 861 1844 Quid
880 1816 908 1839 sit
924 1817 1016 1839 castitas
1033 1817 1117 1846 eloquii
1139 1818 1161 1840 in
1185 1819 1273 1846 praedi-

709 1854 798 1876 catione
816 1854 861 1876 430
880 1856 903 1877 11
925 1867 956 1872 -
973 1855 1038 1878 verbi
1064 1857 1104 1878 Dei
1129 1856 1199 1879 debet
1223 1863 1274 1879 esse

710 1893 788 1915 brevis
813 1893 841 1916 ib.
866 1895 894 1916 12
912 1907 942 1910 -
960 1895 1065 1918 Doctrina
1090 1895 1173 1918 Christi
1199 1896 1275 1924 magis

711 1932 815 1955 moribus
832 1940 902 1962 quam
921 1934 998 1957 verbis
1016 1935 1170 1962 praedicanda
1184 1938 1218 1958 est
1232 1936 1274 1958 142

711 1972 724 1993 9
742 1984 772 1988 -
789 1973 819 1994 Ex
847 1973 952 1996 moribus
977 1974 1160 2001 praedicantium
1186 1975 1276 1998 vilescit

711 2010 813 2033 doctrina
833 2012 958 2034 1011101001
976 2013 1016 2035 361
1034 2019 1045 2035 3
1059 2026 1088 2029 -—
1101 2014 1135 2036 Ad
1148 2014 1273 2037 efficaciam

711 2050 889 2077 praedicationis
905 2052 980 2074 omnis
991 2052 1093 2080 suspicio
1105 2053 1194 2075 excludi
1206 2052 1276 2075 debet

712 2088 757 2111 412
775 2090 787 2112 3
807 2102 834 2105 -
853 2090 877 2112 111
895 2091 969 2119 magis
991 2092 1072 2114 efficax
1094 2098 1136 2120 per
1153 2095 1276 2120 pauperta-

712 2131 758 2151 tem
783 2130 941 2157 evangelicam
964 2130 988 2152 in
1011 2131 1158 2158 praedicante
1176 2131 1215 2153 30!
1238 2131 1274 2153 21.

712 2174 747 2196 sq.
764 2180 795 2185 —
812 2169 1011 2191 Praedicatoribus
1034 2170 1137 2192 Christus
1161 2173 1275 2193 extremae

712 2208 854 2235 paupertatis
867 2209 964 2230 formam
978 2209 1074 2237 imponit
1087 2209 1130 2231 273
1145 2209 1159 2231 5
1172 2222 1200 2225 -
1212 2210 1277 2232 Ρ130-

713 2246 791 2269 dicare
802 2253 827 2269 se
838 2247 914 2275 ipsum
928 2250 961 2270 est
974 2248 1092 2276 propriam
1102 2248 1198 2276 gloriam
1209 2255 1276 2278 quae-

712 2291 762 2307 rere
783 2289 805 2308 et
829 2286 895 2308 malis
919 2287 1030 2315 exemplis
1054 2294 1079 2309 se
1104 2288 1181 2315 potius
1206 2294 1275 2316 quam

713 2323 828 2347 Christum
854 2325 991 2348 imitandum
1018 2326 1122 2353 ingerere
1149 2327 1192 2348 142
1216 2327 1229 2349 9
1247 2339 1277 2344 -

714 2363 883 2386 Praedicatores
908 2365 961 2386 vani
986 2365 1109 2393 plangendi
1131 2368 1184 2387 50οι
1201 2365 1245 2387 526
1263 2366 1277 2387 2

714 2414 745 2419 -—
762 2403 842 2425 Modus
859 2403 1054 2426 laudabilissimus
1072 2404 1163 2432 corpori
1176 2410 1278 2427 necessa-

714 2442 746 2464 ria
765 2443 898 2470 acquirendi
916 2446 950 2465 est
968 2443 989 2465 in
1007 2443 1185 2471 praedicationis
1196 2443 1280 2466 labori-

715 2480 759 2503 bus
776 2482 876 2504 exerceri
895 2481 939 2504 420
957 2483 970 2504 2
987 2494 1018 2498 -
1040 2483 1211 2505 Praedicatores
1234 2489 1278 2505 non

716 2524 813 2548 possunt
829 2521 878 2543 sine
894 2521 1032 2543 detrimento
1049 2521 1128 2543 salutis
1150 2522 1278 2544 animarum

716 2559 864 2587 stipendiarie
887 2559 991 2582 laborare
1013 2559 1041 2583 ib.
1060 2561 1073 2582 3
1091 2572 1121 2577 -—
1138 2561 1160 2582 ln
1179 2566 1232 2583 casu
1251 2561 1280 2583 la—

718 2598 759 2621 bor
776 2599 938 2626 stipendiarius
962 2599 1106 2621 necessarius
1130 2605 1180 2621 esse
1206 2602 1280 2627 potest

717 2638 856 2666 praedicanti
875 2637 929 2661 ibid.
945 2650 976 2654 —
993 2639 1035 2660 Pro
1053 2638 1223 2666 praedicatione
1234 2644 1279 2661 non

718 2680 751 2699 est
773 2677 933 2705 accipiendum
958 2677 1057 2705 pretium
1081 2677 1126 2699 275
1145 2677 1181 2699 10.
1198 2683 1233 2706 5(1.
1250 2690 1280 2693 -

719 2716 819 2738 Pretiosa
836 2719 889 2738 sunt
905 2715 976 2738 verba
995 2716 1033 2738 Dei
1052 2716 1092 2738 371
1114 2722 1127 2738 3
1143 2728 1174 2732 -
1186 2722 1232 2738 0011
1244 2716 1281 2738 de-

719 2754 757 2777 bet
775 2755 931 2783 principaliter
942 2755 1046 2783 impendi
1060 2761 1101 2782 pro
1114 2755 1221 2777 alimento
1233 2761 1281 2777 cor-

719 2794 782 2822 poris
800 2794 844 2816 370
862 2793 885 2816 b.
906 2794 947 2816 371
969 2800 981 2816 3
1003 2807 1034 2810 -
1056 2794 1227 2817 Praedicatores
1250 2794 1280 2816 iili

719 2839 764 2856 non
782 2836 834 2855 sunt
851 2833 987 2860 excusandi,
1003 2833 1043 2861 qui
1054 2836 1169 2862 quaerunt
1180 2839 1281 2856 commo·

720 2872 776 2895 dum
793 2872 898 2900 corporis
915 2875 937 2894 et
948 2873 1027 2895 nolunt
1039 2872 1067 2894 ad
1081 2878 1195 2900 pauperes
1207 2872 1281 2894 diver-

720 2914 766 2934 tere
783 2911 829 2933 370
846 2911 862 2933 b
880 2923 909 2927 —
926 2911 974 2934 Hoc
990 2911 1065 2933 officio
1077 2910 1186 2933 omnibus
1198 2910 1280 2933 subve-

720 2950 829 2973 niendum
847 2954 881 2973 est
897 2949 952 2973 ibid.
967 2962 998 2967 -—
1015 2950 1159 2973 Conveniens
1176 2953 1221 2978 est,
1233 2956 1281 2972 mo-

719 2990 830 3012 nasticam
848 2990 918 3012 vitam
936 2991 1052 3017 professos
1069 2990 1097 3012 ad
1115 2995 1175 3018 opus
1192 2989 1280 3018 praedi-

1803 207 1858 236 735

1554 248 1609 270 PRA

1295 288 1391 310 cationis
1408 287 1495 310 assumi
1507 287 1550 309 319
1566 287 1594 308 10
1606 299 1636 303 -
1648 286 1775 309 Auctoritas
1787 286 1860 308 Evan-

1296 327 1381 354 getium
1394 326 1491 349 docendi
1504 326 1628 354 praecipue
1639 325 1750 353 competit
1770 325 1803 347 eis
1819 324 1859 353 qui

1297 365 1445 393 evangelium
1464 365 1600 393 profitentur
1617 367 1639 387 et
1656 366 1749 387 servant
1766 363 1811 386 335
1831 363 1854 384 11

1295 416 1326 420 -
1346 404 1491 427 Praedicator
1516 404 1618 431 diligenti
1643 403 1747 425 examine
1773 402 1861 430 indiget

1296 444 1336 465 361
1359 449 1371 465 3
1388 456 1419 459 -
1431 443 1575 465 Praedicator
1592 448 1678 465 novem
1690 442 1811 470 qualitates
1823 442 1861 463 ha-

1297 482 1351 504 bere
1363 481 1432 504 debet
1444 482 1487 504 360
1500 481 1523 504 b.
1536 482 1576 504 361
1593 488 1605 503 3
1622 493 1653 498 —
1669 480 1774 503 Officium
1798 486 1862 508 prae-

1297 521 1417 543 dicationis
1442 521 1544 543 notitiam
1569 521 1665 549 requirit
1687 526 1706 542 s.
1729 519 1862 547 Scripturae

1297 561 1341 583 339
1360 560 1382 582 b.
1401 560 1444 583 378
1464 560 1492 582 12
1514 573 1539 575 -
1557 560 1602 582 Cur
1614 560 1707 587 saepius
1720 559 1819 581 iuniores
1831 558 1861 581 ad

1297 600 1475 628 praedicationis
1497 599 1598 621 officium
1616 600 1798 626 promoveantur
1815 598 1860 620 360

1298 645 1309 661 3
1327 651 1357 655 —-
1375 640 1539 661 promoventes
1555 638 1718 660 insufficientes
1734 637 1762 660 ad
1775 638 1819 659 hoc
1831 637 1864 659 of-

1298 678 1376 700 ficium
1394 678 1473 700 Ordini
1491 678 1663 703 confusionem,
1680 676 1802 699 animabus
1824 682 1862 698 no-

1298 720 1444 744 cumentum,
1463 717 1519 744 ipsis
1536 716 1648 744 promotis
1665 716 1827 738 detrimentum
1840 718 1864 737 et

1299 756 1391 778 sibimet
1408 756 1499 784 culpam
1519 758 1642 783 procurant
1660 756 1700 777 361
1723 761 1736 776 3
1752 766 1782 771 —-
1796 754 1863 777 Tales

1299 795 1463 818 insufficientes
1480 795 1502 816 in
1515 795 1592 817 multis
1603 800 1673 822 saepe
1686 796 1780 821 possunt
1793 794 1864 816 offen-

1300 834 1354 857 dere
1372 838 1394 856 et
1409 834 1565 856 scandalizare
1578 833 1632 856 ibid.
1647 846 1676 848 —
1689 833 1778 860 indigni
1790 835 1812 854 et
1823 832 1865 854 im-

1300 874 1413 901 pudenter
1430 880 1455 896 se
1472 874 1602 901 ingerentes
1619 872 1648 895 ad
1660 872 1761 894 osticium
1775 871 1864 899 praedi·

1300 913 1396 935 cationis
1412 916 1465 934 sunt
1483 912 1610 938 temerarii,
1633 911 1742 939 superbi,
1764 911 1824 933 stulti
1842 914 1864 933 et

1301 952 1373 974 invidi
1391 950 1420 974 ib.
1437 951 1452 973 b
1471 964 1499 967 -—
1516 951 1622 974 Officium
1641 950 1818 978 praedicationis
1830 952 1864 972 est

1301 990 1391 1012 occasio
1409 990 1525 1012 vai-inrum
1544 990 1694 1012 tentationum
1713 988 1765 1012 ibid.
1778 1002 1808 1005 —
1821 989 1867 1011 Ma-

1302 1036 1374 1057 gnum
1393 1029 1520 1057 periculum
1533 1032 1567 1050 est
1578 1030 1621 1050 hoc
1634 1028 1735 1050 officium
1748 1034 1794 1050 non
1806 1027 1864 1050 bene

1302 1068 1461 1090 administrare
1479 1068 1523 1090 378
1546 1069 1571 1089 12
1588 1080 1618 1084 -
1636 1068 1730 1095 Magnae
1742 1067 1865 1094 impictatis

1302 1110 1336 1129 est
1347 1107 1418 1129 divini
1431 1106 1497 1129 verbi
1508 1106 1617 1129 ministris
1627 1106 1791 1134 impedimenta
1802 1111 1865 1133 prae-

1303 1145 1358 1168 bere
1374 1147 1419 1168 319
1432 1147 1445 1168 9
1457 1158 1488 1162 -
1499 1146 1589 1168 Dictum
1603 1146 1625 1168 S.
1637 1145 1748 1167 Francisci
1761 1145 1789 1167 de
1802 1150 1866 1172 prae-

1303 1185 1444 1208 dicatoribus
1462 1185 1506 1207 526
1526 1186 1545 1207 1.
1563 1191 1597 1214 sq.
1616 1185 1661 1207 539
1681 1185 1689 1206 1
1705 1184 1866 1206 ——Praedica-

1304 1224 1358 1247 tioni
1376 1224 1473 1247 debetur
1490 1224 1583 1246 aureola
1601 1224 1646 1246 250
1666 1224 1693 1246 19

1350 1276 1380 1279 —-
1396 1263 1458 1286 Ordo
1475 1263 1661 1286 PraedIcatorum
1674 1269 1701 1285 ex
1713 1263 1788 1285 officio
1800 1268 1866 1290 prae-

1303 1303 1422 1325 dicationis
1439 1306 1461 1325 et
1481 1302 1632 1325 confessionis
1653 1302 1732 1324 fideles
1754 1302 1866 1324 illuminat

1304 1342 1347 1364 357
1366 1341 1380 1363 b

1351 1382 1465 1404 ruffinum
1479 1394 1506 1396 —
1519 1381 1614 1403 Ratione
1623 1381 1771 1409 praediorum
1783 1380 1866 1403 tributa

1303 1420 1414 1443 solvenda
1430 1423 1483 1443 sunt
1501 1420 1545 1442 309
1562 1421 1587 1442 12
1599 1432 1630 1436 -
1642 1421 1742 1442 humano
1756 1420 1804 1442 iure
1816 1425 1868 1448 pos-

1303 1459 1408 1482 sidentur
1425 1458 1480 1482 ibid.

1350 1499 1460 1521 PnAEESSE
1477 1510 1508 1514 —
1532 1499 1627 1521 Difficile
1651 1500 1686 1521 est
1709 1498 1759 1520 aliis
1784 1498 1868 1521 utiliter

1304 1544 1412 1566 praeesse
1431 1538 1470 1560 131
1494 1538 1502 1560 1

1351 1578 1478 1600 ememus
1493 1590 1525 1593 —
1541 1580 1575 1599 est
1593 1577 1692 1600 vicarius
1710 1576 1750 1599 Dei
1775 1577 1819 1599 =135
1838 1577 1867 1599 15

1304 1628 1334 1633 -
1351 1619 1386 1639 est
1402 1616 1502 1639 vicarius
1523 1616 1617 1644 superni
1641 1616 1722 1638 iudicis
1744 1615 1773 1639 ib.
1792 1617 1820 1638 12
1839 1628 1868 1631 -

1304 1655 1374 1678 debet
1391 1662 1473 1684 gerere
1489 1655 1563 1678 vicem
1582 1655 1665 1678 Christi
1686 1656 1708 1677 in
1732 1655 1805 1677 tribus
1823 1655 1868 1677 142

1306 1695 1319 1716 9
1336 1707 1367 1711 -
1388 1695 1504 1723 spritualis
1529 1698 1563 1717 est
1588 1694 1754 1717 ecclesiasticus
1779 1696 1867 1722 seraph

1307 1734 1350 1756 136
1370 1734 1390 1756 1.
1410 1734 1453 1757 138
1472 1735 1494 1756 1.
1512 1734 1556 1756 150
1579 1734 1604 1756 15
1621 1746 1652 1750 -
1668 1737 1702 1756 051
1723 1736 1798 1756 rector
1820 1734 1868 1756 ani-

1306 1779 1397 1796 marum
1416 1774 1459 1796 133
1481 1774 1486 1795 1
1508 1785 1539 1790 -
1556 1776 1590 1796 est
1601 1773 1646 1796 dux
1659 1774 1737 1801 gregis
1749 1773 1792 1795 sibi
1804 1779 1868 1796 com-

1307 1813 1369 1835 missi
1388 1813 1432 1835 142
1454 1813 1459 1834 1
1481 1813 1579 1840 —lpsis
1590 1816 1643 1835 sunt
1654 1818 1738 1840 greges
1750 1812 1868 1835 commissi

1307 1852 1352 1874 428
1371 1853 1384 1874 2
1400 1864 1432 1868 -
1448 1852 1562 1874 Ecclesiae
1579 1858 1591 1874 a
1609 1852 1691 1874 Christi
1708 1852 1827 1880 discipulis
1839 1852 1871 1874 in-

1307 1891 1379 1914 stituti
1396 1894 1449 1914 sunt
1467 1891 1510 1913 416
1531 1891 1557 1913 13
1576 1904 1606 1907 —-
1624 1891 1701 1919 Qualis
1717 1894 1789 1914 status
1806 1897 1870 1919 prae-

1308 1931 1399 1953 lationis
1420 1930 1449 1953 sit
1471 1931 1592 1958 perfectior
1609 1931 1654 1953 250
1672 1931 1697 1953 21
1718 1943 1749 1947 -
1766 1931 1790 1952 111
1807 1936 1871 1958 prae-

1307 1970 1352 1992 lato
1369 1969 1493 1998 requiritur
1509 1970 1656 1997 perfectionis
1667 1969 1804 1992 eminentior
1818 1969 1872 1992 sub-

1308 2009 1391 2031 limitas
1408 2008 1462 2032 ihid.
1483 2009 1527 2031 293
1545 2010 1574 2031 22
1601 2022 1630 2024 -
1656 2009 1732 2031 Status
1754 2009 1872 2037 praelatio-

1308 2048 1343 2071 nis
1360 2048 1381 2070 in
1399 2048 1539 2076 perfectione
1555 2051 1589 2070 est
1606 2048 1671 2070 altior
1693 2051 1751 2070 statu
1775 2048 1872 2076 Religio-

1309 2088 1343 2109 nis
1360 2087 1400 2110 251
1424 2088 1465 2115 23,
1483 2088 1512 2110 25
1530 2100 1560 2103 —
1582 2087 1701 2115 Opulentia
1727 2091 1748 2110 et
1773 2088 1873 2110 honores

1309 2127 1464 2154 praelatorum
1482 2133 1527 2149 non
1544 2130 1597 2149 sunt
1614 2126 1751 2149 adducenda
1764 2127 1786 2149 in
1798 2132 1872 2149 exem-

1309 2166 1373 2194 plum
1391 2166 1537 2194 perfectionis
1554 2166 1599 2188 296
1617 2166 1630 2188 8
1649 2178 1678 2181 —-
1696 2166 1819 2194 Quomodo
1831 2169 1873 2188 sta-

1310 2208 1346 2228 tus
1362 2205 1509 2234 praelationis
1525 2205 1581 2227 alios
1598 2207 1670 2227 status
1687 2205 1824 2233 praecellere
1836 2204 1874 2227 de-

1310 2244 1363 2267 beat
1379 2245 1420 2267 251
1442 2244 1471 2266 24
1488 2256 1519 2261 -
1537 2244 1647 2266 Praelatio
1659 2244 1708 2266 sine
1719 2244 1819 2266 culmine
1831 2243 1874 2265 vir-

1310 2284 1364 2306 tutis
1380 2290 1427 2306 non
1445 2286 1478 2306 est
1495 2283 1639 2310 sublimatio,
1665 2283 1703 2305 sed
1730 2283 1827 2305 deiectio
1851 2285 1874 2304 et

1311 2323 1438 2351 periculosa
1456 2324 1522 2345 ruina
1540 2323 1584 2344 250
1603 2323 1631 2344 22
1651 2334 1679 2338 -—
1698 2322 1773 2344 Status
1785 2322 1874 2350 praela-

1312 2362 1378 2384 tionis
1395 2362 1487 2389 exponit
1504 2361 1581 2384 multis
1604 2361 1712 2389 periculis
1734 2361 1774 2383 251
1797 2361 1826 2383 25
1842 2372 1874 2377 -

1312 2401 1387 2423 Status
1404 2400 1549 2428 praelationis
1565 2400 1632 2422 simul
1645 2402 1679 2422 est
1690 2400 1792 2422 excelsus
1803 2402 1825 2421 et
1837 2405 1874 2428 pe-

1311 2440 1424 2462 riculosus
1441 2438 1495 2462 idid.
1514 2451 1543 2455 —
1565 2439 1630 2462 Hunc
1656 2442 1739 2461 statum
1765 2441 1874 2466 appetere

1312 2482 1345 2502 est
1362 2481 1564 2507 praesumtuosum
1582 2481 1604 2500 et
1621 2478 1714 2500 stultum
1731 2477 1785 2500 ibid.
1797 2489 1827 2494 —
1839 2477 1874 2500 Ad

1312 2518 1458 2546 praelationis
1474 2520 1558 2539 statum
1576 2523 1620 2539 non
1638 2517 1744 2544 congruit
1764 2517 1874 2539 accedere

1312 2558 1355 2580 nisi
1373 2558 1499 2585 perfectum
1517 2555 1545 2579 ib.
1564 2556 1594 2578 24
1610 2568 1641 2572 -
1658 2556 1768 2578 Praelatio
1788 2562 1801 2578 a
1819 2556 1875 2578 viris

1313 2596 1424 2624 probatae
1441 2596 1532 2618 virtutis
1549 2598 1624 2623 potest
1640 2601 1693 2617 cum
1707 2595 1828 2617 formidine
1839 2601 1876 2618 su-

1313 2635 1382 2664 scipi,
1399 2641 1411 2657 a
1429 2634 1589 2663 peccatoribus
1606 2637 1628 2657 et
1644 2634 1741 2656 infirmis
1757 2633 1827 2656 debet
1843 2633 1876 2656 vi-

1313 2675 1368 2702 tari,
1385 2681 1397 2696 a
1415 2675 1482 2697 nullis
1499 2674 1577 2702 appeti
1594 2676 1616 2696 et
1633 2673 1662 2696 ab
1679 2672 1788 2695 omnibus
1806 2674 1875 2695 hono-

1313 2714 1359 2736 rari
1375 2712 1404 2736 ib.
1422 2714 1451 2735 26
1468 2726 1499 2729 -
1517 2713 1626 2735 Praelatio
1643 2719 1655 2734 a
1668 2712 1773 2740 perfectis
1788 2711 1875 2740 suscipi

1314 2756 1388 2781 potest
1404 2759 1431 2775 ex
1448 2751 1579 2774 obedientia
1596 2755 1618 2774 et
1635 2752 1683 2774 zelo
1700 2751 1779 2773 salutis
1790 2751 1876 2773 anima-

1314 2798 1365 2814 rum
1384 2791 1428 2814 297
1447 2792 1471 2813 11
1493 2804 1523 2808 -
1542 2791 1651 2813 Praelatio
1670 2790 1776 2818 fugienda
1794 2794 1827 2812 est
1845 2790 1874 2812 46

1315 2830 1328 2853 4
1344 2842 1376 2847 -
1394 2831 1513 2858 indignum
1530 2836 1554 2852 se
1571 2833 1679 2858 reputare
1696 2829 1777 2857 debet,
1791 2832 1814 2851 ut
1826 2829 1876 2851 aliis

1313 2870 1399 2898 praesit
1411 2869 1454 2892 448
1467 2869 1496 2892 40
1507 2881 1539 2886 -
1551 2869 1584 2891 Ad
1601 2869 1702 2891 0111010111
1721 2868 1875 2896 praelatorum

1313 2909 1461 2937 requiruntur
1478 2908 1586 2931 undecim
1604 2907 1747 2930 conditiones
1764 2907 1809 2930 362
1820 2913 1833 2929 3
1845 2918 1876 2923 -

1313 2948 1370 2970 Hinc
1386 2948 1454 2976 pauci
1472 2950 1567 2976 possunt
1590 2953 1639 2970 esse
1665 2946 1757 2969 stabiles
1782 2946 1876 2974 praelati

1313 2986 1367 3012 ibid.
1384 2999 1414 3004 —
1431 2987 1530 3016 Quidam
1553 2989 1606 3009 sunt
1631 2985 1685 3009 boni
1710 2985 1809 3012 subditi,
1833 2984 1876 3007 sed
