2133 3317
180 573 270 592 Tertium.

176 1416 271 1439 Epilogus.

155 1791 220 1809 Testes
244 1796 265 1809 ro

151 1814 232 1837 stigmati
247 1819 269 1832 us

151 1842 239 1856 manuum
251 1839 270 1856 et

173 1862 248 1885 pedum.

289 208 345 236 544

287 279 379 314 terrae
401 284 644 314 consuetudinarie
665 283 833 312 devastabat.
857 283 907 312 Sed
923 286 985 320 post
999 283 1073 311 illam
1088 291 1136 319 ap-

288 332 452 369 paritionem
473 331 579 360 felicem
601 339 656 359 non
685 331 744 359 sine
771 330 926 358 incolarum
954 330 1137 358 admiratione

287 379 392 416 grando
413 378 545 412 cessavit,
567 381 599 406 ut
620 378 745 406 caelestis
766 377 840 405 illius
861 377 974 406 visionis
999 377 1137 405 excellen-

287 426 353 454 tiam
374 428 401 454 et
422 425 582 461 stigmatum
604 424 704 453 ibidem
727 424 928 460 impressorum
947 424 1080 452 virtutem
1095 432 1138 452 se-

288 474 384 500 renata
397 473 405 488 ¹
428 475 538 508 praeter
560 479 666 500 morem
688 471 747 507 ipsa
768 471 834 499 caeli
857 470 939 499 facies
960 470 1122 499 declararet.

366 518 485 555 Contigit
506 526 633 555 quoque,
655 526 719 546 eum
742 520 868 554 tempore
889 517 1001 546 hiemali
1022 521 1137 554 propter

288 565 455 593 debilitatem
477 565 603 601 corporis
623 568 650 593 et
674 565 851 601 asperitatem
881 564 990 593 viarum
1018 564 1138 593 hominis

289 612 372 640 unius
393 611 524 648 pauperis
545 612 711 640 subvectum
731 611 816 640 asello
831 611 884 640 sub
899 611 977 648 rupis
992 611 1137 640 cuiusdam

286 658 469 695 prominentis
490 661 654 694 pernoctare
675 657 831 694 crepidine,
853 660 885 686 ut
905 658 977 686 nivis
998 661 1025 686 et
1049 658 1138 686 noctis

287 705 544 741 supervenientium
566 712 679 741 quoquo
694 704 775 733 modo
789 704 940 733 declinaret
957 705 1137 739 incommoda,

287 752 390 788 quibus
411 751 605 788 praepeditus⁷
627 751 661 779 ad
683 751 793 788 hospitii
816 751 907 779 locum
929 759 983 779 non
1012 752 1138 780 valuerat

288 798 441 835 pervenire.
464 798 533 826 Cum
554 801 647 826 autem
670 798 713 826 vir
741 800 854 826 sanctus
885 798 1026 827 bominem
1059 798 1137 827 illum

289 845 447 882 querulosis
469 844 747 873 submurmurantem
769 844 918 882 gemitibus
940 845 1004 873 hinc
1025 844 1088 873 inde
1109 853 1137 873 se

287 891 377 928 ipsum
400 891 502 920 iactare
524 891 669 925 sensisset,
697 893 829 928 tanquam
860 891 908 928 qui
940 891 1014 919 tenui
1033 891 1137 928 *operi-

286 941 379 966 mento
401 941 559 972 contectus,
581 938 725 975 quiescere
754 946 820 975 prae
849 938 960 975 frigoris
988 938 1138 967 acerbitate

288 985 435 1022 nequibat;
457 985 540 1013 divini
563 985 666 1014 amoris
687 985 797 1014 fervore
818 993 985 1020 succensus,
1008 993 1091 1013 manu
1106 985 1138 1013 il-

287 1032 345 1060 lum
368 1035 498 1068 protensa
519 1032 649 1069 palpavit.
672 1032 796 1061 Mirabile
817 1034 907 1061 certe!
924 1033 1044 1069 Repente
1058 1032 1092 1060 ad
1106 1032 1138 1060 il-

289 1079 343 1107 lius
364 1086 458 1107 sacrae
473 1087 573 1107 manus
588 1081 762 1113 contactum,
778 1087 849 1116 quae
864 1079 1001 1115 seraphici
1017 1079 1115 1107 calculi
1127 1079 1138 1095 2

286 1125 399 1162 gerebat
421 1125 594 1159 incendium,
616 1126 689 1154 omni
712 1125 807 1162 fugato
838 1126 957 1163 frigore,
989 1128 1083 1154 tantus
1110 1126 1138 1153 in

286 1172 377 1201 virum
400 1172 475 1201 intus
497 1176 523 1201 et
544 1175 626 1201 extra
647 1173 722 1201 calor
743 1173 869 1206 advenit,
891 1181 923 1202 ac
948 1173 970 1201 si
999 1172 1137 1210 quaedam

287 1220 314 1248 in
337 1227 401 1248 eum
423 1219 465 1247 vis
486 1219 613 1248 flammea
634 1227 671 1248 ex
692 1219 811 1248 fornacis
834 1220 974 1256 spiraculo
990 1220 1139 1256 processis-

289 1270 338 1295 set.
362 1267 428 1295 Nam
451 1266 523 1295 illico
544 1270 571 1295 et
592 1270 684 1295 mente
699 1267 871 1296 confortatus
885 1270 913 1296 et
927 1275 1059 1304 corpore,
1075 1276 1139 1296 sua-

286 1314 348 1342 vius
368 1314 441 1342 inter
463 1321 531 1342 saxa
552 1316 579 1342 et
601 1313 678 1342 nives
693 1321 783 1350 usque
798 1322 878 1342 mane
893 1314 1038 1349 dormivit,
1055 1322 1138 1351 quam

286 1369 410 1397 unquam
433 1361 459 1389 in
482 1360 596 1397 proprio
617 1360 687 1389 lecto
709 1364 889 1397 pausaverat,
906 1361 978 1390 sicut
992 1361 1050 1398 ipse
1065 1364 1139 1398 post-

286 1407 399 1436 modum
421 1407 570 1436 asserebat.
593 1424 629 1427 —
651 1407 740 1436 Certis
762 1408 855 1444 itaque
881 1411 988 1437 constat
1016 1408 1138 1442 indiciis,

287 1462 366 1483 sacra
389 1454 434 1482 illa
455 1454 596 1491 signacula
618 1454 691 1482 Illius
706 1454 842 1491 impressa
856 1454 941 1483 fuisse
958 1455 1075 1489 virtute,
1091 1455 1137 1492 qui

286 1501 446 1537 operatione
462 1501 606 1538 seraphica
622 1505 737 1537 purgat,
760 1501 897 1530 illuminat
912 1505 938 1530 et
954 1502 1106 1530 inflammat
1117 1502 1137 1536 ³,

286 1555 349 1576 cum
373 1548 432 1584 ipsa
452 1547 607 1576 forinsecus
637 1548 820 1585 expurgando
848 1556 864 1576 a
894 1551 971 1585 peste
1003 1549 1137 1583 salutem,

286 1594 461 1623 serenitatem
484 1598 511 1623 et
533 1595 653 1624 calorem
672 1595 837 1631 corporibus
852 1595 974 1624 efficacia
989 1596 1059 1624 mira
1074 1604 1138 1625 con-

285 1641 406 1676 ferrent,
429 1642 501 1670 sicut
521 1644 548 1670 et
569 1645 631 1679 post
652 1645 771 1671 mortem
793 1643 1010 1671 evidentioribus
1031 1646 1072 1671 est
1091 1643 1138 1671 de-

284 1692 469 1717 monstratum
486 1689 618 1726 prodigiis
638 1697 689 1718 suo
704 1690 763 1718 loco
785 1690 924 1726 posterius
935 1691 947 1706 ⁴¹
964 1690 1137 1719 annotandis.

364 1736 390 1764 8.
420 1736 479 1772 Ipse
510 1744 592 1769 vero,
625 1736 688 1765 licet
720 1735 891 1765 thesaurum
925 1737 1074 1765 inventum
1107 1737 1137 1765 in

286 1782 383 1819 agyr05
406 1783 493 1811 inulta
520 1783 661 1820 diligentia
682 1783 807 1811 studeret
835 1783 1020 1817 abscondere,
1050 1784 1137 1812 latere

287 1832 377 1858 tamen
399 1838 454 1858 non
476 1830 578 1867 potuit,
600 1830 667 1867 quin
689 1830 774 1867 aliqui
790 1830 919 1867 stigmata
940 1838 1074 1859 manuum
1098 1831 1138 1859 vi-

286 1876 384 1905 derent
411 1885 442 1905 ac
464 1876 578 1913 pedum,
606 1885 776 1914 quamquam
799 1885 898 1906 manus
926 1877 1005 1914 quasi
1027 1885 1137 1915 semper

284 1927 408 1960 portaret
429 1926 567 1952 contectas
589 1927 616 1952 et
637 1923 754 1961 pedibus
775 1932 811 1952 ex
833 1927 900 1953 tunc
922 1924 1061 1953 incederet
1083 1924 1137 1952 cal—

284 1971 375 2000 ceatis.
399 1971 534 1999 Viderunt
549 1971 636 2005 enim,
659 1971 725 1999 dum
742 1971 861 2005 viveret,
884 1972 993 2000 Fratres
1008 1971 1137 2008 plurimi,

284 2017 344 2054 qui,
367 2017 430 2046 licet
451 2020 542 2046 essent
561 2020 675 2054 propter
690 2017 862 2046 sanctitatem
886 2018 1064 2054 praecipuam
1084 2017 1137 2046 viri

284 2072 333 2100 per
354 2064 446 2092 omnia
468 2064 521 2093 fide
542 2064 630 2101 digni,
653 2067 745 2093 tamen
767 2065 799 2093 ad
822 2073 903 2093 omne
924 2064 1040 2093 dubium
1062 2072 1137 2093 amo-

284 2111 417 2145 vendum,
440 2111 479 2140 sic
500 2119 560 2140 esse
581 2119 613 2140 ac
641 2119 670 2140 se
692 2111 805 2145 vidisse,
835 2112 915 2140 tactis
936 2111 1134 2145 sacrosanctis,

669 205 868 234 OPUSCULUM
890 205 978 233 XXIII.
999 204 1151 234 LEGENDA
1172 205 1289 233 SANCTI
1308 205 1483 234 FRANCISCI.
1506 205 1574 234 CAP.
1596 205 1659 233 XIII.

1192 283 1348 312 iuramento
1363 283 1520 312 firmarunt.
1537 283 1672 312 Viderunt
1693 283 1775 312 etiam
1789 291 1826 312 ex
1843 283 2040 320 familiaritate,

1193 337 1276 366 quam
1298 337 1361 358 cum
1384 329 1444 358 viro
1465 333 1559 358 sancto
1581 330 1732 364 habebant,
1748 329 1833 366 aliqui
1855 330 2006 360 cardinales
2019 332 2040 366 ⁶,

1194 376 1289 405 laudes
1310 384 1453 405 sacrorum
1476 377 1636 413 stigmatum
1659 376 1749 413 prosis
1763 379 1791 405 et
1812 377 1921 413 hymnis
1942 385 1973 406 ac
1994 386 2040 407 an-

1193 423 1327 460 tiphonis,
1343 431 1413 460 quas
1427 423 1461 452 ad
1475 423 1562 460 ipsius
1583 423 1730 452 ediderunt
1745 424 1892 457 honorem,
1909 425 2041 454 veraciter

1193 469 1360 503 inserentes,
1386 470 1434 506 qui
1456 473 1511 498 tam
1543 470 1629 498 verbo
1649 478 1733 507 quam
1762 470 1865 507 scripto
1894 470 2041 507 perhibue-

1194 520 1260 545 runt
1288 517 1475 545 testimonium
1498 517 1616 545 veritati.
1646 517 1777 545 Summus
1806 517 1886 546 etiam
1917 517 2040 547 Pontifex

1193 563 1322 592 dominus
1342 563 1496 592 Alexander
1508 564 1528 597 ⁷,
1551 571 1614 592 cum
1638 564 1739 600 populo
1758 564 1929 600 praedicaret
1950 572 2040 594 coram

1193 611 1289 639 multis
1303 610 1446 639 Fratribus
1460 613 1488 639 et
1502 618 1545 639 me
1560 610 1633 646 ipso,
1655 610 1817 645 affirmavit,
1833 618 1874 644 se,
1894 611 1960 639 dum
1976 612 2041 641 San-

1194 660 1256 685 ctus
1276 657 1394 691 viveret,
1417 657 1546 693 stigmata
1567 657 1613 685 illa
1634 665 1713 686 sacra
1734 657 1792 686 suis
1813 658 1900 687 oculis
1928 666 2043 696 conspe-

1194 703 1278 732 xisse.
1307 703 1443 732 Viderunt
1465 703 1491 731 in
1520 707 1610 732 morte
1638 704 1701 740 plus
1729 712 1813 740 quam
1843 704 2043 742 quinquaginta

1194 750 1304 778 Fratres
1324 750 1459 787 virgoque
1481 750 1537 779 Deo
1557 750 1734 779 devotissima
1754 751 1833 779 Clara
1861 759 1924 780 cum
1946 753 2043 782 ceteris

1194 797 1342 825 Sororibus
1363 797 1421 825 suis
1443 800 1470 826 et
1494 797 1650 826 saeculares
1678 798 1831 831 innumeri,
1857 806 1893 826 ex
1925 799 2042 835 quibus,

1194 843 1429 880 quemadmodum
1455 852 1506 872 suo
1528 844 1586 873 loco
1608 844 1716 873 dicetur
1728 844 1748 878 ⁸,
1770 853 1853 881 quam
1876 845 1988 882 plurimi
2017 849 2043 875 et

1194 890 1309 919 osculati
1326 894 1392 919 sunt
1413 899 1449 920 ex
1465 891 1618 920 devotionis
1639 892 1739 920 affectu
1754 896 1781 920 et
1802 895 2044 922 contrectaverunt

1194 938 1323 966 manibus
1343 938 1377 966 ad
1400 938 1547 966 testimonii
1570 938 1737 967 firmitatem.
1760 956 1798 959 —-
1822 939 1931 968 Vulnus
1951 942 2043 969 autem
2061 947 2133 968 neuma

1195 985 1289 1013 lateris
1312 988 1366 1013 tam
1389 985 1504 1014 sollicite
1524 986 1689 1020 occultavit,
1711 989 1743 1014 ut
1764 986 1832 1015 illud
1853 994 1934 1015 nemo
1953 990 2043 1024 posset

1194 1031 1246 1059 nisi
1267 1030 1364 1059 furtim
1387 1031 1528 1066 contueri,
1550 1031 1617 1060 dum
1633 1032 1746 1061 viveret.
1769 1032 1845 1061 Unus
1859 1033 1959 1062 etenim
1981 1034 2044 1062 Fra-

1195 1081 1237 1106 ter
1249 1077 1269 1111 ⁹,
1291 1077 1338 1114 qui
1361 1078 1384 1106 ei
1407 1078 1501 1106 sedule
1524 1078 1683 1107 ministrare
1704 1079 1801 1108 solitus
1822 1082 1895 1113 erat,
1917 1087 1980 1108 cum
2000 1081 2044 1117 pia

1195 1133 1258 1153 eum
1275 1125 1395 1159 cautela,
1411 1128 1443 1153 ut
1463 1125 1497 1153 ad
1512 1125 1711 1154 excutiendum
1727 1127 1890 1155 extraheret
1909 1127 2043 1162 tunicam,

1196 1171 1365 1206 induxisset,
1387 1175 1491 1201 attente
1507 1172 1656 1209 respiciens
1671 1173 1739 1201 vidit
1760 1173 1880 1210 plagam,
1903 1174 1948 1202 cui
1962 1174 2044 1203 etiam

1196 1221 1253 1248 tres
1268 1219 1353 1248 veloci
1375 1222 1503 1248 contactu
1518 1219 1617 1262 digitos
1638 1220 1791 1257 applicans,
1807 1223 1862 1249 tam
1885 1221 1946 1249 visu
1961 1229 2044 1258 quam

1196 1269 1271 1294 tactu
1293 1266 1417 1295 vulneris
1438 1266 1621 1303 quantitatem
1642 1267 1762 1304 agnovit.
1784 1267 1923 1296 Consimili
1939 1268 2045 1296 cautela

1196 1313 1264 1341 vidit
1285 1313 1367 1342 etiam
1389 1314 1483 1342 Frater
1506 1313 1564 1347 ille,
1587 1313 1634 1350 qui
1651 1316 1717 1342 tunc
1739 1315 1871 1351 temporis
1893 1317 1953 1343 erat
1967 1314 2044 1343 Vica-

1196 1360 1255 1388 rius
1276 1360 1336 1388 eius
1349 1360 1380 1388 ¹⁰.
1403 1360 1498 1388 Frater
1520 1368 1586 1389 vero
1608 1360 1700 1389 socius
1721 1361 1862 1389 mirandae
1887 1361 2045 1398 simplicita-

1196 1407 1246 1441 tis,
1268 1407 1335 1435 dum
1357 1407 1525 1435 infirmitatis
1546 1415 1629 1435 causa
1651 1407 1813 1444 languentes
1834 1407 1960 1444 scapulas
1981 1416 2045 1437 con-

1196 1456 1340 1487 trectaret,
1366 1462 1451 1482 manu
1479 1462 1530 1491 per
1558 1454 1700 1491 caputium
1731 1454 1814 1483 missa
1841 1458 1868 1483 et
1898 1455 2045 1484 casualiter

1196 1501 1304 1529 vulneri
1326 1508 1404 1529 sacro
1433 1501 1541 1537 illapsa,
1571 1509 1700 1537 magnum
1729 1501 1753 1529 ei
1782 1501 1904 1530 dolorem
1933 1501 2043 1530 inflixit.

1196 1547 1311 1576 Proinde
1326 1548 1453 1584 portabat
1468 1556 1503 1576 ex
1520 1552 1586 1576 tunc
1601 1548 1743 1576 femoralia
1761 1548 1798 1577 ita
1812 1548 1895 1583 facta,
1910 1552 1942 1577 ut
1957 1556 2045 1585 usque

1195 1594 1227 1622 ad
1250 1594 1363 1622 ascellas
1376 1594 1398 1611 ¹1
1420 1595 1611 1631 pertingerent
1625 1595 1659 1623 ad
1674 1595 1777 1623 vulnus
1792 1595 1885 1624 lateriS
1900 1598 2044 1632 contegen-

1194 1641 1270 1669 dum.
1293 1641 1404 1669 Fratres
1425 1649 1550 1678 quoque,
1573 1642 1621 1678 qui
1643 1642 1689 1670 illa
1711 1642 1837 1671 lavabant
1858 1642 1902 1671 vel
1923 1642 2044 1671 tunicam

1195 1687 1375 1716 excutiebant
1403 1696 1454 1724 pro
1476 1691 1612 1725 tempore,
1641 1689 1706 1725 quia
1727 1689 1903 1718 inveniebant
1931 1697 1963 1718 ea
1983 1697 2044 1718 san-

1194 1735 1278 1772 guine
1299 1735 1454 1769 rubricata,
1477 1735 1666 1764 indubitanter
1688 1744 1736 1772 per
1758 1736 1870 1765 evidens
1892 1735 2001 1773 signum
2017 1736 2044 1764 in

1194 1782 1377 1819 cognitionem
1400 1783 1470 1811 sacri
1494 1783 1618 1811 vulneris
1644 1786 1845 1819 pervenerunt,
1871 1783 1945 1820 quod
1970 1786 2044 1820 post-

1195 1829 1308 1858 modum
1330 1829 1356 1858 in
1374 1833 1462 1858 morte
1484 1830 1605 1858 revelata
1620 1830 1687 1859 facie
1709 1833 1736 1858 et
1757 1830 1808 1867 ipsi
1824 1838 1887 1859 cum
1906 1830 1967 1859 aliis
1982 1830 2043 1867 plu-

1195 1876 1273 1905 rimis
1294 1876 1473 1913 contemplati
1493 1877 1575 1905 simul
1598 1879 1625 1905 et
1647 1877 1768 1905 venerati
1791 1879 1864 1905 sunt.

2098 970 2121 989 τίς·

1273 1924 1299 1952 9.
1323 1923 1368 1951 Eia
1389 1931 1476 1957 nunc,
1498 1923 1690 1952 strenuissime
1712 1923 1790 1953 miles
1811 1923 1928 1958 Christi,
1957 1924 2043 1961 ipsius
2059 1929 2112 1948 ΑΙῐοο·
2132 1943 2133 1947 ,

1193 2018 1287 2054 gnitus
1300 2018 1333 2051 ¹²,
1355 2025 1451 2046 omnes
1471 2018 1646 2046 adversarios
1667 2017 1820 2054 superabis.
1837 2018 1886 2046 Fer
1906 2018 2043 2046 vexillum

1194 2065 1273 2101 Regis
1294 2064 1436 2098 altissimi,
1459 2064 1492 2093 ad
1509 2064 1589 2093 cuius
1611 2065 1741 2093 intuitum
1765 2073 1862 2094 omnes
1876 2068 2044 2102 pugnatores

1193 2111 1277 2139 divini
1300 2111 1442 2140 exercitus
1456 2111 1624 2140 animentur.
1646 2112 1696 2140 Fer
1711 2111 1891 2141 nihilominus
1912 2112 2043 2149 sigillum

348 2335 356 2347 ¹
377 2337 427 2359 Vat.
444 2343 497 2359 cuin
516 2337 552 2359 erl.
575 2337 579 2357 l
601 2336 712 2359 serenati.

346 2374 354 2387 ⁴²
372 2375 503 2403 Respicitur
521 2376 570 2397 lsai.
589 2376 615 2402 6,
634 2377 654 2398 6.
672 2382 734 2404 seq,
754 2375 793 2398 ubi
805 2376 835 2398 de
848 2377 981 2405 Seraphim,
994 2377 1033 2405 qui
1047 2377 1134 2399 cah-ulo

283 2415 312 2436 (Ie
330 2414 393 2436 altari
412 2418 506 2442 accepto
525 2414 583 2436 labia
603 2415 672 2437 Isaiae
691 2418 787 2443 tangens
804 2415 881 2443 ipsum
900 2415 1035 2439 mundabat.

346 2453 355 2465 ³
373 2454 535 2481 Respiriuntur
554 2458 598 2476 tres
615 2457 680 2477 actus
698 2455 846 2483 hierarchici,
864 2455 904 2483 qui
922 2461 935 2477 a
954 2456 1062 2484 Dionysio
1080 2457 1134 2478 rese-

283 2496 377 2520 runtur3
395 2494 435 2515 cfr,
454 2500 523 2521 supra
542 2500 595 2521 pag.
614 2494 639 2520 3,
657 2497 709 2516 nota
730 2494 750 2516 4..

346 2531 355 2544 4
374 2533 431 2555 inii-a
450 2533 478 2555 de
496 2533 613 2555 miraculis
631 2533 644 2561 S
666 2534 683 2555 l.

347 2571 355 2583 ⁵
373 2572 449 2594 Matth.
468 2573 508 2600 43,
528 2572 564 2594 44.
582 2572 779 2601 Cn·.Waddi1ig.,
797 2573 826 2595 ad
844 2579 881 2595 an.
904 2573 973 2599 1224,
990 2580 1012 2595 n.
1031 2574 1067 2596 23.
1086 2580 1134 2602 seq.

346 2610 355 2623 ὃ
373 2611 416 2633 Cfr⁴
436 2611 574 2639 Wadding.‚
592 2612 634 2634 loc.
652 2612 703 2639 cit.,
721 2612 750 2634 ad
768 2618 806 2634 an.
824 2613 894 2639 1228,
912 2619 934 2634 n.
952 2613 994 2639 78,
1014 2612 1054 2635 ubi
1072 2619 1136 2640 prae-

284 2653 316 2672 ter
335 2650 467 2673 Pontificem
480 2652 576 2678 Gregor.
596 2651 633 2673 IX.
652 2650 701 2679 (qui
713 2651 845 2679 composuit
862 2652 973 2678 hymnum
993 2661 1004 2671 (ι
1017 2652 1093 2674 Proles
1106 2652 1135 2674 de

284 2690 346 2712 caelo
369 2690 455 2717 prodiit
472 2699 497 2717 ›>,
520 2691 657 2718 antiphonas
683 2700 693 2710 α
712 2691 793 2713 Sancte
811 2691 943 2717 Francisce,
962 2697 1061 2719 propera
1078 2700 1090 2711 »
1113 2694 1135 2714 et

286 2737 297 2748 (ι
311 2729 405 2757 Plange,
419 2729 484 2751 turba
498 2730 639 2758 paupercula
652 2739 676 2756 »ς
695 2736 788 2758 prosam
810 2738 820 2750 α
833 2730 906 2758 Caput
924 2730 1030 2752 draconis
1042 2730 1077 2758 n),
1095 2731 1135 2753 ad-

284 2768 400 2790 ducuntur
413 2774 425 2790 e
443 2768 598 2791 cardinalibus
615 2768 673 2791 Otho
686 2768 804 2791 Candidus
822 2769 871 2797 (qui
885 2769 935 2791 fecit
947 2770 1133 2797 responsorium:

287 2814 298 2826 «
311 2807 343 2829 De
361 2808 502 2834 paupertatis
526 2809 608 2830 horreo
621 2815 645 2835 ⁷²3
664 2809 773 2835 nymnos:
794 2816 804 2828 ι(
819 2809 841 2830 ln
860 2809 949 2830 caelesti
973 2809 1069 2837 collegio
1083 2818 1092 2828 1>
1114 2812 1135 2831 et

287 2854 298 2865 «
312 2846 385 2868 Decus
404 2853 507 2875 morum,
525 2847 572 2869 dux
589 2848 701 2869 Minorum
718 2848 753 2876 »)‚
771 2848 873 2870 Thomas
885 2847 1008 2875 Capuanus
1022 2848 1069 2877 (qui
1084 2849 1135 2871 fecit

284 2886 469 2912 responsorium:
490 2895 501 2905 a
514 2885 593 2908 Carnis
613 2886 701 2913 spiCam
714 2895 724 2905 n
746 2889 768 2908 et
780 2887 943 2914 antiphonam:
965 2895 974 2906 a
987 2887 1067 2914 Salve,
1085 2893 1134 2909 san-

284 2927 318 2945 cte
336 2924 400 2945 Pater
412 2926 444 2952 ¹³),
460 2925 580 2947 Rainerius
592 2925 718 2953 Capoccius
730 2925 778 2954 (qui
798 2926 850 2947 fecit
867 2927 991 2953 hymnum:
1013 2934 1023 2946 α
1036 2926 1134 2953 Plaude,

284 2962 350 2984 turba
369 2964 508 2990 paupercula
522 2965 558 2991 n),
577 2964 706 2992 Stephanus
718 2964 747 2987 de
760 2965 814 2986 Casa
834 2971 893 2986 nova
908 2965 956 2993 (qui
969 2965 1020 2987 fecit
1032 2965 1135 2992 antipho-

284 3007 336 3023 nam
348 3009 352 3023 :
373 3010 384 3021 a
397 3001 517 3024 Caelorum
534 3003 621 3025 candor
638 3004 755 3031 splenduit
767 3004 798 3031 ν).

1255 2337 1264 2350 ⁷
1282 2339 1372 2360 Scilicet
1384 2341 1492 2367 quartus3
1505 2339 1543 2360 ct'r.
1557 2338 1631 2366 ipsius
1648 2338 1710 2360 Bulla
1724 2337 1829 2368 Benigma
1846 2338 1951 2368 operalio
1970 2339 2042 2367 (apud

1191 2377 1326 2405 Wadding„
1345 2378 1423 2399 Annal.
1441 2381 1497 2400 torn.
1511 2378 1531 2399 ll.
1550 2378 1579 2399 ad
1597 2384 1634 2400 an.
1651 2378 1719 2405 1255,
1736 2384 1756 2399 η.
1776 2378 1819 2406 9.),
1837 2377 1866 2400 ad
1879 2383 1950 2406 quam
1967 2384 2042 2400 recur-

1192 2417 1221 2439 rit
1238 2417 1299 2439 idem
1319 2417 1419 2440 Pontifex
1441 2417 1462 2439 in
1484 2417 1528 2439 alio
1551 2417 1618 2439 Brevi
1638 2416 1698 2445 Quia
1724 2417 1823 2446 lonyztm
1844 2419 1902 2441 essel
1925 2417 1990 2445 (ibid.
2012 2418 2040 2440 ad

1193 2462 1228 2478 an.
1252 2456 1321 2483 1259,
1339 2463 1360 2478 n.
1378 2456 1418 2485 2.).

1256 2494 1265 2507 s
1283 2496 1341 2518 infra
1359 2502 1378 2518 c.
1397 2496 1434 2518 ⁴5.
1452 2502 1474 2517 n.
1493 2496 1514 2517 3.
1532 2501 1581 2524 seq.

1256 2533 1266 2546 ⁴³
1283 2535 1378 2556 loannes
1394 2535 1423 2557 de
1435 2534 1563 2562 Laudihus;
1583 2535 1623 2556 vir.
1637 2535 1744 2556 Analecta
1757 2535 1919 2562 Franciscana,
1938 2537 1992 2557 torn.
2006 2535 2038 2557 lll.

1193 2579 1246 2601 pag.
1265 2574 1318 2595 225.
1336 2579 1383 2601 seq.
1402 2577 1424 2595 et
1442 2573 1581 2601 Wadding.,
1600 2574 1642 2595 loc.
1660 2573 1709 2600 cit„
1727 2573 1756 2595 ad
1774 2579 1810 2595 an.
1834 2573 1903 2599 1224,
1921 2579 1944 2595 n.
1962 2573 1998 2595 23.

1256 2611 1276 2625 ¹⁰
1293 2613 1327 2634 Fr.
1347 2613 1419 2639 Elias;
1442 2613 1480 2634 ct'r.
1505 2613 1589 2634 Thom.
1615 2618 1626 2634 a
1650 2612 1745 2639 Cetano,
1769 2612 1818 2634 Vita
1844 2612 1859 2634 l.
1882 2618 1905 2640 p.
1925 2612 1948 2634 ll.
1972 2618 1992 2634 c.
2016 2613 2040 2640 3,

1194 2651 1233 2673 ubi
1256 2652 1330 2674 simile
1348 2652 1380 2679 ei,
1403 2652 1467 2680 quod
1491 2652 1625 2674 immediate
1647 2654 1699 2679 post
1719 2651 1842 2673 adducitur
1868 2654 1889 2674 et
1911 2651 2039 2673 secundum

1193 2690 1332 2718 WaddIng.,
1355 2691 1395 2713 loc.
1415 2691 1464 2719 cit„
1488 2691 1523 2712 Fr.
1546 2690 1615 2712 Leoni
1639 2690 1734 2717 accidit,
1758 2693 1863 2712 narratur
1886 2690 1915 2712 de
1936 2690 1972 2712 Fr.
1995 2690 2041 2712 Ru-

1194 2730 1246 2752 fino.
1264 2743 1294 2745 —
1313 2730 1424 2757 Superius
1442 2736 1484 2757 pro
1503 2729 1626 2753 Consimili
1641 2729 1735 2753 cantela
1752 2730 1805 2751 Acta
1830 2729 1867 2751 ΕΞ.
1887 2729 1946 2752 Cum
1967 2728 2040 2752 simili

1193 2768 1294 2791 cautela.

1256 2808 1274 2820 ¹¹
1293 2808 1327 2830 Du
1351 2808 1440 2836 Gange,
1460 2808 1600 2830 Glossarium
1629 2811 1672 2830 etc.
1698 2807 1802 2835 Αεοθῐία,
1826 2807 1913 2834 ascilla,
1940 2807 2039 2834 asseiiia,

1192 2848 1274 2874 axella,
1290 2846 1369 2870 axilla
1386 2847 1496 2877 [Tullio],
1519 2847 1603 2869 nostris
1625 2846 1724 2869 aisselle.
1749 2846 1794 2869 Cir.
1819 2846 1910 2874 Isidor.,
1931 2846 1967 2868 XI.
1991 2846 2038 2873 Ety-

1193 2887 1278 2914 molog.
1295 2892 1314 2909 c.
1334 2887 1354 2908 'll
1373 2893 1393 2908 η.
1413 2886 1448 2908 65.
1467 2888 1520 2908 Acta
1540 2887 1578 2908 SS.
1596 2885 1698 2914 axillas,
1716 2892 1776 2914 quae
1793 2886 1861 2908 etiam
1884 2885 1979 2907 inferius
1996 2890 2038 2912 pro

1192 2931 1218 2948 ea
1236 2925 1353 2954 sanquine
1370 2924 1494 2948 rubi-icam
1511 2925 1653 2947 substituunt
1669 2931 1722 2947 eum
1738 2924 1855 2954 sanquine
1872 2923 2028 2947 rubricatam.

1256 2964 1275 2977 ¹²
1292 2965 1364 2987 Codd.
1382 2964 1558 2987 ABCDEFG
1569 2965 1586 2986 Μ
1606 2964 1690 2994 quibas
1708 2964 1814 2986 munitus
1832 2963 1860 2992 [Β
1878 2962 1986 2992 indutus]
2004 2961 2038 2985 in-

1192 3003 1291 3033 siqnz'tm-
1310 3003 1335 3033 [E
1352 3003 1474 3033 siqniferL
1493 3005 1499 3026 l
1517 3003 1602 3033 quibus
1619 3002 1739 3031 mimicus,
1758 3002 1890 3031 insignitus.

2070 1952 2112 1972 Sanc
2124 1957 2133 1972 l.
