2133 3317
8 301 88 328 affictum
97 291 290 328 improbatum.
305 290 383 318 Addit
396 289 493 323 etiam,
508 289 582 326 quod
608 300 621 314 α
637 288 706 317 Elias
727 292 840 325 propter
861 289 938 317 intir-

7 326 80 367 Ὲῗὲἷῗι.
96 338 217 366 mitatem
238 336 328 365 carnis
358 335 489 364 carnibus
519 338 615 372 pastus
646 334 712 369 fuit,
744 342 828 372 quam
854 335 935 363 etiam

95 383 282 412 infirmitatem
303 381 430 410 Christus
454 381 600 418 accepit».
628 381 682 410 Hoc
710 381 731 409 si
757 381 791 410 de
817 380 938 418 speciali

95 430 184 460 carnis
213 429 372 457 infirmitate
400 428 584 465 intelligatur,
613 436 667 456 non
695 428 754 456 sine
782 427 936 456 temeritate

94 476 181 505 multa
200 475 350 509 asseritur,
372 477 432 503 tum
453 475 519 512 quia
539 474 566 503 id
587 475 730 511 Scriptura
756 483 811 503 non
840 474 935 508 docet,

94 523 140 553 sed
160 522 219 551 eius
239 521 409 550 contrarium
425 522 445 555 ¹,
467 524 525 550 tum
547 521 613 558 quia
633 529 781 550 erroneum
803 524 844 550 est
862 528 935 550 asse-

94 576 170 602 rere,
192 567 265 605 quod
279 567 406 596 Christus
420 567 583 596 assumserit
597 567 783 601 infirmitates,
805 567 857 596 nisi
875 567 935 596 illas

93 622 163 653 quae
177 614 360 643 communiter
374 614 526 651 respiciunt
540 617 642 643 statum
657 614 795 643 humanae
810 616 933 642 naturae.

93 660 192 698 Quodsi
214 660 247 689 de
268 660 440 695 infirmitate,
462 669 533 698 quae
554 661 717 689 communis
730 664 772 690 est
789 661 934 695 omnibus,

93 707 229 744 loquitur,
262 707 415 735 secundum
448 707 499 736 hoc
524 707 652 744 exemplo
679 707 780 736 Christi
808 710 835 736 et
863 707 935 736 Eliae

92 753 206 791 quilibet
227 753 366 790 perfectus
386 761 483 782 carnes
505 754 648 782 comedere
668 753 756 782 debet.

169 800 214 828 26.
237 800 306 828 Sane
326 800 400 836 quod
421 800 448 828 in
470 800 653 837 explicatione
674 799 786 828 secundi
805 799 877 828 modi
893 799 934 828 in-

0 854 78 880 mutatio
91 846 210 875 troducit
231 846 395 875 auctoritate
416 846 575 883 Augustini,
596 846 630 874 de
651 846 722 874 libro
736 846 933 882 Quaestionum

0 879 76 921 {mm
92 893 226 930 Evangelii
239 893 259 927 2,
277 893 350 930 quod
371 905 384 918 α
395 901 449 921 non
464 893 587 926 interest,
602 892 668 929 quid
682 892 876 920 alimentorum
893 892 934 920 vel

91 942 224 977 quantum
246 939 309 976 quis
329 939 459 976 accipiat,
481 939 629 967 dummodo
650 938 676 966 id
702 942 763 975 agat
791 946 842 975 pro
870 946 934 966 con-

90 986 217 1024 gruentia
232 986 390 1019 hominum,
406 993 468 1014 cum
484 985 586 1022 quibus
601 985 668 1013 vivit
680 995 709 1019 »;
726 985 747 1013 si
761 985 934 1022 gyeneraliter

90 1033 255 1070 accipiatur,
277 1032 349 1061 sicut
371 1033 414 1061 hic
428 1040 464 1061 ex
487 1032 667 1069 perversitate
689 1032 844 1061 intellectus
869 1031 934 1060 insi-

89 1082 172 1114 nuat,
183 1087 291 1108 omnem
308 1078 488 1107 abstinentiae
503 1079 623 1115 rigorem
636 1082 765 1113 enervat,
781 1078 933 1107 secundum

89 1126 224 1163 duplicem
256 1126 435 1155 abstinentiae
463 1125 591 1159 modum,
613 1134 629 1153 a
650 1125 732 1163 quan·
762 1125 887 1154 videlicet
907 1128 934 1154 et

0 1184 75 1199 mseu-
90 1180 106 1201 a
125 1176 241 1210 quanto.
265 1189 301 1193 —
323 1172 522 1201 Attendendum
544 1175 585 1200 est
606 1172 700 1209 igitur,
721 1172 795 1209 quod
817 1172 933 1201 verbum

3 1207 38 1223 'm'
90 1219 157 1248 illud
179 1219 291 1256 intelligi
313 1219 408 1253 debet,
425 1218 499 1255 quod
515 1227 567 1246 non
583 1219 702 1247 multum
718 1218 833 1247 interest
847 1226 934 1255 quan-

90 1269 148 1295 tum
170 1265 203 1294 ad
224 1266 367 1294 rationem
388 1265 460 1293 liciti
481 1265 522 1293 vet
547 1265 656 1298 illiciti,
685 1268 781 1293 contra
805 1265 831 1293 id
860 1265 933 1302 quod

89 1312 185 1341 asserit
206 1312 380 1341 Manichacus
395 1312 419 1345 3;
441 1312 560 1340 multum
590 1315 679 1340 tamen
705 1312 818 1340 interest
846 1320 933 1349 quan-

90 1362 148 1388 tum
168 1359 202 1388 ad
230 1359 437 1388 edomationem
469 1359 587 1393 earnis,
616 1359 849 1387 exercitationem
873 1359 933 1387 vtr-

90 1406 158 1434 tutz's
185 1409 212 1434 et
232 1404 463 1442 satisfactionem
481 1414 538 1442 pro
563 1405 656 1442 calpis
671 1405 842 1433 commissis.
859 1405 933 1434 Unde

88 1452 236 1490 Gregorius
257 1453 284 1481 in
306 1452 429 1489 Registro
443 1454 470 1480 4:
497 1452 639 1481 «Duobus
662 1452 748 1480 modis
769 1452 821 1480 viri
847 1452 933 1481 sancti

89 1507 104 1528 a
124 1498 204 1527 licitis
224 1498 362 1527 abstinere
383 1498 486 1532 solent,
508 1497 668 1534 aliquando,
691 1501 722 1526 ut
753 1498 851 1526 merita
881 1498 933 1526 sibi

89 1545 161 1582 apud
189 1545 402 1581 omnipotentem
432 1545 519 1573 Deum
548 1547 682 1581 augeant,
710 1544 873 1581 aliquando,
902 1548 933 1573 ut

90 1594 228 1621 anteactae
250 1591 321 1619 vitae
342 1591 438 1627 culpas
458 1591 641 1627 detergant».

166 1639 212 1666 27.
234 1637 286 1666 Sed
306 1637 387 1666 etiam
410 1637 468 1674 pari
488 1645 541 1665 non
563 1640 638 1665 caret
657 1637 837 1673 perversitate
858 1637 932 1674 quod

0 1689 79 1710 uictum
89 1684 189 1713 ibidem
211 1684 368 1720 subiungit:
395 1695 409 1708 «
423 1684 449 1712 Si
471 1683 534 1720 quis
556 1691 621 1712 vero
642 1683 798 1712 restrictius
812 1684 872 1712 vult
893 1684 932 1712 vi-

0 1714 51 1733 Μ’
89 1738 153 1760 vere
173 1738 256 1768 quam
278 1730 322 1764 bi,
344 1738 408 1759 cum
429 1730 531 1767 quibus
559 1730 742 1759 communiter
770 1730 855 1764 vivit;
884 1733 933 1759 aut

88 1778 273 1814 intemperans
300 1780 356 1811 est,
382 1781 410 1806 et
436 1777 474 1805 ita
503 1776 695 1813 imperfectus,
720 1779 768 1805 aut
799 1777 932 1813 supersti-

87 1824 186 1858 tiosus,
207 1827 234 1853 et
255 1824 292 1852 ita
313 1824 414 1861 impius
430 1836 456 1851 ».
479 1824 547 1852 Haec
569 1824 654 1852 verba
675 1823 776 1860 ipsius,
796 1832 867 1860 quae
881 1824 932 1852 im-

86 1871 163 1909 ponit
177 1871 336 1907 Augustino,
351 1871 385 1899 de
401 1870 528 1899 Doctrina
543 1870 692 1899 christiana
702 1870 723 1904 ⁵,
738 1870 878 1907 simulque
891 1870 932 1899 di-

87 1918 139 1952 cit,
160 1918 234 1955 quod
250 1918 314 1952 hoc,
329 1917 432 1946 scilicet
447 1917 602 1946 restrictius
617 1917 725 1951 vivere,
745 1928 758 1942 c<
770 1925 823 1945 non
838 1917 933 1946 docuit

88 1965 226 1999 Christus,
248 1964 295 1993 sed
316 1964 407 2001 potins
429 1964 562 1998 inhibuit,
577 1972 627 1992 nec
648 1963 747 2001 aliquis
769 1964 931 1993 Sanctorum

1 2019 77 2039 rotatur.
89 2012 142 2041 hoc
155 2011 255 2040 fecit».
271 2027 307 2032 —
323 2012 368 2040 His
382 2014 473 2045 autem
497 2011 589 2039 verbis
609 2011 737 2040 omnibus
758 2011 849 2048 pene6
870 2019 932 2040 san-

89 2061 196 2088 ctarum
211 2058 380 2095 Religionum
396 2058 601 2086 institutoribus
613 2060 640 2086 et
650 2058 828 2086 ecclesiarum
844 2061 932 2087 recto-

89 2105 179 2139 ribus,
200 2105 248 2141 qui
269 2104 392 2133 strictius
413 2104 546 2133 vixerunt
566 2112 649 2141 quam
671 2112 768 2133 eorum
800 2105 931 2139 consocii,

88 2160 142 2180 non
163 2151 253 2180 solum
275 2153 366 2180 notam
387 2150 616 2187 imperfectionis,
639 2151 684 2180 sed
700 2151 780 2180 etiam
796 2152 932 2180 maculam

88 2198 330 2235 praevaricationis
351 2197 484 2234 impingit.
508 2198 620 2234 Propter
641 2197 716 2234 quod
734 2201 761 2227 et
775 2206 792 2227 a
805 2198 932 2235 blasphe-

90 2244 143 2273 mia
168 2244 196 2272 in
224 2244 325 2273 Christi
347 2245 460 2273 Sanctos
486 2244 617 2273 immunis
648 2252 702 2272 non
735 2247 788 2278 est,
821 2245 871 2273 nisi
904 2245 930 2274 in

90 2294 224 2328 quantum
246 2290 370 2319 fortassis
390 2298 454 2319 eum
470 2290 623 2327 ignorantia
637 2294 768 2325 excusat,
783 2291 849 2328 quia
863 2299 933 2328 quos

22 2345 75 2365 uota.
91 2337 192 2366 imitari
213 2337 373 2371 abhorruit,
394 2337 505 2366 illorum
520 2337 590 2365 vitas
604 2337 695 2374 legere
709 2337 846 2374 neglexit;
862 2337 933 2367 sicut

91 2386 119 2413 et
139 2383 304 2413 mendositas
325 2383 426 2413 codicis
447 2383 473 2412 in
496 2391 527 2412 ea
553 2391 636 2421 quam
663 2384 763 2420 allegat
790 2384 933 2421 Augustini

153 2559 160 2572 ¹
178 2559 238 2582 Libr.
256 2561 289 2582 111.
305 2561 362 2587 neg.
384 2560 421 2587 17,
443 2560 460 2582 1.
477 2566 550 2589 seqq„
564 2559 601 2582 ubi
620 2563 736 2588 narratur,
750 2561 818 2583 liliam
832 2561 934 2584 oratione

92 2605 132 2621 sua
149 2599 295 2626 impetrasse,
313 2601 337 2620 ut
360 2605 401 2626 por
422 2599 545 2621 triennium
569 2606 612 2621 11011
636 2599 724 2627 plueret
745 2606 815 2627 super
837 2603 933 2628 terram,

91 2638 158 2666 eique
175 2638 196 2660 in
213 2639 256 2660 boc
274 2641 378 2665 tempore
396 2638 460 2660 minis
485 2644 497 2660 a
520 2644 591 2660 corvo
617 2638 705 2660 delatos
731 2639 799 2661 fuisse
821 2645 892 2666 panes
912 2642 934 2662 et

91 2682 177 2699 carnes.
194 2689 224 2692 —
242 2676 274 2698 De
290 2682 338 2705 seq.
355 2677 442 2699 ratione
460 2678 500 2698 cfr.
518 2683 587 2704 supra
607 2683 660 2704 pag.
678 2677 734 2704 252,
752 2681 804 2699 nuta
823 2678 844 2699 2.

152 2714 161 2727 ²
179 2715 238 2737 Libr.
258 2715 282 2737 11.
298 2722 321 2744 q.
342 2715 375 2737 11.

153 2753 162 2766 ³
178 2753 223 2776 Csr.
239 2760 309 2781 supra
327 2760 350 2775 n.
371 2755 404 2776 tt.
422 2757 444 2776 et
464 2755 498 2776 13.

153 2792 162 2805 ⁴
179 2793 240 2815 Libr.
258 2793 295 2815 Xl.
313 2793 382 2821 Epist.
398 2793 464 2821 epist.
483 2793 520 2816 45.
537 2794 566 2816 ad
583 2793 736 2815 Theoctistam
755 2794 882 2821 patriciam.

154 2830 163 2844 ὅ
180 2831 239 2854 Libr.
256 2832 288 2854 iil.
306 2837 325 2854 c.
347 2832 380 2854 ¹2.
397 2838 421 2854 n.
439 2832 476 2854 18.

153 2868 163 2882 ⁶
181 2870 231 2892 Vat.
247 2870 325 2899 plane.

155 2908 163 2921 ⁷
188 2910 241 2931 Loc.
266 2910 335 2937 paulo
360 2909 467 2937 superius
490 2910 601 2937 allegato:
627 2909 736 2938 Quisquis
760 2913 836 2932 autem
863 2910 933 2932 rebus

92 2947 290 2975 praetereuntibus
298 2948 423 2970 restrictius
435 2949 511 2975 utitur,
522 2955 591 2977 quam
604 2954 653 2971 sese
664 2948 748 2970 liabent
757 2954 833 2970 mores
844 2955 932 2977 eorum,

92 2992 145 3008 cum
162 2986 247 3015 quibus
264 2986 333 3013 vivit,
350 2989 389 3008 aut
406 2987 550 3015 temperans,
568 2990 607 3009 aut
623 2987 795 3015 superstitiosus
812 2990 857 3014 est;
873 2987 933 3016 (11115-

185 3032 211 3055 S.
224 3033 315 3055 Bonae.
325 3045 356 3049 —
368 3033 437 3055 Tom.
448 3033 503 3055 Viil.

569 211 765 240 OPUSCULUM
786 212 827 240 Xl.
849 211 1010 240 APOLOGIA
1031 211 1212 241 PAUPERUM.
1233 212 1300 241 CAP.
1323 213 1354 241 V.

1778 215 1833 243 265

994 290 1157 318 auctoritate
1178 290 1269 327 ipsum
1285 290 1387 319 fefellit.
1403 291 1581 328 Nequaquam
1596 291 1670 320 enim
1692 291 1728 319 ibi
1744 291 1754 308 ⁷
1770 292 1837 320 scri-

993 339 1072 372 ptum
1095 336 1228 365 habetur:
1254 348 1268 361 «
1282 340 1331 365 aut
1352 337 1539 374 intemperans
1566 341 1607 366 est
1621 350 1648 372 1³,
1671 338 1734 367 sed:
1761 349 1774 363 a
1788 341 1836 367 aut

994 385 1150 419 temperans
1170 386 1224 417 est,
1246 386 1295 411 aut
1314 384 1524 421 superstitiosus
1539 395 1572 419 »3
1593 385 1642 413 ubi
1664 385 1724 413 vult
1745 386 1836 421 Augu-

992 429 1082 457 stinus
1101 430 1261 464 ostendere,
1283 430 1357 467 quod
1379 434 1556 460 transcensus
1585 431 1655 460 vitae
1683 431 1838 460 communis

991 478 1040 503 aut
1060 475 1134 504 venit
1155 483 1191 504 ex
1213 476 1381 505 sublimitate
1401 477 1528 512 virtutis,
1550 478 1622 506 sicut
1642 478 1668 506 in
1690 478 1758 506 viris
1779 486 1837 506 ma-

991 529 1060 558 gnae
1081 522 1265 557 austeritatis,
1286 526 1335 551 aut
1355 531 1391 552 ex
1409 524 1605 560 superstitione
1623 525 1743 559 erroris,
1764 525 1836 553 sicut

992 568 1019 596 in
1050 569 1229 602 Manichaeis,
1261 570 1303 598 vel
1335 578 1371 599 ex
1403 574 1614 607 praesumtuosa
1648 571 1837 608 singularitate

991 614 1063 643 modi
1086 615 1209 649 vivendi,
1231 616 1303 644 sicut
1324 616 1350 644 in
1372 617 1538 653 quibusdam
1553 617 1705 654 hypocritis
1719 621 1746 646 et
1760 618 1837 647 vanis

992 661 1164 695 hominibus,
1186 662 1233 699 qui
1262 662 1418 699 despiciunt
1446 666 1547 692 statum
1575 664 1646 692 vitae
1674 664 1836 693 communis.

991 707 1115 745 Corrigat
1137 708 1221 745 igitur
1243 709 1284 737 sui
1307 710 1515 739 mendositatem
1537 710 1653 745 codicis,
1675 711 1717 739 vel
1745 711 1837 748 potius

991 762 1007 782 a
1026 754 1194 791 malignitate
1214 755 1357 792 resipiscat
1377 757 1489 785 erroris.

1069 801 1115 829 28.
1138 801 1165 829 ln
1186 802 1400 838 pertractatione
1425 811 1537 840 quoque
1566 804 1639 832 tertii
1668 804 1739 832 modi
1768 804 1836 832 falso

991 846 1146 884 redaryuet
1160 847 1282 876 Petram
1296 849 1453 885 Apostolum
1469 853 1496 878 et
1514 850 1596 886 impie
1611 849 1790 887 blasphemat
1805 850 1836 878 in

993 892 1150 922 Christum.
1166 894 1236 922 Dicit
1256 895 1345 929 enim,
1368 895 1478 923 Petrum
1494 897 1693 933 reprehensum
1708 905 1724 925 a
1739 897 1837 931 Paulo,

991 940 1056 977 quia
1077 940 1242 969 abstinentia
1263 949 1313 969 sua
1335 941 1534 970 scandalizabat
1556 943 1689 971 infirmos.
1717 944 1837 977 Verum,

991 986 1062 1015 sicut
1083 994 1119 1015 ex
1145 989 1226 1015 textu
1251 991 1366 1024 apparet
1391 988 1509 1024 Apostoli
1526 988 1546 1022 Β,
1576 997 1629 1017 11011
1658 989 1683 1017 in
1714 990 1766 1018 hoc
1793 998 1838 1018 ar-

990 1033 1117 1069 guendus
1138 1036 1198 1062 erat
1220 1034 1329 1068 Petrus,
1348 1034 1421 1071 quod
1436 1035 1631 1064 abstinentium
1648 1044 1725 1064 more
1741 1044 1756 1064 a
1771 1036 1837 1065 cibis

990 1079 1195 1108 delicatioribus
1216 1088 1326 1109 carnem
1350 1081 1543 1118 restringeret,
1576 1082 1623 1110 sed
1651 1083 1731 1119 quia,
1761 1090 1838 1111 more

992 1126 1153 1155 ludaeorum
1169 1127 1245 1155 cibos
1258 1127 1433 1161 discernens,
1447 1128 1565 1165 gyentites
1580 1129 1694 1157 faciebat
1709 1129 1838 1166 exemplo

991 1181 1041 1202 suo
1053 1173 1220 1202 iudaizare.
1233 1191 1272 1194 —
1282 1174 1360 1210 Quod
1372 1182 1438 1203 vero
1450 1175 1600 1212 subiungit,
1612 1176 1752 1204 Christum
1765 1184 1838 1204 com-

991 1219 1079 1248 edisse
1100 1228 1201 1257 agnum
1223 1221 1378 1257 paschalem
1395 1221 1415 1255 9,
1437 1229 1519 1258 quem
1552 1222 1695 1251 comedere
1716 1231 1769 1251 non
1799 1225 1838 1251 te-

991 1266 1124 1299 nebatur,
1140 1267 1190 1294 nisi
1207 1275 1240 1295 ne
1256 1267 1318 1295 inde
1334 1267 1478 1303 praeberet
1502 1268 1606 1296 ludaeis
1621 1269 1738 1297 scandali
1761 1277 1838 1297 occa-

991 1313 1108 1346 sionem;
1131 1313 1301 1342 manifestam
1317 1314 1513 1350 ltilasphemiam
1530 1315 1658 1344 continet.
1674 1316 1739 1344 Nam
1759 1316 1837 1344 Chri-

991 1362 1063 1393 stus,
1078 1367 1140 1388 cum
1157 1363 1228 1388 esset
1242 1360 1376 1389 Dominus
1391 1361 1468 1397 Legis
1483 1364 1509 1389 ct
1524 1362 1661 1395 omnium,
1677 1363 1757 1390 etiam
1774 1371 1837 1391 cum

990 1406 1117 1434 scandalo
1139 1406 1315 1440 Iudaeorum,
1331 1407 1378 1443 qui
1394 1407 1446 1435 sub
1468 1408 1536 1444 Lege
1557 1412 1649 1442 erant,
1665 1409 1764 1445 legales
1779 1417 1838 1438 cae-

991 1452 1127 1481 remonias
1149 1454 1301 1489 praeterire
1323 1457 1443 1491 poterat,
1466 1462 1515 1483 nec
1537 1462 1573 1483 ex
1588 1455 1708 1484 tentione
1728 1456 1837 1493 aliqua,

990 1499 1037 1527 sed
1058 1507 1092 1527 ex
1115 1499 1349 1528 condescensione
1371 1500 1448 1538 Legis
1469 1501 1596 1538 figuralia
1617 1502 1788 1531 observabat.

1069 1546 1114 1573 ⁹29.
1137 1545 1256 1574 Tandem
1279 1546 1345 1583 quia
1367 1547 1468 1575 veritas
1489 1555 1597 1584 semper
1619 1548 1703 1576 vincit
1717 1552 1744 1577 et
1763 1549 1837 1577 inva-

990 1591 1066 1620 lescit
1082 1592 1113 1625 ¹⁰,
1136 1592 1215 1620 cuius
1246 1592 1341 1620 lumen
1370 1593 1451 1621 etiam
1481 1593 1552 1622 inter
1580 1593 1678 1623 densas
1709 1603 1837 1623 errorum

990 1639 1118 1668 tenebras
1139 1639 1243 1673 radiat,
1265 1639 1325 1668 eius
1347 1640 1425 1676 quasi
1448 1640 1551 1669 virtute
1573 1641 1733 1677 compulsus
1754 1642 1837 1670 absti-

989 1686 1098 1714 nentiae
1119 1686 1205 1715 hostis
1226 1686 1259 1715 ad
1275 1694 1334 1715 eam
1350 1695 1433 1723 quam
1448 1687 1658 1724 impugnaverat
1674 1688 1836 1718 laudandam

989 1733 1176 1766 convertitur,
1198 1740 1261 1761 cum
1283 1733 1448 1770 subiungat,
1469 1734 1543 1770 quod
1567 1745 1580 1760 «
1594 1734 1682 1763 tribus
1696 1743 1732 1763 ex
1747 1735 1837 1764 causis

989 1779 1041 1807 viri
1063 1779 1148 1808 sancti
1170 1779 1379 1808 abstinuerunt:
1402 1780 1508 1816 primo,
1530 1784 1643 1817 propter
1662 1782 1835 1811 maceratio-

988 1834 1053 1854 nem
1064 1826 1166 1854 earnis
1180 1826 1214 1854 ad
1228 1826 1411 1855 edomandum
1433 1827 1683 1864 concupiscentias;
1705 1829 1835 1863 secundo,

989 1875 1102 1909 propter
1123 1873 1267 1901 cautelam
1281 1873 1418 1901 scandali
1431 1873 1637 1910 infirmornm;
1658 1875 1755 1908 tertio,
1771 1883 1835 1912 pro-

989 1921 1050 1955 pter
1071 1919 1252 1947 evitationem
1266 1918 1528 1957 idolothytorum».
1550 1936 1589 1941 —-
1609 1921 1678 1949 llaec
1700 1921 1835 1957 siquidem

989 1973 1055 1994 vera
1076 1969 1141 1994 sunt
1161 1969 1188 1994 et
1208 1966 1243 1994 ab
1264 1966 1415 2003 Augustino
1436 1969 1543 2000 sumta,
1566 1967 1591 1995 in
1622 1967 1692 1996 lihro
1719 1968 1752 1996 de
1781 1968 1835 1996 Mo-

989 2012 1067 2041 ribus
1088 2012 1309 2041 Manichaeorum
1327 2013 1366 2046 ¹¹;
1388 2013 1435 2041 sed
1460 2013 1534 2042 hunc
1556 2013 1690 2050 triplicem
1714 2014 1835 2043 veritatis

989 2059 1097 2087 radium
1119 2059 1235 2096 triplicis
1255 2059 1359 2088 erroris
1380 2059 1494 2096 caligine
1519 2060 1681 2089 obnubilare
1709 2064 1834 2090 conatur.

1067 2105 1113 2133 30.
1135 2105 1200 2134 Nam
1222 2105 1313 2142 primo
1327 2105 1407 2139 dicit,
1429 2106 1503 2143 quod
1530 2118 1543 2131 (ι
1557 2107 1642 2135 sancti
1666 2107 1759 2136 Patres
1779 2115 1833 2136 non

989 2151 1154 2181 tenebantur
1175 2152 1313 2181 abstinere
1334 2160 1351 2180 a
1364 2152 1433 2181 cibis
1454 2153 1523 2189 Lege
1544 2153 1690 2189 prohibitis
1705 2153 1834 2190 111511110ὲ

989 2200 1051 2235 pter
1066 2198 1207 2227 vitandum
1223 2198 1381 2227 scandalum
1392 2222 1399 2233 ‚
1414 2199 1480 2236 quia
1494 2200 1668 2236 pertinebant
1682 2200 1716 2229 ad
1731 2209 1833 2229 novum

989 2247 1183 2273 testamentum
1197 2256 1228 2279 »;
1251 2248 1278 2274 et
1299 2246 1351 2274 hoc
1372 2249 1413 2275 est
1434 2246 1541 2275 falsum.
1564 2246 1639 2276 Unde
1666 2247 1835 2283 Augustinus

989 2294 1085 2320 contra
1106 2291 1235 2320 Faustum
1251 2291 1322 2320 libro
1336 2292 1442 2321 decimo
1463 2301 1535 2322 nono
1551 2293 1588 2321 ¹2:
1615 2305 1628 2318 ει
1644 2293 1834 2328 Machabaeos,

989 2338 1094 2375 inquit,
1116 2346 1179 2367 cum
1201 2338 1303 2375 ingenti
1329 2339 1509 2369 admiratione
1537 2340 1731 2376 praeferimus,
1760 2341 1834 2377 quod

990 2392 1078 2419 escas,
1093 2385 1196 2422 quibus
1210 2394 1283 2414 nunc
1299 2386 1371 2415 licite
1385 2386 1532 2415 Christiani
1551 2389 1685 2420 utuntur,
1700 2386 1834 2423 attingere

990 2561 1042 2590 quis
1059 2567 1114 2584 vero
1132 2561 1164 2584 sic
1182 2561 1214 2584 eis
1232 2561 1314 2589 utitur,
1327 2565 1350 2584 ut
1363 2564 1435 2584 metas
1447 2562 1619 2584 consuetudinis
1630 2562 1758 2589 bonorum,
1777 2563 1833 2585 inter

989 2606 1049 2628 quos
1066 2603 1184 2627 versatur,
1207 2600 1314 2626 excellat,
1332 2600 1473 2628 1111111111111111
1499 2600 1622 2627 significat,
1645 2604 1683 2622 aut
1706 2601 1833 2628 flagitiosus

990 2642 1030 2661 est.
1049 2640 1071 2660 ln
1090 2639 1197 2661 omnibus
1214 2639 1274 2661 enim
1294 2638 1375 2661 talibus
1387 2645 1432 2661 mm
1446 2645 1500 2661 usus
1512 2645 1602 2666 rerum,
1615 2639 1654 2661 sed
1667 2639 1738 2661 libido
1751 2640 1833 2662 utentis

990 2677 1012 2698 in
1030 2677 1096 2705 eulpa
1114 2680 1155 2699 est.
1170 2690 1196 2692 —
1210 2677 1303 2699 interius
1318 2683 1359 2705 pro
1377 2677 1525 2700 aitctoi'itulis
1543 2683 1569 2699 ex
1587 2678 1603 2699 B
1621 2678 1742 2705 posuimus
1758 2680 1832 2701 ansle-

989 2715 1075 2739 ruatis.

1052 2754 1060 2766 Β
1078 2755 1124 2776 Gal.
1136 2756 1157 2781 Ξ,
1171 2755 1204 2777 11.
1213 2754 1335 2783 561111.(ἶ11·.
1347 2755 1440 2783 Bonav.,
1450 2755 1486 2777 tv.
1496 2756 1557 2777 Sent.
1570 2755 1593 2777 d.
1605 2755 1625 2777 3.
1639 2756 1698 2783 11.11.
1709 2762 1731 2778 a.
1743 2756 1764 2778 3.
1776 2762 1798 2784 q.
1811 2757 1832 2778 2.

1052 2792 1062 2805 ⁹
1078 2793 1123 2815 Csr.
1141 2794 1195 2815 Luc.
1212 2794 1254 2820 22,
1271 2793 1294 2815 7.
1311 2800 1375 2822 seqq.

1053 2832 1073 2844 ¹⁰
1090 2832 1150 2854 Libr.
1168 2833 1199 2854 111.
1218 2833 1282 2855 Esdr.
1301 2833 1326 2860 4,
1344 2833 1385 2855 35:
1403 2833 1504 2855 Nonne...
1523 2833 1607 2855 xci-itas
1624 2840 1707 2861 magna
1720 2837 1742 2856 et
1755 2834 1832 2856 sortior

990 2877 1045 2899 prae
1062 2871 1187 2893 munibus?

1051 2909 1069 2922 ¹¹
1088 2910 1148 2932 Libr.
1166 2911 1188 2932 11.
1206 2916 1226 2933 c.
1246 2911 1281 2933 tt.
1298 2917 1321 2933 11.
1338 2911 1374 2932 31.
1391 2914 1414 2933 et
1430 2911 1467 2933 35.

1052 2948 1070 2963 ¹2
1087 2948 1141 2976 Cap.
1164 2948 1202 2976 it,
1215 2949 1253 2971 ubi
1266 2956 1308 2977 pro
1321 2950 1423 2978 tempore
1432 2949 1550 2979 prohibito
1564 2953 1636 2973 textus
1648 2951 1765 2978 originalis
1777 2952 1832 2974 tem-

986 2993 1046 3017 pore
1059 2987 1204 3017 prophetico.

1708 3036 1737 3058 34

1892 813 1945 831 Falsa
1958 812 1982 831 de

1853 836 1908 854 tertio
1927 836 1982 854 modo

1853 859 1903 877 dicta
1920 859 1982 877 redar-

1854 884 1942 905 guuntur.

1855 1184 1973 1207 blasphemia

1852 1213 1869 1225 iu
1877 1208 1977 1225 Christum.

1852 1557 1878 1575 De
1896 1557 1906 1575 3
1922 1557 1983 1575 causis

1851 1580 1982 1599 abstinentiae.

1853 1929 1891 1948 llae
1901 1931 1939 1948 tres
1952 1935 1980 1948 er-

1864 1953 1938 1971 roribus
1948 1954 1980 1971 ob-

1864 1976 1979 1995 uuhilnntur.

1851 2116 1906 2136 Error
1921 2117 1935 2134 l.
