2133 3317
929 364 1239 401 OPUSOULUM
1263 363 1332 399 IX.

327 441 805 559 OFFICIUM
847 494 984 557 DE
1024 493 1495 557 PASSIONE
1536 493 1936 558 DOMINF

538 992 581 1021 AD
603 992 807 1021 MATUTINUM.

303 1095 399 1121 omme,
421 1086 493 1116 lahia
513 1094 575 1116 mea
595 1086 711 1124 aperies.
727 1091 758 1121 m.
778 1086 810 1115 Et
831 1093 862 1115 os
882 1093 978 1115 meum
992 1094 1101 1115 annun-

317 1134 396 1163 tiabit
416 1134 526 1163 laudem
548 1136 635 1162 tuam.

288 1183 316 1212 τὶν.
339 1182 422 1216 Deus,
443 1181 472 1211 in
493 1181 663 1210 adiutorium
679 1188 772 1210 meum
787 1179 906 1209 intende.
923 1185 954 1215 111.
970 1180 1101 1215 Domine,

248 1228 283 1257 ad
304 1227 492 1257 adiuvandum
514 1235 558 1256 me
579 1227 686 1256 festina.

288 1275 382 1303 Gloria
402 1274 473 1303 Patri
496 1278 548 1303 etc.
570 1274 693 1304 Alleluia.

288 1321 507 1350 Invitatorium.
529 1321 671 1350 Christum
693 1324 805 1358 captum
820 1324 847 1350 et
862 1320 995 1355 derisum,
1010 1320 1104 1358 flagel-

248 1369 335 1398 latum
357 1372 384 1398 et
405 1369 584 1403 crucifixum,
608 1369 621 1382 ³‘
643 1369 739 1398 Venite
760 1368 910 1397 adoremus
922 1368 941 1396 2.

289 1416 438 1445 Psalmus.
461 1415 573 1450 Venite,
596 1416 771 1445 exsultemus
792 1414 916 1444 Domino.

606 1487 751 1525 Hymnus.

440 1567 460 1587 N
481 1558 607 1596 passione
630 1558 746 1592 Domini,

407 1569 513 1643 IQua
533 1606 616 1635 datur
638 1605 713 1635 salus
734 1604 850 1639 homini,

408 1654 447 1682 Sit
467 1657 597 1683 nostrum
618 1652 795 1690 refrigerium
807 1652 817 1669 3

408 1700 440 1729 Et
461 1700 553 1730 cordis
573 1699 751 1729 desiderium.

448 1748 593 1776 Portemus
615 1747 643 1776 in
664 1746 799 1776 memoria

408 1794 524 1823 Dolores
544 1798 572 1823 et
592 1793 744 1831 opprobria
755 1794 775 1828 4,

408 1842 511 1871 Christi
533 1850 663 1871 coronam
686 1841 819 1878 spineam,

407 1889 535 1924 Crucem,
557 1890 649 1919 clavos
670 1892 697 1918 et
720 1889 851 1923 lanceam,

448 1938 479 1966 Et
500 1937 594 1974 plagas
616 1936 824 1970 sacratissimas,

408 1984 491 2013 Omni
512 1984 594 2013 laude
615 1983 800 2020 dignissimas,

408 2032 531 2066 Acetum,
553 2031 597 2065 fel,
620 2031 785 2060 arundinem

410 2079 442 2107 Et
462 2078 561 2107 mortis
582 2077 806 2107 amaritudinem.

316 2220 324 2233 ¹
342 2221 432 2243 Titulus
448 2220 553 2249 opusculi
571 2220 594 2242 111
611 2220 725 2242 nonnullis
750 2219 832 2247 codd.‚
853 2222 878 2242 ut
894 2220 974 2248 AEF,
992 2223 1027 2243 est
1044 2220 1105 2244 Cur-

251 2267 293 2284 sus
311 2260 338 2283 (Ze
352 2260 465 2290 passione
482 2259 585 2283 Domini.
600 2273 629 2275 —
642 2260 696 2282 Mira
714 2260 813 2282 varietas
831 2260 947 2282 invenitur
965 2260 987 2282 111
1005 2260 1104 2283 diversis

251 2300 320 2323 codd.
346 2300 425 2329 quoad
450 2299 568 2329 capitula,
594 2299 760 2329 responsoria,
788 2305 872 2322 versus
889 2302 911 2322 et
931 2300 1000 2322 etiam
1026 2300 1104 2328 quoad

248 2339 369 2370 psallum,
388 2339 503 2363 lectiones.
518 2339 659 2363 Gratianum
672 2339 752 2369 forma
765 2339 903 2368 plerumque
915 2342 981 2362 aucta
993 2339 1030 2361 vel
1042 2339 1104 2367 peni-

251 2382 288 2402 tus
305 2382 392 2402 mutata
409 2382 450 2401 est.
462 2379 505 2401 Pro
517 2385 558 2401 sua
571 2378 702 2406 particulari
720 2378 845 2401 devotione
857 2379 922 2401 multi
932 2379 994 2401 hunc
1002 2378 1104 2401 libellum

252 2425 349 2447 precum
361 2418 457 2446 proprio
469 2418 546 2440 sensui
559 2417 738 2440 accommodare
750 2418 880 2440 voluerunt.
897 2430 928 2434 —
945 2417 1001 2440 Cod.
1014 2417 1030 2441 C
1048 2424 1104 2446 opu-

252 2458 315 2481 sculo
334 2458 474 2486 praemittit:
492 2457 612 2486 Incipiunt
627 2456 665 2480 hic
682 2456 731 2480 iam
748 2456 822 2480 leorae
839 2456 866 2480 [Ie
875 2456 988 2486 passione
1000 2456 1105 2480 Domini.

252 2498 318 2520 Iesus
335 2497 379 2520 Dei
398 2496 513 2525 Verbum,
533 2496 608 2520 David
624 2496 712 2527 inclyta
727 2496 822 2526 proles,
841 2496 883 2526 qui
898 2502 988 2526 passus
1013 2503 1037 2520 es
1056 2503 1103 2526 pro

252 2536 332 2565 nobis,
349 2536 462 2560 miserere
478 2536 553 2559 nobis.
572 2537 680 2565 Sequitur
698 2535 805 2564 Domina,
824 2535 888 2559 labia
905 2542 958 2559 mea
975 2539 1019 2559 etc.

316 2575 324 2588 2
343 2576 416 2599 Codd.
429 2576 500 2599 BDG
518 2576 602 2605 Reqem
620 2575 744 2598 Christum
755 2575 912 2605 crucifixum,
929 2575 1007 2598 Venite
1024 2575 1105 2599 adore-

253 2621 314 2638 mus.
331 2616 385 2638 Post
401 2616 541 2643 flagellatum
559 2615 578 2637 A
595 2615 659 2637 addit
676 2614 750 2644 spinis
768 2616 911 2638 coronatum
920 2623 929 2644 ,-
952 2615 1036 2637 deinde
1061 2615 1104 2637 FG

253 2654 339 2677 habent
356 2655 472 2683 integrum
491 2655 525 2677 Ps.
544 2654 582 2677 94.
605 2653 695 2681 Venae,
713 2654 861 2677 emultemas
880 2653 989 2677 Domino.

317 2693 326 2706 ³
343 2693 417 2717 Codd.
434 2694 451 2716 B
461 2694 480 2716 D
497 2693 566 2716 Adsit
581 2694 693 2716 nostrum
710 2693 832 2723 refuaium
844 2699 887 2721 pro
900 2692 940 2716 Sit
947 2694 1059 2716 nostrum
1070 2699 1104 2716 re-

253 2733 387 2763 fi'iyerium.

317 2772 326 2784 4
344 2772 418 2795 Codd,
435 2772 478 2796 AC
496 2773 587 2796 Poenas
604 2773 625 2796 el
643 2771 786 2801 opprobria,
804 2772 820 2794 Β
846 2772 877 2795 Et
893 2773 964 2801 sputa
981 2773 1003 2795 et
1019 2777 1105 2801 oppro-

255 2810 320 2840 bria,
338 2812 355 2833 G
373 2811 426 2839 Fet,
443 2818 533 2841 poenas
551 2813 573 2835 et
589 2810 718 2841 opprobria
735 2818 778 2839 pro
797 2810 896 2834 Dolores
913 2812 935 2834 et
951 2810 1090 2840 opprobria.

318 2850 327 2862 ⁵
345 2851 388 2873 Pro
402 2850 524 2880 poscimus
542 2851 560 2873 D
574 2850 697 2880 petlmus;
714 2850 799 2873 deinde
816 2851 834 2873 A
851 2850 990 2880 Azliunyas,
1013 2849 1030 2873 C
1052 2850 1106 2872 lun-

255 2896 298 2919 908
316 2896 359 2918 pro
377 2889 520 2919 Coniunqas.

319 2928 329 2941 ὃ
347 2929 376 2951 lta
389 2929 465 2956 codd„
480 2929 531 2951 Vat.
544 2928 635 2958 nostri}
647 2936 689 2957 pro
701 2935 776 2952 causa
785 2928 881 2958 prodito
893 2924 911 2951 A
924 2928 995 2958 culpa
1007 2928 1103 2952 tradito.

319 2968 328 2983 ⁷
345 2969 388 2991 Pro
406 2969 449 2991 hac
469 2969 556 2996 antiph.
575 2969 593 2991 A
611 2968 680 2991 habet
705 2969 786 2996 aliam,
812 2975 872 2997 quae
895 2969 989 2997 incipit:
1015 2967 1108 2997 Reliqui

255 3006 354 3030 domum
376 3013 467 3035 meam,
488 3008 503 3029 E
521 3007 652 3030 Astiterunt
674 3014 754 3037 reyes,
780 3008 826 3030 BD
852 3007 965 3031 Traditus
985 3013 1048 3031 sum.
1065 3007 1107 3029 De-

1355 992 1425 1020 Haec
1447 990 1539 1019 omnia
1560 998 1610 1019 nos
1632 990 1733 1020 satient

1318 1038 1349 1067 Et
1370 1038 1489 1067 dulciter
1510 1038 1657 1072 inebrient,

1316 1086 1370 1115 Nos
1392 1086 1517 1123 repleant
1538 1085 1692 1115 virtutihus

1318 1134 1350 1162 Et
1370 1133 1497 1170 gloriosis
1517 1132 1665 1162 fructibus.

1357 1181 1394 1209 Te
1415 1180 1585 1209 crucifixum
1607 1180 1725 1209 colimus

1318 1228 1350 1256 Et
1370 1230 1427 1256 toto
1449 1227 1533 1256 corde
1553 1227 1694 1264 poscimus
1705 1227 1726 1262 ⁵,

1317 1275 1351 1304 Ut
1373 1283 1422 1303 nos
1443 1275 1608 1303 Sanctorum
1630 1274 1754 1303 coetibus

1317 1322 1473 1359 Coniungas
1495 1321 1521 1350 in
1544 1321 1718 1351 caelestibus.

1358 1370 1437 1403 Laus,
1460 1369 1549 1397 honor
1571 1369 1681 1398 Christo
1703 1369 1814 1398 vendito

1319 1416 1351 1445 Et
1371 1414 1452 1445 sine⁶
1474 1424 1557 1445 causa
1578 1415 1697 1453 prodito,

1318 1464 1434 1492 Mortem
1456 1471 1536 1500 passo
1557 1471 1608 1500 pro
1629 1463 1733 1500 populo

1319 1511 1347 1539 In
1369 1519 1468 1548 aspero
1489 1511 1622 1548 patibulo.
1645 1512 1737 1539 Amen.

1468 1590 1505 1610 AD
1526 1590 1707 1611 NOCTURNUM.

1201 1652 1320 1691 Anltplz.
1344 1653 1564 1682 Insurrexerunt
1576 1653 1596 1681 ⁷.

1201 1700 1349 1729 Psalmns.
1372 1701 1464 1737 Quare
1485 1700 1661 1729 fremuerunt
1682 1702 1778 1737 gentes
1799 1703 1850 1729 etc.

1200 1746 1320 1785 Antiplt.
1350 1747 1570 1777 Insurrexerunt
1600 1747 1629 1776 in
1661 1755 1704 1776 me
1735 1747 1788 1776 viri
1819 1747 1878 1777 sine
1906 1747 2014 1776 miseri-

1160 1795 1263 1829 cordia,
1285 1797 1312 1823 et
1332 1803 1387 1823 non
1409 1797 1596 1831 pepercerunt
1616 1794 1724 1823 animae
1745 1802 1823 1824 meae
1834 1794 1853 1823 ⁸.

1199 1844 1227 1873 is.
1250 1842 1357 1879 Reliqui
1372 1841 1485 1871 domum
1500 1849 1598 1876 meam,
1614 1841 1704 1871 dhnisi
1720 1841 1901 1878 hereditatem
1914 1850 2014 1871 meam.

1160 1895 1190 1925 11.
1213 1889 1281 1919 Dedi
1302 1889 1431 1918 dilectam
1454 1889 1574 1917 animam
1598 1897 1687 1918 meam
1716 1889 1745 1918 in
1769 1897 1869 1918 manus
1890 1892 2015 1927 peccato-

1160 1945 1226 1966 rum
1238 1936 1258 1965 ⁹.

1202 1984 1280 2012 Pater
1302 1986 1404 2012 noster.

1200 2029 1359 2059 Absolutio.
1376 2030 1467 2058 Passio
1479 2030 1503 2046 ¹⁰
1518 2030 1627 2058 Domini
1649 2030 1735 2059 nostri
1756 2030 1817 2059 Iesu
1831 2030 1933 2059 Christi
1948 2038 2012 2067 per-

1159 2077 1243 2106 ducat
1263 2084 1314 2105 nos
1336 2077 1369 2105 ad
1391 2077 1491 2114 gaudia
1511 2077 1639 2114 paradisi.
1662 2082 1692 2112 11).
1715 2078 1808 2106 Amen.

1163 2220 1217 2243 inde
1234 2227 1276 2249 pro
1288 2221 1323 2242 Ps.
1338 2222 1358 2242 2.
1373 2220 1453 2248 Quare
1470 2220 1623 2249 fremuerunt
1639 2220 1655 2242 B
1665 2220 1683 2242 D
1701 2219 1786 2242 habent
1803 2220 1838 2242 Ps.
1853 2219 1889 2242 87.
1902 2219 2015 2248 Domine,

1162 2261 1225 2283 Deus
1237 2259 1323 2283 salam
1332 2269 1341 2288 ,·
1354 2260 1376 2282 in
1389 2260 1407 2282 G
1419 2262 1472 2282 suut
1484 2262 1529 2282 tres
1542 2260 1638 2282 Psalmi:
1656 2260 1743 2283 Beatus
1757 2259 1792 2282 nir
1805 2259 1850 2289 (Ps.
1864 2259 1895 2289 1.)
1908 2265 1962 2282 cum
1974 2266 2015 2282 an-

1162 2300 1219 2327 tiph.
1232 2299 1303 2323 Noril
1316 2299 1431 2322 Dominus
1449 2298 1512 2322 viam
1530 2298 1659 2327 iustorum,
1672 2298 1750 2322 aliter
1767 2298 1898 2328 impiorum
1911 2297 2014 2328 peribit,-

1163 2338 1247 2361 deinde
1264 2339 1300 2360 Ps.
1318 2339 1338 2360 2.
1358 2338 1439 2366 Quare
1455 2338 1612 2368 fremuerunt
1636 2344 1710 2366 usque
1737 2338 1767 2360 ud
1784 2344 1879 2360 versum
1905 2338 1926 2360 5.
1949 2338 2015 2365 incl.,

1162 2384 1216 2400 cum
1234 2378 1321 2406 antiph.
1339 2377 1473 2401 Astiterunt
1487 2383 1555 2407 repes
1572 2378 1663 2405 terrae,
1681 2378 1704 2400 et
1718 2376 1838 2407 principes
1854 2378 2017 2400 convenerunt

1162 2416 1187 2439 in
1210 2423 1299 2445 unum,
1326 2416 1441 2440 adrersus
1463 2416 1592 2439 Dominum
1617 2418 1639 2439 et
1662 2416 1778 2440 adversus
1804 2416 1926 2439 Christum
1946 2415 2014 2445 eius:

1162 2457 1248 2480 deinde
1265 2457 1300 2479 ΡΞ.
1319 2457 1339 2479 3.
1359 2456 1465 2485 Domine,
1479 2455 1537 2486 qual
1547 2455 1701 2485 multiplicati
1715 2457 1772 2479 sunt
1790 2462 1864 2484 usque
1876 2455 1905 2477 ad
1918 2461 2013 2477 versum

1163 2497 1185 2519 6.
1202 2497 1263 2524 11101.7
1281 2502 1334 2518 cum
1353 2496 1440 2524 antiph.
1458 2496 1512 2519 Non
1529 2494 1613 2518 timebo
1635 2494 1712 2518 millia
1731 2494 1817 2524 populi
1842 2494 2014 2518 circumdantis

1162 2541 1211 2564 me,
1229 2535 1298 2565 quia,
1316 2537 1341 2558 tu
1361 2534 1470 2563 Domine,
1487 2540 1580 2558 meeum
1598 2540 1621 2557 as
1639 2536 1755 2564 tanquam
1772 2533 1872 2557 bellator
1889 2533 1966 2566 fortis.

1225 2573 1234 2586 ⁸
1252 2575 1274 2596 ln
1293 2574 1310 2596 A
1328 2576 1362 2596 est
1379 2574 1465 2601 antiph.
1483 2572 1576 2603 Reliqui
1591 2572 1689 2596 clomum
1703 2578 1795 2601 meam,
1815 2571 1886 2596 divisi
1900 2571 2015 2596 heredita-

1163 2615 1209 2636 tem
1225 2619 1316 2641 meam,
1334 2612 1388 2636 decli
1403 2612 1513 2636 dilectam
1538 2612 1646 2635 animam
1666 2618 1745 2635 meam
1763 2611 1787 2635 in
1804 2618 1891 2635 mamis
1909 2611 2014 2635 inimico-

1162 2659 1219 2676 rum
1236 2658 1363 2680 nieorum,-
1382 2652 1403 2674 111
1421 2653 1437 2674 Β
1448 2652 1466 2674 D
1485 2651 1597 2675 Traditus
1614 2658 1669 2674 sum
1686 2653 1707 2675 et
1724 2657 1772 2674 non
1788 2650 1937 2681 eqrediebar,
1951 2650 2016 2674 oculi

1162 2692 1209 2715 mei
1226 2692 1373 2722 [anglum-unt
1386 2698 1448 2721 prae
1465 2691 1563 2721 inopia;
1581 2692 1601 2713 io
1621 2692 1636 2713 E
1655 2691 1787 2714 Astiterunt
1803 2697 1870 2721 reyes
1888 2692 1979 2719 terrae,
1993 2691 2015 2714 et

1160 2731 1281 2761 principes
1308 2732 1469 2754 conuenerunt
1490 2730 1514 2753 in
1538 2737 1625 2758 anum,
1642 2730 1758 2753 adversus
1776 2730 1905 2753 Dominum
1930 2731 1953 2753 et
1973 2729 2015 2753 acl-

1162 2777 1246 2794 versus
1265 2770 1386 2794 Christum
1404 2770 1461 2793 eius.

1227 2809 1236 2822 ⁰
1254 2810 1310 2833 Cod.
1326 2810 1345 2832 A
1362 2809 1480 2832 substituit
1497 2811 1520 2834 i'.
1538 2809 1613 2832 Homo
1630 2809 1696 2839 pacis
1713 2815 1790 2836 meae,
1811 2808 1893 2838 inquo
1911 2807 2013 2838 speravi.

1163 2851 1189 2874 11.
1205 2849 1336 2878 Amplz'aril
1352 2848 1481 2872 culversum
1498 2855 1536 2872 me
1547 2847 1765 2878 supplantationem
1774 2856 1784 2876 ,·
1801 2848 1818 2870 G
1836 2849 1860 2871 a.
1877 2846 1956 2871 Media
1972 2853 2015 2870 no-

1163 2890 1197 2912 cte
1215 2888 1307 2911 clamor
1324 2888 1402 2918 factus
1420 2889 1461 2911 ost.
1478 2890 1502 2912 n.
1520 2888 1591 2916 Ecce,
1611 2887 1719 2911 Christus
1737 2888 1803 2915 orat,
1828 2886 1903 2910 venile
1925 2885 2014 2909 occida-

1162 2934 1218 2950 mus
1235 2934 1297 2950 eam.

1227 2966 1246 2979 ¹⁰
1264 2966 1337 2990 Codd.
1350 2967 1367 2989 B
1377 2968 1395 2989 D
1407 2967 1496 2990 addunt
1514 2966 1623 2990 Gloriosa
1636 2969 1688 2989 ante
1701 2966 1782 2989 Passio
1791 2974 1801 2994 ,·
1813 2966 1831 2988 Α
1843 2964 1960 2988 substituit
1971 2971 2014 2993 pro

1163 3007 1206 3029 hac
1218 3005 1362 3029 absolutione
1374 3006 1419 3029 Per
1432 3012 1512 3029 omues
1529 3007 1625 3029 sanctas
1636 3011 1694 3029 suas
1702 3004 1839 3035 passiones,
1858 3003 2013 3027 contumelias
