2133 3317
18 526 69 544 rtnm.

501 201 699 230 OPUSCULUM
723 200 798 229 xxii.
822 200 977 229 EPISTOLA
999 201 1041 229 DE
1064 201 1253 230 IMlTATlONE
1275 201 1409 230 CHRISTI.

86 288 199 311 rursum
213 280 315 314 oravit,
330 280 447 309 eundem
463 286 620 308 sermonem
641 278 735 307 dicens
751 279 776 306 ¹:
798 274 928 313 Domine,

85 327 170 364 dirige
192 335 234 356 me
262 327 295 355 ad
323 327 458 360 salutem;
487 326 649 362 audivitque
677 333 770 354 vocem
793 325 929 354 dicentem

85 374 150 404 sibi:
172 374 282 407 Arseni,
304 373 381 410 fuge,
403 377 462 402 tace
486 376 514 401 et
534 373 653 409 quiesce.
680 373 749 401 Haec
770 372 843 401 enim
865 375 930 401 sunt

85 421 189 450 radices
212 428 266 448 non
288 420 434 456 peccandi,
456 420 523 448 haee
548 422 613 448 sunt
635 419 769 456 principia
790 419 887 447 salutis
902 431 928 447 ».

164 467 206 495 16.
230 467 311 501 Item,
326 467 467 495 invenitur
482 466 508 494 in
531 466 610 495 dictis
626 466 693 494 Vitis
707 469 866 494 sanctorum
882 466 930 494 Pa-

84 517 157 543 trum
170 514 190 548 Β,
205 513 279 550 quod
299 524 312 538 α
323 513 407 542 abbas
428 513 564 541 Macarius
578 512 685 541 dicebat
706 512 840 540 fratribus
854 512 928 540 suis:

84 561 144 590 Post
168 560 262 588 Missas
282 559 413 588 ecclesiae
427 559 526 596 fugite,
548 559 656 588 fratres.
679 559 710 587 Et
724 559 796 587 dixit
816 559 839 587 ei
856 566 929 587 unus

83 608 226 636 Fratrum:
249 606 339 640 Pater,
355 606 402 634 ubi
425 606 560 635 habemus
580 606 698 642 amplius
719 605 815 642 fugere
829 613 845 633 a
866 605 929 633 soli-

83 653 176 682 tudine
197 653 273 681 ista?
295 653 325 681 Et
346 653 404 689 ipse
418 653 502 681 abbas
523 652 642 689 ponebat
662 652 778 689 digitum
800 660 884 688 super
899 660 930 681 os

83 708 180 734 suum,
194 699 302 728 dicens:
326 699 400 728 istud
414 702 471 733 est,
487 699 560 736 quod
582 698 742 736 fugiendum
757 699 833 733 dico;
849 701 875 727 et
890 699 928 727 sic

632 821 758 849 Exmcrr
780 821 913 849 ErismLA
933 829 968 848 DE

1778 202 1833 231 503

986 279 1105 307 intrabat
1126 279 1152 307 in
1175 279 1270 308 cellam
1293 287 1386 313 suani,
1405 283 1432 309 et
1446 280 1576 309 claudens
1591 279 1706 314 ostium,
1722 279 1831 308 sedebat

986 325 1077 359 solus,
1100 333 1264 362 permanens
1286 326 1311 354 in
1334 327 1481 355 oratione⁵
1497 339 1522 354 n.

1065 372 1090 400 Si
1113 372 1164 401 ista
1185 373 1353 407 servaveris,
1375 373 1531 407 carissime,
1553 382 1607 402 non
1628 373 1738 407 dubito,
1757 373 1830 410 quod

986 419 1013 447 in
1035 427 1121 455 parvo
1142 422 1267 456 tempore
1294 420 1387 448 venies
1408 420 1442 448 ad
1470 428 1596 457 magnam
1626 420 1830 457 perfectionem.

987 466 1037 494 lsta
1059 466 1144 494 verba
1172 466 1226 494 sint
1257 466 1304 495 tibi
1328 467 1386 495 loco
1417 467 1469 496 mei
1482 468 1501 495 4.
1525 468 1610 504 Saepe
1641 475 1672 496 ea
1703 467 1777 504 lege,
1806 471 1831 496 et

986 512 1097 549 quando
1119 513 1197 550 legis,
1213 513 1314 550 cogita,
1336 513 1410 550 quod
1431 522 1481 551 ego
1495 514 1596 551 loquor
1618 517 1708 543 tecum
1731 517 1759 542 et
1771 514 1832 543 dico

988 559 1035 587 tibi
1058 558 1108 587 ista
1129 559 1222 588 verba.
1255 560 1334 588 Omni
1357 568 1432 595 sero⁷
1464 560 1574 597 quando
1595 563 1626 589 tu
1657 561 1699 589 vis
1730 561 1770 589 ire
1798 560 1831 589 ad

986 606 1087 634 lectum
1100 606 1120 639 ⁵,
1149 606 1277 634 examina
1305 609 1331 635 te
1353 607 1460 643 ipsum,
1487 610 1582 635 utrum
1605 607 1710 636 vixeris
1736 608 1763 636 in
1785 607 1831 636 illo

985 652 1028 681 die
1050 652 1201 681 secundum
1225 652 1275 680 ista
1297 661 1368 689 quae
1383 653 1430 681 tibi
1453 654 1559 690 scripsi.
1583 654 1647 682 Vale
1672 654 1699 682 in
1716 654 1830 682 Domino

985 701 1012 727 et
1032 706 1082 727 ora
1102 699 1189 727 Deum
1212 707 1262 735 pro
1283 707 1335 728 me.

989 828 1147 850 ltilTATIONE
1168 821 1284 849 Cnmsn.

144 1027 152 1040 ¹
171 1027 209 1050 Ed.
226 1028 231 1048 1
248 1033 301 1050 cum
315 1027 331 1048 C
344 1027 414 1054 Item,
426 1026 502 1050 dictas
519 1026 591 1049 abbas
604 1026 731 1054 Arsanias,
744 1026 884 1049 descendens
895 1026 927 1049 acl

82 1066 245 1091 monachalem
263 1066 347 1094 vitam,
373 1072 461 1089 rursus
479 1068 558 1089 orm-12
581 1066 614 1089 ad
638 1067 713 1089 Deum
739 1065 836 1094 ‹Ic'ce11s;
854 1069 926 1088 textus

82 1106 197 1134 originalis
215 1106 251 1135 (V.
270 1105 337 1128 libell.
355 1106 376 1128 2.
393 1112 416 1127 n.
434 1106 465 1134 3.)
483 1112 536 1128 cuin
555 1108 630 1128 nostra
647 1106 743 1128 lectione
762 1106 803 1134 (ita
824 1107 849 1133 A)
873 1111 927 1127 con-

82 1144 156 1171 venit,
173 1143 315 1166 substituens
331 1143 450 1167 discedens
473 1150 515 1172 pro
535 1143 682 1167 descendens.
706 1144 800 1166 inferius
817 1143 833 1166 C
851 1147 873 1165 et
890 1143 927 1166 ed.

83 1184 92 1206 l
112 1183 219 1206 omittunt
235 1183 294 1206 llaec
309 1185 366 1206 ειιιιι
380 1182 500 1213 principia
517 1182 602 1206 salutis
620 1183 673 1211 (loc.
690 1183 726 1205 rit.
746 1184 777 1205 ili.
795 1189 817 1205 u.
840 1183 908 1212 190,).

143 1221 152 1235 ²
169 1222 230 1245 Libr.
249 1222 278 1244 V.
295 1222 363 1244 libell.
381 1222 401 1244 ll.
418 1228 442 1244 n.
459 1222 495 1244 27.
513 1222 565 1244 Post
576 1221 698 1245 Macarius
716 1222 753 1244 ed.
776 1222 780 1244 l
800 1228 853 1244 cum
866 1225 926 1244 textu

82 1261 185 1290 originali
203 1261 268 1284 addit
284 1261 362 1284 maier
380 1261 403 1284 in
422 1260 497 1284 Scitin·
513 1261 539 1289 (C
556 1260 635 1283 ‘mm'or
652 1260 677 1283 iu
693 1260 829 1288 sanctitate,
856 1267 925 1289 quam

28 1314 33 1316 ἡ
81 1301 199 1324 lectionem
217 1301 254 1323 ed.
276 1301 281 1323 1
303 1301 326 1323 in
343 1304 395 1323 nota
413 1301 500 1323 adiecta
519 1302 640 1329 recenset).

143 1339 152 1352 ⁸
169 1340 254 1362 Textus
271 1340 389 1367 originalis
405 1340 489 1362 omittit
507 1345 653 1369 permaneus
675 1338 699 1362 in
722 1338 836 1362 oratione.
854 1339 895 1361 Ed.
913 1339 921 1360 4

81 1386 134 1403 cum
151 1379 168 1402 C
184 1380 205 1402 et
222 1378 346 1403 claudebat
362 1378 449 1402 ostium
465 1381 488 1402 et
503 1378 568 1402 solus
586 1378 614 1408 [C
630 1385 735 1408 semper,
752 1379 818 1401 lectio
839 1378 868 1401 ab
888 1379 925 1401 ed.

84 1419 91 1442 l
113 1419 134 1441 in
151 1421 204 1441 nota
221 1417 341 1448 recensita]
360 1417 471 1441 manebat
487 1417 511 1441 in
529 1417 636 1441 oratione
653 1420 695 1440 etc.

1045 1025 1054 1038 ⁴
1071 1026 1127 1048 Cod.
1145 1026 1161 1049 C
1178 1027 1260 1049 omittit
1278 1027 1325 1049 Ista
1338 1026 1408 1049 rerba
1419 1027 1467 1049 siut
1483 1026 1524 1050 tibi
1541 1026 1590 1050 loco
1603 1026 1660 1055 mei,
1678 1027 1826 1050 continuans:

984 1065 1012 1088 Et
1028 1071 1097 1095 saepe
1114 1065 1158 1088 ista
1177 1065 1225 1095 Ieye
1240 1072 1286 1095 pro
1303 1066 1380 1089 salute
1401 1066 1495 1089 animae
1513 1068 1574 1089 tuae.
1593 1066 1612 1089 Ο
1631 1066 1711 1094 misser,
1731 1066 1826 1096 quando

983 1103 1049 1127 radis
1066 1104 1097 1126 ad
1110 1104 1206 1132 lectam,
1221 1104 1334 1127 examina
1352 1107 1385 1133 le,
1403 1107 1530 1134 atcumque
1548 1105 1636 1128 vareris
1654 1105 1678 1128 in
1695 1105 1730 1128 die
1746 1112 1826 1129 secan-

983 1143 1039 1166 dam
1058 1143 1101 1166 isla
1126 1150 1185 1173 quae
1201 1144 1288 1173 sci-[psi
1304 1143 1351 1167 tibi.
1369 1145 1449 1167 Anzan.
1468 1145 1508 1167 Ed.
1530 1145 1535 1166 1
1557 1148 1633 1167 autem
1657 1145 1686 1167 ita
1709 1145 1826 1173 prosequi-

984 1185 1031 1204 tur:
1045 1182 1118 1212 Saepe
1136 1189 1161 1205 aa
1181 1182 1244 1212 layas
1257 1184 1279 1206 et
1288 1183 1364 1212 facias
1377 1183 1504 1212 rationem,
1521 1184 1615 1213 quando
1628 1183 1697 1214 leyis,
1710 1184 1773 1213 qaod
1784 1190 1826 1213 eqo

984 1221 1070 1251 loquar
1088 1223 1161 1245 tecam
1180 1223 1201 1244 et
1218 1221 1295 1245 cilenia
1313 1221 1354 1245 tibi
1370 1222 1414 1245 isla
1433 1222 1511 1245 rerba.
1525 1222 1624 1250 Qaamlo
1637 1229 1693 1253 erqo
1712 1223 1745 1247 vis
1763 1223 1828 1253 loqui

983 1267 1087 1289 mecum,
1105 1261 1169 1290 layas
1187 1260 1230 1284 ista
1250 1260 1331 1288 verba,
1349 1267 1410 1291 quae
1426 1261 1468 1284 tibi
1483 1261 1560 1285 scribo
1576 1268 1621 1291 pro
1638 1262 1715 1285 salute
1731 1262 1826 1285 animae

983 1301 1045 1323 luae.

1045 1339 1054 1351 ⁵
1073 1340 1112 1362 Ed.
1133 1342 1138 1361 1
1160 1339 1254 1369 qnando
1273 1339 1338 1362 vadis
1355 1339 1387 1362 ad
1403 1339 1500 1367 lachim,
1519 1347 1579 1369 quae
1596 1341 1652 1363 insi-a
1671 1341 1692 1363 iu
1710 1341 1755 1363 fine
1772 1341 1827 1368 legit

983 1380 1004 1401 et
1021 1385 1064 1401 ora
1081 1384 1125 1408 pro
1143 1384 1187 1401 me.
1205 1379 1286 1401 Amen.

1849 380 1955 399 Conclusio.
