2133 3317
12 441 82 462 ndum.

7 1469 18 1484 a
28 1463 82 1483 ratio.

0 1834 84 1921 aar

453 213 649 243 OPUSCULUM
670 213 734 242 xlll.
757 212 1066 242 DETERMINATIONES
1086 212 1327 250 QUAESTIONUM.
1348 213 1427 242 PARS
1448 213 1477 241 ΙΙ.

97 288 305 323 haereticorum
315 292 342 321 in
356 291 482 325 latebris,
497 299 561 320 cum
576 290 627 327 ipsi
642 290 733 327 potius
748 290 882 319 Ecclesiae
897 299 940 319 re-

97 343 187 369 ctores
206 339 338 368 deberent
359 346 406 367 eos
426 337 578 366 secundum
597 345 702 366 morem
726 337 860 366 Ecclesiae
880 345 940 365 cor—

98 387 203 423 rigere,
225 385 247 414 si
268 385 379 422 quando
405 384 612 418 offenderent¹‚
637 386 665 412 et
686 383 795 420 punire.
817 384 885 412 Nam
913 386 941 412 et

98 432 148 470 ipsi
169 439 267 460 eorum
288 431 428 467 magistri,
443 430 490 467 qui
502 430 698 467 provinciales
713 430 858 464 dicuntur,
875 438 939 459 cum

98 479 153 508 sint
172 478 233 506 laici
253 481 281 506 et
301 477 449 514 aliquando
468 477 597 511 uxorati,
619 476 757 514 quandam
784 477 887 505 habent
905 477 941 505 si-

97 524 280 554 militudinem
301 531 365 552 cum
394 523 598 552 haereticorum
626 523 764 560 magistris
784 526 811 552 et
836 523 858 552 si
886 531 940 551 non

98 580 149 610 pro
169 570 287 599 invidiae
307 570 457 607 pravitate,
479 573 568 598 tamen
591 569 619 598 in
640 569 726 598 laicali
742 569 839 598 habitu
853 569 941 598 nomi-

98 624 188 654 neque
209 616 413 645 haereticorum
434 617 462 645 in
483 619 670 653 contemptum
692 616 758 644 cleri
782 616 864 644 laicos
893 616 941 644 ha-

98 665 163 694 bent
176 663 322 701 magistros
336 666 363 692 et
376 663 511 692 doctores.
528 663 559 691 Et
573 671 635 692 cum
651 671 701 691 nos
716 663 768 691 sub
783 671 839 691 una
852 662 942 691 forma

98 710 206 740 vivendi
227 713 254 739 et
274 709 420 746 multiplici
442 709 566 738 custodia
593 710 641 738 vix
672 717 868 738 conservemus
889 709 941 737 Or-

98 757 187 786 dinem
209 759 336 785 nostrum
357 756 385 784 in
406 764 457 784 suo
478 756 587 792 vigore,
608 764 643 784 ne
663 755 802 784 dilabatur
824 763 873 792 per
894 763 941 784 ne-

98 803 271 842 gligentiam3
302 803 440 840 quomodo
471 810 615 839 possemus
645 803 722 831 illum
754 802 884 831 Ordinem
914 803 941 830 in

98 851 169 879 bono
190 853 262 879 statu
284 850 332 878 diu
360 857 487 883 servare,
516 849 563 878 ubi
591 849 710 886 quisque
737 849 812 878 vadit
839 849 866 877 in
893 848 942 877 do-

98 905 174 926 mum
195 904 274 925 suam
295 899 323 925 et
342 899 455 924 exercet
476 896 617 932 negotium
645 895 789 932 proprium
811 898 839 924 et
859 895 942 924 habet

98 951 193 973 curam
215 943 314 972 domus
335 950 401 971 suae
422 946 449 971 et
470 942 568 971 uxoris
589 945 616 971 et
636 942 756 970 filiorum
773 945 799 971 et
813 945 942 971 versatur

98 990 125 1019 in
146 990 255 1019 saeculo
276 992 304 1018 et
324 989 418 1017 multis
439 989 565 1026 quatitur
586 988 783 1017 tentationibus
804 989 898 1017 mundi
915 992 942 1017 et

98 1037 204 1071 carnis,
225 1039 252 1065 et
272 1036 320 1073 qui
342 1035 420 1064 nobis
441 1043 495 1064 non
516 1038 608 1064 essent
627 1035 731 1064 astricti
753 1035 864 1064 obedire
890 1035 941 1064 nisi

98 1092 149 1121 pro
179 1083 261 1117 velte,
290 1085 318 1111 et
345 1090 415 1119 quos
443 1090 496 1110 non
524 1090 683 1118 possemus,
711 1082 783 1110 sicut
814 1082 941 1118 expedit,

98 1138 242 1164 coercere,
263 1130 331 1167 quin
352 1129 405 1157 cito
426 1129 596 1157 dilaberetur
617 1129 670 1157 sub
691 1129 819 1157 manibus
840 1129 942 1157 nostris

98 1177 240 1214 disciplina
260 1179 287 1205 et
308 1176 436 1204 iustitia?
459 1175 490 1203 Et
510 1175 548 1204 sic
574 1175 673 1204 melius
700 1175 791 1203 fuerat
819 1183 872 1203 0011
901 1175 942 1203 10-

98 1224 202 1260 cepisse
222 1231 306 1260 quam
327 1231 381 1251 non
403 1230 482 1259 posse
504 1222 652 1259 perficere,
680 1224 708 1250 et
735 1224 810 1250 tanta
835 1221 943 1258 negotia

98 1270 277 1304 assumsisse,
298 1278 348 1307 per
369 1278 440 1307 quae
460 1270 611 1307 dissipatur
632 1278 687 1306 pax
708 1272 803 1298 nostra
823 1272 851 1298 et
871 1269 944 1297 sama

98 1317 219 1351 vilescit,
248 1320 276 1346 et
303 1317 376 1346 inter
403 1325 453 1345 nos
482 1317 555 1353 ipsos
576 1319 691 1353 possunt
713 1316 794 1353 plura
815 1316 943 1345 scandala

99 1364 236 1399 suboriri,
258 1367 368 1401 praeter
389 1365 456 1393 alias
476 1363 685 1400 occupationes,
707 1363 819 1400 quasin
838 1363 943 1392 confes-

99 1411 222 1440 sionibus
242 1419 339 1440 eorum
361 1414 388 1440 et
409 1411 530 1439 consiliis
545 1413 602 1439 tota
616 1410 659 1439 die
675 1418 724 1438 nos
738 1413 879 1447 oporteret
894 1410 942 1438 ha-

98 1458 164 1486 here
185 1465 248 1486 cum
270 1457 344 1494 ipsis.
368 1452 404 1477 —'
427 1457 458 1486 Et
479 1457 500 1486 si
522 1457 572 1486 soli
593 1457 692 1485 divites
713 1456 942 1490 admitterentur,

98 1504 251 1541 inciperent
272 1512 321 1532 nos
348 1504 472 1533 homines
493 1503 596 1532 habere
617 1506 775 1540 suspectos,
797 1503 870 1540 quod
892 1511 943 1539 pro

98 1551 214 1580 avaritia
233 1551 402 1585 faceremus,
424 1554 455 1579 ut
477 1559 521 1579 res
542 1558 639 1579 eorum
661 1550 699 1579 510
720 1550 800 1578 001115
821 1550 942 1578 01110110-

99 1606 208 1632 100105;
230 1600 257 1627 01
278 1598 370 1626 0101101
392 1601 418 1626 01
439 1598 484 1626 0111
507 1597 632 1634 Religiosi
655 1600 752 1626 contra
773 1605 823 1625 nos
843 1605 942 1634 grava-

99 1648 213 1679 rentur,
235 1645 257 1674 si
278 1644 426 1673 familiares
447 1652 545 1673 eorum
566 1644 605 1673 eis
627 1652 676 1681 per
697 1644 749 1672 hoc
768 1644 943 1672 abstrahere-

100 1700 177 1726 mus,
199 1695 226 1721 et
247 1692 309 1720 inde
331 1692 391 1720 lites
412 1695 439 1720 et
460 1691 587 1720 scandala
607 1691 679 1719 inter
695 1699 744 1719 005
759 1693 786 1719 01
800 1691 874 1727 111505
888 1690 943 1719 011-

99 1741 207 1767 rentur.
230 1738 256 1766 Si
276 1740 369 1767 autem
390 1746 486 1766 omnes
501 1738 600 1775 passim
615 1737 846 1771 admitterentur,
862 1737 943 1766 fieret

100 1785 239 1820 00010510,
261 1793 325 1814 0001
346 1793 400 1814 000
422 1793 565 1822 possemus
587 1792 682 1813 omnes
703 1792 799 1821 regere
821 1784 864 1813 vel
883 1791 944 1812 001-

99 1833 203 1870 rigere,
224 1835 252 1861 et
273 1832 360 1861 multa
380 1832 599 1861 inconvenientia
626 1834 820 1868 sequerentur.
842 1847 881 1851 -—
906 1831 944 1859 De

101 1882 195 1909 sancto
215 1882 308 1908 autem
328 1879 472 1908 Francisco
494 1879 546 1907 alia
572 1878 625 1907 fuit
653 1878 738 1912 ratio,
764 1878 829 1915 quia
856 1880 945 1907 status

100 1926 174 1955 illius
189 1929 285 1955 terrae
296 1926 307 1941 ²
328 1929 355 1955 et
375 1925 450 1954 illius
467 1925 604 1962 temporis
619 1925 692 1954 circa
706 1924 838 1953 Ordinem
853 1928 881 1953 et
896 1925 945 1953 ho-

99 1973 188 2002 mines
207 1973 275 2002 alios
295 1973 322 2001 in
342 1973 436 2001 multis
450 1972 530 2001 aliter
545 1980 574 2001 se
589 1972 723 2006 habebat,
739 1975 767 2000 et
781 1972 868 2008 ipsius
882 1980 945 2000 san-

100 2020 136 2049 011
157 2020 244 2057 1101115
264 2019 400 2048 Francisci
422 2022 449 2048 et
469 2019 623 2056 primorum
639 2019 766 2047 Fratrum
788 2019 848 2047 eius
868 2018 945 2047 diffa-

100 2070 173 2096 mata
187 2067 317 2096 sanctitas
331 2066 435 2100 effecit,
453 2066 526 2103 quod
543 2069 609 2094 tunc
624 2066 779 2094 habebatur
802 2074 852 2102 pro
874 2066 945 2095 bono

101 2114 175 2152 quod
195 2113 276 2142 modo
297 2116 324 2142 et
345 2113 372 2142 in
394 2113 454 2142 aliis
475 2113 559 2142 terris
579 2121 632 2141 000
654 2113 736 2141 101010
754 2113 868 2141 haberet
883 2120 945 2141 500-

101 2168 217 2190 cessum.
240 2160 292 2197 Qui
314 2163 424 2189 nostrae
445 2160 586 2188 doctrinae
609 2159 705 2188 volunt
733 2159 833 2196 corrigi
857 2159 946 2188 00051-

100 2207 137 2236 110
164 2210 280 2245 possunt
310 2207 363 2236 sub
387 2207 440 2235 alia
461 2206 550 2235 forma
571 2209 598 2235 et
619 2207 710 2235 colore
732 2206 770 2235 ita
790 2206 896 2235 utiliter
917 2206 945 2235 in

100 2254 172 2283 bono
193 2262 243 2291 per
268 2262 318 2283 nos
345 2254 504 2287 1010110001,
526 2253 598 2282 sicut
618 2253 747 2290 congruit
768 2253 897 2288 cuilibet,
918 2256 946 2282 et

101 2303 191 2330 tamen
213 2309 263 2330 nos
284 2301 431 2338 praedictis
452 2300 684 2337 implicationibus
706 2300 748 2329 vel
769 2300 829 2329 aliis
850 2300 946 2329 simili-

101 2347 154 2376 bus
174 2356 227 2376 non
250 2347 424 2376 involvemur
445 2350 472 2376 et
492 2347 527 2375 ab
547 2346 608 2375 aliis
628 2346 707 2375 bonis
726 2346 769 2375 vel
784 2346 946 2375 melioribus

101 2402 155 2423 non
177 2394 391 2423 retardabimur.

166 2610 173 2623 ¹
192 2611 243 2634 Vat.
260 2617 313 2633 cum
331 2611 384 2633 edd.
406 2612 424 2638 l,
442 2612 454 2633 2
473 2610 620 2640 offenderint.
638 2610 732 2633 lnserius
754 2617 796 2638 pro
814 2609 837 2633 in
847 2611 946 2633 contem-

100 2652 170 2680 ptum
187 2650 244 2673 cleri
260 2651 307 2673 sola
325 2651 375 2673 Vat.
392 2649 417 2673 in
433 2651 591 2679 contemptum
609 2649 696 2672 clerici.

166 2689 175 2702 Β
193 2691 216 2712 111
233 2689 270 2712 ed.
287 2690 300 2711 3
317 2692 453 2711 annotatur:
471 2689 527 2711 Hinc
545 2689 598 2710 illud
616 2689 665 2711 erui
679 2694 746 2716 posse
758 2688 860 2715 videtur,
873 2688 945 2710 111110-

104 2728 131 2750 lia
156 2730 200 2751 hoc
224 2728 289 2756 Opus
313 2728 466 2756 perscriptum
493 2734 538 2750 non
565 2727 641 2749 tuisse.
665 2726 710 2749 (111.
727 2732 797 2754 supra
816 2732 870 2754 pag.
887 2726 945 2752 357,

104 2769 157 2789 nota
174 2767 197 2789 7.
217 2767 239 2789 in
257 2767 308 2789 flne.

166 2804 175 2817 ³
192 2805 238 2828 Ctr.
254 2805 365 2827 Chronica
389 2805 463 2827 XXlV
485 2805 631 2827 Gener-aliurn
649 2804 765 2830 (Analecta
785 2803 945 2830 Franciscana,

105 2845 231 2873 Quaracclii
250 2845 309 2866 '1897
328 2847 382 2866 tom.
401 2845 432 2866 ΙΙΙ.
451 2850 503 2871 pag.
522 2844 589 2872 330),
608 2843 646 2865 ubi
659 2844 763 2869 10101101,
775 2842 839 2871 quod
851 2844 946 2870 propter

104 2883 260 2910 difficultates,
277 2889 336 2912 quae
354 2883 376 2905 in
393 2889 430 2910 re,
448 2883 477 2905 de
494 2889 539 2911 qua
556 2883 593 2905 liic
610 2883 696 2910 agitur,
714 2884 766 2904 sunt
783 2884 886 2909 exortae,
902 2881 946 2904 sub

106 2921 196 2944 Urbano
213 2922 249 2944 lV.
272 2928 308 2944 an.
332 2922 404 2950 1263,
426 2922 535 2944 existente
559 2922 581 2943 S.
604 2922 688 2943 Bonav.
712 2920 810 2948 generali
833 2920 946 2947 Ministro,

105 2961 143 2983 uni
160 2963 248 2983 tantum
265 2960 374 2983 cardinali
391 2963 488 2989 uterque
503 2960 565 2982 Ordo
578 2962 687 2988 tanquam
700 2959 822 2987 protectori
835 2959 875 2981 tuit
886 2965 947 2981 com·

106 3000 202 3026 0115505,
219 3000 256 3021 cui
273 2999 383 3022 Clarissae
400 2999 533 3021 immediate
549 2998 741 3026 subiiciebantur,
753 3001 775 3021 et
786 2999 849 3027 quod
865 2998 895 3021 ab
907 2998 947 3020 Ur-

199 3046 224 3070 S.
236 3046 326 3069 Bormv.
337 3058 368 3063 —
379 3046 447 3068 Toni.
460 3046 514 3068 Vlll.

1783 213 1838 242 369

1302 291 1440 328 Quansrio
1460 291 1537 320 XVII.

1051 383 1112 413 Cur
1133 388 1229 413 tamen
1250 385 1371 413 Fratres
1392 393 1498 413 curam
1519 384 1644 413 habeant
1666 384 1787 413 Ordinis

1290 434 1408 460 sanctae
1430 431 1542 460 Clarae.

1076 524 1167 560 Quare
1188 532 1253 561 ergo
1274 525 1405 553 Ordinem
1426 528 1535 554 sanctae
1555 525 1650 554 Clarae
1665 525 1692 553 in
1707 533 1775 554 cura
1790 525 1839 553 ha—

998 570 1083 604 betis,
1105 578 1155 607 per
1176 579 1259 607 quam
1282 571 1394 600 libertas
1415 575 1507 600 vestra
1527 571 1652 600 similiter
1667 571 1839 608 impeditur?

1077 617 1243 653 Respondeo.
1265 617 1339 646 Ordo
1360 618 1405 646 ille
1432 626 1486 646 non
1514 621 1555 646 est
1585 626 1712 647 annexus
1742 618 1839 646 Ordini

998 663 1144 696 serviliter,
1166 667 1197 692 ut
1218 664 1257 692 eis
1278 664 1419 693 intendere
1444 667 1602 698 teneamur;
1631 665 1678 693 sed
1705 672 1742 693 ex
1770 664 1838 701 peti-

998 710 1071 739 tione
1091 710 1191 739 domini
1214 711 1374 745 cardinalis,
1396 711 1443 748 qui
1463 712 1575 748 utrique
1590 714 1697 748 praeest
1711 711 1839 745 Ordini⁸,

997 757 1112 786 Ministri
1134 758 1305 787 constituunt
1326 759 1365 787 eis
1386 758 1571 792 consessores,
1592 759 1639 795 qui
1658 758 1841 787 ecclesiastica

998 803 1136 832 interdum
1159 805 1334 833 Sacramenta
1354 805 1524 839 ministrent,
1546 808 1573 833 et
1596 805 1764 839 visitatores,
1790 804 1837 842 qui

998 857 1043 878 eas
1064 850 1211 887 corrigant.
1234 850 1282 878 Alii
1305 851 1413 879 Fratres
1431 859 1484 879 non
1502 854 1631 880 tenentur
1644 851 1773 888 occupari
1789 859 1839 888 pro

998 896 1064 933 ipsis
1085 897 1136 925 nisi
1159 898 1230 926 sicut
1252 906 1301 934 pro
1321 898 1381 926 aliis
1402 898 1496 927 amicis
1517 898 1642 932 Ordinis,
1667 898 1777 935 quando
1792 906 1839 926 vo—

998 943 1067 972 lunt.
1090 944 1121 972 Et
1142 944 1207 980 quia
1227 944 1336 973 clausae
1358 948 1468 973 manent
1489 945 1541 973 sub
1565 945 1694 973 uniformi
1723 952 1838 973 conver-

998 990 1117 1024 satione,
1140 991 1190 1019 hac
1221 991 1329 1019 facilius
1359 991 1417 1028 regi
1449 994 1571 1028 possunt.
1604 991 1839 1028 Quandocumque

998 1040 1090 1065 autem
1112 1037 1185 1065 Ordo
1206 1040 1299 1066 noster
1330 1038 1513 1067 communiter
1541 1038 1647 1066 videret
1673 1046 1727 1066 non
1755 1045 1840 1074 expe-

998 1083 1057 1112 dire
1078 1084 1129 1112 sibi
1150 1092 1245 1112 curam
1267 1084 1376 1113 illarum
1398 1093 1510 1121 gerere,
1532 1088 1621 1121 potest
1636 1092 1664 1113 se
1678 1085 1713 1113 ab
1727 1084 1766 1113 eis
1780 1084 1840 1113 exi—

998 1138 1089 1164 mere,
1111 1138 1174 1159 cum
1195 1139 1231 1159 ex
1252 1132 1355 1167 Regula
1375 1132 1492 1160 nostra4
1512 1140 1566 1160 non
1588 1132 1674 1160 simus
1695 1131 1776 1159 alicui
1802 1138 1839 1159 ex

998 1177 1089 1205 debito
1110 1177 1161 1205 0151
1183 1177 1277 1205 Ordini
1300 1178 1409 1215 obligati
1432 1182 1458 1206 et
1479 1178 1611 1215 singulari
1627 1178 1753 1206 libertate
1767 1177 1840 1206 inter

999 1226 1105 1252 ceteros
1125 1223 1242 1252 Ordines
1263 1232 1298 1253 ex
1320 1225 1462 1262 privilegio
1483 1225 1659 1262 gaudeamus.
1690 1225 1761 1253 Licet
1789 1232 1838 1252 au-

999 1273 1053 1299 tem
1075 1271 1187 1299 omnino
1218 1279 1271 1299 non
1304 1272 1440 1308 possimus
1469 1271 1617 1309 impedire,
1649 1272 1716 1308 quin
1747 1271 1840 1308 aliqua

999 1318 1066 1346 fiant
1087 1318 1114 1346 in
1137 1318 1219 1347 terris
1240 1319 1299 1347 istis
1320 1318 1451 1355 praedicti
1472 1319 1582 1347 Ordinis
1603 1319 1838 1352 0100051011οςῐο-

999 1373 1077 1399 men,
1099 1365 1120 1393 si
1143 1373 1195 1393 non
1218 1365 1339 1394 studiose
1359 1365 1572 1399 obsisteremus,
1594 1365 1647 1394 cito
1674 1365 1839 1402 multiplica-

1001 1415 1098 1441 rentur
1121 1420 1170 1449 per
1190 1413 1392 1441 concessionem
1412 1412 1515 1440 domini
1538 1413 1624 1449 Papae
1645 1412 1688 1441 vel
1715 1412 1840 1441 cardina-

999 1459 1047 1493 lis;
1069 1462 1096 1488 et
1117 1467 1166 1496 per
1189 1460 1239 1488 1100
1260 1459 1423 1493 ostenditur,
1444 1459 1518 1496 quod
1539 1467 1592 1487 non
1614 1459 1753 1495 diligimus
1773 1459 1841 1487 0101-

1000 1509 1059 1535 lum
1079 1506 1210 1543 occupari
1231 1514 1294 1534 cum
1317 1506 1392 1542 ipsis.

1297 1584 1434 1635 Quaesiio
1456 1599 1542 1627 xviii.

1002 1693 1063 1722 Cur
1084 1694 1207 1721 Fratres
1225 1693 1413 1730 permittant,
1434 1695 1467 1720 ut
1490 1692 1592 1729 plures
1616 1692 1841 1729 praedictarum

1173 1748 1231 1767 non
1251 1739 1435 1776 recipiantur
1455 1739 1517 1767 sine
1534 1739 1671 1776 pecunia.

1079 1833 1146 1861 Cum
1168 1840 1234 1869 ergo
1255 1832 1313 1861 sitis
1334 1832 1527 1861 informatores
1548 1840 1660 1866 earum,
1676 1839 1763 1869 quare
1778 1839 1841 1869 per—

1000 1880 1123 1913 mittitis,
1145 1879 1218 1916 quod
1240 1879 1335 1916 plures
1355 1879 1429 1916 apud
1449 1886 1495 1907 eas
1516 1879 1640 1916 impure,
1669 1878 1694 1907 id
1723 1881 1765 1907 est
1792 1886 1842 1915 per

1001 1926 1161 1963 pecuniam,
1183 1926 1377 1963 recipiuntur?
1391 1926 1479 1962 Quae,
1495 1925 1517 1954 si
1532 1925 1601 1954 011111
1615 1933 1709 1954 secum
1723 1925 1840 1959 ferrent,

1000 1972 1159 2001 nullatenus
1179 1972 1385 2008 reciperentur;
1407 1974 1434 2000 et
1458 1974 1553 2008 aperte
1580 1971 1695 2000 simonia
1723 1971 1840 2000 videtur.

1080 2018 1246 2056 Respondeo.
1268 2018 1370 2055 Quodsi
1402 2018 1468 2047 illud
1500 2018 1543 2046 alii
1575 2018 1694 2052 1001001,
1725 2017 1759 2046 de
1790 2018 1842 2046 1100

1001 2074 1056 2094 non
1077 2074 1093 2094 a
1112 2066 1206 2099 nobis,
1228 2065 1275 2094 5011
1295 2065 1330 2094 ab
1351 2065 1404 2093 illis
1424 2068 1465 2093 est
1486 2065 1556 2093 ratio
1576 2064 1719 2101 exigenda.
1736 2064 1787 2093 Sed
1802 2067 1842 2092 ta-

1002 2121 1081 2147 men,
1102 2115 1134 2141 ut
1153 2112 1351 2141 satisfaciamus
1365 2111 1577 2149 quaerentibus,
1593 2111 1750 2145 sciendum,
1766 2110 1840 2147 quod

1001 2162 1136 2197 quantum
1159 2162 1263 2196 spectat
1283 2159 1316 2187 ad
1339 2159 1408 2187 hanc
1430 2158 1588 2192 materiam,
1609 2157 1786 2194 quadruplex
1801 2159 1844 2186 est
1860 2164 1988 2207 sssffl‘ss'e’ffi‘-

1000 2207 1090 2235 forma
1111 2205 1258 2242 recipiendi
1280 2205 1313 2234 ad
1328 2205 1457 2233 Ordinem
1473 2205 1721 2241 qualemcumque:
1737 2204 1840 2241 prima,
1858 2211 1936 2254 gagga.

1001 2252 1112 2289 quando
1131 2252 1231 2288 aliquis
1252 2251 1385 2288 recipitur
1406 2258 1456 2279 nec
1474 2259 1530 2287 pro
1550 2250 1676 2287 pecunia
1697 2258 1747 2279 nec
1774 2258 1841 2279 cum

998 2299 1142 2336 pecunia,
1164 2298 1211 2327 sed
1232 2306 1302 2335 pure
1324 2306 1373 2334 pro
1394 2297 1465 2331 Deo;
1486 2300 1513 2325 et
1544 2297 1596 2325 ista
1622 2300 1663 2326 est
1694 2297 1843 2333 purissima

1001 2353 1094 2374 coram
1115 2346 1171 2374 Deo
1191 2347 1219 2373 et
1240 2345 1406 2373 hominibus.
1428 2360 1467 2364 —
1487 2343 1627 2378 Secunda,
1655 2343 1765 2380 quando
1793 2343 1841 2371 ali-
1859 2351 1952 2370 secunda.

1002 2392 1065 2429 quis
1086 2392 1220 2428 recipitur
1240 2400 1299 2420 non
1316 2400 1372 2428 pro
1385 2390 1526 2428 pecunia,
1548 2390 1595 2419 sed
1615 2398 1683 2419 cum
1700 2390 1841 2427 pecunia,

1002 2610 1063 2632 hano
1080 2609 1117 2631 lV.
1134 2608 1274 2631 declaratum
1292 2608 1344 2635 ruit,
1362 2608 1450 2630 Fratres
1467 2607 1564 2629 Minores
1581 2607 1610 2629 ad
1632 2607 1757 2629 ministeria
1780 2612 1844 2634 prae-

1002 2649 1081 2671 standa
1098 2647 1201 2671 Clarissis
1218 2653 1248 2670 em
1265 2646 1339 2670 debito
1356 2653 1401 2669 11011
1420 2646 1497 2668 teneri.
1515 2646 1570 2668 lbid.
1588 2646 1612 2668 in
1629 2648 1681 2668 nota
1694 2645 1781 2668 adiecta
1794 2646 1843 2668 alle-

1002 2691 1085 2714 gantur
1102 2687 1189 2708 litterae
1206 2686 1227 2708 S.
1246 2686 1332 2708 Bonav.
1350 2684 1453 2714 Diqnum
1470 2686 1505 2708 ast
1520 2686 1542 2708 et
1558 2690 1688 2707 consonum
1701 2685 1747 2711 (an.
1761 2684 1843 2713 Ἰ12641),

1002 2725 1099 2754 quibus,
1117 2727 1142 2747 ut
1158 2725 1194 2746 hic
1210 2725 1279 2753 paulo
1292 2724 1385 2746 inferius
1397 2724 1530 2750 insinuatur,
1542 2723 1682 2750 conceditur,
1694 2723 1756 2752 quod
1770 2723 1844 2746 visita-

1002 2767 1063 2786 tores
1079 2770 1122 2791 pro
1139 2763 1287 2785 Clarissarum
1301 2762 1458 2785 Conventibus
1474 2762 1586 2790 eligantur
1602 2768 1630 2785 ex
1648 2762 1774 2789 Fratribus,
1791 2763 1843 2785 Fra-

1002 2805 1095 2831 tresque
1111 2803 1174 2825 solita
1193 2802 1247 2830 ipsis
1264 2802 1375 2830 obsequia
1393 2801 1526 2829 exhibeant,
1544 2802 1677 2829 praemissis
1694 2804 1769 2824 tamen
1791 2807 1843 2824 cau-

1002 2841 1115 2869 tionibus,
1132 2841 1186 2863 niliil
1204 2842 1286 2863 horum
1303 2840 1404 2863 exbiberi
1421 2847 1448 2863 ex
1464 2840 1560 2868 iustitia,
1578 2840 1619 2863 sed
1636 2847 1661 2862 ex
1680 2841 1780 2863 caritate.
1797 2840 1843 2863 Csr.

1002 2881 1058 2903 ibid.
1077 2887 1130 2908 pag.
1148 2880 1204 2907 359,
1224 2879 1261 2902 ubi
1279 2880 1340 2902 idem
1365 2879 1409 2902 51111
1433 2885 1566 2902 5000055010
1583 2880 1605 2902 S.
1631 2880 1717 2902 Bonav.
1742 2879 1843 2908 generali

1003 2920 1102 2942 Ministro
1120 2919 1259 2947 Hieronymo
1277 2919 1409 2941 inculcatur.
1426 2919 1456 2941 Ex
1474 2918 1509 2941 1115
1525 2920 1626 2946 constat,
1643 2919 1782 2947 opusculum
1799 2919 1843 2941 1100

1002 2962 1055 2981 ante
1071 2965 1109 2981 an.
1127 2958 1187 2981 4264
1204 2964 1250 2981 non
1267 2964 1317 2981 0550
1333 2958 1452 2986 scriptum.

1065 2996 1074 3009 ⁴¹
1091 2997 1147 3025 Cap.
1165 2997 1173 3019 ·1
1185 2997 1202 3019 Ι.
1220 3009 1248 3013 —-
1266 2997 1377 3025 Superius
1394 3003 1436 3025 pro
1453 2996 1496 3019 hae
1513 2996 1565 3019 edd.
1588 2996 1608 3025 l,
1626 2997 1639 3019 2
1654 3002 1698 3026 pei·
1715 2996 1766 3020 hoc.

1720 3043 1746 3065 47

1858 997 1971 1016 Notandum.
