2133 3317
741 431 1048 468 OPUSOULUM
1073 432 1162 467 XX.

403 560 810 624 REGULA
860 559 1503 625 NOVITIORUM.

808 1050 1099 1079 PRAEFATtUNCULA.

160 1136 377 1175 Resormamz'm'
408 1137 438 1165 z'n
469 1136 595 1165 novitate
627 1145 730 1164 sensas
761 1136 866 1169 vestri,
898 1140 928 1164 at

1 1193 24 1213 uo
37 1197 67 1212 an·
81 1184 220 1222 probetis,
243 1192 317 1222 qaae
337 1183 375 1212 sit
396 1183 530 1212 *voluntas
552 1183 605 1211 Dez'
630 1182 722 1217 bona,
744 1182 927 1220 beneplacens

82 1235 106 1260 et
122 1229 262 1268 perfecta.
279 1231 348 1259 Haec
368 1230 433 1258 dicit
448 1230 591 1267 Apostolus
605 1229 638 1258 ad
655 1230 789 1258 Romanos
801 1230 810 1246 ¹
826 1229 852 1258 in
868 1238 927 1266 per-

82 1286 147 1307 sona
168 1277 352 1311 novitiorum,
374 1280 405 1305 ut
420 1276 447 1305 hi
463 1276 511 1313 qui
533 1276 646 1305 fuerunt
662 1284 711 1313 per
733 1279 875 1313 peccatum
900 1277 925 1304 in

83 1324 191 1354 saeculo
211 1324 355 1353 deformati
376 1326 403 1352 et
424 1327 502 1352 erant
524 1323 678 1357 tenebrosi,
707 1323 787 1352 modo
809 1323 835 1351 in
858 1323 927 1352 Reli-

82 1371 160 1409 gione
175 1371 271 1408 positi,
292 1378 341 1407 per
356 1370 465 1399 finalem
481 1370 674 1407 poenitentiam
693 1370 879 1398 reformentur
900 1373 928 1398 et

83 1417 149 1446 fiant
177 1417 317 1451 luminosi,
346 1420 378 1445 ut
391 1417 499 1452 dicatur
520 1416 553 1445 de
577 1416 628 1445 eis:
652 1417 751 1445 Eratis
776 1417 852 1444 enim
874 1416 925 1445 ali-

83 1464 200 1503 quando
221 1463 367 1498 tenebrae,
388 1472 468 1492 mmo
488 1467 585 1492 autem
608 1463 659 1491 lux
681 1463 711 1492 in
735 1463 873 1496 Dominffl
895 1467 928 1491 ut

82 1510 137 1548 filii
161 1510 234 1539 lueis
256 1510 402 1539 ambulate
413 1510 433 1539 ².
455 1510 506 1547 Qui
528 1518 594 1547 ergo
608 1510 765 1539 desiderant
779 1510 806 1538 in
826 1510 926 1547 spiritu

983 1139 1010 1165 et
1025 1136 1149 1165 moribus
1167 1136 1311 1165 reformari
1329 1136 1456 1165 studeant
1471 1136 1554 1165 vitam
1570 1144 1647 1165 suam
1663 1136 1827 1173 subscriptis

984 1183 1137 1211 rationibus
1159 1183 1319 1213 reformare.
1342 1183 1510 1220 Cognosoent
1531 1183 1619 1217 enim⁷
1641 1183 1707 1219 quia
1727 1183 1828 1211 volun-

984 1234 1029 1258 tas
1047 1230 1098 1258 Det
1117 1230 1170 1258 erit
1190 1230 1230 1259 eis
1251 1230 1340 1263 bona,
1359 1233 1493 1266 quantum
1510 1230 1542 1257 ad
1566 1230 1753 1258 remissionem
1770 1230 1828 1259 cul-

983 1284 1034 1313 pae
1048 1276 1240 1310 deformamus,
1256 1276 1449 1313 beneplacens,
1465 1280 1598 1313 quantum
1618 1277 1651 1305 ad
1664 1276 1827 1305 infusionem

984 1323 1087 1359 gratiae
1109 1323 1296 1357 reformantis,
1318 1323 1365 1352 sed
1377 1322 1508 1360 perfecta
1519 1323 1544 1356 ³,
1560 1326 1696 1360 quantum
1711 1323 1744 1351 ad
1759 1323 1828 1351 frui-

985 1369 1085 1397 tionem
1113 1369 1215 1405 gloriae
1244 1369 1434 1405 praemiantis‚
1464 1369 1491 1397 in
1519 1377 1575 1406 qua
1603 1369 1742 1406 recipient
1762 1369 1827 1398 dia-

984 1415 1068 1443 dema
1096 1416 1208 1444 decoris
1236 1416 1269 1444 (Ie
1300 1424 1392 1444 manu
1422 1416 1540 1444 Domini
1563 1416 1636 1449 Iesu,
1667 1416 1714 1452 qui
1744 1416 1829 1444 retri-

985 1462 1049 1491 buet
1069 1463 1225 1501 unicuiqae
1247 1463 1332 1491 iuxta
1353 1471 1442 1500 opera
1466 1471 1541 1496 susm
1564 1462 1660 1491 iustus
1687 1467 1727 1491 est
1754 1463 1827 1491 enim

983 1513 1009 1538 et
1030 1510 1174 1538 iusticiam
1195 1509 1303 1538 dilexit.

855 1621 1015 1649 CAPrrULUM
1041 1620 1058 1648 l.

817 1727 857 1755 De
877 1726 976 1756 divino
998 1726 1098 1765 officio.

164 1828 187 1855 1.
210 1827 278 1855 Cum
299 1825 453 1863 spiritualia
468 1826 522 1855 sint
543 1834 651 1863 semper
672 1828 699 1854 et
714 1825 818 1862 ubique
839 1825 927 1854 omni-

85 1874 137 1903 bus
158 1873 364 1911 praeponenda,
386 1872 501 1907 idcirco,
523 1872 633 1909 quando
654 1872 741 1901 fueris
764 1872 790 1900 in
813 1872 928 1901 ecclesia

86 1921 128 1950 vel
149 1921 213 1950 alibi
234 1921 266 1949 ad
288 1920 413 1949 divinum
434 1920 555 1949 officium
577 1919 791 1954 celebrandum,
814 1928 867 1948 non
890 1919 927 1948 sis

87 1967 121 1996 ibi
144 1975 207 1996 cum
228 1967 371 2004 vagatione
392 1966 495 2001 cordis,
524 1966 723 2003 interponendo
746 1966 855 1999 nociva,
884 1966 927 1994 vel

86 2014 227 2051 cogitando
247 2013 369 2048 diversa,
397 2013 463 2051 quia
483 2013 549 2041 dicit
576 2012 733 2041 Bernardus
746 2013 773 2040 4:
800 2024 813 2037 «
832 2013 928 2049 Magna

984 1825 1081 1854 abusio
1112 1828 1153 1854 est
1184 1825 1287 1854 habere
1314 1833 1345 1854 os
1373 1825 1400 1854 in
1431 1825 1517 1854 choro
1544 1828 1571 1854 et
1591 1833 1638 1854 cor
1667 1825 1693 1854 in
1721 1825 1828 1861 f0r0»;

985 1880 1047 1901 nam
1068 1872 1102 1901 de
1124 1872 1224 1901 talibus
1245 1872 1346 1901 dicitur
1368 1880 1416 1909 per
1438 1873 1615 1909 Prophetam:
1640 1873 1696 1901 Ore
1716 1881 1770 1901 sao
1785 1872 1829 1901 be-

984 1918 1151 1947 nedicebant
1181 1922 1206 1946 et
1236 1919 1321 1947 corde
1347 1927 1401 1946 sao
1429 1918 1654 1952 maledieebant;
1679 1919 1726 1947 sed
1754 1919 1830 1948 dicas

984 1965 1051 1993 illud
1080 1973 1144 1993 cum
1166 1965 1301 2002 profunda
1330 1965 1420 1993 cordis
1441 1965 1597 1994 humilitate
1624 1968 1651 1994 et
1672 1966 1827 1994 reverentia

985 2015 1012 2040 et
1040 2012 1146 2040 timore.
1168 2012 1250 2045 Nam,
1286 2015 1354 2040 teste
1385 2012 1563 2049 Scriptura⁵‚
1592 2012 1678 2041 timor
1710 2012 1831 2041 Domini

146 2154 155 2181 P
173 2154 228 2183 Cap.
247 2155 288 2181 13,
301 2155 322 2176 2.
340 2155 382 2176 Pro
395 2153 566 2183 [lesbi-momina*
581 2153 623 2182 (ita
641 2154 657 2176 F
668 2154 673 2175 l
685 2160 739 2176 cum
752 2154 860 2182 Vulgata)
873 2154 929 2176 alias

87 2192 245 2216 Renovamini.
262 2193 318 2215 Cod.
331 2193 359 2221 D,
372 2193 393 2215 in
406 2193 519 2220 principio
532 2195 605 2215 textus
619 2192 694 2220 posito
711 2192 771 2215 Dicit
788 2192 926 2221 Apostolus,

87 2232 123 2255 liic
138 2232 192 2260 legit
209 2232 257 2255 Hoc
266 2233 341 2261 potest
358 2231 415 2259 dici,
436 2232 451 2253 Ε
468 2230 542 2254 Verba
554 2231 598 2254 ista
616 2231 672 2254 dicit
683 2230 822 2261 Apostolos,
841 2232 927 2255 omisso

87 2269 118 2293 ad
134 2271 251 2294 Romanos
269 2271 340 2300 (quod
359 2271 427 2292 etiam
446 2271 489 2292 BG
507 2270 636 2299 omittunt),
654 2277 696 2298 pro
713 2277 760 2299 quo
777 2271 792 2292 F
811 2270 929 2292 substituit

88 2309 217 2339 neliqiosts,
236 2311 373 2332 continuans
395 2311 417 2333 et
433 2309 469 2333 he's
485 2309 611 2339 praecipue
627 2309 669 2338 qui
683 2309 782 2339 fuerunt
799 2312 854 2336 etc.‚
872 2310 890 2331 D
907 2311 928 2332 et

87 2353 169 2371 eorum
186 2348 228 2378 qui
242 2348 341 2378 fuerunt
358 2352 410 2376 etc„
429 2349 464 2370 alii
482 2348 549 2370 codd.
562 2347 631 2371 ethis
649 2347 690 2377 qui
703 2348 816 2377 fuerant,
830 2348 878 2370 Vat,
892 2348 928 2371 leis

88 2387 129 2417 qni
142 2387 251 2417 fuerunt,
270 2388 400 2416 praefigens
422 2389 448 2410 ut
469 2390 520 2409 ante
546 2386 631 2415 modo,·
654 2387 726 2409 secuti
748 2394 829 2409 sumus
852 2387 928 2409 let-tio-

87 2432 138 2448 nem
157 2427 184 2449 H.

148 2464 157 2477 ²
174 2466 230 2493 Eph.
249 2465 274 2493 5,
292 2466 314 2487 8.
330 2477 361 2481 —-
377 2465 432 2487 Cod.
446 2465 451 2486 1
470 2466 496 2488 ut
507 2464 534 2487 de
546 2464 581 2487 his
599 2463 646 2487 dici
661 2464 735 2493 possit
750 2463 818 2487 atiml
832 2463 928 2487 vai-bum

88 2504 202 2534 Apostoli:
221 2504 300 2527 Eratis
313 2507 354 2526 etc.
368 2516 397 2520 —
410 2504 521 2531 Superius
534 2504 583 2526 Vat.
596 2509 638 2531 pro
649 2502 746 2533 finalem
760 2502 928 2532 poenitentiam

89 2543 125 2571 (ita
138 2544 155 2565 Α
165 2543 183 2565 D
193 2544 208 2566 Ε
217 2544 235 2565 G
245 2544 263 2565 H
275 2544 292 2571 l)
311 2543 427 2565 substituit
438 2542 534 2573 finalem
545 2541 696 2569 sententiam,
708 2542 724 2564 F
736 2548 821 2565 novam
835 2548 929 2565 conver-

87 2581 207 2606 sationem.
226 2583 319 2605 lnsei-ins
336 2589 378 2610 pro
397 2581 531 2605 rationibus
549 2582 567 2604 D
584 2580 722 2608 virtutibus,
739 2581 755 2603 F
772 2580 929 2608 documentis,

88 2621 106 2643 G
123 2621 252 2644 rationibus
269 2623 291 2644 et
306 2620 466 2649 oracionibus,
480 2621 498 2643 Η
516 2619 718 2646 ordinationibus,
735 2622 757 2642 et
774 2622 825 2647 post
843 2619 930 2649 Cogno-

88 2661 150 2683 scene
167 2661 198 2682 Bl
216 2660 322 2683 omittunt
338 2660 409 2683 enim.

149 2697 158 2711 ³
175 2699 240 2721 Rom.
259 2700 301 2726 l2,
318 2700 340 2721 2.
356 2712 387 2714 —
405 2699 462 2721 Tres
479 2705 543 2727 seqq.
562 2698 605 2721 loci
621 2701 675 2720 sunt
693 2698 745 2725 Sap.
767 2698 793 2724 5,
811 2697 854 2719 rl7:
878 2697 930 2719 ldeo

89 2737 199 2765 accipient
217 2743 314 2765 regnum
327 2737 418 2760 decoris
432 2740 454 2759 et
464 2737 571 2759 diadema
589 2736 674 2764 speciei
691 2736 720 2758 de
738 2742 806 2758 manu
826 2735 930 2762 Domini;

88 2775 123 2797 Ps.
144 2776 168 2797 61
180 2792 185 2802 ,
204 2775 246 2798 43:
264 2776 321 2804 Quia
340 2778 362 2798 tu
380 2775 463 2798 reddes
481 2775 604 2803 unicuique
621 2775 680 2797 iuxta
698 2780 769 2802 opera
787 2780 828 2796 sua
847 2773 896 2802 (cfr.
915 2774 930 2796 l.

89 2813 143 2842 Reg.
157 2813 197 2842 26.
209 2814 252 2841 23;
264 2814 339 2836 Matth.
358 2814 399 2841 16,
417 2813 455 2836 27.
471 2816 493 2836 et
510 2814 575 2835 Rom.
593 2814 620 2840 2,
638 2813 666 2835 6:
685 2813 729 2841 Qui
746 2812 827 2835 reddet
845 2812 930 2835 unicui-

89 2856 133 2879 que
149 2851 275 2874 secundum
293 2858 363 2880 opera
375 2851 446 2880 eius),
458 2854 481 2874 et
493 2852 527 2874 ΡΞ.
542 2852 581 2879 10,
594 2852 620 2873 8:
635 2851 748 2880 Quoniam
766 2850 838 2873 iustus
855 2850 929 2872 Domi-

89 2894 131 2912 nus
147 2892 169 2912 et
185 2889 280 2912 iustitias
296 2889 380 2913 dilexit.
398 2902 428 2907 —
445 2890 532 2912 Deinde
554 2890 571 2912 B
592 2889 657 2912 addit
679 2888 784 2918 Explicit
799 2888 928 2918 prologus,

90 2925 202 2957 incipiunt
219 2927 334 2958 capitula,
352 2935 412 2957 quae
428 2929 559 2957 singillatim
578 2928 607 2957 (e.
628 2929 671 2957 16.)
693 2929 757 2950 assert
776 2927 844 2955 (sicut
860 2928 928 2950 etiam

90 2965 132 2988 DF
148 2969 170 2989 et
186 2967 222 2989 ed.
238 2967 269 2996 1).

150 3003 160 3017 ⁴
176 3005 220 3027 crr.
237 3005 335 3028 Mediwt.
353 3006 450 3034 piissim.
467 3006 496 3028 de
513 3006 644 3034 cognitione
660 3006 776 3028 numanae
793 3004 929 3027 conditionis

984 2154 1039 2176 (lum
1053 2160 1105 2179 oro,
1118 2159 1162 2175 non
1180 2153 1272 2175 attendo
1290 2153 1352 2181 quod
1371 2153 1429 2174 dieo.
1447 2152 1493 2174 Oro
1510 2153 1604 2181 quidem
1622 2159 1674 2179 ore,
1693 2153 1733 2175 sed
1752 2157 1828 2176 mente

986 2193 1040 2215 soris
1061 2195 1171 2220 vagante,
1194 2192 1303 2214 orationis
1321 2193 1394 2214 fructu
1418 2192 1504 2219 privor.
1522 2192 1624 2220 Corpore
1644 2198 1696 2214 sum
1719 2193 1828 2220 interius,

984 2231 1024 2254 sed
1042 2231 1112 2254 corde
1128 2231 1238 2257 exterius,
1256 2233 1277 2252 et
1289 2231 1341 2253 ideo
1354 2231 1426 2258 perdo
1438 2231 1501 2259 quod
1514 2231 1574 2253 dico.
1587 2231 1669 2253 Parum
1687 2232 1747 2253 enim
1762 2233 1830 2260 prod-

985 2274 1018 2293 est
1035 2271 1081 2292 sola
1099 2276 1156 2292 voco
1173 2273 1265 2292 cantare
1285 2270 1333 2291 sine
1359 2270 1435 2291 cordis
1452 2270 1582 2292 intentione.
1604 2270 1724 2298 Propterea
1743 2277 1827 2298 magna

986 2309 1136 2336 perversitas,
1155 2308 1225 2330 immo
1251 2314 1334 2335 magna
1358 2308 1443 2330 insania
1470 2311 1515 2335 est,
1540 2309 1633 2337 quando
1658 2315 1710 2331 cum
1728 2309 1827 2332 Domino

986 2348 1111 2370 maiestatis
1132 2347 1194 2376 loqui
1212 2347 1234 2369 in
1256 2347 1358 2369 oratione
1374 2347 1557 2375 praesumimus,
1579 2350 1602 2369 et
1619 2348 1724 2370 insensati
1746 2354 1826 2370 aurem

985 2386 1111 2409 avertimus
1128 2389 1150 2408 et
1166 2386 1195 2408 ad
1213 2386 1290 2408 nescio
1307 2392 1365 2414 quas
1382 2386 1479 2414 ineptias
1491 2387 1647 2409 convertimus
1664 2393 1704 2409 cor
1720 2390 1763 2409 etc.
1780 2387 1825 2409 Ctr.

986 2426 1059 2447 Serm.
1076 2425 1113 2447 25.
1131 2425 1160 2447 de
1178 2424 1291 2451 Diversis,
1309 2431 1331 2446 n.
1344 2425 1365 2446 7.
1383 2431 1443 2453 δαίμ
1461 2425 1534 2447 Serm.
1546 2425 1568 2446 7.
1585 2425 1606 2446 in
1624 2425 1688 2447 Cant.
1705 2432 1726 2447 n.
1745 2425 1765 2447 4.
1778 2432 1826 2454 seq.

985 2467 1007 2485 et
1024 2464 1098 2486 Serm.
1116 2463 1151 2485 47.
1170 2470 1192 2485 n.
1204 2464 1225 2485 8.
1243 2463 1302 2485 Vide
1319 2463 1387 2485 etiam
1404 2462 1466 2485 Libr.
1478 2463 1507 2485 de
1525 2463 1591 2486 Modo
1604 2463 1663 2485 bene
1675 2464 1769 2486 vivendi
1788 2464 1831 2493 (in-

988 2506 1020 2524 ter
1036 2508 1106 2530 opera
1124 2501 1259 2530 Bernardi),
1277 2508 1296 2523 e.
1314 2502 1350 2524 52.
1368 2508 1390 2523 n.
1411 2501 1468 2523 ¹122:
1485 2502 1547 2523 Mens
1570 2505 1606 2524 tua
1625 2508 1677 2524 cum
1701 2509 1759 2525 voce
1776 2509 1828 2525 con-

986 2542 1077 2568 cordet,
1095 2541 1218 2563 concordet
1229 2547 1282 2563 cum
1294 2541 1384 2568 lingua,
1397 2547 1442 2562 non
1454 2541 1514 2563 aliud
1528 2541 1615 2568 cogites
1632 2544 1654 2563 et
1667 2541 1728 2564 aliud
1743 2545 1826 2564 cantes.

986 2580 1007 2601 Si
1025 2579 1086 2601 aliud
1103 2582 1180 2602 cantes
1196 2579 1218 2601 in
1237 2582 1313 2601 mente
1325 2582 1346 2601 et
1358 2579 1419 2601 aliud
1431 2582 1509 2601 cantes
1521 2579 1543 2601 in
1556 2585 1625 2606 voce,
1638 2580 1716 2607 perdis
1728 2581 1827 2602 fructum

986 2618 1070 2640 laboris
1087 2618 1125 2640 tui.
1145 2618 1167 2640 Si
1179 2624 1264 2646 eorpus
1276 2620 1340 2640 tuum
1353 2620 1396 2640 stat
1408 2618 1430 2640 in
1442 2618 1534 2640 ecclesia
1553 2622 1574 2640 et
1587 2618 1640 2640 soris
1652 2621 1750 2646 vagatur
1762 2625 1827 2641 mens

987 2660 1035 2685 tua,
1053 2657 1131 2684 perdis
1154 2657 1284 2679 mercedem
1308 2659 1378 2679 tuam.
1395 2656 1460 2678 Unde
1482 2656 1565 2678 dieitur
1583 2656 1642 2686 [lsai.
1664 2657 1706 2684 29,
1725 2658 1765 2686 13,
1787 2657 1828 2686 qui

986 2695 1106 2718 exhibetur
1119 2698 1142 2718 ut
1156 2696 1178 2717 in
1191 2696 1266 2718 Matth.
1282 2695 1321 2724 15,
1336 2695 1381 2724 8.]:
1398 2695 1503 2724 Populus
1520 2695 1557 2718 hic
1576 2695 1642 2719 labiis
1659 2702 1695 2719 me
1712 2696 1826 2725 honorat,

986 2740 1028 2758 cor
1043 2735 1123 2757 (tillem
1139 2740 1223 2756 eorum
1245 2733 1314 2763 Ionqe
1330 2735 1363 2757 est
1383 2740 1399 2756 a
1415 2740 1451 2756 me
1475 2736 1520 2756 etc.
1540 2734 1601 2756 Libr.
1626 2735 1647 2757 ll.
1672 2735 1700 2757 de
1723 2734 1826 2758 claustro

986 2773 1076 2795 animae
1094 2772 1164 2801 (inter
1181 2779 1250 2801 opera
1268 2773 1327 2801 Hug.
1345 2779 1357 2795 a
1376 2773 1397 2794 S.
1417 2773 1496 2801 Vict.),
1508 2779 1527 2795 c.
1541 2774 1582 2795 22:
1596 2773 1618 2795 ln
1631 2774 1701 2795 choro
1713 2777 1767 2796 sunt
1777 2780 1828 2796 cor-

986 2818 1055 2840 porc,
1072 2811 1113 2834 sed
1131 2811 1151 2833 in
1170 2812 1219 2834 soro
1236 2815 1312 2834 mente
1329 2814 1372 2833 etc.
1388 2823 1419 2828 --
1436 2811 1539 2834 Subinde
1561 2812 1672 2840 allegatur
1689 2813 1722 2835 Ps.
1741 2813 1784 2840 61,
1802 2813 1829 2840 5,

985 2851 1022 2873 cui
1042 2850 1087 2872 DG
1104 2849 1248 2878 subiungunt
1264 2853 1424 2878 praenotatum
1443 2853 1528 2873 textum
1546 2851 1594 2873 lsai.
1610 2851 1651 2878 29,
1665 2851 1705 2874 43:
1721 2851 1835 2881 Populus,

986 2889 1023 2912 hic
1040 2891 1082 2912 etc.
1105 2901 1135 2905 —
1161 2889 1256 2911 inferius
1281 2895 1323 2917 pro
1347 2888 1388 2912 sed
1411 2888 1476 2912 dicas
1502 2888 1562 2912 illud
1577 2889 1611 2911 Dl
1628 2889 1669 2913 sed
1692 2889 1757 2914 dicas
1779 2890 1826 2920 offi-

986 2927 1057 2951 cium.

1048 2965 1057 2978 ⁶
1074 2965 1140 2988 Eceli.
1161 2966 1179 2993 l,
1198 2966 1234 2988 12.
1251 2968 1273 2988 et
1285 2966 1369 2989 deinde
1386 2966 1428 2993 32,
1446 2966 1472 2994 9;
1490 2967 1530 2989 cfr.
1543 2973 1613 2995 supra
1631 2973 1684 2995 pag.
1703 2967 1760 2995 3963,
1771 2970 1833 2995 nota,

987 3005 1022 3027 ⁴0.
1039 3016 1071 3021 --
1087 3004 1181 3027 inferius
1199 3011 1241 3032 pro
1257 3004 1290 3028 sis
1306 3006 1397 3028 erectus
1414 3005 1432 3027 D
1448 3006 1494 3029 stes
1510 3006 1614 3034 erectas,
1625 3009 1647 3028 et
1659 3012 1701 3034 pro
1718 3005 1761 3029 hoc
1776 3007 1829 3029 tan—

91 3042 156 3070 (inter
167 3050 236 3071 opera
248 3044 379 3073 Bernardi)‚
395 3050 416 3067 c.
428 3045 450 3066 8.
462 3050 484 3066 n.
497 3045 538 3066 22:
551 3044 574 3066 ln
586 3044 721 3067 Monasterio
735 3049 835 3072 namque
848 3049 928 3071 saepe,
956 3038 959 3072 Ι
986 3044 1037 3066 tum
1053 3043 1149 3072 excepto
1166 3043 1200 3065 ΗΙ
1218 3042 1261 3066 hoc
1278 3044 1357 3066 tamen
1373 3044 1476 3072 excepto.
