2133 3317
221 229 277 258 73⁶2

474 266 524 288 PEC

221 308 327 330 timorem
345 306 416 328 divini
434 305 511 327 iudicii
531 305 558 326 12
578 305 590 326 2
603 316 633 320 -
645 304 736 331 Triplex
754 303 791 325 de·

221 346 260 369 bet
277 352 327 368 esse
344 345 410 367 dolor
427 345 456 366 (10
466 347 560 372 peccato
573 343 698 365 commisso
712 343 755 364 1129
769 343 790 363 6.

224 386 267 407 130
285 385 298 406 7
317 397 347 401 —
365 384 439 405 Homo
457 383 575 411 poenitere
593 381 662 404 debet
680 388 721 409 pro
740 388 791 409 pec-

221 425 277 446 catis
294 424 341 445 suis
359 429 411 445 cum
434 422 519 448 David,
545 428 598 444 cum
618 421 743 449 publicano
769 423 791 442 et

221 470 274 485 cum
293 463 360 485 Maria
378 462 513 489 Magdalena
532 461 575 482 117
602 462 614 482 2
638 473 667 476 ——
693 460 791 488 Quando

221 502 297 524 anima
316 504 437 530 peccatum
456 507 524 523 suum
543 500 659 527 agnoscit,
672 505 684 521 a
698 500 791 527 planctu

221 548 245 564 se
262 541 380 564 continere
398 546 443 562 non
462 540 522 562 valet
539 540 568 561 36
587 540 610 561 21
634 552 662 554 -
684 539 791 561 1110010105

221 581 280 603 oculi
299 587 311 602 a
329 580 416 608 peccati
435 578 528 601 tenebra
548 585 589 607 per
606 578 792 606 compunctionis

220 626 335 649 lacrymas
352 618 496 647 expurgandi
513 621 567 640 sunt
585 618 613 639 39
632 618 660 639 29

268 672 299 675 -
316 659 388 686 Magis
406 657 533 680 dolendum
551 660 585 679 est
603 657 631 680 de
644 656 792 685 gravioribus

221 697 446 726 transgressionibus
465 697 509 719 134
528 697 541 718 8
564 710 594 712 -
619 696 704 719 Peccati
732 696 792 718 dete-

222 738 289 760 statio
306 737 449 765 respondere
467 736 536 758 debet
553 736 677 758 voluntatis
695 735 793 758 delecta-

221 777 277 799 tioni
294 776 323 798 37
342 777 371 798 22
389 788 418 792 —-
436 776 511 797 Homo
528 778 649 803 peccatum
667 781 694 796 ex
711 781 736 797 se
748 776 792 797 suf-

222 816 324 838 ficienter
342 816 455 843 plangere
472 821 516 837 non
534 815 595 836 valet
611 813 666 837 ibid.
683 827 714 830 —
739 816 793 836 sunt

222 856 324 883 integre,
342 855 454 877 veraciter
471 857 492 876 et
510 861 568 882 pure
593 854 723 876 confitenda
748 854 791 876 497

223 901 234 917 a
253 907 282 911 —
300 895 456 917 dimitttuntur
473 900 514 921 per
540 895 687 916 Sacramenta
711 894 740 915 83
764 893 792 915 40

222 947 252 951 -
269 940 388 962 nunquam
407 934 536 955 relaxantur
553 933 595 955 nisi
614 933 636 954 in
649 933 695 955 tide
712 935 733 954 et
746 933 793 954 uni-

226 976 271 996 tate
289 973 402 995 Ecclesiae
420 972 474 995 ibici.
500 985 529 988 —-
556 973 577 994 S.
603 972 740 994 eucharistia
763 971 792 993 ab

223 1013 285 1035 omni
303 1015 398 1041 peccato
416 1015 501 1040 purgat
523 1011 563 1034 104
583 1011 611 1034 15
626 1025 656 1027 -
669 1011 792 1040 Quomodo

222 1055 316 1080 peccata
327 1052 423 1074 venialia
437 1051 555 1079 expientur
570 1052 610 1073 102
622 1052 634 1072 8
644 1063 675 1067 -
684 1054 706 1072 01
718 1056 792 1078 poena

222 1092 310 1119 peccati
329 1091 417 1114 deletur
435 1097 475 1118 per
493 1091 641 1112 devotionem
664 1090 705 1112 148
732 1091 745 1111 2

223 1134 353 1159 purgantur
371 1130 392 1152 in
410 1130 463 1158 igne
482 1129 634 1151 tribulationis
651 1129 680 1150 83
708 1129 736 1150 40
763 1141 792 1144 -

224 1170 310 1192 peccati
324 1170 427 1197 expulsio
440 1170 464 1191 nt
476 1170 497 1191 in
511 1169 547 1190 via
561 1169 683 1196 purgativa
702 1169 726 1190 12
741 1168 748 1189 Ι1
763 1180 794 1184 -

224 1211 325 1237 perfecte
339 1209 462 1231 remittitur
474 1209 585 1236 martyrio
601 1209 627 1229 12
641 1209 653 1229 2
672 1220 702 1224 -
714 1207 794 1230 Omnis

223 1249 290 1276 culpa
317 1248 439 1276 purganda
464 1247 494 1269 ab
520 1247 626 1274 homine,
652 1247 690 1275 qui
718 1249 794 1268 certus

223 1294 268 1310 non
287 1290 321 1310 est
339 1288 368 1310 de
385 1288 422 1309 die
439 1287 537 1309 crastina
556 1287 570 1308 5
587 1287 600 1308 7
619 1299 649 1302 —
675 1286 718 1314 Qui
741 1285 794 1307 labi-

223 1330 260 1349 tur
277 1327 299 1349 in
317 1327 409 1355 culpam
427 1327 550 1349 difficulter
567 1332 609 1354 per
626 1331 650 1348 se
671 1325 794 1353 corrigitur

226 1368 270 1389 132
288 1368 301 1389 2
320 1380 350 1382 -
368 1366 462 1389 dimissa
483 1366 577 1388 sollicite
596 1365 715 1393 pensanda
733 1365 746 1386 6
767 1365 794 1386 10

223 1419 253 1422 —
272 1407 314 1428 Pro
333 1406 434 1428 dimissis
453 1411 536 1432 magna
554 1404 714 1427 benevolentia
736 1404 795 1426 exhi-

224 1445 300 1468 benda
318 1445 382 1467 0519
409 1445 422 1466 7
447 1457 477 1461 —
503 1445 598 1472 Propter
624 1444 793 1471 reparationem

225 1485 254 1507 de
272 1487 365 1512 peccato
384 1484 500 1512 gratitudo
518 1483 647 1506 exhibenda
670 1483 699 1504 15
725 1483 737 1504 9
764 1494 794 1498 -

224 1524 307 1547 Contra
326 1530 395 1546 omne
413 1524 499 1545 malum
518 1523 579 1545 acuit
591 1522 745 1544 consideratio
762 1522 795 1543 iu-

225 1564 279 1586 dicii
297 1563 310 1585 5
327 1563 340 1584 7
359 1575 389 1579 —
407 1563 523 1585 Meditatio
540 1562 624 1584 inferni
645 1564 679 1584 est
705 1561 793 1583 medela

224 1606 374 1631 peccatorum
392 1602 422 1624 55
443 1602 469 1623 10
487 1614 517 1618 —-
545 1601 642 1624 Devotio
669 1601 720 1623 facit
745 1602 794 1623 hor-

224 1649 275 1664 rere
293 1644 389 1670 peccata
412 1641 452 1663 l47
471 1642 484 1663 2
505 1654 532 1656 -
550 1641 680 1663 sanctitatis
697 1643 732 1662 est
749 1646 793 1662 non

224 1684 312 1704 tantum
331 1684 424 1709 peccata
444 1687 539 1707 cavere,
566 1680 607 1702 sed
633 1680 701 1702 etiam
728 1685 794 1701 occa-

226 1721 302 1743 siones
320 1723 469 1748 peccatorum
489 1720 533 1742 315
552 1720 565 1742 5
586 1718 641 1742 Vide
664 1725 684 1742 v.
711 1718 794 1747 Culpa.

225 1773 255 1777 -—
272 1760 421 1783 subditorum
439 1760 582 1787 imputantur
600 1759 714 1786 praelato,
732 1758 750 1780 si
768 1764 794 1779 ea

225 1806 271 1822 non
289 1799 383 1827 corrigit
400 1801 422 1821 et
441 1801 564 1826 praecavet
585 1798 626 1820 136
641 1798 667 1820 16
680 1810 710 1814 -
723 1798 744 1819 10
757 1798 795 1820 01-

227 1839 280 1861 dine
298 1842 415 1861 reservata
435 1838 479 1860 465
497 1844 518 1859 a.
536 1837 580 1859 467
600 1837 614 1859 b
636 1849 667 1853 —
690 1837 796 1866 quinque

226 1878 327 1901 Ministro
345 1878 480 1906 provinciali
498 1879 613 1899 reservata
633 1876 678 1898 457
696 1883 706 1898 a

274 1918 369 1940 Pecurnit
388 1929 418 1933 —
436 1920 553 1939 terrenum
577 1922 662 1938 nomen
680 1919 726 1943 est,
750 1922 796 1937 ma-

227 1958 263 1985 gis
279 1957 386 1979 redolens
403 1956 522 1978 avaritiam
541 1962 611 1984 quam
630 1961 714 1977 nomen
742 1955 796 1977 divi-

227 1997 310 2019 tiarum
330 1996 374 2018 422
393 1997 406 2018 2
424 2008 454 2012 -
472 2002 483 2017 0
511 1995 636 2023 pecoribus
662 1997 695 2016 est
719 1994 796 2022 appel·

227 2036 269 2058 lata
289 2036 333 2058 420
352 2036 364 2057 3
383 2047 414 2051 -
440 2035 552 2057 Pecuniae
569 2040 653 2056 nomen
672 2036 756 2056 terram
775 2036 796 2055 et

227 2075 398 2103 possessionem
417 2077 484 2096 sonat
502 2074 545 2096 418
565 2074 593 2096 20
608 2086 638 2090 -
652 2074 697 2095 lovi
711 2079 796 2095 nomen

226 2114 339 2142 pecuniae
357 2114 491 2141 impositum
517 2112 622 2135 05110111.
648 2125 679 2129 —
704 2113 796 2140 Triplex

228 2156 262 2175 est
279 2159 353 2181 genus
371 2153 483 2180 pecuniae
502 2152 546 2174 420
565 2153 577 2174 3
590 2153 696 2179 —large
713 2151 797 2173 dicitur

227 2192 341 2221 quidquid
360 2192 516 2219 temporaliter
534 2191 665 2218 possidetur
684 2191 728 2212 412
741 2191 754 2212 2
767 2203 797 2206 -

227 2232 305 2254 5111010
322 2233 416 2258 accepta
434 2233 468 2252 est
485 2236 592 2252 mensura
611 2229 798 2252 commutationis

227 2277 304 2293 rerum
323 2270 377 2297 ibid.
395 2283 425 2286 —-
443 2270 464 2291 in
489 2269 614 2297 Evangelio
636 2268 731 2291 inhibita
757 2268 799 2290 fuit

229 2309 321 2332 31514
345 2322 375 2326 —-
401 2309 538 2336 prohibetur
564 2308 679 2336 Apostolis
705 2308 750 2330 273
776 2307 797 2329 5.

229 2349 273 2371 412
287 2350 308 2371 2.
327 2349 371 2371 417
389 2349 414 2371 15
427 2361 457 2365 -
470 2348 600 2375 Evangelici
619 2348 661 2369 viri
676 2347 797 2375 pecuniam

228 2395 275 2411 non
293 2388 412 2416 possidere
430 2387 570 2410 dehent3l4
584 2387 612 2409 13
624 2399 655 2403 -
668 2387 715 2409 Hoc
733 2393 799 2415 prae-

229 2431 322 2456 ceptum
349 2428 503 2449 indifferenter
528 2426 637 2449 omnibus
662 2426 799 2454 proponitur

229 2467 344 2490 Christum
358 2468 459 2494 perfecte
471 2465 603 2488 volentibus
615 2465 698 2487 imitari
713 2465 756 2487 416
771 2465 799 2487 14

230 2520 259 2522 -
277 2507 319 2535 Qui
338 2506 407 2528 huius
424 2505 572 2533 perfectionis
589 2505 693 2532 regulam
711 2505 800 2526 imitan-

230 2549 266 2569 tur
283 2546 371 2568 nullum
391 2545 523 2572 depositum
541 2545 654 2572 pecuniae
666 2543 751 2566 habere
764 2544 801 2566 de—

231 2585 286 2607 bent
304 2585 347 2607 417
367 2584 396 2606 15
421 2596 452 2600 —-
478 2584 645 2606 Documentum
671 2583 753 2606 Christi
771 2583 799 2605 ad

230 2625 353 2652 Apostolos
371 2624 400 2646 de
418 2630 462 2645 non
481 2623 572 2645 ferenda
600 2623 697 2650 pecunia
722 2622 801 2644 intelli-

230 2664 333 2692 gendum
353 2666 387 2685 est
405 2663 434 2685 ad
452 2663 549 2685 litteram
569 2662 614 2684 305
632 2662 645 2684 4
657 2661 801 2684 -Pecuniis

230 2709 309 2725 carere
327 2705 362 2724 est
379 2703 506 2730 perfectum
526 2701 570 2723 277
592 2702 620 2723 16
646 2713 677 2717 —-
699 2701 741 2723 Per
766 2707 801 2722 00-

231 2743 328 2765 rentiam
347 2742 460 2770 pecuniae
478 2742 588 2764 accrescit
606 2741 714 2763 meritum
731 2740 802 2762 virtu-

232 2783 260 2804 tis
277 2785 299 2804 et
315 2782 440 2804 sanctitatis
457 2781 502 2804 314
522 2780 558 2802 14.
579 2780 624 2802 315
651 2780 679 2802 14
705 2793 736 2796 -—
762 2780 801 2801 Pe-

232 2821 324 2843 cuniam
344 2821 465 2849 possidere
483 2823 517 2842 est
535 2820 695 2847 imperfectum
718 2820 739 2841 in
762 2825 801 2846 ge-

234 2867 289 2882 nere
307 2861 351 2882 238
371 2861 383 2882 8
401 2872 432 2876 -
450 2862 484 2882 est
502 2859 601 2881 maxime
622 2858 757 2881 illecebrosa
780 2860 803 2880 et

233 2900 262 2922 de
280 2899 337 2922 facili
355 2900 452 2921 illectiva
472 2902 493 2921 et
511 2899 643 2921 distractiva
661 2899 707 2920 315
726 2898 754 2920 15
771 2910 802 2914 —

233 2939 327 2961 Maxima
347 2938 461 2966 cupiditas
473 2938 584 2966 pecuniae
597 2937 675 2960 haberi
688 2938 745 2959 solet
757 2937 801 2959 413

234 2978 247 2999 3
265 2991 295 2993 -
313 2979 387 3000 aufert
405 2978 493 2999 homini
512 2978 584 2999 Deum
604 2977 648 2999 412
667 2977 675 2998 1
705 2989 735 2993 —-
761 2977 802 2998 Per

234 3017 405 3045 possessionem
425 3017 537 3044 pecuniae
554 3017 630 3038 omnis
647 3016 735 3044 Religio
758 3016 802 3038 suf-

926 225 1025 253 lNDEX
1047 224 1297 252 ALPHABETICUS.

826 304 914 325 focatur
932 303 976 325 354
1000 303 1015 325 b
1037 315 1069 319 —
1093 302 1166 325 servis
1191 302 1231 324 Dei
1249 302 1304 324 nihil
1332 302 1393 324 aliud

825 345 859 364 051
876 348 947 371 quam
969 341 1077 364 diabolus
1102 346 1124 363 et
1141 340 1236 363 coluber
1262 347 1394 363 venenosus

825 381 870 404 524
888 381 901 403 5
919 394 950 397 -
967 382 1009 403 Per
1025 381 1180 408 receptionem
1194 381 1305 408 pecuniae
1318 381 1394 408 plures

826 421 846 443 in
865 421 926 443 clero
944 423 966 443 et
984 421 1082 442 claustro
1102 420 1147 442 Deo
1165 423 1187 442 et
1212 419 1345 442 hominibus
1363 420 1394 441 vi-

825 461 915 482 luerunt
935 460 978 482 419
997 460 1026 481 22
1044 472 1074 475 -
1089 464 1124 481 est
1140 459 1236 485 domini,
1254 459 1321 481 etiam
1340 465 1393 481 cum

825 499 977 521 committitur
990 505 1104 526 personae
1118 499 1268 520 intermediae
1281 498 1326 520 332
1340 498 1352 520 3
1366 511 1394 513 -

825 545 836 560 0
855 541 1005 566 procuratore
1023 537 1135 560 debitoris
1153 537 1242 565 perdita
1264 537 1309 565 ipsi
1332 537 1394 559 debi-

826 578 869 600 tori
886 578 991 606 perditur
1009 577 1054 599 314
1074 577 1102 599 13
1119 589 1151 592 -
1163 577 1214 599 data
1229 576 1347 598 Fratribus
1359 576 1394 598 1111-

826 617 922 639 noribus
940 623 986 639 non
1004 619 1038 638 est
1063 616 1177 638 servanda
1204 622 1216 638 a
1242 615 1394 638 servitoribus

826 657 929 678 Fratrum
949 655 993 678 464
1011 655 1026 677 b
1048 654 1102 677 Vide
1113 661 1135 678 v.
1147 654 1302 678 1111110103.-
1313 655 1393 683 Quoad

826 696 947 723 pecuniam
961 695 1071 722 distingui
1084 697 1159 722 potest
1168 694 1311 723 quadruplex
1322 695 1395 716 forma

825 735 951 762 recipiendi
970 734 998 756 ad
1017 734 1127 756 Ordinem
1141 734 1338 762 qualemcumque
1350 733 1393 755 369

826 780 838 796 0
856 787 886 790 -
904 774 1005 796 Simonia
1024 775 1058 795 051
1075 773 1178 800 recipere
1196 773 1295 801 aliquem
1313 772 1343 794 ad
1357 772 1395 794 Or-

826 814 902 836 dinem
922 815 1017 841 propter
1034 812 1157 840 pecuniam
1177 811 1221 834 370
1239 818 1251 833 a

875 854 969 875 Peneum
987 864 1018 868 -
1036 852 1097 873 Varii
1116 852 1209 873 effectus
1222 851 1332 879 penuriae
1350 851 1395 873 325

826 893 855 914 28
875 904 903 907 -
922 892 1015 914 1110105ῑο
1034 893 1068 913 051
1085 891 1161 913 avaris
1179 891 1224 913 326
1243 891 1271 912 28
1289 903 1319 906 ψ
1338 891 1396 912 Vere

827 930 970 959 pauperibus
998 930 1104 952 solatium
1133 932 1166 952 est
1194 930 1315 957 penuriam
1349 930 1396 957 pati

827 970 881 993 ibid.

874 1010 918 1031 PER
936 1016 960 1031 SE
978 1022 1008 1024 —
1027 1008 1120 1031 Locutio
1138 1014 1179 1036 per
1197 1015 1221 1030 se
1244 1014 1298 1030 vera
1318 1008 1363 1030 252
1383 1009 1395 1029 2

827 1056 857 1065 -·-
875 1049 938 1076 Quae
964 1048 1081 1076 aliquibus
1104 1050 1238 1075 competunt
1261 1054 1302 1075 per
1319 1054 1343 1069 se
1366 1048 1413 1069 lo·=

827 1088 920 1116 quendo
938 1087 1081 1110 consimilem
1100 1086 1184 1109 habent
1197 1087 1395 1115 comparationem

818 1128 922 1160 011318

876 1167 998 1189 PERFECTto
1016 1179 1045 1181 —
1072 1166 1215 1193 significatur
1232 1172 1273 1193 per
1290 1168 1397 1187 centena-

828 1206 887 1228 rium
906 1211 1030 1227 numerum
1049 1205 1093 1226 282
1107 1205 1136 1227 29
1148 1217 1178 1221 —-
1189 1207 1222 1227 est
1239 1205 1324 1233 virtusy
1337 1210 1397 1233 quae

829 1244 934 1273 pervenit
951 1250 1025 1273 usque
1043 1244 1072 1266 ad
1085 1244 1153 1266 finem
1167 1244 1212 1266 245
1225 1245 1237 1266 2
1254 1257 1284 1260 -
1297 1244 1397 1266 formalis

828 1284 931 1307 consistit
948 1284 971 1306 in
989 1283 1105 1306 habitibus
1131 1286 1152 1306 et
1169 1283 1259 1306 actibus
1284 1284 1396 1305 virtutum

828 1324 873 1346 396
896 1324 920 1345 10
938 1336 968 1339 -
986 1323 1110 1345 materialis
1127 1323 1230 1345 consistit
1247 1323 1269 1344 in
1283 1329 1397 1350 aggrega-

828 1363 889 1385 tione
907 1362 1055 1385 consiliorum
1075 1362 1111 1384 vel
1129 1363 1207 1389 legum
1221 1362 1354 1384 ducentium
1368 1362 1396 1384 ad

828 1406 912 1425 statum
932 1402 1078 1430 perfectionis
1096 1401 1150 1424 ibid,
1169 1415 1200 1417 —
1218 1402 1346 1423 Perfectum
1364 1404 1398 1423 est

828 1442 913 1470 aliquid
932 1448 957 1464 ex
976 1442 1071 1469 proprio
1089 1447 1186 1469 genere,
1204 1441 1239 1463 vel
1257 1441 1344 1463 ratione
1356 1441 1398 1463 cir-

828 1482 980 1504 cumstantiae
1006 1481 1051 1503 259
1075 1481 1087 1502 7
1111 1494 1142 1496 -
1168 1481 1296 1503 Perfectum
1324 1483 1398 1508 potest

828 1528 879 1543 0550
896 1521 983 1549 aliquid
1009 1526 1036 1542 ex
1060 1520 1230 1542 circumstantia
1258 1520 1303 1542 254-
1331 1519 1344 1541 7

829 1561 920 1589 Aliquid
940 1560 964 1582 fit
981 1561 1081 1588 perfecte
1099 1559 1187 1581 ratione
1200 1559 1251 1581 finis
1268 1561 1290 1581 01
1302 1560 1399 1581 circum-

828 1600 963 1622 stantiarum
984 1600 1029 1621 266
1048 1600 1056 1621 ‘l
1078 1611 1109 1615 —
1128 1600 1255 1621 Perfectum
1275 1599 1294 1620 in
1315 1605 1399 1626 genere

829 1642 862 1661 est
879 1642 944 1661 actus
961 1639 1060 1661 difficilis
1077 1641 1100 1660 et
1125 1639 1248 1665 excellens,
1271 1639 1398 1665 perfectum

829 1685 856 1701 ex
873 1678 1045 1701 circumstantia
1063 1678 1147 1700 (licitur
1164 1681 1229 1700 actus
1246 1678 1345 1700 difficilis
1362 1678 1400 1699 de-

829 1717 882 1740 bitis
906 1717 1085 1740 circumstantiis
1108 1717 1233 1739 adornatus
1259 1717 1303 1739 238
1331 1718 1343 1738 8
1370 1729 1399 1732 —-

829 1758 956 1779 Perfectum
974 1757 1103 1779 secundum
1120 1762 1145 1778 se
1162 1760 1195 1778 est
1213 1759 1277 1778 actus
1303 1756 1400 1778 difficilis

829 1803 841 1819 a
860 1796 960 1819 caritatis
977 1796 1118 1818 sublimitate
1135 1787 1264 1823 procedens
1289 1794 1351 1823 ibid,
1371 1796 1399 1817 10

829 1849 859 1852 -
877 1838 911 1858 051
927 1839 992 1858 actus
1010 1837 1125 1863 perfectae
1142 1835 1265 1857 voluntatis
1292 1838 1311 1856 et
1330 1835 1400 1857 virtu-

830 1876 857 1898 tis
875 1875 903 1898 ib.
923 1876 951 1897 10
969 1888 999 1891 -
1019 1875 1145 1897 Perfectum
1164 1875 1193 1897 de
1210 1878 1291 1896 natura
1310 1875 1345 1896 sui
1363 1880 1400 1902 ge-

829 1915 890 1937 neris
908 1918 941 1937 est
959 1915 1021 1943 quod
1041 1917 1075 1936 est
1091 1914 1196 1940 difficile,
1214 1914 1313 1936 arduum
1332 1916 1353 1935 et
1365 1920 1400 1936 sn-

830 1954 1030 1982 pererogatorium
1050 1954 1095 1976 259
1109 1955 1130 1976 8.
1144 1954 1190 1975 266
1203 1954 1216 1975 2
1228 1966 1259 1969 -—
1272 1954 1399 1975 Perfectum

830 1996 864 2016 est
881 1993 945 2022 quod
963 2000 989 2015 ex
1007 1994 1106 2021 perfecta
1124 1993 1218 2015 caritate
1236 1993 1340 2020 procedit
1356 1992 1400 2014 267

830 2034 844 2055 2
862 2046 892 2049 ——
910 2034 1038 2055 Perfectum
1057 2033 1079 2054 111
1097 2038 1181 2060 genere
1199 2035 1275 2060 potest
1292 2032 1341 2053 ficri
1361 2032 1401 2053 im-

830 2074 958 2101 perfectum
976 2078 1002 2094 ex
1021 2072 1192 2094 circumstantia
1211 2072 1255 2093 238
1273 2072 1286 2093 9
1304 2083 1335 2087 --
1352 2071 1400 2093 Νο0

830 2118 913 2139 omne,
931 2112 994 2140 quod
1012 2114 1046 2133 est
1062 2112 1119 2133 infra
1138 2111 1286 2139 perfectionis
1299 2111 1400 2138 apicem,

830 2155 865 2173 est
880 2152 1042 2179 imperfectum
1060 2151 1100 2172 291
1128 2151 1152 2172 16
1164 2163 1195 2166 -
1207 2150 1271 2178 Opus
1283 2150 1402 2177 perfectio-

831 2191 866 2213 nis
883 2190 1001 2212 intermitti
1019 2192 1107 2218 1101051,
1125 2190 1174 2217 ipsa
1193 2189 1334 2216 perfectione
1356 2195 1401 2210 ser-

831 2233 884 2252 vata
902 2229 946 2251 268
965 2230 977 2251 8

879 2281 910 2285 —-
927 2268 1061 2295 evangelica
1080 2270 1114 2289 est
1130 2267 1152 2289 in
1171 2267 1260 2289 litterali
1278 2266 1402 2289 observan-

833 2308 860 2330 tia
880 2308 1041 2330 mandatorum
1060 2307 1168 2334 legalium
1186 2307 1245 2328 sicut
1258 2307 1280 2328 in
1293 2306 1367 2334 figura
1380 2308 1402 2328 et

834 2347 916 2369 umbra
935 2346 979 2368 287
998 2347 1010 2367 3
1029 2358 1059 2362 -
1076 2346 1209 2373 evangelica
1222 2351 1268 2367 uon
1280 2345 1321 2367 fuit
1339 2345 1361 2367 in
1374 2345 1402 2367 le·

833 2386 886 2409 vitis
904 2386 948 2408 286
968 2386 989 2407 2.
1007 2392 1041 2414 sq.
1060 2385 1104 2407 287
1123 2384 1143 2407 4.
1162 2385 1206 2406 288
1226 2385 1238 2406 6
1256 2397 1285 2400 —
1298 2391 1353 2406 vera
1372 2385 1403 2406 al-

833 2425 934 2453 legorice
952 2425 1066 2452 descripta
1085 2426 1119 2446 est
1136 2423 1165 2445 ab
1184 2423 1300 2446 Ezechiele
1326 2423 1370 2445 287
1389 2423 1402 2445 4

833 2477 863 2480 —
881 2464 986 2487 Christus
1008 2463 1133 2491 discipulos
1157 2469 1212 2485 suos
1237 2463 1401 2490 perfectionem

833 2504 912 2526 docuit
929 2503 973 2525 246
993 2504 1004 2525 8
1023 2516 1053 2519 —
1071 2506 1115 2525 tota
1136 2505 1275 2525 monstratur
1297 2502 1402 2530 exemplo

834 2543 916 2566 Christi
934 2543 978 2565 236
997 2543 1018 2564 5.
1036 2542 1081 2564 246
1100 2543 1113 2564 8
1138 2555 1166 2557 -
1192 2541 1275 2564 Christi
1298 2542 1344 2563 vita
1370 2544 1404 2563 est

834 2588 969 2610 expressum
997 2581 1145 2610 perfectionis
1170 2581 1287 2608 exemplar
1318 2580 1363 2602 518
1388 2580 1402 2602 7

834 2635 865 2638 —
877 2622 912 2644 Ad
924 2621 1072 2649 perfectionis
1084 2621 1258 2648 aggressionem
1277 2620 1344 2647 erigit
1356 2620 1402 2641 vita

835 2661 917 2684 Christi
935 2660 964 2683 73
984 2661 1012 2682 110
1035 2673 1066 2676 ——
1088 2659 1267 2682 Consummatae
1284 2659 1404 2687 perfectio-

835 2701 870 2723 nis
887 2700 1018 2728 exemplum
1036 2699 1119 2722 effulsit
1144 2699 1166 2721 in
1184 2698 1273 2721 Christo
1299 2701 1321 2720 et
1345 2699 1404 2726 Apo-

836 2740 900 2762 stolis
918 2740 962 2761 290
982 2739 1010 2761 14
1030 2752 1057 2754 -
1076 2738 1177 2766 Apostoli
1190 2740 1243 2760 sunt
1257 2738 1404 2765 pei-sectionis

835 2779 984 2807 evangelicae
1003 2778 1150 2800 fundamenta
1169 2780 1192 2800 et
1213 2777 1298 2799 lumina
1323 2777 1367 2798 272
1390 2777 1403 2799 3

836 2831 865 2834 --
882 2819 979 2841 docetur
996 2818 1101 2845 exemplo
1114 2817 1136 2838 S.
1149 2816 1261 2839 Francisci
1275 2815 1319 2838 247
1337 2816 1361 2838 10
1375 2829 1403 2831 -

837 2859 910 2880 Homo
927 2860 1002 2885 potest
1019 2863 1069 2879 esse
1087 2857 1202 2884 perfectus
1221 2855 1261 2877 241
1284 2856 1296 2877 6
1315 2867 1344 2870 —
1371 2855 1404 2876 Di-

836 2900 898 2920 ctum
924 2896 1025 2919 notabile
1050 2896 1079 2918 de
1105 2896 1244 2923 perfectione
1270 2895 1402 2922 evangelica

837 2937 881 2959 512
908 2937 921 2958 9
946 2948 977 2952 -
1003 2936 1060 2958 10101
1077 2935 1137 2958 dona
1164 2935 1205 2957 Dei
1222 2935 1298 2957 locum
1317 2934 1403 2962 praeci-

836 2982 909 3004 puum
927 2978 989 2998 tenet
1005 2976 1045 2997 291
1069 2975 1098 2996 ’15
1123 2987 1153 2991 --
1170 2974 1318 2996 Perfectionis
1335 2979 1403 2995 evan-

836 3015 923 3043 gelicae
940 3014 1086 3042 impugnatio
1103 3013 1148 3036 234
1174 3014 1186 3035 3
1208 3025 1239 3029 -
1264 3012 1403 3040 Reprobatio

1688 264 1741 285 PER

1427 308 1508 324 eorum
1531 308 1591 331 quae
1609 302 1686 324 studio
1705 302 1849 329 perfectionis
1867 302 1934 324 obiici
1959 309 1994 325 50-

1427 342 1472 363 lent
1489 342 1517 363 89
1536 342 1557 363 3.
1576 341 1604 363 90
1624 341 1643 363 4.
1662 347 1713 369 sqq.
1734 354 1761 356 —
1778 341 1871 363 Falsitas
1888 341 1932 363 sub
1944 347 1995 369 spe-

1427 380 1461 402 cie
1478 380 1601 402 sanctitatis
1618 386 1630 402 a
1649 380 1760 402 virtutum
1778 380 1877 402 culmine
1899 385 1994 402 revocat

1430 418 1474 440 257
1493 419 1521 441 20
1539 432 1569 435 -
1587 419 1656 441 habet
1673 419 1779 441 dlversos
1802 419 1888 446 gradus
1911 419 1955 441 340
1981 425 1994 441 a

1428 470 1458 473 —
1476 458 1537 480 vitae
1553 461 1576 480 et
1593 459 1679 486 patriae
1697 457 1766 480 habet
1788 458 1875 486 gradus
1898 459 1937 480 291
1965 458 1993 480 16

1429 509 1459 513 -
1476 498 1498 519 10
1517 498 1657 524 perfectione
1674 500 1726 519 sunt
1744 497 1828 519 diversi
1852 500 1923 519 status
1946 497 1991 519 244

1429 536 1449 557 1.
1467 535 1512 558 249
1534 536 1567 558 18,
1584 542 1618 564 sq.
1643 548 1674 552 —-
1700 537 1835 559 multimoda
1859 536 1941 558 Christi
1962 543 1994 558 se-

1428 575 1530 597 cundum
1548 576 1600 603 plus
1618 578 1639 597 et
1657 575 1733 597 minus
1750 576 1863 603 reperitur
1886 575 1906 597 in
1924 576 1996 597 omni-

1429 614 1472 636 bus
1484 613 1581 636 statibus
1594 615 1707 636 Ecclesiae
1719 614 1763 636 243
1775 615 1803 636 12
1812 627 1843 631 -
1853 615 1900 637 Νο11
1913 620 1994 637 0111005

1428 657 1525 681 possunt
1542 654 1667 682 aequaliter
1684 660 1735 676 esse
1752 654 1845 681 perfecti
1864 654 1908 676 ι137
1932 655 1945 676 9
1963 666 1993 670 -

1430 693 1501 715 Nemo
1520 692 1589 715 debet
1605 699 1630 714 se
1647 693 1709 714 alteri
1728 693 1749 714 in
1767 693 1907 720 perfectione
1932 699 1996 720 prae-

1429 733 1488 754 ferre
1505 731 1550 754 250
1570 733 1597 753 22
1615 745 1645 748 —
1663 732 1757 754 perfecti
1774 733 1934 760 praeferuntur
1956 732 1996 754 im-

1429 771 1535 799 perfectis
1554 771 1597 793 263
1618 772 1644 793 18
1665 783 1695 788 -
1718 772 1739 793 ln
1765 774 1824 793 statu
1849 771 1901 793 viae
1926 777 1995 793 nemo

1429 814 1463 832 est
1485 811 1580 832 omnino
1607 811 1739 838 impollutus
1767 810 1812 832 262
1842 810 1866 832 17
1892 823 1922 826 -
1948 810 1996 832 Νο0

1429 850 1505 872 omnis
1523 849 1611 872 habens
1628 850 1736 871 virtutem
1755 852 1788 871 est
1810 850 1925 877 perfectus
1951 849 1995 871 256

1431 889 1458 910 17
1476 902 1507 905 -
1524 889 1649 911 Βο011110011
1667 889 1690 910 111
1715 889 1787 916 patria
1814 888 1841 911 ad
1868 889 1996 911 ultimatam

1429 929 1593 956 perfectionem
1612 930 1769 956 pervenerunt
1786 928 1830 950 249
1859 928 1886 949 18
1909 940 1941 944 -
1963 929 1997 950 est

1430 972 1495 990 actus
1512 967 1654 990 hierarchiae
1672 967 1775 990 caelestis
1793 967 1837 989 270
1857 967 1885 988 15

1478 1020 1507 1023 -
1525 1007 1600 1029 Homo
1617 1013 1662 1028 non
1681 1009 1769 1029 tenetur
1787 1013 1813 1028 ex
1831 1006 1910 1028 divino
1932 1012 1997 1034 prae-

1431 1049 1497 1074 cepto
1510 1053 1560 1069 esse
1572 1047 1687 1074 perfectus
1700 1046 1743 1068 239
1758 1047 1779 1068 2,
1794 1046 1839 1068 253
1853 1046 1866 1067 5
1877 1057 1908 1061 -
1920 1045 1996 1068 Omni-

1430 1085 1481 1113 bus,
1499 1086 1539 1114 qui
1557 1086 1585 1107 ad
1604 1085 1752 1113 perfectionis
1774 1085 1865 1107 culmen
1890 1091 1997 1107 conscen-

1430 1125 1485 1148 dere
1503 1126 1595 1152 volunt,
1613 1127 1776 1153 proponuntur
1792 1124 1886 1146 consilia
1899 1130 1998 1152 evange-

1429 1165 1469 1187 lica
1489 1164 1528 1186 241
1551 1165 1563 1186 8
1574 1177 1605 1181 —
1622 1164 1719 1187 Consilia
1738 1164 1883 1191 perfectionis
1900 1163 1997 1185 suaden-

1430 1207 1479 1232 tur,
1497 1210 1542 1225 non
1560 1204 1702 1231 imperantur
1724 1203 1765 1225 143
1784 1203 1797 1224 6
1824 1215 1852 1218 -
1875 1202 1908 1225 Ad
1926 1203 1998 1230 perfe-

1430 1244 1529 1266 ctionem
1548 1243 1646 1265 iustitiac
1664 1242 1753 1264 addunt
1770 1242 1863 1264 consilia
1878 1242 1921 1263 288
1940 1242 1953 1263 6
1966 1253 1996 1257 -

1431 1277 1470 1305 Α(1
1492 1282 1638 1311 perfectionis
1663 1282 1753 1304 culmen
1780 1281 1935 1304 conscendere
1964 1283 1998 1303 est

1431 1328 1559 1350 paucorum
1570 1322 1610 1344 241
1629 1322 1641 1343 8
1654 1334 1685 1338 —-
1697 1321 1816 1350 Quaedam
1829 1320 1911 1343 Christi
1924 1326 1998 1342 exem-

1432 1362 1467 1390 pla
1486 1365 1648 1389 proponuntur
1665 1361 1719 1383 solis
1736 1360 1844 1388 perfectis
1861 1359 1905 1381 240
1919 1360 1939 1381 6.
1952 1359 1993 1381 241

1432 1403 1443 1423 8
1462 1414 1492 1417 —
1511 1401 1615 1423 Christus
1633 1400 1699 1422 nullis
1721 1400 1826 1422 semitam
1853 1399 1998 1427 perfectionis

1431 1440 1560 1469 praecludit
1578 1440 1622 1462 267
1643 1439 1655 1461 4
1672 1452 1703 1455 -
1716 1439 1818 1461 Christus
1831 1439 1922 1460 diversa
1934 1438 1998 1461 dedit

1431 1480 1541 1502 virtutum
1560 1480 1663 1507 exempla
1682 1478 1735 1501 ibid,
1750 1491 1781 1494 —
1794 1478 1836 1506 Qui
1854 1477 1940 1500 vultad
1953 1483 1999 1499 ma-

1432 1525 1501 1547 gnam
1519 1519 1683 1546 perfectionem
1708 1518 1830 1546 pervenire
1849 1516 1918 1539 debet
1937 1516 1999 1539 Chri-

1431 1561 1492 1581 stum
1510 1559 1531 1580 in
1550 1558 1652 1587 quinque
1671 1557 1795 1579 virtutibus
1812 1556 1895 1579 imitari
1913 1556 1957 1578 499
1976 1556 1997 1577 3.

1432 1598 1476 1620 500
1496 1598 1515 1620 4,
1534 1604 1586 1626 5(1(1.
1603 1610 1633 1614 -
1652 1598 1693 1619 Ρο1
1711 1596 1875 1624 perfectionem
1901 1601 1999 1623 evange-

1432 1638 1499 1660 licam
1517 1637 1606 1660 Christo
1624 1637 1798 1664 configuramur
1815 1638 1837 1658 et
1859 1635 1998 1663 complanta-

1433 1683 1484 1699 mur
1502 1677 1547 1698 272
1566 1677 1578 1698 3
1596 1688 1627 1692 —
1644 1677 1800 1698 Perfectorum
1826 1674 1923 1702 vestigia
1947 1674 1998 1696 imi-

1432 1716 1501 1739 tanda
1519 1719 1572 1738 sunt
1590 1716 1618 1737 89
1639 1716 1650 1737 3
1677 1728 1707 1731 -
1731 1714 1875 1737 Perfectionis
1897 1719 1998 1741 evange-

1432 1756 1488 1778 licae
1505 1761 1562 1783 apex
1580 1755 1631 1777 licet
1648 1761 1693 1777 non
1718 1754 1842 1782 attingatur
1860 1760 1910 1781 usu,
1936 1752 1999 1775 attin-

1433 1795 1523 1823 gendus
1540 1797 1574 1816 est
1591 1795 1672 1816 affectu
1692 1794 1741 1821 pio,
1764 1793 1832 1815 affatu
1857 1792 1960 1815 veridico
1977 1794 1999 1814 et

1432 1834 1543 1857 catholico
1561 1834 1675 1856 intellectu
1694 1833 1737 1855 390
1757 1832 1785 1854 116

1480 1886 1510 1890 -
1528 1874 1605 1896 Nullus
1623 1875 1657 1895 est
1674 1873 1790 1900 perfectus
1816 1871 1875 1893 sicut
1896 1870 2000 1893 Christus

1434 1914 1477 1935 239
1501 1913 1521 1934 111
1543 1925 1574 1929 --
1591 1913 1670 1934 Nullus
1688 1913 1747 1934 tanta
1760 1911 1853 1933 caritate
1865 1910 1917 1932 facit
1928 1915 2001 1937 opera

1434 1953 1548 1980 perfecta,
1566 1956 1651 1980 quanta
1670 1951 1773 1974 Christus
1791 1949 1954 1972 condescendit
1970 1949 2000 1971 ad

1434 1992 1522 2014 infirma
1541 1990 1595 2014 ibid.
1612 2004 1641 2006 —
1660 1990 1754 2012 Perfecti
1772 1996 1816 2011 non
1834 1988 1919 2011 debent
1939 1988 2001 2011 Chri-

1434 2034 1494 2053 stum
1513 2030 1596 2052 imitari
1614 2030 1637 2052 in
1656 2029 1765 2052 omnibus
1782 2028 1871 2051 actibus
1895 2028 1939 2050 242
1964 2028 1999 2050 10.

1434 2077 1468 2099 sq.
1486 2070 1530 2092 243
1557 2070 1582 2091 13
1609 2082 1638 2085 -—
1665 2070 1760 2091 Summa
1786 2067 1930 2096 perfectionis
1955 2073 2001 2089 non

1435 2110 1537 2132 consistit
1560 2110 1583 2131 in
1607 2108 1729 2131 universali
1755 2107 1882 2129 imitatione
1907 2109 2000 2128 actuum

1435 2148 1517 2171 Christi
1535 2148 1579 2170 243
1609 2148 1635 2169 13
1663 2160 1691 2162 -
1717 2147 1784 2168 Multa
1810 2148 1863 2168 sunt
1887 2146 2000 2173 perfecta,

1434 2194 1535 2216 quorum
1553 2187 1665 2209 contraria
1683 2185 1787 2208 Christus
1813 2185 1865 2207 fecit
1885 2191 1927 2213 per
1949 2190 2001 2207 con-

1435 2226 1607 2249 descensionem
1627 2225 1671 2247 236
1690 2225 1711 2247 5
1729 2225 1773 2246 239
1793 2224 1830 2246 11,
1848 2223 1893 2246 242
1917 2224 1940 2245 11
1970 2235 2001 2240 —

1436 2265 1574 2288 RectitudIni
1591 2266 1707 2293 perfectae
1724 2270 1771 2286 non
1789 2263 1941 2286 contrariatur
1950 2268 2002 2285 con-

1435 2304 1554 2327 descensio
1573 2310 1625 2326 cum
1645 2303 1785 2331 imperfectis
1808 2303 1852 2325 236
1879 2302 1892 2324 5
1914 2314 1945 2318 —
1968 2303 2002 2324 est

1435 2344 1588 2372 necessitatis,
1606 2343 1641 2365 vel
1658 2342 1883 2370 supererogationis,
1900 2342 1937 2363 vel
1955 2341 2002 2363 ulti-

1437 2386 1512 2405 matae
1529 2382 1678 2411 plenitudinis
1696 2382 1741 2404 245
1767 2383 1780 2404 2
1805 2393 1836 2398 -
1861 2380 2002 2403 necessitatis

1436 2425 1470 2445 est
1486 2422 1578 2445 libertas
1596 2428 1607 2444 a
1625 2422 1726 2449 peccatis
1742 2420 1797 2444 ibid.
1810 2433 1838 2436 —
1852 2426 2002 2448 supereroga-

1436 2462 1504 2484 tionis
1521 2464 1555 2483 est
1572 2461 1672 2488 consilii,
1690 2460 1799 2488 perfectio
1816 2459 1956 2482 necessitatis
1968 2460 2002 2481 est

1436 2501 1554 2529 praecepti
1572 2500 1601 2523 ib.
1620 2501 1633 2523 3
1651 2513 1681 2516 »-
1700 2501 1723 2522 ln
1741 2499 1880 2527 perfectione
1905 2498 2002 2521 necessi-

1437 2541 1488 2563 tatis
1505 2543 1527 2562 et
1544 2540 1755 2568 supererogationis
1772 2539 1874 2561 consistit
1886 2538 2001 2565 meritum,

1437 2580 1458 2602 in
1477 2580 1616 2608 perfectione
1634 2579 1782 2607 plenitudinis
1800 2577 1929 2606 praemium
1946 2576 2001 2600 ibid.

1436 2632 1466 2636 —
1484 2619 1616 2647 evangelica
1633 2618 1738 2641 consistit
1758 2618 1781 2639 in
1807 2617 1841 2639 his
1865 2623 1926 2646 quae
1947 2618 2000 2639 sunt

1436 2658 1649 2686 supererogationis
1665 2657 1695 2680 ib.
1713 2657 1734 2680 4.
1760 2657 1803 2679 247
1831 2657 1854 2678 11
1884 2669 1915 2672 -
1939 2656 2000 2678 Vera

1437 2698 1583 2726 perfectionis
1600 2697 1724 2719 notificatio
1737 2696 1782 2719 245
1795 2696 1808 2718 4
1820 2709 1850 2712 -
1862 2696 1919 2719 Cum
1932 2701 2001 2718 evan-

1437 2737 1508 2765 gelica
1527 2736 1667 2765 perfectione
1684 2742 1730 2758 non
1757 2738 1831 2763 potest
1853 2737 1913 2757 stare
1937 2734 2002 2763 quod

1437 2779 1471 2798 est
1492 2776 1654 2804 imperfectum
1672 2775 1801 2797 secundum
1819 2781 1844 2796 se
1870 2775 1913 2796 238
1941 2775 1953 2795 8
1971 2786 2002 2790 —

1437 2815 1571 2843 evangelica
1589 2821 1634 2837 non
1652 2814 1755 2837 consistit
1772 2814 1793 2836 in
1807 2815 1863 2840 hoc,
1875 2814 1938 2842 quod
1952 2819 2002 2841 pec-

1438 2858 1514 2877 catum
1532 2861 1576 2877 non
1594 2856 1674 2881 regnet
1691 2853 1713 2875 in
1732 2853 1825 2875 homine
1843 2853 1887 2874 239
1906 2853 1919 2874 2
1931 2852 2003 2874 —di-

1437 2894 1495 2917 citur
1511 2894 1632 2916 consilium
1649 2899 1702 2915 cum
1721 2895 1845 2920 praecepto
1863 2892 1908 2914 245
1933 2891 1946 2914 4
1971 2903 2001 2907 -

1438 2933 1530 2955 Perfecti
1543 2933 1700 2960 astringuntur
1712 2932 1740 2954 ad
1753 2931 1924 2954 observantiam
1940 2936 2002 2952 man-

1437 2973 1544 2995 datorum
1562 2971 1603 2994 241
1626 2972 1638 2993 6
1658 2983 1687 2986 —
1706 2971 1726 2993 in
1744 2977 1794 2993 esse
1812 2970 1899 2998 gratiae
1915 2972 1949 2992 est
1968 2975 2001 2991 se-

1438 3012 1501 3034 naria
1513 3011 1557 3033 246
1571 3012 1583 3032 8
1597 3023 1625 3027 —-
1639 3011 1703 3039 Quae
1720 3010 1763 3033 sint
1777 3010 1851 3032 officia
1869 3012 1891 3031 et
1907 3010 2000 3032 effectus
