2133 3317
12 824 87 845 tandm.

11 1222 37 1241 lox
43 1222 93 1241 Chri-

13 1245 93 1264 adversa-

18 1269 35 1288 ⁰¹
42 1273 93 1311 '2²35‘

565 218 761 247 OPUSCULUM
782 218 825 246 XI.
847 218 1008 247 APOLOGIA
1028 218 1209 247 PAUPERUM.
1231 218 1300 247 CAP.
1322 218 1386 247 Vltt.

107 301 180 330 viros
200 299 322 335 catalogo
343 298 505 326 Sanctorum
527 296 674 332 ascriptos,
703 300 730 324 et
757 296 830 333 quod
859 296 949 325 maius

106 351 161 381 est,
183 347 256 383 ipsos
283 345 436 382 Apostolos,
465 343 530 380 qui,
558 346 590 372 ut
614 351 650 371 ex
681 343 873 379 superioribus
894 343 948 371 cla-

107 398 148 424 ret
159 395 179 428 ²,
196 394 221 422 in
242 395 370 421 extrema
384 393 547 428 paupertate
563 390 711 424 vixerunt,
734 390 836 427 quibus
851 390 947 424 etiam,

106 445 235 477 tanquam
266 437 409 467 duodecim
438 437 502 466 filiis
534 437 630 471 lsrael,
656 437 683 465 in
711 435 950 473 superhumerali

106 486 204 517 summi
225 485 362 522 pontificis
382 484 482 513 Christi
512 483 674 520 conscriptis
701 487 728 512 et
760 491 809 520 per
836 483 949 520 propria

106 533 215 563 nomina
244 531 393 569 designatis
427 539 536 560 summa
563 533 713 567 paupertas
737 530 876 559 indicitur.
905 530 948 559 Sic

105 581 177 610 enim
209 579 340 608 scribitur
372 578 399 607 in
431 578 605 606 Matthaeo²t
639 577 796 606 Duodecim
827 577 949 605 nomina

106 626 310 664 Apostolorum
331 631 399 654 sunt
421 624 507 653 haec:
530 624 653 653 Primus
669 624 784 657 Simon,
806 624 858 662 qui
877 623 948 652 dici-

106 678 154 702 tur
176 673 299 706 Petrus,
321 675 347 701 et
368 671 468 700 dehinc
489 671 589 700 ceteris
614 671 762 699 nominatis
786 671 947 708 subiungit:

105 721 164 749 Hos
191 719 343 748 duodecim
370 719 451 747 misit
472 719 569 752 Iesus,
596 718 780 755 praecipiens
804 717 861 746 eis.-
891 717 948 746 No-

105 768 151 797 lite
167 767 316 804 possidere
336 775 448 794 aurum
468 774 558 803 neque
579 768 733 802 arpentum
755 773 844 802 neque
863 773 948 801 pecu-

104 815 184 843 niam
207 813 238 842 in
253 813 338 842 zonis
359 812 461 841 vestris
476 815 526 840 etc.
544 812 571 840 ln
592 811 695 848 quihus
709 809 949 848 superhumerale

104 862 174 890 vitae
194 860 358 898 apostolicae
379 867 443 888 cum
471 858 614 887 rationali
634 857 810 894 perfectionis
831 861 859 886 et
879 866 948 894 pau-

103 908 217 946 pertatis
236 907 384 936 altissimae
406 914 455 943 per
476 905 617 934 caritatem
640 904 717 941 regni
743 905 867 933 caelestis
888 908 947 933 tan-

103 962 185 992 quam
207 954 279 982 vitta
300 951 513 991 hyacinthina³
535 951 717 980 indissolubili
739 951 869 979 iunctura
883 959 947 979 con-

103 1001 227 1039 stringit,
256 1009 320 1029 cum
348 999 517 1037 interponit:
549 999 651 1028 Gratis
679 998 848 1035 accepistis,
876 1006 948 1035 yra-

104 1049 140 1078 tis
160 1049 234 1077 date.

181 1096 227 1123 20.
250 1095 303 1123 Hoc
324 1097 416 1123 autem
432 1092 670 1131 superhumerali
690 1094 717 1121 et
738 1091 882 1120 rationali
903 1099 948 1120 ve-

104 1150 153 1171 rus
175 1141 299 1179 pontifex
327 1140 454 1169 Christus
481 1139 632 1168 adornatus
653 1139 720 1173 fuit,
749 1139 816 1167 dum
838 1141 948 1167 sanctae

16 1189 274 1227 mentumpaupertatis
295 1187 489 1225 perfectionem
511 1190 538 1215 et
559 1186 645 1215 verbo
665 1186 759 1214 docuit
772 1189 799 1214 et
820 1185 948 1222 exemplo

105 1235 282 1270 monstravit,
304 1238 331 1264 et
352 1238 418 1263 tunc
443 1233 633 1271 potissimum,
654 1233 780 1270 quando,
809 1237 840 1261 ut
866 1240 949 1261 verus

104 1283 227 1320 pontifex
249 1291 303 1319 per
330 1281 505 1319 sanquinem
529 1281 686 1317 proprium
716 1280 895 1317 ingressurus
918 1280 949 1308 in

105 1330 214 1359 Sancta
225 1330 246 1363 4,
273 1337 378 1366 pauper
400 1332 427 1357 et
448 1327 540 1356 nudus
568 1327 594 1355 in
617 1335 700 1356 cruce
728 1326 866 1364 pependit.
895 1327 949 1355 Hoc

103 1379 265 1405 ornamento
292 1374 376 1403 nobili
398 1378 425 1403 et
450 1374 602 1411 spirituali,
631 1382 687 1411 quo
714 1381 730 1401 a
758 1372 949 1409 corporalibus

104 1422 320 1452 crucifixoribus
340 1422 468 1450 Christus
482 1421 593 1458 spoliari
616 1429 669 1449 non
686 1421 791 1457 potuit,
814 1420 857 1449 hle
873 1420 950 1449 velut

104 1470 292 1499 atrocissimus
313 1469 416 1506 praedo
437 1476 500 1497 eum
530 1468 635 1497 nudare
656 1468 796 1496 contendit
820 1470 847 1496 et
874 1467 948 1496 aliud

104 1516 239 1554 quoddam
266 1516 423 1553 contingere
450 1515 565 1549 nititur,
587 1523 641 1543 non
663 1515 736 1542 vitta
757 1513 949 1552 hyacinthina

103 1566 131 1592 et
147 1563 288 1592 catenulis
303 1563 418 1596 aureis,
433 1561 480 1590 sed
496 1565 670 1590 terrenarum
693 1561 895 1598 possessionum
911 1560 950 1589 af-

103 1610 225 1639 ssuentiis
246 1613 376 1646 tanquam
405 1609 535 1638 iunctura
557 1609 630 1637 lutea
648 1612 674 1637 et
702 1608 807 1636 viscosa
833 1607 950 1636 constri-

104 1660 195 1691 ctum,
217 1657 295 1694 quasi
316 1656 443 1685 Christus
458 1664 522 1684 cum
543 1655 676 1692 Apostolis
691 1658 802 1684 terrena
823 1655 950 1692 possede-

104 1704 149 1738 rit,
171 1703 285 1740 ipsaque
306 1703 461 1731 communis
483 1702 618 1739 possessio
639 1702 721 1730 altius
744 1702 878 1738 provehat
893 1710 950 1730 ma-

103 1752 200 1789 gisque
221 1750 255 1779 ad
276 1750 403 1779 caelestia
427 1749 515 1778 elevet
543 1757 627 1786 quam
657 1749 789 1777 altissima
810 1752 836 1777 et
857 1751 950 1777 extre-

104 1806 148 1826 ma
175 1801 333 1835 paupertas.
354 1796 433 1833 Quod
448 1804 529 1825 nemo
549 1796 657 1825 dubitat
684 1796 800 1829 falsum,
822 1795 873 1824 nisi
902 1796 950 1833 qui

105 1844 201 1873 modos
223 1852 339 1881 prorsus
359 1844 467 1881 ignorat
489 1842 616 1872 mentalis
636 1842 795 1871 elevationis
809 1842 837 1871 in
854 1842 949 1871 Deum.

104 1891 180 1920 Unde
201 1891 384 1927 Hieronymus
405 1890 438 1918 ad
460 1889 603 1918 Luciuium
617 1889 641 1917 5:
668 1900 680 1914 «
697 1889 793 1926 Ioseph
821 1897 884 1918 cum
907 1892 950 1918 tu-

105 1937 166 1966 nica
186 1937 343 1974 Aegyptiam
365 1936 486 1973 effugere
508 1944 562 1964 non
584 1935 681 1972 potuit.
704 1935 881 1970 Adolescens,
903 1935 951 1972 qui

106 1987 222 2022 opertus
243 1983 364 2012 sindone
377 1982 551 2021 sequebatur
573 1983 683 2016 Iesum,
700 1982 765 2019 quia
786 1984 879 2011 tentus
893 1982 952 2011 fue-

107 2034 149 2060 rat
176 2039 192 2060 a
219 2031 370 2065 ministris,
400 2034 542 2059 terrenum
570 2029 701 2058 ahilciens
731 2029 951 2066 operimentum,

106 2078 206 2107 nudus
227 2077 322 2107 evasit.
351 2077 421 2106 Elias
450 2077 529 2114 igneo
550 2084 637 2105 curru
667 2079 764 2113 raptus
792 2076 819 2104 in
845 2076 950 2105 caelum

107 2125 234 2154 melotam
262 2124 374 2161 reliquit
402 2125 429 2153 in
466 2124 556 2153 terris.
590 2124 693 2152 Eliseus
725 2123 809 2152 boves
834 2126 862 2152 et
889 2123 953 2160 iuga

107 2172 208 2209 prioris
228 2172 320 2209 operis
334 2171 417 2200 vertit
438 2171 465 2199 in
487 2174 558 2199 vota.
578 2170 713 2207 Loquitur
735 2170 953 2207 sapientissimus

107 2218 188 2247 vir⁶:
212 2219 270 2254 Qui
284 2218 377 2256 tanyit
390 2218 482 2255 picem
505 2216 710 2255 inquinabitur
735 2216 771 2245 ab
793 2225 836 2245 ea.
852 2217 953 2253 Quam-

107 2265 156 2294 diu
177 2273 323 2294 versamur
344 2265 371 2293 in
387 2264 488 2293 saeculi
511 2264 611 2298 rebus,
629 2267 656 2292 et
671 2263 762 2292 anima
782 2266 877 2293 nostra
891 2272 953 2301 pos-

1796 221 1852 250 293

1006 296 1160 325 sessionum
1181 300 1208 325 et
1229 297 1369 326 redituum
1391 297 1586 334 procuratione
1600 297 1726 326 devincta
1741 301 1797 333 est;
1819 298 1853 327 de

1006 342 1062 371 Deo
1078 343 1163 372 libere
1184 343 1304 380 cogitare
1318 352 1372 372 non
1394 352 1543 381 possumus
1557 356 1584 372 ».
1600 360 1638 365 —
1652 344 1701 373 Cui
1716 348 1744 373 et
1758 344 1851 374 Glossa

1006 392 1137 417 consonat
1159 397 1243 426 super
1264 390 1332 418 illud
1353 390 1527 419 Canticorutn
1540 391 1567 419 ⁷:
1590 391 1722 428 Spoliavi
1742 400 1786 420 me
1808 396 1852 420 tu-

1006 436 1075 464 nica
1096 445 1160 464 mea
1181 440 1249 465 etc.:
1276 438 1421 474 «Recepta
1449 438 1632 467 sollicitudine
1656 439 1851 476 temporalium

1006 482 1207 517 subsidiorum,
1236 484 1440 520 quantumlibet
1468 485 1589 514 eximius
1617 485 1713 515 doctor
1741 486 1851 515 difficile

1005 529 1073 557 vitat
1094 532 1237 566 peccatum
1253 542 1279 558 n.

1085 577 1131 605 21.
1153 577 1223 605 Haec
1243 580 1335 606 autem
1358 586 1412 606 non
1433 578 1535 607 idcirco
1548 578 1682 614 dicimus,
1704 579 1778 616 quod
1795 579 1850 608 dis-

1006 624 1130 660 pensatio
1157 624 1319 653 facultatum
1349 626 1483 654 Ecclesiae
1504 634 1520 654 a
1548 626 1615 655 viris
1642 627 1743 655 sanctis
1764 626 1851 655 admi-

1006 670 1118 699 nistrari
1141 679 1194 699 non
1223 671 1308 708 possit
1336 672 1441 709 absque
1468 672 1633 701 detrimento
1659 674 1850 710 perfectionis,

1006 717 1053 745 sed
1074 720 1106 746 ut
1126 717 1317 747 discernamus
1341 719 1502 756 pretiosum
1525 728 1545 747 a
1566 719 1650 753 vitiss,
1676 720 1741 757 quia
1762 720 1852 757 perfe—

1005 764 1124 793 ctionem
1145 764 1184 793 eis
1205 773 1259 793 non
1281 766 1397 794 contulit
1423 766 1617 803 temporalium
1645 767 1781 796 bonorum
1805 767 1852 796 ad-

1005 811 1186 845 ministratio,
1208 811 1255 840 sed
1276 815 1465 849 contemptus3
1488 821 1542 841 non
1564 813 1723 850 temporalis
1737 814 1852 842 affluen-

1005 857 1055 891 tia,
1077 858 1124 886 sed
1146 858 1261 894 spiritus
1281 859 1467 895 paupertatis,
1489 868 1545 896 quo
1566 860 1638 888 inter
1661 868 1756 888 rerum
1771 860 1851 889 afflu-

1005 904 1110 932 entium
1139 905 1231 941 copias
1258 905 1297 934 sic
1328 906 1457 934 vivebant
1487 906 1563 934 sieut
1590 910 1715 944 egentes,
1746 907 1852 936 multos

1005 955 1102 979 autem
1134 951 1350 988 locupletantes,
1383 956 1525 990 tanquam
1559 952 1634 981 nihil
1664 953 1797 982 habentes
1828 958 1852 983 et

1005 998 1105 1026 omnia
1125 998 1316 1034 possidentes;
1337 999 1571 1036 quemadmodum
1587 1000 1686 1029 nobilis
1707 1000 1751 1029 ille
1773 1009 1852 1038 prae-

1006 1044 1093 1078 latus,
1114 1044 1148 1073 de
1176 1053 1232 1082 quo
1260 1046 1297 1074 ait
1322 1046 1518 1082 Hieronymus,
1547 1047 1671 1076 scribens
1698 1047 1732 1075 ad
1760 1048 1851 1077 Rusti-

1005 1099 1068 1119 cum
1081 1090 1107 1118 9:
1134 1102 1146 1115 α
1162 1091 1278 1119 Sanctus
1293 1092 1481 1128 Exsuperius,
1497 1093 1609 1122 Tolosae
1630 1093 1788 1130 episcopus,
1811 1094 1851 1123 vi-

1005 1137 1076 1166 duae
1104 1138 1270 1174 Sareptanae
1291 1138 1427 1173 imitator,
1456 1140 1582 1168 esuriens
1606 1141 1692 1177 pascit
1713 1141 1796 1175 alios,
1825 1145 1852 1170 et

1005 1193 1053 1214 ore
1068 1185 1186 1222 pallente
1208 1185 1332 1219 ieiuniis,
1354 1186 1426 1215 fame
1448 1189 1595 1223 torquetur
1620 1187 1707 1216 aliena
1728 1196 1852 1217 omnem-

1006 1240 1061 1270 que
1082 1232 1263 1261 substantiam
1286 1232 1387 1261 Christi
1407 1233 1561 1262 visceribus
1582 1234 1712 1271 erogavit.
1735 1235 1807 1263 Nihil
1820 1243 1853 1264 eo

1005 1279 1106 1313 ditius,
1128 1280 1175 1316 qui
1199 1288 1300 1316 corpus
1320 1280 1421 1308 Christi
1443 1280 1564 1308 canistro
1586 1281 1720 1315 vimineo,
1742 1282 1853 1319 sangui-

1006 1335 1069 1355 nem
1091 1329 1183 1363 portat
1204 1327 1231 1355 in
1254 1327 1341 1361 vitro,
1363 1327 1410 1364 qui
1431 1327 1576 1355 avaritiam
1599 1328 1713 1364 proiecit
1734 1328 1767 1357 de
1789 1332 1853 1357 tem-

1006 1374 1067 1411 plo,
1089 1374 1137 1411 qui
1163 1373 1318 1402 cathedras
1346 1374 1529 1402 vendentium
1551 1374 1700 1403 columbas
1727 1384 1853 1404 mensas-

1006 1430 1060 1459 que
1080 1421 1236 1455 subvertit,
1266 1429 1436 1450 mammonae
1458 1424 1485 1450 et
1512 1422 1766 1451 nummulariorum
1789 1431 1853 1451 aera

1006 1468 1151 1505 dispersit,
1173 1471 1204 1497 ut
1225 1468 1324 1497 domus
1340 1469 1392 1497 Dei
1412 1473 1568 1497 vocaretur
1583 1469 1687 1497 domus
1708 1470 1853 1498 orationis

1006 1518 1032 1543 et
1052 1523 1109 1543 non
1131 1515 1270 1552 spelunca
1292 1515 1440 1543 latronum
1453 1516 1484 1543 ¹⁰.
1507 1516 1668 1544 Huiusmodi
1696 1519 1726 1544 tu
1748 1520 1853 1545 sectare

1008 1561 1122 1598 vestigia
1143 1565 1170 1589 et
1201 1564 1375 1595 ceterorum,
1403 1562 1450 1598 qui
1483 1562 1619 1591 virtutum
1648 1562 1721 1591 illius
1751 1563 1853 1592 similes

1007 1611 1087 1643 sunt,
1109 1616 1180 1645 quos
1197 1608 1381 1637 sacerdotium
1403 1612 1430 1637 et
1445 1609 1607 1638 humiliores
1627 1609 1691 1638 facit
1706 1613 1732 1638 et
1754 1618 1854 1647 paupe-

1007 1655 1104 1684 riores.
1127 1656 1178 1684 Aut
1199 1655 1220 1684 si
1244 1655 1365 1692 perfecta
1385 1655 1540 1690 desideras,
1562 1656 1610 1684 exi
1630 1664 1692 1685 cum
1715 1657 1852 1685 Abraham

1007 1703 1041 1731 de
1058 1702 1162 1739 patria
1183 1706 1208 1730 et
1229 1702 1262 1730 de
1283 1703 1452 1739 coynatione
1474 1706 1546 1736 tua,·
1568 1703 1589 1731 si
1613 1703 1697 1732 habes
1725 1704 1852 1732 substan-

1008 1749 1087 1783 tiam,
1109 1749 1196 1777 vende
1210 1753 1236 1777 et
1256 1749 1295 1777 da
1308 1749 1507 1786 pauperibus;
1528 1750 1549 1778 si
1566 1758 1620 1778 non
1643 1750 1740 1784 habes,
1755 1750 1852 1787 grandi

1007 1804 1091 1825 onere
1113 1796 1247 1824 liberatus
1268 1804 1305 1824 es.
1321 1795 1430 1824 Nudum
1452 1796 1593 1825 Christum
1614 1796 1706 1825 nudus
1727 1805 1852 1834 sequere.

1008 1843 1132 1876 Durum,
1147 1842 1267 1880 grande,
1282 1842 1405 1877 difficile,
1420 1842 1467 1871 sed
1488 1851 1587 1880 magna
1608 1846 1673 1872 sunt
1693 1844 1853 1881 praemia».

1087 1891 1132 1918 2⁹2.
1156 1890 1184 1918 ln
1213 1889 1256 1918 his
1277 1898 1354 1919 sacer
1381 1890 1562 1926 Hieronymus
1583 1890 1727 1927 distinguit
1745 1891 1854 1928 pretio—

1008 1945 1075 1965 sum
1096 1945 1115 1965 a
1136 1937 1187 1965 nili
1200 1937 1222 1953 ¹¹
1243 1936 1381 1974 sinmlque
1402 1937 1535 1971 ostendit,
1557 1937 1631 1974 quod
1652 1937 1727 1966 aliud
1749 1945 1855 1975 compe-

1009 1984 1042 2012 tit
1063 1983 1221 2020 perfectioni
1250 1983 1381 2020 praelati,
1403 1984 1449 2020 qui
1475 1987 1516 2013 est
1543 1992 1661 2021 persona
1682 1984 1851 2019 communis,

1009 2030 1084 2059 aliud
1106 2030 1265 2067 perfectioni
1288 2039 1421 2067 personae
1442 2031 1574 2068 privatae.
1598 2031 1629 2060 Et
1657 2031 1733 2066 ideo,
1755 2040 1853 2069 quam-

1009 2086 1093 2115 quam
1114 2077 1221 2106 ratione
1248 2078 1424 2115 praelationis
1445 2078 1536 2115 quivis
1562 2078 1713 2115 Religiosus
1738 2087 1754 2107 a
1781 2081 1855 2108 statu

1010 2124 1182 2162 paupertatis
1212 2124 1246 2153 ad
1280 2124 1510 2161 dispensationem
1543 2125 1736 2162 temporalium
1770 2125 1855 2162 possit

1010 2170 1130 2204 assumi,
1152 2170 1267 2207 impium
1296 2174 1388 2199 tamen
1415 2173 1457 2199 est
1485 2171 1537 2200 hoc
1567 2170 1601 2199 ad
1629 2171 1853 2208 consequentiam

1011 2217 1124 2246 trahere
1137 2217 1167 2245 ¹2.
1191 2217 1266 2246 Sicut
1287 2217 1359 2246 enim
1381 2217 1511 2254 praelatis
1532 2218 1637 2246 ratione
1658 2226 1742 2247 curae
1764 2221 1855 2255 pasto-

1011 2264 1077 2293 ralis
1098 2264 1227 2301 competit
1241 2264 1406 2293 extrinsecis
1421 2264 1559 2293 interdum
1574 2264 1708 2302 implicari
1727 2264 1854 2302 negotiis,

172 2430 179 2443 ¹
198 2430 254 2459 Cap.
271 2430 294 2453 7.
311 2437 333 2452 n.
351 2430 372 2452 9.
390 2437 454 2459 seqq.
470 2443 498 2446 —
516 2430 661 2457 Hieronym„
680 2430 749 2458 Epist.
763 2429 800 2452 64.
812 2429 877 2458 (alias
891 2430 952 2458 128.)

109 2476 131 2492 n.
148 2470 190 2498 213
208 2470 299 2497 lsidor.‚
316 2470 358 2498 Qq.
377 2469 399 2491 in
417 2469 487 2492 Exod.
505 2475 525 2491 c.
543 2469 579 2491 59.
598 2469 663 2497 (alias
675 2469 721 2497 51.)
739 2475 762 2491 n.
779 2469 801 2491 G.
818 2472 840 2491 et
857 2469 917 2491 Beda
930 2469 953 2490 in

110 2509 178 2532 Exod.
197 2509 275 2536 28-31,
292 2508 425 2531 nominibus
438 2508 561 2531 duodecim
575 2508 758 2536 patriarcharum
771 2508 792 2530 in
809 2508 913 2530 rationali
925 2508 954 2530 si-

110 2548 214 2576 gnificari
231 2548 315 2570 docent
337 2548 460 2570 duodecim
478 2547 612 2575 Apostolos;
632 2548 671 2569 cfr.
690 2548 761 2575 Apoe.
779 2547 821 2569 21.
835 2546 870 2569 14.
889 2553 953 2576 seqq.

109 2599 141 2604 —
158 2587 269 2615 Superius
286 2593 328 2615 pro
346 2586 424 2610 beatos
443 2587 485 2615 (ita
504 2587 557 2614 CD)
576 2586 629 2609 edd.
647 2585 726 2609 bonos.

171 2624 180 2638 ²
197 2625 253 2653 Cap.
275 2626 311 2653 10,
329 2625 394 2648 240.

172 2663 181 2677 ⁸
198 2665 307 2692 Gregor.,
325 2665 406 2692 [legul.
418 2665 524 2692 pastoral.
543 2671 565 2692 p.
578 2665 600 2687 ll.
619 2671 639 2686 ι’.
651 2664 676 2686 3;
693 2663 734 2686 Cui
747 2663 902 2693 hyacinthus,
914 2665 954 2693 qni

110 2704 178 2726 ae'reo
195 2704 271 2726 colore
288 2704 431 2732 resplendet,
449 2703 594 2731 adiungitur,
612 2706 636 2725 ut
653 2709 694 2731 per
711 2709 791 2730 omne,
804 2703 866 2732 quod
879 2703 955 2725 intelli-

111 2742 187 2770 gendo
204 2745 308 2770 penetrat
322 2741 467 2772 [saeerdos],
480 2748 526 2764 non
539 2742 567 2764 ad
581 2743 672 2764 favores
685 2741 787 2769 infimos,
800 2741 839 2763 sed
853 2741 881 2763 ad
894 2747 956 2764 amo-

111 2787 160 2804 rem
177 2782 309 2804 caelestium
327 2784 407 2810 surgat
423 2785 466 2804 ete.
483 2794 514 2798 —
532 2781 634 2803 Subinde
654 2781 764 2808 allegatur
781 2781 857 2803 Manli.
877 2781 915 2807 10,
934 2781 955 2803 8.

173 2819 182 2833 ⁴
200 2820 269 2843 Hebr.
286 2821 311 2848 9,
330 2821 366 2843 11.
383 2827 445 2849 seq.:
465 2820 568 2843 Christus
584 2823 673 2846 autem,
690 2820 797 2841 assistens
810 2820 909 2847 pontilex
924 2820 955 2841 fu-

112 2861 216 2882 turorum
234 2859 374 2882 honorum...
388 2866 429 2888 per
447 2860 566 2888 proprium
581 2859 718 2887 sanguinem
731 2859 833 2881 introlvit
849 2859 919 2880 semel
932 2859 954 2880 in

112 2899 202 2921 Sancta.
219 2911 250 2915 —
268 2899 309 2921 Pro
327 2899 481 2928 inyressurus
498 2899 548 2921 Vat.
566 2902 589 2921 et
605 2899 641 2920 ed.
660 2899 672 2920 2
691 2898 820 2927 inpressas.

174 2936 183 2949 ⁵
201 2937 269 2965 Epist.
286 2937 325 2960 71.
350 2937 415 2965 (alias
432 2938 479 2966 28.)
501 2944 522 2960 n.
543 2938 564 2959 3.
587 2937 750 2965 Respiciuntur
772 2938 827 2959 Gen.
846 2937 887 2965 39,
913 2937 955 2964 1-23

113 2976 179 2998 Mare.
193 2975 232 3003 14,
245 2976 282 2998 51.
294 2982 356 3004 seq.;
369 2976 405 2998 lV.
417 2976 473 3003 neg.
486 2977 512 3003 2,
526 2977 563 2998 11.
575 2983 640 3005 seqq.
653 2976 691 3004 (de
710 2976 766 3003 Elia,
784 2982 827 3003 pro
843 2975 954 2999 melotam

112 3017 185 3037 textus
201 3015 317 3043 originalis
333 3014 455 3043 meloten);
474 3015 506 3037 ΙΙΙ.
523 3015 580 3043 [leg.
599 3015 639 3043 19,
657 3015 693 3037 20.
711 3021 760 3043 seq.
777 3015 815 3043 (de
833 3014 922 3043 Eliseo).

1073 2430 1082 2442 Β
1100 2431 1167 2453 Eccli.
1189 2431 1225 2459 13,
1244 2431 1265 2452 1.

1073 2469 1082 2482 ⁷
1099 2470 1154 2498 Cap.
1172 2470 1198 2496 5,
1216 2470 1238 2492 3.
1257 2470 1335 2492 Glossa
1353 2473 1387 2492 est
1404 2469 1529 2493 ordinaria
1546 2472 1621 2492 sumta
1640 2476 1665 2492 ex
1684 2470 1745 2492 Beda
1759 2470 1780 2492 ln
1792 2469 1856 2493 Cant.

1011 2509 1037 2536 5,
1056 2509 1082 2531 3:
1101 2508 1159 2532 Lari
1172 2508 1242 2538 pedes
1259 2514 1323 2532 meos
1341 2512 1382 2531 etc.
1400 2509 1443 2531 Pro
1461 2509 1558 2538 Recepta
1575 2509 1612 2531 ed.
1639 2509 1644 2530 1
1666 2512 1744 2532 contra
1768 2512 1855 2532 textum

1010 2548 1144 2576 originalem
1163 2551 1185 2570 et
1196 2548 1263 2570 codd.
1282 2554 1404 2576 perperam
1418 2548 1529 2577 Decepta,
1547 2548 1596 2570 Vat.
1615 2550 1637 2570 et
1648 2547 1685 2570 ed.
1703 2549 1716 2570 2
1729 2548 1856 2577 Deceptus;

1011 2593 1053 2615 pro
1071 2586 1242 2616 quantumlibet
1258 2589 1332 2609 textus
1349 2586 1467 2614 originalis
1484 2586 1623 2615 quamlibet,
1641 2586 1657 2609 C
1675 2586 1777 2616 quilibet.

1073 2624 1082 2637 Β
1099 2626 1140 2648 ler.
1159 2626 1201 2652 15,
1220 2626 1261 2648 19ι
1279 2626 1304 2647 Εῑ
1321 2625 1339 2647 si
1352 2625 1496 2653 separaveris
1513 2625 1640 2653 pretiosum
1653 2632 1664 2647 a
1683 2626 1734 2653 vili,
1752 2625 1818 2654 quasi
1830 2632 1856 2648 os

1012 2671 1089 2686 meum
1107 2665 1160 2686 eris.
1175 2676 1207 2681 —
1224 2664 1326 2687 Subinde
1351 2664 1462 2692 allegatur
1485 2665 1508 2686 11.
1526 2664 1577 2687 Cor.
1599 2664 1624 2692 6,
1643 2665 1680 2686 10.
1698 2677 1727 2680 -
1744 2665 1856 2693 Superius

1011 2709 1053 2731 pro
1073 2702 1129 2726 viris
1145 2702 1234 2726 sanctis
1252 2703 1268 2725 Β
1286 2702 1343 2725 viris
1359 2701 1477 2732 perfectis.

1074 2741 1084 2754 ⁹
1101 2742 1171 2770 Epist.
1191 2743 1242 2764 125.
1260 2742 1325 2770 (alias
1346 2742 1376 2770 li.)
1394 2748 1417 2764 n.
1440 2742 1478 2764 20.
1496 2742 1527 2764 De
1543 2742 1614 2764 vidua
1638 2742 1786 2772 Sareptena,
1806 2743 1856 2765 sive

1011 2783 1036 2803 ut
1053 2780 1122 2803 habet
1139 2783 1212 2803 textus
1224 2780 1351 2808 originalis,
1364 2780 1501 2810 Sareptensi
1512 2781 1550 2802 cfr.
1569 2781 1601 2803 111.
1618 2781 1675 2809 Reg.
1694 2781 1734 2808 17,
1751 2782 1774 2804 9.
1791 2788 1856 2810 seqq.

1074 2818 1093 2832 ¹0
1111 2820 1186 2841 11131111.
1205 2820 1245 2848 21,
1264 2820 1300 2841 12.
1318 2826 1410 2848 seq.—
1425 2820 1474 2842 Duo
1491 2820 1533 2842 loci
1551 2826 1615 2849 seqq.
1634 2822 1686 2842 sunt
1702 2821 1758 2843 Gen.
1773 2821 1816 2848 ⁴2,
1838 2821 1856 2843 1.

1012 2858 1061 2887 (cfr.
1074 2858 1160 2885 Acc7,
1173 2859 1203 2887 3.)
1221 2861 1243 2880 et
1260 2859 1337 2881 Matth.
1355 2859 1395 2886 1¹9,
1413 2859 1449 2881 2¹.
1467 2858 1514 2881 cfr.
1529 2865 1599 2887 supra
1618 2865 1671 2887 pag.
1689 2859 1745 2888 248,
1762 2862 1815 2882 nota
1833 2860 1856 2883 9.

1074 2896 1091 2909 ¹¹
1110 2896 1156 2919 Csr.
1173 2903 1242 2925 supra
1260 2900 1313 2920 nota
1331 2898 1352 2919 8.

1074 2934 1093 2948 ¹2
1112 2935 1169 2958 Vide
1186 2936 1215 2958 X.
1232 2936 1254 2958 iu
1273 2936 1308 2958 Vl.
1320 2936 1349 2959 de
1366 2936 1460 2964 Regulis
1472 2937 1527 2959 iuris
1543 2936 1580 2965 (in
1598 2937 1642 2960 tine
1654 2936 1692 2960 lib.
1705 2938 1732 2960 V.
1745 2938 1804 2960 Sexti
1817 2938 1857 2960 De-

1011 2974 1109 3003 cretal.):
1128 2975 1191 3003 Quae
1208 2980 1220 2996 a
1238 2974 1288 2997 iure
1305 2975 1421 2998 communi
1439 2975 1566 2998 exorbitant
1583 2982 1731 3005 nequaquam
1753 2976 1782 2999 ad
1804 2983 1857 2999 eon-

1011 3014 1155 3043 sequentiam
1172 3016 1225 3036 sunt
1242 3015 1360 3037 trahenda.

1877 589 1917 613 Quo
1930 594 1985 608 sensu

1866 612 1902 632 hoc
1916 612 1998 631 dicatur.

1865 1055 1997 1080 Hieronymus.

1919 1992 2002 2011 Persona

1868 2016 1971 2042 communis
1983 2017 2002 2034 et

1868 2041 1948 2063 privata.
