2133 3317
189 284 232 312 16
255 283 380 312 Secundo
410 282 497 319 dirige
527 285 647 332 mentem
670 285 745 310 tuam
767 281 801 309 ad
825 282 951 311 debitam

6 361 98 405 ῗὶὲῗιιῖιι-
109 376 164 405 bes.
187 376 251 404 Tria
271 378 365 404 autem
386 379 466 408 sunt,
488 382 560 411 quae
587 374 781 403 celebraturus
808 374 951 402 intendere

5 408 99 457 ζῖἶιῗῗιιῗι
108 423 199 456 debes
221 422 325 451 scilicet
348 422 438 450 Deum
466 429 520 458 per
551 421 674 449 latriam
705 420 811 453 colere,
842 419 952 449 Christi

108 472 227 498 mortem
248 468 410 497 memorari
430 472 457 496 et
478 471 568 496 totam
591 467 750 496 Ecclesiam
770 467 883 495 iuvare.

187 514 276 543 Primo
297 514 422 543 intendas
446 514 535 542 Deam
548 522 602 550 per
630 513 752 542 latriam
774 513 871 541 colere.
887 512 951 541 Cul-

5 569 60 591 νήπια,
72 568 96 587 aa
109 565 153 590 tus
173 565 266 590 autem
288 561 383 590 latriae
404 561 453 589 soli
486 561 541 589 Deo
568 561 698 589 debitus¹
721 563 762 588 est
784 560 872 588 honor
901 559 951 587 im-

32 592 97 635 ¹552}ss-
109 616 211 645 pensus
231 616 342 636 summo
372 608 494 636 Creatori
526 616 562 636 ex
593 607 685 635 debito
716 607 872 639 servitutis,
894 614 951 643 quo

108 655 262 692 obligamur
283 662 337 683 non
359 654 449 683 solum
471 657 573 688 nostra,
595 653 642 682 sed
673 661 723 682 nos
751 653 824 689 ipsos
846 653 951 689 impen-

105 701 171 730 dere
193 709 243 738 pro
264 709 314 729 suo
336 701 441 729 bonore
461 703 489 729 et
510 709 560 737 pro
581 708 614 729 eo
635 700 721 733 mori,
742 700 763 728 si
785 699 950 736 expedierit,

106 747 140 777 ad
161 747 376 784 recognitionem
398 747 596 776 beneficiorum
625 754 742 775 suorum
763 749 790 774 et
811 753 877 774 suae
898 745 950 774 im-

105 801 216 822 mensae
237 793 366 822 bonitatis
381 793 459 822 nobis
473 796 611 826 ostensae,
626 795 654 821 et
668 793 719 820 hoc
734 791 853 820 contrito
867 791 950 819 corde

106 843 134 869 et
153 840 291 877 corpore2
313 840 473 872 humiliato:
496 843 523 868 et
545 843 602 868 toto
629 839 745 872 affectu,
766 841 829 867 actu
853 841 880 867 et
902 839 951 867 ha-

106 887 181 921 bitu,
203 887 327 924 gestibus
348 889 375 915 et
395 887 481 924 signis
501 888 709 923 prosternentes
730 893 779 914 nos
800 888 863 914 ante
884 893 950 914 ocu-

106 934 146 963 los
166 941 232 962 suae
254 933 399 962 Maiestatis
430 936 457 962 et
487 932 629 962 sacrificiis
649 936 675 961 et
701 932 864 961 muneribus
885 940 950 961 eum

105 982 278 1013 venerantes,
300 979 455 1008 referamus
483 979 517 1007 ad
548 979 640 1015 ipsum
671 986 781 1007 omnem
802 986 880 1015 spem
901 987 949 1007 no-

106 1029 192 1055 stram
213 1029 240 1055 et
261 1026 429 1055 desiderium
451 1029 578 1054 nostrum
600 1029 731 1063 tanquam
753 1025 780 1054 in
801 1026 884 1054 finem
907 1026 950 1054 ul-

106 1073 243 1107 timum-⁹³,
265 1076 379 1110 propter
403 1080 486 1110 quem
515 1072 622 1106 omnia,
643 1074 835 1109 exspectantes
862 1072 897 1101 ab
918 1080 950 1101 eo

107 1127 188 1148 omne
210 1120 340 1148 meritum
362 1122 389 1148 et
410 1119 621 1148 retributionem
636 1119 772 1148 bonorum
788 1123 949 1147 nostrorum

106 1166 290 1195 etmalorum
312 1166 463 1195 secundum
496 1166 706 1195 retributionem
736 1166 855 1195 iustitiae
883 1174 949 1196 suae

105 1213 205 1250 suique
222 1213 394 1250 beneplaciti.
409 1230 447 1234 --
462 1213 548 1241 Aliis⁴
569 1213 674 1241 Sanctis
695 1213 845 1242 exhibetur
861 1213 949 1242 honor

105 1263 133 1288 et
152 1259 276 1294 devotio,
298 1268 370 1297 quae
389 1260 491 1288 dicitur
507 1259 605 1293 (Iulia,
627 1268 698 1296 quae
719 1268 774 1288 non
795 1263 836 1288 est
857 1260 949 1289 cultus

106 1313 156 1335 neo
176 1306 312 1340 adoratio,
334 1306 381 1335 sed
403 1306 562 1343 subrogatio
592 1310 619 1335 et
649 1306 800 1340 invocatio,
831 1310 863 1335 ut
894 1307 949 1335 sint

106 1352 179 1389 apud
193 1353 281 1381 Deum
303 1353 426 1381 advocati
448 1361 499 1390 pro
520 1353 613 1387 nobis;
627 1355 655 1381 et
668 1353 758 1381 omnis
780 1354 947 1388 reverentia,

0 1265 29 1286 teti
34 1266 94 1285 colen-

0 1290 8 1310 i
18 1289 74 1310 dulia.

0 1387 90 1448 unigen-
105 1406 177 1436 quae
197 1398 236 1428 eis
256 1399 441 1436 impenditur,
462 1402 576 1436 propter
597 1399 701 1433 Deum,
723 1399 767 1428 cui
792 1403 857 1428 sunt
884 1407 948 1428 con-

0 1435 16 1472 3'
30 1434 90 1495 :3:²33
104 1445 206 1479 iuncti,
228 1445 387 1475 exhibetur.

0 1493 228 1521 incensi-17.
252 1493 325 1521 Deus
344 1495 438 1521 autem
464 1492 546 1521 debet
576 1501 593 1521 a
620 1492 699 1521 nobis
726 1492 754 1521 in
782 1492 947 1522 immensum

0 1522 76 1542 mione.

19 1545 87 1565 Primo

104 1539 217 1573 timeri,
239 1538 383 1568 honorari
412 1542 440 1568 et
467 1540 576 1568 amari.
597 1556 636 1560 —
659 1540 749 1568 Primo
769 1547 805 1568 ex
827 1540 948 1569 conside-

103 1585 211 1614 ratione
230 1594 303 1614 snae
334 1586 555 1623 omnipotentiae
584 1589 610 1614 et
637 1586 785 1620 iustitiae,
817 1587 865 1623 qui
897 1594 948 1615 nos

103 1631 263 1669 plenissimo
277 1632 338 1661 iure
352 1632 483 1661 damnare
497 1635 587 1670 potest
601 1635 628 1662 et
642 1633 764 1667 salvare,
780 1636 821 1662 est
834 1641 947 1661 summe

106 1678 258 1708 timendus.
281 1679 322 1707 Ex
342 1679 395 1708 hoc
415 1679 489 1708 enim
510 1679 609 1708 timore
630 1679 721 1708 oritur
742 1679 820 1708 dolor
834 1680 868 1709 de
883 1688 946 1717 pec-

103 1725 188 1760 catis,
210 1726 317 1762 pudor,
349 1726 484 1763 suspiria,
515 1726 668 1763 lacrymae,
691 1726 833 1755 tunsiones
854 1729 947 1764 pecto-

104 1771 144 1801 ris
153 1771 175 1806 ⁵,
196 1772 426 1809 supplicationes,
447 1773 564 1807 ieiunia,
592 1773 767 1810 disciplinae,
788 1773 947 1810 peregrina-

104 1818 192 1847 tiones
212 1821 240 1847 et
260 1819 428 1848 huiusmodi.
450 1835 487 1841 —
509 1819 634 1849 Secundo
663 1828 699 1849 ex
730 1820 948 1849 consideratione

104 1873 178 1893 suae
197 1865 359 1902 sapientiae
378 1869 403 1895 et
423 1866 586 1896 maiestatis
606 1875 718 1895 summe
738 1870 781 1895 est
800 1865 947 1895 honoran-

105 1911 170 1940 dus.
193 1912 235 1941 Ex
255 1913 308 1942 hoc
329 1921 449 1950 namque
470 1913 575 1942 honore
595 1913 686 1942 oritur
701 1913 842 1943 veneratio
856 1916 884 1942 et
904 1921 948 1942 re-

0 1824 87 1845 seeundo.

436 205 631 234 OPUSCULUM
653 205 683 232 V.
705 205 819 233 TRACT.
842 205 885 233 DE
907 204 1171 233 PRAEPARATIONE
1193 204 1236 232 AD
1257 204 1383 233 MlSSAM.
1406 203 1474 232 CAP.
1496 204 1525 232 ll.

1797 205 1850 232 105

1010 282 1148 315 verentia,
1170 282 1378 319 genuflexiones
1399 284 1426 310 et
1446 281 1667 315 incurvationes,
1690 282 1850 318 prostratio-

1008 336 1072 362 nes,
1093 328 1247 362 orationes,
1271 328 1490 365 purificationes,
1512 328 1744 361 consecrationes,
1769 336 1851 356 mun-

1007 374 1073 402 ditia
1094 382 1236 403 sacrorum
1258 382 1388 403 vasorum
1409 378 1436 404 et
1455 377 1679 412 paramentorum
1694 377 1810 403 ornatus
1824 378 1851 403 et

1007 421 1106 454 decor,
1127 420 1296 455 festivitates,
1318 421 1515 450 celebrationes
1527 422 1537 438 ⁶
1556 424 1583 450 et
1601 421 1786 450 solemnitates
1809 421 1850 449 lu-

1008 467 1166 500 minarium,
1188 471 1285 496 cantus
1307 468 1487 504 psalmorum,
1503 468 1669 504 hymnorum
1694 468 1735 496 vcl
1758 468 1850 497 lectio-

1007 521 1074 541 num
1095 516 1122 541 et
1143 513 1310 542 huiusmodi.
1333 530 1371 534 —
1392 515 1484 543 Tertio
1505 523 1541 543 ex
1563 515 1781 544 consideratione
1803 514 1849 543 bo-

1006 559 1109 587 nitalis
1135 563 1161 587 et
1181 560 1346 588 clementiae
1366 564 1406 589 est
1426 561 1537 597 infinite
1558 561 1714 590 amandas.
1739 562 1778 590 Ex
1798 562 1850 591 hoc

1007 609 1098 634 autem
1120 614 1214 634 amore
1244 607 1375 635 oriuntur
1402 608 1554 644 gratiarum
1580 609 1716 642 actiones,
1739 609 1849 643 laudes,

1008 652 1117 689 hymni,
1139 652 1357 687 benedictiones,
1380 657 1443 682 vota
1469 658 1572 689 sancta,
1594 655 1794 684 incensationes
1822 658 1849 684 et

1007 699 1175 727 huiusmodi.

1089 747 1131 774 18.
1155 746 1296 774 intendere
1317 746 1413 780 debes,
1436 750 1467 775 ut
1481 755 1516 775 ex
1532 747 1750 784 frequentatione
1765 748 1849 777 divini

1007 792 1099 821 cultus
1119 801 1222 820 nornen
1246 793 1297 821 Dei
1316 796 1340 820 et
1353 792 1362 808 ⁷
1385 793 1415 821 z'n
1437 793 1518 821 nobis
1545 794 1760 830 sanctificetur,
1782 798 1813 823 ut
1834 803 1850 824 a

1007 839 1085 867 nobis
1107 847 1155 875 per
1176 839 1348 868 sanctitatem
1377 839 1449 868 vitae
1476 840 1645 876 glorificetur
1674 841 1701 869 in
1729 842 1848 875 inundo,

1006 888 1037 914 ut
1058 889 1164 914 crescat
1185 886 1211 914 in
1233 886 1301 914 orbe
1322 886 1414 914 cultus
1429 889 1455 915 et
1471 886 1559 914 honor
1581 887 1642 920 Dei,
1658 891 1689 915 ut
1704 891 1849 924 cognoscat

1007 934 1081 960 totus
1103 932 1239 966 mundus,
1262 940 1311 961 nos
1332 940 1391 961 esse
1418 941 1498 961 veros
1529 933 1650 961 cultores
1678 934 1762 962 unius
1790 934 1847 962 veri

1006 978 1053 1007 Dei
1069 981 1096 1007 et
1110 979 1259 1007 Salvatoris
1281 979 1340 1007 lesu
1362 979 1473 1008 Christi.

1088 1026 1129 1053 19.
1153 1025 1295 1054 intendere
1316 1025 1400 1055 debes
1421 1029 1448 1055 et
1469 1026 1617 1055 memorari
1641 1025 1750 1055 Clu-isti
1771 1035 1848 1055 nior-

1006 1075 1068 1100 tem.
1091 1072 1122 1100 Et
1143 1072 1176 1100 de
1198 1072 1250 1100 hoc
1270 1072 1376 1101 dictum
1396 1075 1437 1101 est
1458 1080 1543 1109 supra
1554 1072 1574 1100 ⁸.
1596 1089 1636 1093 —-
1657 1073 1739 1107 Item,
1762 1073 1848 1101 inten-

1004 1118 1070 1147 dere
1090 1118 1173 1147 debes
1188 1122 1277 1147 totam
1295 1119 1452 1148 Ecclesiam
1470 1119 1590 1153 invare,
1613 1123 1644 1148 ut
1665 1119 1768 1148 scilicet
1789 1128 1849 1156 pro-

1007 1173 1091 1202 ponas
1112 1166 1200 1194 Deum
1221 1174 1302 1194 orare
1323 1174 1374 1203 pro
1396 1166 1482 1203 Papa,
1508 1166 1709 1200 cardinalibus,
1731 1167 1849 1203 patriar-

1005 1213 1077 1246 chis,
1098 1213 1328 1249 archiepiscopis,
1350 1213 1500 1250 episcopis,
1528 1213 1704 1247 doctoribus,
1732 1214 1848 1242 rectori-

1005 1260 1072 1293 bus,
1111 1259 1312 1293 sacerdotibus,
1345 1260 1472 1294 clericis,
1505 1260 1662 1294 monachis,
1695 1261 1847 1297 religiosis,

1004 1306 1178 1335 monasteriis
1204 1309 1231 1335 et
1261 1306 1391 1335 omnihus
1418 1307 1527 1335 Christo
1554 1306 1767 1341 famulantibus3
1796 1316 1847 1344 pro

1004 1353 1133 1390 regibus,
1153 1353 1288 1387 ducibus,
1310 1353 1482 1390 principibus
1510 1353 1665 1391 ceterisque
1693 1354 1847 1388 nobilibus;

1004 1408 1055 1436 pro
1076 1399 1246 1437 virginibus,
1261 1399 1367 1434 viduis,
1382 1400 1530 1436 orphanis,
1546 1400 1708 1437 peregrinis,
1724 1401 1847 1437 captivis,

1003 1446 1127 1480 afflictis,
1148 1446 1301 1480 debilibus,
1323 1446 1441 1475 infirmis
1461 1449 1489 1475 et
1504 1454 1554 1483 pro
1572 1447 1645 1475 omni
1666 1447 1768 1484 populo
1783 1447 1847 1480 Dei;

1003 1493 1085 1522 etiam
1106 1501 1157 1529 pro
1178 1493 1303 1530 paganis,
1325 1493 1507 1522 schismaticis
1521 1495 1548 1522 et
1563 1493 1722 1528 haereticis,
1737 1497 1769 1522 ut
1783 1502 1848 1522 con-

1005 1541 1149 1568 vertantur
1169 1539 1203 1567 ad
1225 1539 1311 1567 Deum
1334 1547 1432 1568 verum
1455 1542 1482 1568 et
1501 1542 1610 1568 sanctae
1632 1540 1766 1568 Ecclesiae
1787 1540 1848 1568 uni-

1004 1588 1096 1615 tatem.
1113 1602 1149 1606 —
1164 1585 1242 1619 Item,
1258 1586 1286 1614 in
1300 1586 1409 1622 speciali
1431 1593 1512 1615 orare
1532 1586 1616 1615 debes
1637 1594 1687 1623 pro
1707 1586 1847 1623 aliquibus

1004 1633 1110 1667 causis,
1131 1632 1203 1661 caris
1224 1632 1326 1661 scilicet
1347 1633 1524 1670 parentibus,
1540 1633 1766 1670 consanguineis,
1780 1633 1848 1662 ami-

1004 1680 1059 1714 cis,
1080 1679 1186 1708 devotis
1206 1682 1233 1708 et
1254 1680 1484 1709 recommendatis
1499 1680 1547 1708 tibi
1561 1688 1593 1709 ac
1608 1680 1635 1708 in
1657 1682 1705 1709 tua
1723 1680 1847 1709 oratione

1004 1726 1195 1763 sperantibus;
1225 1726 1305 1760 item,
1337 1726 1555 1763 singularissime
1580 1735 1631 1764 pro
1656 1730 1683 1756 te
1704 1727 1771 1764 ipso.
1795 1727 1848 1755 ΕΗ

1004 1773 1026 1802 si
1047 1773 1168 1810 aliquem
1189 1773 1394 1810 praedictorum
1416 1773 1555 1808 fidelium,
1571 1774 1719 1811 praecipue
1733 1776 1847 1810 propter

1003 1819 1096 1848 odium
1112 1820 1223 1857 aliquod
1237 1820 1280 1849 vel
1295 1828 1453 1854 rancorem,
1468 1820 1604 1855 excludis,
1619 1823 1652 1849 ut
1665 1828 1720 1849 non
1736 1820 1771 1849 sit
1785 1828 1848 1857 par-

1004 1867 1090 1904 ticeps
1112 1867 1179 1895 tanti
1200 1867 1341 1901 beneficii;
1364 1867 1518 1896 mortaliter
1546 1875 1658 1904 peccas,
1679 1875 1762 1904 agens
1782 1874 1846 1896 cum

1004 1913 1067 1942 odio
1087 1913 1180 1942 divina
1200 1913 1341 1950 mysteria.

869 2047 1029 2076 CAPITULUM
1051 2047 1080 2075 ΙΙ.

282 2169 320 2198 De
341 2169 510 2198 contritione
530 2172 554 2198 et
575 2167 768 2206 confessione,
790 2169 824 2198 cle
842 2169 1073 2207 praeparatione
1094 2169 1265 2198 immediata
1292 2173 1317 2198 et
1336 2169 1371 2198 de
1392 2170 1458 2207 ipsa
1479 2169 1672 2199 celebratione.

186 2293 209 2321 1.
235 2292 281 2321 His
311 2291 485 2329 praemissis,
516 2294 663 2329 postquam
692 2300 729 2321 ex
760 2292 945 2321 ruminatione

104 2338 309 2376 praedictorum
331 2338 358 2366 in
378 2338 562 2367 meditatione
583 2342 636 2367 tua
656 2338 820 2367 exardescit
833 2338 910 2376 iynis
923 2338 945 2355 ¹⁰

103 2386 131 2415 in
152 2385 235 2414 corde
259 2387 320 2419 tuo,
351 2392 447 2414 evome
477 2387 505 2413 et
535 2393 624 2422 purga
655 2385 743 2414 faeces
768 2389 945 2422 peccatorum

166 2553 174 2567 ¹
193 2554 252 2582 vat,
269 2554 376 2577 omittens
387 2553 484 2583 debitas,
496 2555 551 2582 legit
562 2554 647 2577 latriae
658 2556 692 2578 est
703 2555 779 2578 honor
792 2555 836 2578 soli
846 2556 893 2579 Deo
905 2555 948 2578 ivm

101 2599 206 2623 pensus;
223 2595 276 2616 ante
292 2599 336 2616 nos
353 2593 416 2623 ipsos
433 2594 452 2622 Q
469 2593 533 2616 addit
550 2595 586 2621 et,·
603 2593 701 2616 subinde
723 2597 775 2616 ante
798 2594 862 2617 mori
877 2595 947 2617 AFG

104 2632 123 2654 Η
132 2633 139 2655 l
147 2633 164 2655 L
174 2631 194 2654 M
203 2633 220 2655 N
237 2632 326 2655 addunt
342 2633 425 2655 morte.

166 2669 176 2683 ²
193 2671 243 2693 Sola
263 2671 312 2693 Vat.
328 2670 430 2700 spiritu,·
447 2674 499 2693 ante
516 2673 538 2694 et
553 2670 634 2694 habitu
651 2671 668 2694 C
680 2671 697 2694 Ο
715 2671 821 2693 omittunt
837 2673 900 2695 aotn.

166 2708 175 2722 ⁸
193 2710 243 2732 Vnt.
256 2709 319 2732 addit
331 2711 352 2732 et
363 2709 387 2732 in
399 2716 460 2737 eum,
472 2716 487 2732 a
498 2715 544 2739 quo
556 2709 636 2733 omnia
647 2711 776 2739 sperantes,
786 2711 884 2740 propter
897 2713 947 2737 etc„

104 2752 127 2772 et
142 2749 175 2771 sic
191 2750 276 2770 textum
303 2748 355 2770 facit
379 2754 425 2771 non
450 2748 613 2776 intelligibilem
636 2748 674 2776 (de
691 2749 747 2775 fine,
762 2750 861 2778 propter
878 2755 947 2779 quem

104 2785 197 2814 omnia,
215 2787 254 2809 csr.
272 2787 338 2808 Rom.
357 2787 397 2814 it,
415 2786 471 2816 36.).
488 2787 531 2809 Pro
545 2788 644 2816 propter
661 2793 730 2816 quem
748 2787 785 2816 (ita
804 2788 832 2816 Μ)
854 2787 947 2815 plurimi

103 2825 171 2848 codd.
184 2827 206 2847 et
218 2825 268 2847 Vat.
278 2826 377 2854 propter
394 2831 466 2855 qaae,
479 2826 497 2854 Q
506 2827 605 2855 propter
622 2825 698 2855 qaod,·
716 2832 785 2855 porro
803 2826 853 2849 Vat.
865 2826 948 2849 omittit

103 2869 173 2886 omne
189 2866 241 2885 ante
256 2863 376 2886 meritum.

165 2900 175 2914 ⁴
193 2902 244 2924 Vat.
256 2902 333 2924 adiicit
346 2907 444 2932 qaoque,
457 2902 474 2926 C
483 2902 501 2925 O
513 2909 584 2932 verm
597 2905 649 2931 post
659 2902 754 2926 Sanctis·
765 2903 805 2925 FG
818 2902 913 2927 debetur
925 2905 946 2926 et

103 2939 240 2969 exhibetur,
252 2941 307 2964 HlL
319 2941 442 2964 exhibetur
454 2943 477 2965 et
487 2941 589 2965 debetur.
602 2943 660 2964 infra
670 2944 722 2970 post
732 2941 828 2965 salvare
837 2943 887 2965 Vat.
898 2948 947 2970 per·

103 2985 183 3008 peram
195 2980 260 3008 ponit
270 2983 381 3008 punctum
393 2983 415 3003 et
427 2981 573 3010 prosequitur
583 2981 625 3004 Est
636 2980 706 3004 etiam
716 2987 810 3004 summe
821 2980 946 3005 timendas.

197 3026 222 3049 S.
232 3026 320 3050 Βοτιαυ.
338 3039 369 3043 --
387 3027 454 3050 Tom.
466 3027 522 3050 Vlll.

1003 2294 1132 2326 tuorum,
1154 2291 1263 2329 spiritu
1284 2292 1408 2321 contrito
1438 2295 1463 2321 et
1493 2291 1647 2322 humiliato
1674 2301 1845 2328 memorans,

1003 2341 1107 2376 quanta
1121 2338 1279 2368 commisisti
1295 2339 1467 2376 cogitatione,
1483 2339 1568 2368 verbo
1588 2341 1616 2368 et
1636 2348 1728 2377 opere,
1743 2343 1846 2377 quanta

1002 2385 1075 2414 bona
1095 2385 1226 2419 omisisti,
1257 2393 1329 2422 quae
1352 2385 1472 2415 debuisti
1503 2386 1593 2415 facere
1624 2389 1651 2415 et
1672 2387 1797 2424 potuisti,
1819 2390 1846 2417 et

1066 2554 1075 2567 ⁵
1093 2555 1145 2577 Vat.
1158 2556 1283 2584 pectorum
1288 2563 1298 2583 ,-
1316 2554 1409 2577 inferius
1420 2557 1472 2583 post
1484 2555 1522 2577 Ea:
1534 2554 1577 2578 hoo
1588 2560 1691 2584 namque
1702 2555 1783 2578 eadem
1796 2562 1847 2585 sup·

1005 2594 1084 2622 primit
1100 2594 1196 2617 honore.

1066 2632 1076 2645 ⁸
1094 2633 1145 2656 Vat.
1155 2639 1209 2656 cum
1224 2633 1305 2661 paucis
1316 2633 1384 2655 codd.
1396 2632 1552 2661 celebritates,
1564 2633 1664 2656 subinde
1675 2635 1772 2663 cantus,
1784 2634 1848 2664 psal-

1005 2671 1097 2694 modiae
1113 2678 1156 2699 pro
1173 2673 1257 2694 cantus
1271 2671 1431 2700 psalmorum.

1068 2709 1076 2722 ⁷
1094 2710 1209 2733 Omittitur
1225 2711 1246 2733 et
1263 2716 1275 2732 a
1294 2710 1345 2732 Vat.
1362 2712 1384 2732 et
1400 2710 1415 2732 F
1422 2719 1428 2737 ;
1446 2710 1502 2732 infra
1520 2716 1562 2738 pro
1582 2716 1650 2734 veros
1672 2710 1774 2734 cultores
1798 2712 1847 2734 Vnt.

1005 2755 1058 2772 cum
1075 2749 1181 2777 pluribus
1199 2749 1266 2772 codd.
1284 2748 1389 2772 clericos.

1066 2786 1076 2800 θ
1093 2788 1161 2811 Num.
1174 2788 1209 2810 Υ10.
1223 2787 1326 2810 Subinde
1337 2788 1406 2811 codd.
1418 2788 1435 2811 Α
1445 2787 1462 2811 C
1471 2789 1486 2810 F
1496 2789 1515 2811 Η
1524 2789 1530 2811 l
1540 2789 1557 2811 N
1567 2788 1585 2811 Ο
1595 2789 1610 2811 Ρ
1627 2795 1673 2812 non
1691 2788 1750 2812 bene
1763 2789 1848 2812 habeut

1006 2826 1092 2855 Quinto
1110 2833 1152 2855 pro
1169 2827 1226 2850 Item
1233 2835 1243 2855 ;
1259 2829 1367 2850 neutrum
1385 2830 1419 2850 est
1436 2827 1458 2850 in
1475 2828 1527 2851 Vat.

1066 2864 1076 2877 ⁹
1093 2865 1165 2888 Codd.
1184 2866 1199 2888 Ε
1209 2866 1225 2888 Ν
1235 2866 1253 2888 Ο
1263 2866 1278 2888 Ρ
1296 2865 1361 2888 Unde
1376 2865 1399 2889 si
1415 2872 1456 2894 pro
1471 2867 1515 2895 Et,·
1532 2866 1630 2890 subinde
1641 2873 1687 2890 non
1699 2867 1766 2896 pauci
1778 2868 1846 2890 codd.

1000 2904 1193 2934 praemissorum
1210 2911 1252 2933 pro
1266 2904 1452 2934 praedictorum.
1470 2906 1564 2929 interius
1581 2909 1632 2934 post
1649 2906 1729 2930 odium
1742 2907 1788 2930 fide
1799 2908 1816 2930 A
1826 2907 1844 2929 G

1003 2944 1022 2966 Η
1033 2944 1068 2966 {K
1079 2944 1095 2966 L
1105 2944 1124 2972 Q
1140 2943 1267 2966 adiecimus
1283 2943 1388 2974 aliquod.

1066 2981 1086 2994 ¹⁰
1102 2982 1184 3005 Psalm.
1201 2982 1244 3009 38,
1263 2982 1288 3011 4;
1305 2982 1358 3005 dein
1375 2983 1496 3012 respicitur
1512 2984 1547 3006 Ps.
1565 2983 1608 3011 50,
1626 2984 1662 3006 119.

1723 3030 1751 3053 lt

1867 521 1937 540 Tertio.

1899 754 1959 773 Etiam

1862 783 1882 796 m
1894 778 1948 796 nobis
1963 783 1995 796 no-

1862 806 1905 819 meu
1912 801 1946 820 Dei
1953 806 1995 820 san-

1862 825 1988 843 ctifioaudum.

1900 1033 1993 1056 Secundo,

1865 1056 1934 1075 Christi
1945 1062 1994 1076 mon

1866 1080 1993 1099 memoranda.

1871 1103 1941 1125 Tertio,
1955 1105 1994 1122 tota

1866 1126 1949 1144 Ecclesia
1965 1127 1993 1145 iu-

1866 1149 1932 1168 vanua.

1873 2305 1910 2332 *De
1923 2305 1991 2324 contri-

1863 2331 1914 2348 tione
1921 2331 1940 2348 02
1948 2334 1991 2348 con-

1864 2353 1951 2372 sessione.
