2133 3317
126 380 243 399 Exhortatio.

139 1320 239 1338 Tormenta

110 1343 159 1366 ignis
172 1346 190 1362 et
199 1349 239 1362 ver-

264 202 301 230 54
813 201 1009 230 OPUSCULUM
1031 202 1060 230 ll.
1082 202 1313 239 SOLtLOQfflUM.
1335 203 1404 231 cat).
1427 204 1466 232 ΙΙΙ.

263 280 285 308 si
307 288 361 308 non
382 280 480 308 media
501 283 581 308 noete
601 279 641 307 ad
662 279 857 316 confitendam
873 279 925 307 tz'bz'
943 283 1111 309 surrexero!

262 326 327 354 Iam
350 326 390 354 act
412 326 542 354 radicem
562 326 676 354 securis
694 326 793 362 posita
813 330 870 359 esc,
886 326 968 355 faciat
989 326 1112 356 fructum

261 373 308 410 qui
321 376 410 410 potest
422 373 534 409 gratiae,
547 373 594 410 qui
607 373 688 401 debet
700 373 882 409 poenitentiae
891 385 917 401 ».
930 390 968 394 —
979 373 1002 402 O
1013 374 1113 408 anima,

266 432 279 445 «
294 420 351 449 sive
374 420 484 456 vigiles,
507 420 564 448 sive
585 419 723 453 dormias,
738 428 847 456 semper
869 420 896 448 in
918 421 1036 450 auribus
1058 422 1113 450 tuis

260 466 307 495 illa
323 458 464 495 horribilis
479 466 547 494 tuba
561 469 684 495 resonet:
701 466 819 504 Sttryz'ce
833 467 952 501 morcui,
968 468 1058 496 venite
1074 468 1114 497 act

260 513 466 541 iudc'cz'uml».
489 512 511 541 O
533 513 636 547 anima,
658 521 802 550 nunquam
824 514 935 543 excidat
956 523 972 543 a
993 518 1041 543 tua
1056 523 1113 544 me-

260 560 363 588 moria:
386 560 436 593 lte,
460 559 622 594 maledicti,
645 560 677 588 z'n
698 561 792 597 iynem
815 564 983 595 aetermam
1006 562 1112 595 venite,

260 606 413 640 benedieti,
432 607 573 644 percipile
593 616 717 645 regimme
730 608 750 636 2.
773 607 795 636 O
817 608 883 645 quid
900 612 988 645 potest
1009 609 1112 638 lamen-

260 654 371 683 tabilius
392 657 419 682 et
441 654 595 683 terribilius
616 655 729 692 cogitari
760 663 859 692 quam:
882 656 943 685 Ite?
972 656 1043 693 Quid
1065 657 1112 685 de—

260 700 414 729 lectabilius
435 701 556 737 exprimi
577 709 676 738 quam:
701 702 813 730 Venite?
828 702 906 731 Duae
927 711 1023 737 voces,
1043 712 1111 740 qua-

259 755 322 776 rum
347 756 403 776 una
423 748 493 776 nihil
515 748 694 782 horribilius,
716 751 744 777 et
764 749 852 777 altera
872 750 942 778 nihil
963 750 1112 779 iucundius

258 794 361 831 poterit
381 794 481 823 audiri.
504 794 526 823 Ο
548 795 655 829 anima,
677 803 775 832 separa
797 798 823 824 te
852 796 933 825 modo
954 805 970 825 a
991 797 1110 831 mundo,

258 844 290 869 ut
312 844 378 870 tunc
400 842 488 878 possis
503 850 616 871 manere
631 850 695 871 cum
710 842 828 871 Christo.
844 843 917 880 Fuge
934 843 1015 872 modo
1030 852 1112 872 mun-

258 888 339 921 dum,
362 892 394 917 ut
416 892 482 918 tunc
503 890 630 926 sequaris
651 890 749 918 Deum.
772 890 884 919 Declina
905 890 987 919 modo
1008 899 1109 927 pravo-

258 944 323 964 rum
345 936 489 965 societates
511 940 538 965 et
566 937 721 971 consortia,
754 940 786 965 ut
816 940 882 966 tunc
914 937 1005 967 valeas
1032 938 1109 975 sequi

259 983 405 1011 Beatorum
428 984 545 1020 agmina.

649 1086 713 1121 §a

306 1178 393 1207 Tertio,
412 1178 437 1202 de
454 1186 575 1209 poenarum
592 1179 743 1202 infernalium
760 1179 902 1203 intolerabili
920 1179 1056 1210 asperitate.

338 1266 363 1294 6.
386 1266 448 1294 Post
469 1266 537 1295 baec
559 1267 651 1295 omnia
669 1270 799 1296 converte
814 1266 923 1295 radium
939 1267 1107 1304 contempla-

257 1313 339 1341 tionis
359 1313 393 1341 ad
416 1313 600 1350 reproborum
624 1317 773 1347 tormenta;
796 1314 874 1348 vide,
893 1322 976 1351 quam
993 1314 1047 1342 sint
1062 1322 1108 1342 va-

257 1360 306 1393 ria,
323 1368 406 1397 quam
421 1368 528 1397 aspera,
544 1369 627 1397 quam
647 1361 800 1395 horribilia,
816 1369 899 1398 qnam
915 1361 1107 1389 intolerabilia.

256 1407 414 1436 Bernartius
428 1407 462 1435 ad
477 1407 630 1444 Eugenium
641 1407 665 1435 ³:
685 1419 698 1432 «
713 1408 766 1444 Ego
782 1408 883 1436 horreo
894 1416 1017 1436 vermem
1035 1416 1109 1436 mor-

255 1454 350 1483 dacem
372 1457 399 1483 et
419 1457 538 1483 mortem
560 1454 683 1483 vivacem
699 1466 725 1482 ».
753 1466 766 1479 «
781 1454 803 1483 O
825 1455 986 1491 gehennalis
1015 1455 1106 1492 regio!

256 1509 340 1538 quam
360 1502 490 1539 fugienda
512 1509 554 1536 es,
576 1502 624 1530 ubi
646 1505 688 1531 est
716 1502 786 1539 ignis
815 1502 927 1536 ardens,
952 1502 1041 1539 frigus
1070 1503 1107 1531 ri-

255 1556 335 1585 gens,
356 1549 459 1577 vermis
481 1549 661 1583 immortalis,
683 1549 771 1578 foetor
793 1549 986 1583 intolerabilis,
1016 1550 1106 1578 mallei

255 1596 458 1632 percutientes,
486 1596 615 1625 tenebrae
645 1597 807 1633 palpabiles,
830 1597 954 1626 confusio
983 1601 1108 1634 peccato-

255 1651 332 1677 rum,
356 1643 496 1672 innodatio
517 1644 708 1677 vinculorum,
731 1644 879 1672 horribiles
900 1644 983 1673 facies
997 1645 1107 1673 daemo-

254 1698 321 1719 num
334 1702 360 1718 ι).
373 1691 575 1727 Augustinus4:
595 1702 608 1715 «
621 1691 676 1719 Vae
691 1691 758 1719 illis!
776 1691 879 1728 quibus
894 1691 1107 1728 praeparabitur

254 1737 332 1765 dolor
355 1738 508 1771 vermium,
530 1737 614 1766 ardor
635 1737 825 1771 flammarum,
848 1737 907 1766 sitis
933 1738 993 1766 sine
1022 1742 1105 1775 potu,

254 1784 336 1812 fletus
357 1788 384 1813 et
406 1784 508 1812 stridor
529 1784 671 1818 dentium,
694 1785 831 1821 lacrymae
863 1785 1025 1819 oculorum,
1059 1785 1105 1814 ubi

255 1839 331 1860 mors
352 1834 477 1868 optatur,
500 1831 548 1860 sed
569 1840 623 1860 non
646 1832 796 1865 dabitur»,
820 1832 871 1860 ubi
891 1832 991 1860 milltes
1017 1833 1105 1867 ordo,

252 1878 302 1907 sed
331 1878 524 1915 sempiternus
545 1877 654 1907 horror
679 1877 833 1907 inhabitat.
867 1890 880 1904 «
896 1879 979 1915 Quis,
1008 1883 1105 1916 putas,

253 1928 319 1954 tunc
334 1925 387 1954 erit
408 1933 534 1960 moeror,
550 1934 621 1963 quae
636 1926 763 1960 tristitia,
780 1926 843 1963 quis
865 1926 976 1955 luctus?
995 1926 1106 1963 quando

253 1973 459 2009 separabuntur
480 1973 567 2010 iniqui
589 1981 605 2001 a
626 1973 764 2002 consortio
785 1974 924 2002 iustorum
943 1976 971 2002 et
992 1973 1102 2002 traden-

253 2022 300 2048 tur
322 2020 450 2056 potestati
471 2020 637 2048 daemonum
652 2024 679 2048 et
694 2020 774 2048 ibunt
795 2028 860 2049 cum
878 2020 918 2049 eis
939 2020 970 2048 in
991 2020 1103 2057 suppli-

254 2066 333 2094 cium.
355 2070 526 2100 aeternum,-
548 2067 642 2104 ibique
664 2075 772 2104 semper
794 2070 878 2096 erunt
906 2067 964 2096 sine
992 2067 1046 2096 fine
1074 2067 1100 2096 in

252 2113 331 2142 luctu
346 2117 373 2142 et
394 2114 515 2150 gemitu,
531 2114 628 2150 procul
643 2122 659 2142 a
680 2114 787 2151 gaudiis
802 2114 935 2151 paradisi,
957 2122 1100 2151 nunquam

1171 281 1347 318 refrigerium
1370 282 1543 319 suscepturi,
1569 282 1616 311 sed
1638 290 1687 319 per
1713 283 1801 311 multa
1822 283 1908 312 millia
1934 292 2019 312 anno-

1171 336 1233 356 rum
1257 329 1414 363 cruciandi,
1444 337 1587 366 nunquam
1610 332 1714 363 tamen,
1736 330 1792 358 heu
1815 330 1923 365 miseri,
1953 331 2019 360 libe-

1170 375 1257 403 randi.
1292 376 1328 403 lbi
1358 379 1490 413 torquens
1511 379 1538 404 et
1562 376 1681 413 puniens
1702 385 1755 404 non
1778 377 1953 414 fatigabitur,
1982 378 2019 407 ibi

1170 422 1217 458 qui
1241 425 1388 458 torquetur
1404 430 1548 459 nunquam
1570 423 1714 451 morietur.
1737 423 1780 452 Sic
1795 424 1867 452 enim
1889 424 1960 461 ignis
1974 424 2019 454 ille

1170 469 1321 502 consumit,
1344 472 1374 497 ut
1396 469 1479 498 vitam
1496 473 1588 498 tamen
1608 478 1718 507 semper
1739 473 1843 505 servet;
1866 471 1904 500 sic
1926 474 2020 501 vetera

1170 517 1308 544 tormenta
1329 516 1483 552 patientur,
1505 520 1537 544 ut
1558 524 1667 553 semper
1688 517 1872 552 innoventur3
1895 518 1933 547 sic
1961 518 2020 547 sine

1169 569 1217 598 spe
1238 563 1334 591 veniae
1356 565 1383 591 et
1399 563 1604 592 misericordiae
1626 571 1735 600 semper
1756 564 1862 599 vivent,
1882 569 1913 593 ut
1928 568 2018 594 tamen

1169 616 1278 645 semper
1300 609 1470 643 moriantur;
1486 610 1525 638 sic
1540 610 1708 645 morientur,
1723 613 1755 639 ut
1770 614 1860 639 tamen
1876 619 2019 649 nunquam

1169 659 1370 684 consumantur
1382 656 1392 673 5
1409 668 1435 683 ».

1248 704 1274 730 7.
1297 704 1396 731 Anum.
1419 703 1441 731 O
1463 704 1559 737 homo,
1582 712 1670 740 quare
1691 704 1717 732 in
1738 704 1857 738 inferno,
1880 708 1912 733 ut
1938 705 2048 754 dicim}

1168 797 1345 825 aeternaliter
1367 797 1442 834 quod
1463 798 1645 826 committitur
1668 799 1879 835 temporaliter?

1247 844 1333 872 Hono.
1354 855 1367 869 α
1380 844 1449 880 Quia
1471 844 1574 881 quibus
1590 845 1616 873 in
1632 845 1684 873 boc
1703 845 1813 874 saeculo
1833 846 1889 874 vita
1903 846 2020 875 offertur
2037 853 2118 877 Respons

1168 893 1195 918 et
1216 890 1315 919 nolunt
1335 891 1477 927 accipere,
1501 892 1528 919 in
1557 891 1665 920 inferno
1687 896 1822 929 quaerent
1851 896 1970 922 mortem
1992 896 2019 922 et

1168 945 1222 965 non
1245 940 1376 974 poterunt
1398 938 1544 967 invenireG
1560 950 1587 966 ».
1610 939 1686 967 Unde
1707 939 1873 976 Gregorius:
1900 952 1913 965 «
1930 940 2017 977 lniqui

1168 984 1285 1013 libenter
1300 985 1453 1013 voluissent
1467 985 1526 1014 sine
1548 985 1603 1014 fine
1617 986 1727 1020 vivere,
1743 990 1774 1015 ut
1790 987 1943 1023 potuissent
1961 987 2019 1017 sine

1167 1030 1222 1059 fine
1243 1031 1271 1059 in
1293 1031 1487 1068 iniquitatibus
1508 1033 1736 1069 permanerem
1757 1033 1873 1062 districti
1895 1042 1962 1072 ergo
1976 1035 2019 1063 iu-

1167 1078 1235 1107 dicis
1256 1078 1389 1107 iustitiam
1422 1079 1557 1115 pertinet,
1584 1083 1616 1108 ut
1645 1088 1790 1117 nunquam
1819 1085 1932 1110 careant
1952 1090 2018 1119 sup-

1167 1125 1264 1162 plicio,
1293 1134 1414 1162 quorum
1444 1134 1523 1155 mens
1544 1127 1571 1155 in
1600 1127 1652 1156 hac
1674 1127 1730 1156 vita
1758 1136 1902 1165 nunquam
1930 1129 2018 1158 voluit

1167 1180 1263 1201 carere
1284 1176 1397 1210 peccato
1412 1185 1439 1201 ».

1245 1220 1271 1248 8.
1293 1220 1394 1248 ΑΝΙΜΑ.
1421 1232 1435 1245 «
1449 1220 1471 1248 Ο
1494 1228 1583 1255 mors,
1605 1229 1689 1258 quam
1711 1222 1799 1251 dulcis
1818 1230 1892 1251 esses
1914 1222 2017 1260 quibus

1166 1270 1221 1295 tam
1242 1275 1338 1295 amara
1365 1267 1460 1296 fuisti!
1484 1268 1521 1296 Te
1550 1268 1639 1297 solum
1661 1268 1820 1298 desiderant
1840 1269 1888 1306 qui
1913 1273 1940 1299 te
1963 1273 2016 1299 tam

1166 1315 1345 1343 vehementer
1373 1315 1623 1343 abliorrebant⁷n.
1654 1327 1667 1340 α
1682 1316 1705 1344 O
1733 1316 1777 1352 pie
1802 1316 1880 1345 lesu!
1902 1320 2017 1354 propter

1165 1369 1266 1390 nomen
1289 1365 1368 1390 tuum
1391 1362 1433 1390 fac
1454 1370 1564 1391 mecum
1594 1363 1830 1397 misericordiam;
1852 1363 2016 1393 obliviscere

1164 1408 1318 1445 superbum
1348 1412 1560 1445 provocantem,
1583 1410 1690 1446 respice
1711 1410 1844 1439 miserum
1873 1411 2017 1440 humiliter

1164 1455 1354 1490 invocantem;
1371 1464 1536 1493 recognosce
1550 1456 1746 1493 benignissime
1768 1457 1842 1495 quod
1864 1461 1905 1487 est
1920 1461 2016 1493 tuum,

1164 1502 1292 1539 absterge
1313 1503 1387 1539 quod
1409 1506 1451 1531 est
1472 1503 1603 1532 alienum.
1629 1504 1776 1538 Miserere,
1804 1504 1934 1539 Domine,
1950 1505 2017 1534 dum

1164 1552 1275 1586 tempus
1297 1550 1445 1579 miserendi
1468 1554 1525 1585 est,
1547 1559 1582 1580 ne
1602 1551 1716 1580 damnes
1744 1551 1772 1580 in
1794 1554 1918 1589 tempore
1945 1553 2017 1582 iudi-

1164 1597 1241 1625 candi
1257 1609 1284 1624 ».
1313 1597 1445 1626 «Verum
1467 1597 1579 1634 quidem
1601 1600 1655 1632 est,
1678 1599 1752 1636 quod
1768 1599 1935 1628 conscientia
1956 1608 2017 1629 mea

1163 1644 1268 1672 meruit
1288 1644 1511 1678 damnationem,
1526 1645 1694 1681 poenitentia
1708 1653 1770 1674 mea
1790 1654 1845 1674 non
1859 1646 1963 1675 sufficit
1982 1647 2017 1676 ad

1164 1691 1394 1725 satisfactionem3
1416 1691 1464 1720 sed
1486 1695 1577 1721 tamen
1599 1696 1707 1721 certum
1729 1696 1785 1728 est,
1807 1693 1881 1731 quod
1903 1697 1950 1723 tua
1965 1694 2017 1723 mi-

1164 1738 1314 1767 sericordia
1336 1742 1450 1775 superat
1468 1747 1578 1768 omnem
1599 1739 1776 1769 offensionem
1793 1752 1819 1768 υ.
1839 1741 1909 1770 Haec
1923 1742 2016 1771 Ansel-

1165 1793 1228 1814 mus
1242 1785 1268 1813 in
1285 1785 1507 1815 Meditationibus
1519 1786 1538 1814 Β.
1566 1798 1580 1811 c<
1594 1786 1616 1815 Ο
1628 1787 1649 1815 si
1672 1787 1746 1816 Deus
1760 1787 1799 1816 sic
1814 1788 1869 1825 egit
1883 1796 1947 1817 cum
1968 1797 2016 1818 an-

1163 1832 1224 1869 gelo
1239 1832 1432 1869 superbiente,
1455 1833 1521 1870 quid
1537 1833 1570 1862 de
1588 1841 1633 1862 me
1648 1834 1695 1862 fiet
1710 1837 1786 1862 terra
1800 1837 1827 1863 et
1841 1835 1955 1864 cinere?
1970 1836 2016 1865 Ille

1163 1879 1319 1916 superbivit
1333 1879 1361 1908 in
1379 1880 1487 1909 caelesti
1505 1881 1617 1917 palatio,
1637 1889 1687 1918 ego
1702 1881 1730 1910 in
1748 1882 1931 1919 sterquilinio.
1947 1883 2015 1919 Quis

1163 1935 1219 1955 non
1240 1927 1454 1956 tolerabiliorem
1478 1928 1504 1956 in
1519 1927 1604 1957 divite
1622 1928 1782 1965 superbiam
1798 1937 1881 1966 quam
1904 1930 1931 1958 in
1948 1938 2016 1967 pau-

1163 1982 1229 2011 pere
1250 1974 1370 2003 asserit?
1392 1975 1447 2003 Vae
1463 1975 1546 2003 milii!
1569 1975 1662 2004 sitam
1685 1976 1756 2005 dure
1778 1976 1804 2005 in
1819 1976 1904 2006 divite
1925 1980 1953 2006 et
1966 1986 2016 2014 po-

1162 2024 1236 2050 tente
1257 2021 1355 2058 punita
1375 2024 1417 2050 est
1435 2022 1582 2058 superbia,
1604 2023 1733 2060 quamvis
1754 2031 1865 2060 semper
1883 2024 2015 2061 superbia

1161 2067 1294 2096 divitibus
1315 2070 1343 2096 et
1368 2068 1528 2105 potentibus
1557 2069 1592 2097 sit
1613 2072 1743 2106 cognata,
1773 2070 1893 2107 qualiter
1914 2071 1941 2100 in
1970 2079 2015 2100 me

1162 2114 1263 2143 misera
1284 2117 1311 2143 et
1332 2115 1503 2152 paupercula
1525 2115 1578 2144 erit
1599 2116 1767 2145 iudicanda⁹
1783 2120 1820 2145 n?

254 2305 303 2326 [etot
322 2306 344 2326 ct
361 2304 415 2326 Luc.
433 2304 460 2331 3,
479 2304 499 2325 9.
517 2316 548 2320 -
566 2304 678 2332 Superius
695 2307 745 2332 post
759 2304 914 2334 infructuosis
926 2306 942 2327 L
955 2306 1030 2328 addit:
1044 2306 1105 2328 unde

252 2343 348 2372 qnidam
366 2343 458 2370 sapiens
477 2342 528 2372 [ct'r.
546 2346 602 2365 tom.
620 2343 664 2365 vit.
684 2350 737 2371 pag.
756 2344 815 2370 lOl,
833 2347 887 2366 nota
910 2345 942 2366 l‘3.
960 2344 1032 2367 verba
1054 2345 1105 2367 Ber-

253 2382 328 2411 narili]
347 2382 392 2404 ait:
409 2382 482 2404 Omne
500 2386 592 2410 tempus
610 2383 649 2404 tibi
663 2383 793 2410 impensum
806 2384 909 2412 requiret
920 2384 994 2411 Deus,
1007 2385 1104 2413 qualiter

252 2421 280 2443 sit
297 2421 441 2449 impensum,
459 2427 501 2443 nec
519 2421 603 2449 peribit
620 2425 764 2444 momentum
782 2422 841 2444 sicut
858 2428 899 2445 nec
917 2423 1013 2450 capillus
1029 2423 1058 2446 de
1070 2430 1105 2445 ca·

253 2461 299 2488 pite
318 2460 382 2489 [Luc.
401 2461 443 2484 Ql.
466 2460 517 2489 18.].

315 2499 322 2511 ¹
343 2500 447 2526 llicron.,
466 2500 535 2528 Epist.
554 2500 592 2521 66.
611 2499 676 2528 (alias
699 2500 745 2528 26.)
768 2507 790 2523 n.
814 2501 858 2522 r10:
882 2501 935 2523 sive
956 2501 1032 2530 legaS,
1055 2502 1105 2525 sive

252 2539 352 2565 scribas,
370 2539 419 2561 sive
438 2539 532 2567 vigiles,
550 2539 599 2561 sive
616 2539 732 2567 dormias,
749 2540 820 2562 tantos
837 2540 878 2562 tibi
895 2546 989 2568 semper
1006 2540 1104 2564 buccina

251 2579 274 2601 in
292 2578 388 2601 auribus
410 2582 481 2601 sonet.
504 2579 549 2601 (lt'r.
573 2579 653 2606 Regul.
672 2579 802 2602 Mouaclior.
827 2580 894 2608 (inter
913 2586 984 2608 opera
1002 2581 1102 2604 Hieron.)

251 2626 270 2641 c.
289 2619 326 2640 23.
345 2619 432 2646 Regula
451 2619 580 2640 Monachar.
604 2618 671 2645 (inter
693 2625 764 2647 opera
788 2619 888 2648 Hieron.)
909 2626 929 2642 c.
946 2620 988 2641 30:
1008 2620 1104 2648 Semper

250 2657 305 2680 tuba
324 2658 358 2679 illa
377 2657 483 2680 terribilis
506 2658 589 2680 vestris
611 2661 740 2686 perstrepat
762 2658 872 2681 auribus:
896 2659 988 2687 surgite
1006 2660 1103 2686 mortui,

251 2698 327 2719 venito
345 2697 374 2719 ad
391 2697 510 2719 iudicium.

313 2735 322 2747 ²
340 2737 415 2758 Mattli.
435 2738 476 2765 255,
496 2736 532 2758 41.
555 2740 578 2759 et
600 2737 637 2759 34.
660 2737 706 2760 Csr.
729 2737 833 2764 Caesar„
857 2738 928 2766 episc.
952 2738 1102 2766 Arelatensis,

251 2775 334 2797 Hoinil.
356 2775 389 2797 t-t.

314 2813 322 2825 ³
340 2813 401 2835 Libr.
419 2814 446 2836 V.
464 2814 493 2837 (le
510 2814 652 2837 Considerat.
670 2821 689 2837 c.
712 2816 745 2837 12.
762 2822 784 2837 n.
803 2816 841 2838 255.
864 2815 968 2839 Subinde
990 2817 1102 2844 allegatur

251 2853 324 2875 Set-in.
343 2853 380 2875 42.
398 2853 427 2875 de
445 2853 559 2881 Diversis,
577 2860 599 2876 n.
619 2854 640 2876 6.

313 2892 322 2904 ⁴
340 2892 401 2914 Libr.
419 2893 449 2915 de
471 2893 614 2916 Salutaribus
637 2894 784 2916 Documentis
809 2894 877 2921 (inter
900 2900 970 2922 opera
993 2893 1100 2922 August.)

251 2937 270 2953 c.
289 2931 325 2953 49.
342 2943 374 2947 —
393 2932 501 2960 Sequitur
518 2931 557 2953 lob
579 2932 617 2959 to,
635 2933 671 2954 22.

314 2970 322 2982 ⁵
341 2971 460 2998 Be1¹nnrd.,
479 2971 577 2993 Meditat.
595 2974 638 2993 etc.
655 2977 675 2994 c.
693 2972 714 2993 2.
732 2978 754 2993 n.
776 2972 810 2994 10.
826 2972 942 2999 Allegatur
963 2972 1040 2994 Mattb.
1058 2971 1098 2999 ⁴25,

251 3009 288 3032 46.
305 3009 377 3032 Codd.
395 3010 412 3031 H
424 3010 430 3032 l
440 3010 458 3031 M
477 3011 537 3032 bunc
552 3010 628 3032 locum
641 3010 760 3038 omittunt;
773 3011 788 3032 L
801 3017 857 3033 vero
869 3011 946 3033 addit:
958 3010 1028 3039 Quia,
1041 3011 1100 3032 sicut

1162 2306 1217 2328 dicit
1239 2306 1364 2334 Gregorius
1387 2305 1437 2335 [tx.
1456 2306 1531 2328 illoral.
1550 2312 1569 2328 c.
1587 2307 1625 2328 66.
1642 2313 1664 2329 n.
1684 2306 1758 2336 =100.]‚
1782 2307 1813 2329 ibi
1836 2314 1899 2330 mors
1921 2314 2014 2337 semper

1161 2346 1231 2372 vivit,
1250 2345 1301 2368 finis
1317 2352 1410 2373 semper
1428 2346 1519 2373 incipit,
1537 2348 1559 2368 et
1576 2346 1681 2368 derectus
1698 2346 1798 2369 deficere
1814 2347 1892 2369 nescit.

1224 2384 1234 2397 ⁶
1251 2385 1359 2413 August,
1378 2385 1451 2407 Sei-m.
1470 2385 1524 2407 229.
1542 2385 1565 2407 in
1583 2386 1719 2413 Appendice
1736 2386 1801 2414 (alias
1818 2387 1871 2409 252.
1892 2387 1921 2409 de
1945 2387 2014 2410 Tem-

1161 2424 1228 2452 pore)
1246 2430 1269 2446 n.
1288 2424 1310 2446 4.
1327 2424 1388 2446 Haec
1405 2424 1516 2446 sententia
1534 2430 1547 2446 a
1565 2424 1616 2446 Vat.
1639 2427 1661 2446 et
1684 2424 1790 2452 pluribus
1812 2425 1880 2447 codd.
1904 2425 2012 2449 tribuitur

1163 2462 1294 2492 ἂγε-φονίω-
1316 2463 1334 2484 Μ
1353 2463 1438 2490 secuti,
1457 2463 1578 2491 posuimus
1602 2462 1667 2486 Unde
1693 2463 1838 2493 Greyorc'us,
1862 2465 1900 2487 lV.
1924 2465 2012 2494 Dialog.

1161 2508 1181 2524 c.
1199 2501 1241 2528 44,
1259 2508 1301 2530 pro
1319 2508 1369 2530 seq.
1385 2502 1504 2524 sententia.

1225 2540 1233 2553 ⁷
1252 2540 1299 2563 Lib.
1319 2541 1354 2563 tv.
1372 2542 1435 2563 Sent.
1452 2541 1474 2563 d.
1493 2541 1531 2563 50.
1548 2547 1569 2569 p.
1589 2542 1603 2563 l.
1621 2547 1641 2563 a.
1660 2542 1681 2563 ι1.
1699 2548 1721 2570 q.
1740 2542 1761 2563 2.
1784 2542 1888 2564 fundam.
1911 2543 1933 2565 2.
1956 2544 2012 2566 hacc

1161 2580 1272 2603 sententia
1292 2580 1399 2603 tribuitur
1416 2579 1550 2609 ,4ttqttslz‘no
1568 2580 1593 2603 iit
1611 2580 1670 2603 libro
1689 2580 1716 2604 (le
1733 2580 1833 2604 Miseria
1844 2581 1916 2604 leuius
1928 2581 2014 2605 mundi

1161 2620 1211 2647 (cfr.
1230 2619 1260 2642 ibi
1279 2622 1332 2642 nota
1350 2620 1452 2647 adiecta,
1469 2620 1491 2641 in
1509 2626 1556 2648 qua
1568 2619 1760 2648 observavimus,
1773 2620 1837 2649 quod
1850 2621 1964 2643 lunocent.
1976 2622 2010 2643 lll.

1161 2660 1183 2681 in
1201 2659 1259 2681 libro
1278 2660 1309 2681 ttt.
1328 2659 1357 2682 de
1373 2659 1511 2687 Contempto
1533 2659 1614 2681 mundi
1637 2662 1691 2687 etc.,
1709 2665 1730 2681 c.
1747 2660 1769 2682 9.
1793 2660 1852 2682 banc
1874 2660 2012 2688 propositio—

1160 2705 1212 2721 nem
1230 2698 1344 2727 exhibet);
1362 2699 1414 2721 Yet.
1432 2699 1516 2726 allegat
1533 2698 1714 2728 Hieronymum.

1223 2736 1231 2749 Β
1249 2737 1349 2759 Meditat.
1367 2738 1388 2759 2.
1408 2737 1429 2759 iu
1447 2737 1492 2759 sine
1509 2740 1532 2759 et
1549 2738 1571 2759 3.
1588 2737 1609 2759 in
1628 2737 1680 2760 fine.
1699 2737 1750 2760 Vnt.
1768 2738 1844 2760 addit:
1868 2738 2011 2766 Augustinus

1158 2776 1182 2798 in
1200 2775 1387 2798 meditationibus
1405 2776 1434 2805 [c.
1452 2776 1513 2804 35).]:
1531 2776 1593 2803 Noli,
1611 2777 1721 2804 Domine,
1739 2777 1771 2799 sic
1788 2777 1907 2799 attondere
1924 2778 2010 2800 malum

1159 2821 1252 2842 meum,
1271 2818 1294 2837 ut
1311 2815 1455 2838 obliviscaris
1471 2815 1559 2838 bonum
1579 2818 1651 2838 tuum.
1670 2815 1688 2838 O
1709 2815 1769 2838 bone
1789 2817 1903 2838 nominet
1924 2817 1943 2838 si
1966 2822 2010 2845 ego

1158 2854 1254 2881 admisi,
1273 2855 1334 2877 unde
1352 2861 1389 2876 me
1406 2854 1518 2877 damnare
1535 2858 1614 2883 potes,
1632 2858 1656 2877 tu
1668 2861 1714 2877 non
1726 2855 1835 2882 amisisti,
1848 2855 1909 2878 unde
1920 2856 2011 2882 salvare

1157 2894 1223 2916 soles.
1242 2906 1272 2910 —
1284 2894 1406 2921 Notamus,
1419 2894 1483 2922 quod
1496 2894 1548 2916 Vat.
1559 2900 1612 2916 cum
1626 2895 1642 2916 B
1654 2894 1801 2917 auctoritates
1814 2895 1905 2917 Patrum
1919 2895 1941 2917 in
1953 2901 1974 2917 n.
1988 2895 2010 2917 8.

1157 2935 1179 2954 et
1191 2932 1212 2954 9.
1225 2932 1317 2954 exhibet
1333 2933 1378 2955 alio
1395 2933 1489 2960 ordine;
1506 2933 1579 2955 secuti
1591 2939 1672 2955 sumus
1689 2933 1759 2955 codd.
1770 2933 1787 2955 Α
1797 2932 1814 2956 C
1824 2933 1842 2955 D
1852 2933 1868 2955 E
1877 2933 1892 2955 F
1902 2933 1929 2960 L,
1944 2933 1962 2955 H
1973 2934 1979 2955 l
1989 2933 2009 2955 Μ

1157 2971 1223 2999 plura
1241 2971 1358 2993 omittunt.

1220 3008 1229 3022 ⁹
1246 3010 1369 3037 Bernmd,
1388 3012 1464 3032 Serm.
1480 3010 1518 3032 54.
1536 3010 1558 3032 in
1575 3009 1639 3033 Cant.
1657 3017 1679 3033 n.
1698 3011 1720 3033 8.

2048 713 2125 741 uaestiof

2051 741 2084 755 uae
2103 743 2119 756 tt

1169 757 1244 778 mors
1265 751 1412 787 quaeritur
1433 754 1460 779 et
1481 758 1535 779 non
1558 751 1720 780 invenitur?
1743 752 1773 780 Et
1794 760 1882 789 quare
1902 753 2019 789 punitur
2037 759 2120 780 dentesu

2039 1229 2122 1253 Suppliea

2043 1253 2068 1272 ad
2078 1253 2122 1272 lesui
