2133 3317
131 645 245 665 Notandum.

116 931 144 950 De
158 931 245 949 mercede

142 954 219 973 laboris.

115 1119 199 1142 Quatuor
214 1123 245 1141 ge-

127 1147 174 1161 nera
186 1142 245 1161 homi-

127 1171 180 1184 num.

115 1447 244 1466 Excludnntur

140 1471 220 1490 denarii.

129 2007 242 2026 Notandum.

263 234 320 262 420

264 312 444 341 Immortalis
465 315 507 340 est
526 312 556 339 in
579 311 751 348 cogitatione
770 311 935 348 sapientia,
954 315 979 339 et
993 311 1025 339 in
1040 311 1115 339 ami-

263 360 334 388 citia
356 359 436 387 illius
457 358 603 386 delectatio
625 357 716 391 bona,
732 361 757 386 et
771 358 803 386 in
818 358 954 395 operibus
968 367 1115 387 manuum

264 406 344 434 illius
365 404 499 433 honestas
519 405 582 433 sine
603 402 767 441 defectione.
798 404 859 433 Ideo
887 404 963 433 addit
995 404 1114 441 Regula:

264 453 388 481 Sanctae
409 451 554 480 orationis
568 454 592 479 et
606 451 766 480 deuotionis
779 451 920 488 spiritum
935 460 993 480 non
1008 451 1116 480 eacstin-

261 502 373 537 quant,
395 498 446 526 cui
465 497 564 526 debent
584 502 678 526 cetera
698 498 873 535 temporalia
901 499 1054 527 desereire.
1079 515 1115 518 —

263 546 358 574 Modus
379 548 471 573 autem
494 545 729 573 laudabilissimus
759 545 869 582 corpori
892 545 1047 574 necessaria
1071 553 1116 574 ac-

263 592 390 630 quirendi
409 595 451 621 est
465 592 491 620 in
508 591 719 629 praedicationis
732 593 740 608 ¹
763 595 790 621 et
810 592 952 621 doctrinae
974 592 1116 621 laboribus

263 639 399 669 exerceri.
423 639 511 667 Labor
530 639 604 667 enim
620 639 798 668 mechanicus
812 639 947 676 condigne
962 642 1038 668 certo
1054 648 1116 676 pre-

263 687 301 715 tio
322 689 534 722 compensatur,
556 694 611 714 non
633 688 726 714 autem
749 689 791 714 est
819 686 901 722 digna
929 686 1116 722 compensatio

263 733 385 770 receptio
407 733 593 769 corporalium
614 732 770 769 spiritualia
785 733 946 767 seminanti;
962 733 1067 770 primae
1082 733 1116 762 ad

262 780 420 809 Corinthios
442 780 549 808 nono2:
573 779 606 808 Si
625 779 706 808 vobis
726 779 902 816 spiritualia
916 780 1115 814 seminamus,

262 836 320 856 non
342 831 381 856 est
402 835 562 864 mapnum,
584 827 612 854 si
632 826 773 855 earnalia
793 830 892 855 vestra
913 831 1067 855 metamus.

342 875 368 904 3.
392 875 453 903 Ideo
474 874 563 903 addit:
587 874 626 902 De
647 874 776 902 mercede
797 882 864 902 vero
887 873 998 902 laboris
1016 882 1073 911 pro
1087 882 1116 902 se

262 926 287 951 et
307 922 372 950 suis
392 921 542 959 fratribus
556 921 689 958 corporis
703 921 872 949 necessaria
886 921 1048 957 recipiant,·
1063 921 1116 949 Lu-

262 978 310 999 cae
331 969 437 998 decimo
450 969 476 997 ³:
500 969 615 1006 Dzynus
636 972 676 997 est
696 968 774 997 enim
801 968 960 1005 operarius
988 968 1116 996 mercede

260 1026 327 1045 saa.
340 1017 394 1045 Hoc
409 1016 543 1053 Apostolis
557 1016 743 1044 existentibus
759 1015 996 1052 praedicatoribus
1010 1015 1115 1044 dictum

262 1067 319 1098 est,
335 1064 400 1100 quia
415 1063 529 1100 praelati
552 1063 674 1091 nondum
697 1065 777 1092 erant
798 1063 845 1091 illo
860 1066 1000 1099 tempore,
1016 1066 1048 1090 ut
1068 1070 1115 1091 su-

261 1111 335 1148 pra4
357 1111 453 1147 patuit.
471 1110 502 1138 Et
524 1113 556 1138 ut
577 1112 690 1138 sanctus
711 1109 791 1138 docet
806 1109 975 1146 Augustinus
996 1109 1068 1138 libro
1082 1109 1116 1138 de

262 1157 353 1194 Opere
374 1157 592 1191 monachorum,
614 1160 737 1193 quatuor
757 1156 908 1193 generibus
923 1156 1067 1184 hominum
1084 1156 1115 1184 li-

263 1208 306 1234 cet
327 1205 360 1233 de
382 1204 528 1241 Evangelio
561 1204 670 1238 vivere,
702 1203 806 1232 scilicet
837 1203 972 1232 ministris
1003 1203 1114 1238 altaris,

262 1252 309 1289 qui
332 1251 499 1280 sacrificium
521 1250 643 1279 offerunt
673 1258 722 1286 pro
752 1250 869 1287 populo,
901 1250 989 1278 eidem
1022 1250 1115 1278 divina

262 1299 368 1327 cantica
388 1297 574 1331 decantando;
598 1297 678 1331 item,
701 1297 939 1334 dispensatoribus
954 1297 1115 1325 Sacramen-

262 1349 354 1375 torum
376 1349 403 1374 et
424 1344 599 1382 evangelistis
619 1353 651 1373 ac
672 1344 725 1373 illis
747 1344 793 1381 qui
817 1348 880 1373 ante
906 1344 1115 1373 conversionem

262 1401 340 1422 suam
357 1393 495 1421 habebant
509 1392 689 1426 sufficienter,
702 1391 775 1420 unde
787 1392 880 1420 vivere
892 1395 1028 1428 poterant,
1040 1391 1115 1428 quod

262 1440 433 1477 pauperibus
454 1442 648 1476 erogaverunt.
680 1454 719 1458 —-
753 1439 875 1466 Praeter
906 1438 1045 1466 denarios
1073 1438 1117 1466 vel

259 1487 435 1524 pecuniam,
457 1494 491 1515 ne
512 1486 606 1522 aliquo
628 1485 708 1514 modo
723 1488 865 1514 transeant
880 1485 907 1513 in
923 1485 966 1514 ius
988 1485 1114 1519 Ordinis,

262 1534 337 1572 quod
358 1542 457 1562 nomen
475 1533 556 1562 tertio
568 1533 578 1550 ⁵
595 1533 701 1561 inhibet
716 1536 831 1569 propter
847 1533 949 1569 triplex
965 1540 1054 1569 genus
1069 1540 1115 1569 pe-

262 1581 376 1615 cuniae,
395 1581 499 1609 scilicet
520 1580 739 1613 numeralium,
765 1584 862 1608 terrae
882 1579 1067 1608 nascentium
1088 1582 1115 1608 et

259 1637 411 1666 pecorum,
426 1636 442 1656 a
454 1628 557 1665 quibus
572 1627 653 1656 etiam
669 1630 710 1656 est
724 1626 842 1663 pecunia
856 1627 992 1663 appellata
1003 1627 1023 1654 ⁶.
1040 1626 1115 1655 Unde

264 1676 322 1713 ipse
344 1675 495 1709 Dominus,
515 1675 663 1703 universae
678 1674 854 1711 perfectionis
868 1674 1028 1710 exemplar,
1044 1682 1115 1702 nun-

264 1731 348 1760 quam
372 1722 474 1760 legitur
495 1722 588 1759 aliquo
604 1722 707 1750 laboris
721 1729 822 1758 genere
838 1721 993 1754 laborasse,
1009 1721 1114 1755 sciens,

263 1770 353 1808 quod,
376 1770 438 1798 licet
461 1769 577 1803 Paulus,
599 1768 646 1805 qui
670 1768 768 1797 habuit
795 1768 927 1805 spiritum
949 1768 976 1796 in
999 1768 1116 1805 plenitu-

263 1817 327 1847 dine
348 1820 375 1846 et
397 1817 560 1854 sapientiam
583 1816 641 1845 sine
656 1815 739 1844 studii
757 1815 867 1850 labore,
883 1815 1061 1852 stipendiarie
1077 1815 1114 1844 la-

262 1864 442 1898 boraverit7,
465 1872 519 1892 non
542 1866 634 1900 posset
656 1866 745 1891 tamen
769 1863 821 1891 hoc
843 1862 1029 1891 communiter
1055 1862 1113 1891 fieri

262 1911 297 1940 ab
319 1911 363 1940 his
384 1911 431 1948 qui
448 1911 523 1939 circa
537 1909 742 1947 procurandam
756 1909 873 1938 salutem
891 1909 1033 1937 hominum
1049 1912 1115 1938 suut

263 1958 371 1987 solliciti
401 1958 457 1986 vita
478 1960 505 1986 et
528 1957 628 1991 verbo,
657 1957 716 1985 sine
739 1956 823 1985 huius
855 1956 1047 1985 sollicitudinis
1068 1956 1115 1984 de-

264 2006 403 2034 trimento.
427 2021 463 2025 —-
486 2005 648 2038 Praeterea,
671 2004 749 2032 labor
778 2003 928 2040 sapientiae
952 2003 1115 2040 simpliciter

263 2052 360 2081 melior
382 2055 424 2081 est
445 2059 579 2088 corporeo
602 2051 710 2085 labore,
739 2050 867 2087 quamvis
892 2050 920 2078 in
942 2057 1008 2078 casu
1029 2049 1116 2086 possit

264 2099 341 2128 labor
363 2098 560 2135 stipendiarius
584 2105 644 2126 esse
666 2097 839 2126 necessarius
861 2097 1039 2134 praedicanti.
1062 2097 1115 2125 Do-

266 2146 359 2174 minus
380 2145 466 2182 igitur
487 2145 561 2182 quod
583 2144 744 2181 simpliciter
766 2147 807 2172 est
822 2143 990 2180 praedicanti
1015 2143 1115 2172 melius

266 2192 385 2229 eligens,
407 2200 461 2220 non
484 2191 619 2220 laboravit
640 2190 833 2227 stipendiarie,
854 2198 889 2219 ne
913 2189 1040 2218 doctores
1059 2198 1114 2218 non

266 2239 424 2268 laborantes
442 2241 639 2276 arguerentur,
661 2238 703 2266 vel
727 2237 820 2266 labore
842 2236 888 2265 tali
914 2236 1115 2273 impedirentur

493 234 691 263 OPUSCULUM
712 233 777 261 XVI.
801 233 975 261 EXPOSlTlO
997 233 1100 262 SUPER
1122 233 1276 262 REGULAM
1297 235 1451 264 FRATRUM
1472 235 1635 264 MlNORUM.
1657 235 1726 264 Cae,
1748 236 1790 265 Vl.

1174 320 1189 339 a
1210 312 1302 341 studio
1324 313 1401 342 verbi
1423 313 1491 348 Dei;
1514 314 1588 343 unde
1616 322 1666 343 nec
1696 314 1796 343 Paulus
1824 315 1945 351 ubique,
1974 316 2021 354 sed

1174 362 1282 387 tantum
1304 359 1405 388 alicubi
1428 360 1593 389 laboravitfl.
1616 361 1686 397 Quia
1707 361 1793 398 igitur
1817 361 1929 398 quidam
1958 362 2021 390 Fra-

1176 408 1250 433 trum
1272 406 1389 442 gratiam
1411 407 1515 435 habent
1530 407 1670 436 laborandi
1687 408 1894 445 spiritualiter,
1909 408 2021 445 quidam

1175 460 1242 481 vero
1269 455 1377 481 tantum
1404 454 1614 490 corporaliter,
1642 455 1772 484 omnibus
1799 455 1868 484 dans
1897 456 2020 492 regulam

1173 499 1347 536 generalem,
1372 500 1452 534 dicit,
1481 504 1513 529 ut
1541 502 1735 538 unusquisque
1763 502 1826 530 data
1854 502 1904 531 sibi
1933 503 2022 539 gratia

1174 549 1286 575 utatur:
1304 547 1426 575 Fratres
1441 547 1493 581 illi,
1509 547 1616 585 quibus
1632 549 1775 577 Dominus
1789 549 1866 577 dedit
1879 549 2020 587 qratiam.

1253 593 1280 621 [ι.
1304 593 1355 622 Sed
1370 601 1405 622 ne
1420 594 1556 622 mercedis
1570 595 1679 623 exactio
1694 595 1789 623 turbet
1803 595 1959 630 debitores,
1974 599 2023 625 aut

1173 642 1256 668 extra
1277 640 1390 668 modum
1413 640 1597 669 mendicitatis
1618 641 1782 678 degeneret,
1804 642 1898 670 addit:
1922 643 1957 671 Et
1970 642 2022 671 lioe

1174 685 1333 721 humiliter,
1349 687 1425 716 sieut
1446 688 1523 716 decet
1536 696 1635 716 servos
1651 688 1703 716 Dei
1716 692 1741 717 et
1753 689 1940 726 paupertatis
1953 698 2023 718 san-

1174 734 1321 762 ctissimae
1336 737 1498 763 sectatores.
1515 752 1552 755 -—
1568 735 1713 764 Sciendum
1728 738 1839 770 autem,
1854 736 1929 773 quod
1942 745 2024 766 omne
2034 742 2062 762 De
2079 748 2133 765 moi

1173 789 1262 817 genus
1283 781 1427 809 hominum
1449 781 1482 810 ad
1504 781 1615 818 aliquod
1637 790 1725 819 genus
1739 783 1865 812 exercitii
1882 783 1958 812 utilis
1972 792 2023 820 pro

1174 828 1233 856 loco
1254 831 1281 857 et
1302 831 1427 865 tempore
1448 828 1602 866 obligatum
1627 829 1815 866 praeceptorie
1833 830 1905 859 euim
1920 830 2023 859 dicitur

1173 875 1285 904 Genesis
1307 876 1389 904 tertio
1401 876 1412 892 ⁹
1426 886 1432 904 :
1455 876 1490 904 In
1504 876 1612 904 sudore
1626 876 1725 905 vultus
1740 876 1784 905 tui
1801 877 1924 905 vesceris
1935 885 2021 914 pane.

1172 922 1248 951 Unde
1269 923 1317 959 qui
1339 923 1373 951 ad
1394 923 1499 951 maiora
1520 923 1575 960 apti
1601 931 1656 952 non
1684 927 1750 952 sunt
1778 927 1925 961 praecepto
1953 924 2021 961 Apo-

1173 969 1233 997 stoli
1256 969 1349 998 labore
1370 973 1437 998 sunt
1458 978 1592 1006 corporeo
1612 970 1777 1004 exercendi;
1799 970 1865 999 dicit
1886 970 1958 999 enim
1980 979 2024 1000 se-

1173 1016 1279 1045 cundae
1293 1016 1327 1045 ad
1342 1017 1600 1046 Thessalonicenses
1616 1017 1712 1046 tertio:
1729 1017 1908 1046 Audivimus
1928 1018 2021 1052 enim,

1173 1063 1248 1091 inter
1276 1071 1326 1091 vos
1354 1064 1498 1101 quosdam
1519 1063 1673 1092 ambulare
1694 1064 1832 1102 inquiete,
1860 1063 1936 1093 nihil
1959 1073 2023 1102 ope-

1172 1113 1289 1144 rantes,
1310 1110 1361 1138 sed
1381 1110 1496 1139 curiose
1517 1115 1633 1148 ayentes
1644 1121 1654 1144 ;
1675 1110 1721 1139 liis
1742 1115 1856 1146 autem,
1878 1112 1931 1150 qui
1948 1112 2024 1140 eius-

1172 1157 1252 1185 modi
1265 1160 1349 1190 sunt,
1372 1157 1582 1185 denuntiamus
1603 1161 1654 1186 etc.
1678 1158 1793 1194 lmpium
1815 1161 1857 1187 est
1877 1161 1970 1187 autem
1992 1159 2023 1187 il-

1173 1203 1220 1232 lud
1253 1203 1328 1241 quod
1355 1204 1449 1232 otiosis
1477 1207 1504 1232 et
1536 1204 1653 1233 curiosis
1685 1204 1852 1241 imponitur,
1885 1205 1954 1234 velle
1990 1205 2023 1234 ad

1172 1251 1239 1279 alios
1254 1250 1418 1285 extendere,
1436 1250 1483 1288 qui
1500 1251 1710 1280 sublimioribus
1731 1255 1758 1280 et
1779 1251 1938 1280 utilioribus
1959 1254 2024 1281 sunt

1173 1297 1278 1326 intenti.

1457 1388 1663 1420 (OAPITULUM
1683 1389 1739 1421 vi.)

1173 1471 1242 1501 QUOD
1262 1478 1332 1496 NIHIL
1351 1478 1523 1496 APPROPRIENT
1544 1479 1592 1497 SIBI
1611 1472 1736 1502 FRATRES,
1756 1479 1787 1496 ΕΤ
1811 1479 1843 1497 ΒΕ
1861 1479 2024 1498 ELEEMOSYNA

1342 1522 1455 1540 PETENDA
1474 1522 1505 1539 ET
1525 1522 1556 1540 DE
1570 1515 1715 1540 FRATRIBUS
1734 1523 1854 1540 INFIRMIS.

1243 1593 1347 1618 Fratres
1366 1593 1429 1618 nihil
1449 1593 1495 1618 sibi
1509 1594 1681 1625 appropi-ient,
1701 1601 1745 1618 nec
1764 1594 1863 1619 domum
1882 1601 1926 1619 nec
1943 1594 2022 1619 locum

1172 1644 1217 1662 nec
1235 1637 1345 1668 aliquam
1366 1644 1430 1667 rem3
1451 1637 1476 1662 et
1489 1637 1610 1668 tanquam
1624 1638 1748 1668 peregrini
1763 1636 1788 1662 et
1806 1637 1915 1662 advenae
1939 1638 1965 1662 in
1978 1637 2024 1663 hoc

1173 1680 1270 1705 saeculo
1294 1681 1319 1704 in
1349 1680 1499 1711 paupertate
1518 1680 1544 1705 et
1562 1680 1705 1705 humilitate
1730 1680 1834 1706 Domino
1857 1680 2022 1710 famulantes,

1173 1723 1269 1748 vadant
1287 1731 1332 1754 pro
1352 1724 1506 1755 eleemosyna
1525 1723 1691 1754 confidenter3
1714 1731 1759 1748 nec
1777 1723 1890 1755 oportet,
1904 1730 1944 1749 eos
1957 1730 2024 1748 vere-

1172 1766 1288 1797 cundari,
1308 1767 1366 1798 quia
1385 1766 1506 1792 Dominus
1526 1774 1571 1798 pro
1584 1766 1655 1792 nobis
1674 1774 1699 1791 se
1713 1766 1771 1791 fecit
1785 1774 1919 1798 pauperem
1938 1767 1964 1791 in
1977 1766 2022 1792 hoc

1172 1810 1272 1835 mundo.
1286 1810 1354 1834 Haec
1373 1810 1411 1834 est
1424 1810 1468 1834 illa
1487 1809 1608 1835 celsitudo
1621 1810 1759 1834 altissimae
1772 1810 1942 1841 paupertatis,
1961 1817 2023 1841 quae

1172 1861 1228 1883 vos,
1248 1854 1390 1878 carissimos
1408 1853 1501 1878 fratres
1520 1860 1598 1883 meos,
1621 1853 1723 1878 heredes
1742 1853 1767 1878 ot
1786 1860 1857 1885 reges
1880 1853 1951 1885 regni
1970 1860 2024 1878 cae-

1171 1897 1253 1922 lorum
1273 1897 1399 1927 instituit,
1420 1904 1542 1928 pauperes
1562 1897 1636 1921 rebus
1654 1897 1726 1927 fecit,
1746 1896 1883 1921 virtutibus
1902 1896 2022 1921 sublima-

1172 1940 1217 1964 vit.
1238 1940 1306 1965 Haec
1324 1940 1357 1964 sit
1382 1940 1464 1971 portio
1484 1940 1582 1969 vestra,
1607 1947 1669 1971 quae
1689 1940 1802 1971 perducit
1826 1940 1852 1964 in
1872 1939 1965 1964 terram
1984 1940 2021 1964 vi-

1172 1982 1296 2012 ventium,
1316 1983 1369 2012 cui,
1398 1983 1555 2007 dilectissimi
1581 1982 1687 2012 fratres,
1714 1982 1828 2008 totaliter
1850 1982 2022 2013 inhaerentes,

1172 2026 1235 2051 nihil
1253 2026 1321 2051 aliud
1341 2034 1386 2057 pro
1405 2026 1503 2051 nomine
1523 2026 1622 2051 Domini
1640 2025 1721 2051 nostri
1740 2026 1798 2051 Iesu
1818 2025 1913 2050 Christi
1930 2026 1956 2050 in
1970 2033 2022 2057 per-

1172 2069 1275 2100 petuum
1294 2069 1340 2094 sub
1357 2070 1424 2094 caelo
1443 2069 1534 2094 habere
1551 2069 1644 2094 velitis.
1662 2068 1696 2093 Et
1714 2069 1861 2100 ubicumque
1880 2068 1940 2094 sunt
1958 2069 1983 2094 et
1996 2076 2021 2094 se

1172 2112 1314 2137 invenerint
1332 2112 1449 2141 Fratres,
1469 2111 1604 2136 ostendant
1623 2119 1648 2136 se
1667 2112 1814 2137 domesticos
1831 2112 1936 2137 invicem
1955 2112 2021 2137 inter

1172 2162 1205 2179 se.
1224 2155 1258 2179 Et
1277 2162 1361 2179 secure
1387 2154 1530 2179 manifestet
1554 2162 1619 2179 unus
1642 2155 1716 2179 alteri
1739 2155 1913 2179 necessitatem
1935 2162 2019 2184 suam,

1171 2197 1243 2228 quia,
1263 2197 1284 2221 si
1307 2197 1388 2222 mater
1407 2197 1489 2222 nutrit
1517 2197 1542 2222 et
1560 2198 1643 2229 diligit
1670 2197 1749 2222 filium
1779 2205 1851 2223 suum
1879 2198 2018 2227 carnalem,

1171 2240 1265 2272 quanto
1284 2240 1430 2272 diligentius
1449 2240 1521 2265 debet
1540 2241 1596 2272 quis
1615 2241 1718 2272 diligere
1743 2241 1768 2266 et
1795 2241 1892 2266 nutrire
1916 2241 2021 2266 fratrem

329 2412 335 2424 ¹
356 2413 406 2434 Vnt.
424 2415 446 2434 ct
463 2413 481 2434 D
496 2411 720 2441 praedicationibus,
737 2414 760 2433 et
783 2411 875 2433 inseritis
892 2417 935 2439 pro
960 2412 1023 2433 cerlo
1040 2410 1115 2440 pretio

266 2453 305 2481 (ita
322 2453 348 2481 B)
367 2452 431 2475 circa
446 2451 531 2481 prelia.

328 2491 337 2504 ²
355 2492 421 2513 Vors.
443 2492 477 2513 ll.

329 2529 337 2543 ³
358 2532 421 2553 Vers.
439 2531 461 2552 7.

327 2569 337 2582 ‘²
354 2570 408 2598 Cap.
428 2570 448 2592 4.
466 2576 489 2592 n.
510 2570 545 2592 13.
562 2582 592 2586 -
611 2569 726 2592 Sententia
743 2569 864 2597 Augustini
883 2568 980 2590 habetur
998 2569 1027 2590 de
1039 2569 1115 2596 Opere

266 2611 447 2636 monachorum,
465 2616 485 2631 c.
502 2610 540 2631 21.
557 2616 579 2631 u.
599 2608 635 2631 24.
653 2615 702 2637 seq.
720 2608 765 2631 Csr.
783 2614 854 2636 supra
872 2614 925 2636 pag.
944 2608 1001 2636 321,
1018 2611 1071 2630 nota
1090 2607 1112 2630 4.

328 2648 337 2661 ⁵
355 2649 444 2671 Scilicet
462 2648 497 2671 bis
515 2649 537 2670 in
554 2654 574 2671 c.
593 2648 614 2670 4.
633 2652 656 2670 et
673 2648 738 2670 tertio
756 2648 800 2670 llic.

329 2687 338 2700 θ
356 2688 448 2715 lsidor.,
466 2688 525 2710 XYl.
544 2688 674 2715 Etymolog.
691 2693 711 2709 c.
733 2687 765 2708 18.
784 2693 805 2709 n.
824 2686 853 2709 4:
879 2686 983 2709 Pecunia
1003 2686 1068 2714 prius
1085 2686 1114 2709 de

264 2726 393 2757 pecudibus
411 2731 433 2749 et
450 2727 615 2755 proprietatem
633 2726 734 2749 habebat
750 2729 772 2748 et
789 2732 881 2748 nomen.
909 2726 940 2748 De
966 2726 1028 2748 cor-io
1052 2726 1114 2748 enim

267 2767 383 2795 pecudum
409 2767 499 2789 nummi
524 2766 684 2789 incidebantur
704 2769 726 2788 et
750 2765 911 2793 signabantur.
936 2766 1014 2787 Postea
1041 2771 1054 2787 a
1077 2765 1114 2787 Sa-

267 2808 334 2827 turno
352 2812 434 2828 aei-eus
451 2812 561 2827 nummus
579 2805 700 2832 inventus,
717 2805 768 2833 ipse
786 2804 845 2826 enim
864 2804 950 2832 signari
967 2810 1076 2826 nummos
1093 2806 1115 2826 et

266 2845 361 2867 inscribi
379 2845 509 2872 constitui13
527 2847 650 2872 propterea
667 2848 689 2867 et
706 2844 821 2866 aerarium
844 2845 942 2866 Saturno
960 2849 972 2865 a
990 2842 1115 2871 gentilibus

267 2887 426 2907 consecratum
452 2887 493 2906 est.
518 2884 573 2913 Alii,
592 2887 615 2906 ut
632 2884 741 2912 superius
754 2883 884 2913 pecuniam
901 2889 912 2905 a
927 2882 1058 2912 pecudibus
1076 2888 1115 2910 ap-

268 2923 425 2951 pellaverunt,
437 2923 496 2945 sicut
505 2929 517 2945 a
529 2923 632 2946 iuvando
650 2922 756 2946 iumenta
771 2923 831 2945 dicta
843 2925 905 2945 sunt.
916 2922 990 2944 Omne
1002 2922 1064 2944 enim
1077 2927 1115 2949 pa-

268 2962 400 2984 trimonium
419 2962 482 2989 apud
499 2962 607 2990 antiquos
626 2961 748 2991 peculium
766 2961 886 2984 dicebatur
903 2968 914 2983 a
929 2960 1071 2991 pecudibus,
1093 2961 1115 2983 in

267 3000 353 3030 quibus
370 3006 451 3022 eorum
468 3000 585 3023 constabat
603 3001 710 3023 universa
726 3000 866 3027 substantia,
878 3000 940 3023 unde
952 3003 974 3023 et
982 2999 1115 3030 pecuarius

268 3039 408 3066 vocabatur,
426 3040 466 3068 qui
483 3043 530 3061 erat
548 3039 625 3067 dives,
644 3040 713 3062 modo
726 3046 782 3062 vero
790 3039 944 3069 pecuniosus.
956 3039 1000 3062 Csr.
1013 3039 1114 3067 Hieron„

1173 2411 1302 2433 Cotnment.
1320 2411 1341 2433 in
1360 2411 1431 2433 Eccle.
1449 2411 1476 2437 ὅ,
1494 2411 1523 2437 9;
1546 2411 1656 2438 August,
1679 2411 1708 2432 de
1735 2410 1858 2438 Disciplina
1883 2410 2020 2437 christiana,

1173 2457 1193 2472 c.
1210 2451 1232 2472 6.
1250 2457 1271 2472 n.
1289 2451 1311 2472 (3.
1331 2453 1353 2472 et
1371 2451 1406 2472 lV.
1425 2450 1454 2473 tle
1471 2450 1520 2473 Civ.
1539 2450 1589 2477 Dei,
1607 2456 1626 2472 c.
1646 2450 1683 2472 21.
1703 2450 1761 2472 Vide
1773 2456 1843 2477 supra
1855 2455 1875 2471 c.
1888 2449 1909 2471 4.
1921 2456 1944 2471 n.
1956 2450 1977 2472 2.
1989 2461 2020 2465 —

1173 2490 1216 2512 Pro
1233 2489 1398 2512 numeralium
1416 2489 1454 2515 (ita
1473 2489 1518 2511 AG
1536 2492 1558 2511 et
1574 2489 1612 2511 ed.
1634 2489 1666 2517 l),
1682 2488 1704 2510 id
1717 2492 1750 2510 est
1764 2488 1874 2516 pecuniae
1886 2491 2020 2510 numeratae

1173 2529 1222 2557 (cfr.
1236 2535 1305 2556 supi-a
1319 2535 1373 2556 pag.
1387 2528 1443 2556 tis,
1456 2531 1508 2551 nota
1520 2528 1552 2557 5.)
1571 2528 1588 2550 D
1605 2527 1780 2555 materialium,
1794 2527 1845 2549 Vat.
1857 2526 2019 2550 minet-alium.

1236 2567 1244 2580 ⁷
1261 2568 1306 2591 Csr.
1324 2574 1393 2596 supra
1412 2574 1430 2590 c.
1450 2567 1471 2590 4.
1488 2574 1510 2589 n.
1529 2567 1549 2589 4.
1568 2567 1589 2589 in
1603 2567 1661 2594 sine,
1674 2566 1713 2589 ubi
1726 2567 1836 2594 allegatur
1848 2566 1871 2588 ll.
1883 2566 1935 2589 Cor.
1948 2567 1985 2594 11,
1997 2567 2018 2589 8.

1171 2620 1202 2624 —
1220 2608 1315 2630 luserius
1333 2613 1375 2635 pro
1399 2607 1556 2630 communiter
1573 2610 1595 2629 et
1611 2606 1662 2630 sine
1678 2606 1750 2629 liuius
1766 2605 1932 2629 sollicitudinis
1950 2606 1986 2628 ed.
2009 2607 2013 2627 1

1172 2647 1336 2670 convenienter
1353 2650 1375 2669 et
1391 2646 1441 2669 sine
1461 2646 1599 2669 huiusmodi
1622 2645 1810 2669 sollicitudinum
1819 2654 1828 2674 ‚·
1855 2646 1884 2674 D,
1910 2645 2018 2673 superius

1172 2693 1214 2714 pro
1231 2686 1306 2709 sciens
1319 2686 1393 2714 posito
1406 2685 1468 2708 unde
1480 2687 1501 2708 et
1511 2684 1646 2712 sciendum,
1660 2685 1696 2707 hic
1709 2685 1872 2713 prosequitur:
1885 2690 1934 2707 non
1943 2685 2020 2714 potest

1172 2725 1212 2755 [ita
1230 2726 1298 2748 etiam
1317 2725 1368 2747 Vat.
1385 2728 1465 2747 contra
1482 2725 1526 2747 AG
1545 2727 1567 2747 et
1583 2725 1620 2747 ed.
1639 2724 1661 2753 l]
1688 2730 1718 2747 ew
1741 2723 1784 2747 lioc
1804 2723 1961 2747 communiter
1983 2723 2019 2746 in-

1170 2764 1245 2794 ferri,
1263 2764 1321 2794 quin
1338 2764 1403 2787 circa
1419 2763 1522 2787 salutem
1539 2762 1664 2786 homiuum
1678 2762 1863 2792 procurandam
1879 2762 1976 2785 solliciti
1987 2761 2018 2785 vi·

1170 2810 1225 2827 vere
1238 2802 1332 2833 possint
1348 2802 1399 2826 sine
1415 2802 1553 2826 huiusmodi
1568 2801 1734 2825 sollicitudinis
1752 2801 1898 2825 detrimento.

1233 2842 1243 2857 ⁸
1259 2842 1319 2865 Vide
1336 2848 1406 2870 supra
1419 2848 1440 2864 c.
1453 2842 1473 2864 4.
1485 2848 1507 2864 n.
1522 2841 1542 2863 4.
1556 2841 1578 2864 in
1595 2841 1640 2864 fine
1657 2844 1679 2863 et
1695 2848 1718 2863 n.
1731 2842 1752 2863 6.
1765 2841 1787 2863 7.
1800 2840 1872 2863 verba
1887 2840 2016 2868 Augustini.

1171 2895 1202 2899 —
1219 2882 1330 2910 Superius
1348 2888 1373 2904 ex
1391 2881 1463 2903 ABG
1480 2884 1502 2903 et
1519 2881 1555 2903 ed.
1578 2882 1583 2902 1
1599 2881 1761 2908 supplevimus
1772 2886 1787 2903 a
1799 2879 1877 2903 studio
1894 2879 1958 2903 verbi
1968 2879 2016 2902 Dei.

1234 2920 1244 2933 ⁹
1262 2921 1327 2943 Vers.
1346 2921 1383 2942 19.
1402 2933 1430 2936 -
1448 2919 1551 2942 Subinde
1574 2920 1686 2947 allegatur
1708 2919 1732 2941 ll.
1754 2920 1834 2941 Thess.
1860 2919 1886 2947 3,
1914 2919 1921 2940 l
1929 2919 1950 2941 ¹1.
1969 2925 2017 2947 seq.

1172 2960 1236 2982 l‘lura
1254 2960 1309 2982 vide
1325 2966 1396 2987 supra
1413 2959 1499 2987 Opusc.
1517 2959 1554 2981 Xl.
1573 2959 1686 2987 Apologia
1704 2964 1847 2986 pauperum,
1859 2964 1879 2980 c.
1894 2958 1930 2980 12.
1943 2964 1966 2980 n.
1980 2958 2017 2980 42-

1173 2999 1213 3026 l7;
1231 2999 1315 3027 Opusc.
1334 2999 1380 3021 Xll.
1403 2999 1502 3026 Epistola
1520 2998 1549 3020 de
1567 2997 1641 3020 trihus
1657 3000 1745 3026 quaest.
1764 3000 1806 3020 etc.
1829 3004 1851 3020 n.
1876 2998 1904 3025 9;
1930 2997 2016 3025 Opusc.

1171 3038 1226 3061 Xlll.
1249 3038 1454 3060 Determinationes
1471 3040 1559 3066 quaest.
1577 3039 1621 3059 etc.
1638 3043 1661 3065 p.
1681 3037 1694 3059 l.
1712 3043 1734 3065 q.
1754 3037 1789 3058 tvl.

2043 602 2115 623 Cautela

2049 627 2117 647 exactio

2047 651 2120 676 met-ced]

2047 766 2065 785 la
2078 772 2118 787 oran
