2133 3317
14 529 87 572 ”mat

33 1645 92 1694 mig?

63 2763 87 2792 du

10 3086 13 3127 ι

11 3193 14 3251 1

62 2792 96 2807 m.

396 226 592 256 OPUSCULUM
614 226 642 254 11.
665 225 834 254 SPECULUM
855 213 1098 254 CONSCIENTtAE.
1121 224 1278 254 EPlLOGUS
1300 224 1562 254 PRAEmCTORUM.

1795 225 1850 254 643

755 374 917 399 EPILOGUS
935 373 1206 398 PRAEDICTORUM.

178 480 256 504 Radix
275 479 354 504 malae
373 478 470 503 arboris
498 479 534 503 est
558 477 700 509 cupiditas,
730 477 862 502 secundum
886 477 951 507 Apo-

108 522 199 548 stolum
212 521 228 552 ¹,
248 530 276 547 ex
295 529 344 553 qua
363 522 469 546 truncus
496 521 576 545 malae
605 520 743 546 voluntatis
766 520 889 551 procedit,
909 520 950 551 qui

106 565 194 596 incipit
212 566 237 590 in
256 564 442 596 imaqinatione
460 564 526 588 mala
551 564 576 588 et
601 563 711 595 procedit
729 564 753 588 in
774 563 840 588 mala
858 563 883 587 et
902 570 950 588 mo-

106 615 162 634 rosa
180 608 343 633 delectatione
362 607 387 632 et
404 607 591 632 consummatur
613 607 639 631 in
667 606 732 632 malo
752 613 889 635 consensu,
909 606 951 638 qui

105 651 195 682 duplex
213 650 260 680 est,
279 650 372 675 scilicet
389 657 523 675 consensus
542 650 567 674 in
587 649 778 674 delectationem
796 649 821 674 et
839 649 864 673 in
878 656 950 680 opus.

175 693 239 718 Sunt
256 693 353 724 aliquae
372 693 587 722 circumstantiae,
606 692 696 723 quibus
721 692 876 723 aggravatur
899 698 951 723 pec-

108 736 205 765 catum,
224 743 287 768 (11130
305 737 331 761 111
349 736 394 761 1100
413 735 534 760 versiculo
552 735 724 760 continentur:

121 826 189 854 Quid,
205 826 266 854 quis,
284 825 331 853 ubi,
349 832 402 848 curn
419 831 475 854 quo,
492 825 590 854 quoties,
607 832 656 852 cur,
673 825 806 854 quomodo,
823 825 925 854 quando.

175 908 212 932 Ex
231 909 368 939 praemissa
396 908 482 932 radice
506 908 718 939 concupiscentiae
746 908 838 939 triplex
865 915 951 933 ramus

107 951 230 982 procedit,
256 951 349 975 scilicet
376 951 575 982 concupiscentia
603 950 723 982 honoris,
752 951 951 982 concupiscentia

105 994 238 1019 oculorwm
262 994 287 1018 et
305 994 503 1024 concupiscentia
521 994 616 1018 carnis.

175 1037 213 1061 Ex
231 1037 310 1068 primo
328 1044 402 1061 ramo
422 1037 447 1061 hi
466 1037 528 1061 rami
549 1037 697 1074 procedunt,
716 1037 809 1062 scilicet
817 1044 950 1068 praesum·

80 1089 94 1103 ·.
106 1081 156 1112 tio,
178 1080 264 1105 inanis
280 1080 383 1112 yloria,
402 1081 566 1111 contemptus.

177 1123 343 1148 Praesunztio
361 1123 407 1148 hos
424 1123 500 1148 habet
518 1124 694 1149 ramusculos:

258 1213 289 1234 Ex
306 1219 338 1239 se,
356 1219 397 1240 pro
416 1213 514 1239 ineritiS,
533 1213 601 1241 salso,
617 1214 669 1241 plus
686 1212 802 1236 omnihus

105 1294 139 1319 Et
157 1294 203 1319 hos
222 1301 305 1319 ramos
327 1294 403 1319 hahet
426 1295 620 1325 praeeminentia
639 1295 664 1319 in
681 1295 806 1326 yratuitis
825 1295 849 1320 et
866 1296 951 1326 =aratis

105 1336 181 1362 datis.

176 1381 212 1405 Ex
232 1381 310 1412 primo
330 1388 398 1406 ramo
418 1381 528 1412 procedit
552 1380 644 1410 folium
673 1381 821 1406 tentationis
849 1381 951 1407 divinae

104 1431 158 1448 011111
177 1423 265 1453 fructu
282 1424 448 1449 discriminis.

174 1466 211 1490 ΕΚ
230 1467 425 1497 praeeminentia
443 1474 472 1491 ex
488 1467 573 1498 =aratis
593 1467 662 1492 datis
682 1467 742 1491 sunt
754 1467 780 1492 hi
799 1468 883 1492 rami:
901 1467 950 1492 ela-

105 1509 140 1534 tio
159 1510 265 1540 mentis,
285 1509 439 1540 confidentia
462 1510 492 1535 cle
510 1517 551 1541 se,
578 1510 607 1535 (10
635 1517 684 1541 (1113
713 1510 822 1541 procedit
849 1510 950 1540 fructus

103 1553 259 1578 inordinatae
278 1553 409 1578 audaciae,

174 1596 211 1620 ΕΚ
230 1604 303 1620 ramo
323 1597 481 1627 contemptus
500 1596 538 1621 est
558 1604 643 1621 ramus
668 1596 772 1627 duplex:
792 1596 950 1628 contemptus

103 1639 154 1664 Dei
173 1639 198 1664 et
216 1640 373 1670 contemptus
387 1640 518 1671 proximi,
538 1640 563 1664 et
580 1639 668 1664 horum
688 1639 782 1664 medius
810 1640 848 1664 est
870 1640 950 1664 inobe-

105 1681 201 1707 dientia
219 1682 251 1707 ad
269 1682 355 1707 Deum
373 1683 399 1707 et
416 1682 447 1707 ad
462 1683 622 1713 proximum.

175 1725 212 1749 Ex
230 1726 374 1756 contemptu
392 1726 443 1750 Dei
463 1725 599 1757 procedunt
612 1725 637 1750 hi
650 1724 765 1755 fruetus.-
784 1726 950 1750 irreverentia

105 1768 178 1793 rebus
196 1768 287 1793 divinis
305 1768 428 1797 exhibita,
447 1769 522 1799 locis,
542 1769 668 1800 personis,
682 1769 850 1800 temporibus,
863 1769 950 1794 Sacra-

105 1812 208 1841 mentis,
229 1812 352 1836 sustinere
371 1812 544 1841 interdictum,
565 1813 765 1843 suspensionem,
786 1812 949 1837 excommuni-

104 1854 237 1884 cationem,
257 1855 364 1885 recipere
392 1854 561 1886 quodcumque
588 1854 776 1879 Sacramentum
805 1855 830 1879 in
850 1855 950 1880 mortali

105 1897 216 1929 peccato,
239 1897 408 1929 quodcumque
435 1898 622 1922 Sacramentum
643 1898 798 1928 ministrare,
818 1899 858 1923 vel
877 1898 950 1923 eccle-

105 1941 167 1966 siam
180 1941 299 1970 officiare,
313 1940 420 1966 officium
433 1941 590 1966 correctionis
603 1949 722 1970 exercere,
736 1941 890 1966 inconfessus
908 1941 949 1966 Sa-

104 1984 259 2009 cramentum
278 1984 398 2015 recipere,
418 1983 504 2008 habita
523 1984 593 2015 copia
612 1984 760 2014 sacerdotis,
780 1985 805 2009 in
819 1984 890 2009 statu
908 1991 950 2009 su-

105 2027 257 2058 spensionis,
277 2027 316 2052 vel
335 2027 473 2056 interdicti,
494 2027 532 2052 vel
552 2027 818 2057 excommunicationis,
833 2028 872 2052 vel
891 2028 950 2052 irre-

103 2070 249 2102 gularitatis
268 2070 405 2100 celebrare3
424 2071 496 2100 item,
509 2071 534 2095 in
548 2071 796 2096 excommunicatione
815 2078 840 2096 se
859 2071 950 2095 divinis

103 2114 229 2145 ingerere,
249 2114 288 2138 vel
306 2113 440 2143 interesse3
459 2114 532 2143 item,
552 2121 606 2138 cum
627 2114 836 2139 excommunicato
863 2114 889 2138 111
917 2114 950 2138 di-

104 2157 169 2182 vinis
187 2157 346 2188 participare.

175 2199 213 2224 Ex
230 2200 374 2231 contemptu
396 2200 513 2230 proximi
540 2199 566 2224 hi
595 2199 696 2230 fruetus
724 2199 874 2231 procedunt:
893 2199 950 2224 sub-

105 2242 198 2268 tractio
217 2250 232 2267 a
251 2243 337 2272 verbo,
357 2250 372 2267 a
390 2243 521 2272 societate,
541 2244 614 2274 gestu
640 2243 679 2268 vel
707 2243 778 2268 modo
801 2241 949 2274 indignatio-

104 2293 160 2310 nem
188 2286 324 2311 ostendere.
353 2286 420 2310 Haec
447 2286 507 2310 sunt
534 2285 606 2310 folia:
637 2286 782 2317 indiynatio
800 2285 948 2315 verborum,

106 2329 205 2360 ironia,
224 2329 330 2359 derisio,
349 2328 528 2359 subsannatio,
549 2329 712 2353 irreverentia
731 2329 759 2353 in
777 2328 860 2353 verbo.

175 2372 212 2397 ΕΚ
231 2372 403 2397 inobedientia
430 2371 540 2403 procedit
564 2378 654 2396 ramus
682 2371 872 2402 impatientiae,
893 2377 948 2396 011111

105 2413 191 2444 fructu
209 2414 441 2445 murmurationis,
469 2414 657 2445 blasphemiae,
673 2413 847 2444 pertinaciae,
876 2413 950 2438 rebel-

107 2457 183 2483 lionis
210 2458 235 2483 et
263 2457 491 2489 transyressionis,
521 2457 545 2482 et
572 2456 633 2481 11300
661 2456 767 2488 possunt
791 2463 844 2481 esse
863 2456 951 2481 contra

105 2501 191 2526 Deum
209 2501 234 2526 et
252 2501 340 2526 contra
354 2501 514 2532 proximum.

176 2543 255 2573 Item,
272 2551 300 2569 ex
316 2551 384 2569 ramo
403 2543 586 2569 inobedientiae
609 2542 770 2573 infidelitatis
788 2550 878 2568 ramus
897 2550 951 2574 pro-

105 2586 177 2616 cedit,
196 2587 222 2612 et
239 2587 265 2611 hi
283 2588 346 2611 rami
365 2594 394 2611 ex
412 2594 440 2611 ea
459 2587 562 2611 exeunt:
582 2586 722 2616 divinatio,
736 2586 883 2617 apostasia,
901 2585 952 2610 ido-

108 2629 230 2660 lolatria,·
248 2630 319 2660 item,
338 2630 398 2655 haec
417 2630 476 2655 folia
495 2630 636 2661 praedicta,
656 2629 731 2660 prout
759 2629 784 2654 in
804 2629 886 2654 verbis
905 2629 951 2654 exi-

107 2672 191 2703 stunt,
210 2673 304 2698 scilicet
317 2680 467 2704 perversum
486 2672 579 2704 doqma
598 2679 641 2697 seu
660 2672 819 2703 praedicatio.

177 2715 302 2741 Secundus
320 2723 405 2741 ramus
424 2715 558 2747 superbiae
575 2715 614 2740 est
633 2715 721 2740 inanis
737 2715 837 2746 9loria,
857 2722 886 2739 ex
903 2722 952 2746 (1113

108 2758 215 2790 quatuor
232 2759 295 2783 rami
313 2758 442 2784 oriuntur:
462 2758 568 2783 honoris
587 2757 706 2789 ambitio,
726 2756 824 2787 favoris
843 2757 952 2782 humani

108 2801 250 2832 appetitus,
270 2800 430 2831 confusionis
449 2801 526 2825 timor
544 2801 569 2825 et
588 2801 676 2826 laudis
694 2807 775 2825 amor.

178 2843 215 2868 Ex
242 2851 312 2869 ramo
340 2844 490 2869 ambitionis
516 2844 632 2869 oriuntur
659 2843 685 2868 hi
713 2842 827 2874 fructus,
859 2843 952 2868 scilicet

104 2893 217 2918 pompa,
237 2894 299 2918 quae
317 2887 343 2912 in
362 2886 414 2911 tres
433 2886 529 2911 fructus
548 2886 679 2915 dividitur,
700 2886 793 2911 scilicet
810 2885 908 2916 fastum
926 2886 952 2910 in

1007 475 1113 507 superbo
1132 476 1258 507 apparatu
1277 476 1302 500 et
1321 477 1440 502 comitatu
1459 477 1484 502 et
1507 478 1580 508 gestu
1599 485 1628 502 ex
1647 477 1726 502 cordis
1745 477 1850 506 affectu,

1007 518 1031 543 et
1050 517 1141 547 folium
1161 518 1242 543 fastus
1262 519 1286 543 111
1306 520 1389 545 verbo.

1077 562 1114 586 Ex
1133 562 1248 593 appetitu
1261 561 1360 592 favoris
1374 563 1484 594 procedit
1497 562 1590 593 folium
1603 563 1771 595 adulationis,
1786 564 1849 595 quod

1007 604 1164 635 tripartitum
1184 605 1235 634 est,
1255 605 1320 636 quod
1347 606 1392 630 aut
1416 605 1455 630 est
1479 605 1507 630 de
1533 606 1598 631 bono
1617 606 1716 637 habito,
1737 607 1781 631 3111
1799 614 1851 631 non

1007 648 1102 679 habito,
1124 648 1161 673 vel
1180 648 1209 673 de
1228 648 1297 672 malo
1315 647 1392 678 facto,

1077 691 1157 720 Item,
1177 698 1205 715 ex
1224 692 1338 722 appetitu
1355 691 1452 721 favoris
1470 692 1550 717 oritur
1562 692 1664 723 fructus
1679 692 1850 724 prodiyalita-

1008 734 1041 758 tis
1058 734 1270 765 quadripartitus,
1289 734 1347 765 (11113
1374 742 1423 760 11011
1451 735 1592 760 considerat
1610 736 1709 767 tempus
1733 743 1777 761 nec
1796 744 1852 767 per-

1007 784 1092 801 sonam
1112 784 1156 801 nec
1174 777 1272 802 modum
1291 778 1316 802 et
1334 778 1454 803 incuriam
1473 786 1554 803 secum
1573 779 1657 804 habet.

1078 820 1114 844 ΕΚ
1134 828 1202 845 ramo
1222 821 1322 846 timoris
1341 820 1497 851 confusionis
1524 822 1550 846 hi
1576 821 1677 852 fruetus
1701 823 1850 854 procedunt:

1007 864 1073 888 mala
1092 864 1238 888 verecundia
1257 864 1282 888 et
1300 864 1365 889 falsa
1389 864 1518 890 humilitas
1537 866 1561 890 in
1581 866 1655 891 verbo
1674 866 1714 891 vel
1733 867 1757 891 in
1777 866 1849 892 facto.

1084 906 1242 931 Verecundia
1260 907 1332 932 mala
1350 907 1482 937 dividitur,
1508 909 1566 939 quia
1593 909 1638 933 aut
1665 910 1704 933 est
1731 909 1759 934 de
1788 910 1850 935 bono

1008 956 1093 980 opere,
1113 950 1151 974 vel
1171 950 1199 974 de
1219 950 1367 981 paupertate
1386 951 1526 981 parentum,
1545 952 1584 976 vel
1603 951 1632 976 de
1660 952 1771 977 naturali
1789 952 1851 977 defe-

1007 992 1062 1021 ctu,
1082 992 1122 1016 vel
1141 992 1251 1017 carentia
1264 993 1361 1024 gratiae
1379 994 1460 1024 gratis
1478 993 1560 1018 datae.
1574 995 1646 1024 Item,
1661 995 1685 1019 in
1699 994 1851 1020 confessione

1007 1035 1067 1059 haec
1085 1034 1151 1064 solia
1169 1042 1252 1060 secum
1264 1035 1354 1065 habet,
1367 1043 1455 1067 nempe
1468 1037 1648 1062 excusationem
1657 1057 1663 1066 ,
1677 1038 1850 1068 defensionem,

1008 1077 1122 1102 veritatis
1141 1078 1297 1109 negationem
1322 1079 1347 1103 in
1366 1079 1468 1109 iudicio,
1488 1080 1527 1104 vel
1549 1080 1619 1105 extra
1638 1080 1767 1110 iudicium,
1788 1081 1852 1105 veri-

1007 1120 1069 1144 tatis
1086 1120 1307 1152 impugnationem.

1078 1163 1115 1188 Ex
1135 1172 1221 1188 amore
1241 1164 1368 1190 humanae
1386 1165 1468 1190 laudis
1492 1165 1518 1190 hi
1546 1165 1646 1195 fructus
1675 1167 1802 1191 oriuntur:
1822 1167 1852 1192 si-

1008 1207 1111 1232 mulatio
1131 1214 1174 1232 seu
1192 1207 1344 1239 hypocrisis.
1363 1209 1506 1238 ostentatio,
1526 1209 1697 1240 singularitas.
1717 1210 1796 1239 Item,
1817 1211 1851 1235 ia-

1007 1250 1119 1274 ctantiae
1137 1251 1176 1274 est
1194 1250 1297 1282 solium,
1318 1252 1382 1282 quod
1410 1252 1621 1283 quadripartitum
1650 1254 1702 1283 est,
1722 1254 1780 1285 quia
1807 1254 1852 1278 3111

1007 1293 1046 1317 est
1064 1293 1093 1318 de
1112 1293 1175 1319 bono
1203 1294 1301 1324 habito,
1321 1295 1359 1319 vel
1385 1303 1434 1320 non
1461 1295 1558 1324 habito,
1579 1296 1617 1320 vel
1636 1296 1665 1321 de
1689 1297 1753 1321 malo
1773 1297 1851 1326 facto,

1008 1337 1045 1361 vel
1066 1344 1114 1361 non
1134 1337 1207 1362 facto.

1078 1379 1113 1403 Ex
1132 1380 1317 1411 singularitate
1336 1381 1446 1411 procedit
1473 1388 1562 1406 ramus
1587 1381 1712 1411 invidiae,
1733 1390 1794 1413 quae
1814 1384 1852 1407 est

1007 1422 1140 1447 secundum
1163 1422 1250 1447 vitium
1276 1423 1391 1454 capitale.
1419 1423 1518 1448 Invidia
1543 1431 1601 1449 vero
1628 1425 1654 1449 in
1681 1425 1742 1449 duos
1771 1427 1852 1450 ramo's

1007 1465 1126 1490 dividitur
1145 1466 1307 1497 principales,
1326 1467 1368 1498 qui
1387 1467 1447 1491 sunt
1465 1467 1602 1492 exsultatio
1617 1468 1644 1492 in
1663 1467 1777 1493 aezcloersis
1791 1476 1852 1499 pro-

1007 1509 1070 1533 ximi
1094 1509 1120 1534 et
1138 1509 1211 1534 dolor
1229 1510 1257 1534 in
1271 1510 1413 1541 prosperis.

1078 1552 1114 1577 De
1133 1552 1302 1577 exsultatione
1321 1553 1349 1577 in
1367 1552 1480 1578 adversis
1499 1553 1614 1578 oriuntur
1627 1553 1652 1578 hi
1666 1553 1782 1583 fructus:
1801 1562 1852 1579 ma-

1006 1594 1129 1624 chinatio,
1149 1595 1263 1624 insidiae,
1284 1596 1441 1625 scandalum,
1461 1596 1581 1627 proditio,
1595 1597 1714 1627 suspicio,
1728 1597 1852 1622 iudicium.

1006 1637 1083 1666 Item,
1098 1637 1173 1662 habet
1185 1637 1267 1667 folia:
1286 1638 1464 1663 discordiarum
1483 1639 1626 1668 seminatio,
1646 1640 1796 1665 secretorum
1815 1648 1853 1665 re-

1007 1681 1098 1706 velatio
1117 1681 1143 1705 01
1161 1681 1265 1705 maxime
1284 1681 1458 1711 confessionis,
1478 1682 1567 1711 verbo,
1587 1683 1671 1713 signo,
1691 1683 1729 1707 vel
1749 1684 1853 1708 circum-

1007 1723 1114 1753 stantia,
1133 1724 1206 1753 item,
1225 1724 1315 1748 falsum
1336 1724 1513 1749 testimonium.

1078 1766 1114 1791 Ex
1133 1767 1239 1792 secundo
1269 1775 1350 1796 ramo,
1379 1768 1473 1793 scilicet
1500 1768 1529 1793 de
1559 1768 1645 1793 dolore
1670 1770 1853 1800 prosperitatis

1007 1810 1127 1841 proximi,
1149 1811 1259 1841 procedit
1277 1810 1443 1836 detractionis
1461 1810 1555 1840 folium
1574 1812 1599 1836 et
1618 1819 1707 1837 ramus
1726 1813 1852 1837 rancoris.

1006 1853 1133 1878 Detractio
1151 1854 1235 1878 31110111
1253 1854 1386 1883 dividitur,
1405 1855 1464 1885 quia
1481 1855 1526 1879 aut
1545 1855 1574 1879 111
1593 1855 1683 1880 bonum
1702 1856 1806 1880 alterius
1819 1856 1852 1880 di-

1007 1897 1137 1921 minuendo
1157 1897 1195 1921 vel
1214 1897 1376 1926 destruendo,
1396 1898 1435 1922 vel
1455 1898 1547 1922 malum
1567 1899 1722 1929 imponendo.

1078 1940 1200 1964 Primum
1218 1939 1311 1969 folium
1329 1941 1379 1965 alia
1407 1941 1514 1972 quatuor
1543 1948 1624 1965 secum
1652 1941 1739 1971 habet,
1759 1942 1853 1967 sci1icet

1008 1982 1098 2007 bonum
1119 1983 1222 2013 proximi
1241 1983 1334 2013 tacere,
1354 1983 1504 2015 diminuere,
1524 1984 1666 2014 pervertere
1685 1984 1710 2009 et
1728 1992 1827 2016 negare.

1078 2025 1224 2050 Secundum
1242 2025 1335 2055 solium
1363 2026 1423 2051 11300
1447 2027 1521 2051 0113111
1551 2034 1632 2051 secum
1651 2027 1739 2052 habet:
1760 2028 1852 2052 malum

1006 2068 1113 2093 libenter
1132 2069 1231 2098 audire,
1251 2069 1422 2098 dissimulare,
1451 2069 1611 2098 confirmare,
1640 2077 1793 2101 aggravare,
1813 2070 1853 2095 ad-

1007 2111 1077 2141 dere,
1098 2111 1219 2140 revelare,
1239 2112 1373 2143 imponere.

1078 2154 1114 2178 Ex
1133 2162 1206 2179 ramo
1227 2156 1344 2180 rancoris
1363 2155 1473 2186 procedit
1491 2155 1585 2180 odium.

1077 2197 1114 2221 Ex
1132 2205 1206 2222 ramo
1225 2198 1279 2222 odii
1298 2198 1408 2229 procedit
1427 2199 1478 2228 ira,
1496 2206 1558 2230 quae
1572 2199 1610 2223 est
1622 2199 1724 2224 tertium
1738 2199 1853 2230 capitale.

1077 2240 1114 2265 Ex
1134 2241 1175 2265 ira
1195 2241 1305 2272 procedit
1323 2240 1425 2271 fructus
1452 2241 1608 2266 crudelitatis
1636 2242 1661 2267 et
1688 2242 1713 2266 hi
1744 2242 1852 2267 fructus:

1008 2284 1146 2315 percussio,
1167 2284 1319 2313 verberatio,
1338 2285 1515 2315 incarceratio,
1535 2285 1659 2315 duellum,
1679 2285 1785 2314 bellum,
1803 2293 1854 2310 mu-

1006 2326 1102 2356 tilatio,
1122 2327 1216 2352 occisio.

1078 2369 1115 2394 Ex
1133 2369 1196 2399 folio
1215 2370 1358 2395 discordiae
1376 2370 1402 2395 hi
1427 2370 1472 2395 filii
1501 2371 1629 2395 oriuntur:
1649 2370 1772 2401 irritatio,
1792 2378 1853 2396 com-

1008 2412 1126 2442 minatio,
1150 2412 1299 2438 contumelia
1310 2411 1328 2443 ²,
1355 2414 1547 2444 improperium,
1575 2411 1723 2443 convicium,
1753 2414 1854 2438 maledi-

1007 2455 1068 2485 ctio,
1093 2455 1242 2487 procacitas,
1262 2456 1368 2485 clamor,
1388 2456 1586 2481 irreconciliatio.

1078 2498 1115 2522 Ex
1134 2506 1203 2523 ramo
1222 2499 1351 2529 appetitus
1370 2498 1495 2524 vindictae
1513 2499 1641 2524 oriuntur:
1660 2499 1796 2529 calumnia,
1815 2507 1854 2524 ve-

1008 2541 1083 2571 xatio,
1103 2541 1278 2566 damnificatio.

1085 2585 1190 2610 Vexatio
1209 2585 1254 2610 hos
1273 2584 1369 2610 fructus
1389 2593 1470 2610 secum
1489 2585 1579 2615 habet,
1599 2586 1657 2617 quia
1676 2586 1706 2610 fit
1719 2593 1762 2617 per
1776 2585 1854 2611 falsas

1007 2627 1121 2656 litteras,
1141 2628 1180 2652 vel
1199 2627 1262 2652 falso
1281 2628 1443 2659 impetratas,
1457 2628 1534 2652 tacita
1549 2629 1668 2656 veritate,
1682 2628 1720 2653 vel
1735 2628 1854 2660 suggesta

1008 2670 1134 2700 falsitate,
1154 2671 1193 2695 vel
1213 2678 1256 2701 per
1281 2678 1330 2695 non
1358 2678 1428 2700 suas,
1448 2671 1487 2695 vel
1506 2678 1555 2696 non
1574 2671 1605 2695 ad
1625 2671 1671 2696 1100
1690 2671 1852 2702 impetratas,

1009 2713 1047 2738 vel
1066 2721 1147 2738 coram
1167 2714 1271 2738 diversis
1290 2714 1410 2738 iudicibus
1429 2714 1460 2738 ad
1478 2714 1641 2745 impossibilia
1660 2714 1801 2746 obligando.

1079 2756 1265 2787 Damnifieatio
1283 2757 1309 2781 in
1328 2756 1388 2781 duos
1407 2756 1504 2781 fructus
1531 2757 1665 2787 dividitur,
1685 2758 1743 2788 quia
1762 2757 1791 2782 fit
1810 2758 1854 2782 3111

1009 2799 1102 2824 bonum
1121 2798 1278 2830 impediendo
1305 2799 1433 2828 habitum,
1454 2800 1492 2824 vel
1517 2799 1672 2830 habendum,
1691 2800 1737 2825 aut
1754 2800 1854 2826 malum

1008 2841 1155 2873 inferendo,
1174 2842 1238 2873 quod
1257 2841 1332 2867 etiam
1351 2840 1439 2867 multis
1457 2842 1535 2867 modis
1554 2842 1596 2872 fit,
1617 2842 1710 2868 scilicet
1728 2843 1852 2874 faciendo,

1009 2885 1194 2916 praecipiendo,
1213 2885 1375 2915 consulendo,
1395 2885 1515 2915 iuvando,
1534 2885 1720 2911 dissimulando.

173 3022 179 3035 ¹
199 3023 269 3051 Epist.
288 3023 302 3045 Ι,
320 3023 348 3046 ad
366 3023 425 3046 Tim.
444 3024 470 3051 6,
492 3023 526 3046 10.

1074 3022 1083 3035 ²
1100 3022 1158 3045 Cum
1176 3023 1213 3045 ed.
1232 3023 1240 3044 1
1262 3022 1423 3045 substituimus
1440 3022 1581 3045 contumelia
1599 3029 1642 3051 pro
1659 3022 1816 3046 contumacia.
