<?xml version="1.0" encoding="UTF-8"?>
<!DOCTYPE html PUBLIC "-//W3C//DTD XHTML 1.0 Transitional//EN"
    "http://www.w3.org/TR/xhtml1/DTD/xhtml1-transitional.dtd">
<html xmlns="http://www.w3.org/1999/xhtml" xml:lang="en" lang="en">
 <head>
  <title>
</title>
<meta http-equiv="Content-Type" content="text/html;charset=utf-8" />
  <meta name='ocr-system' content='tesseract 3.04.00' />
  <meta name='ocr-capabilities' content='ocr_page ocr_carea ocr_par ocr_line ocrx_word'/>
</head>
<body>
  <div class='ocr_page' id='page_1' title='image "./doctorisseraphic08bona_0335.png"; bbox 0 0 2133 3317; ppageno 0'>
   <div class='ocr_carea' id='block_1_1' title="bbox 542 202 1410 233">
    <p class='ocr_par' dir='ltr' id='par_1_1' title="bbox 542 202 1410 233">
     <span class='ocr_line' id='line_1_1' title="bbox 542 202 1410 233; baseline -0.002 -1"><span class='ocrx_word' id='word_1_1' title='bbox 542 203 738 233; x_wconf 83' lang='lat' dir='ltr'><strong>OPUSCULUM</strong></span> <span class='ocrx_word' id='word_1_2' title='bbox 759 204 790 232; x_wconf 84' lang='lat' dir='ltr'><strong>X.</strong></span> <span class='ocrx_word' id='word_1_3' title='bbox 812 203 897 232; x_wconf 81' lang='lat' dir='ltr'>VITIS</span> <span class='ocrx_word' id='word_1_4' title='bbox 917 203 1065 231; x_wconf 72' lang='lat' dir='ltr'><strong>MYSTICA.</strong></span> <span class='ocrx_word' id='word_1_5' title='bbox 1088 202 1348 231; x_wconf 67' lang='lat' dir='ltr'>ADDITAMENTUM</span> <span class='ocrx_word' id='word_1_6' title='bbox 1370 202 1410 230; x_wconf 87' lang='lat' dir='ltr'><strong>IV.</strong></span> 
     </span>
    </p>
   </div>
   <div class='ocr_carea' id='block_1_2' title="bbox 109 280 948 486">
    <p class='ocr_par' dir='ltr' id='par_1_2' title="bbox 109 280 948 486">
     <span class='ocr_line' id='line_1_2' title="bbox 109 280 948 318; baseline -0.008 -7"><span class='ocrx_word' id='word_1_7' title='bbox 109 288 161 318; x_wconf 86' lang='lat' dir='ltr'><strong>ipse</strong></span> <span class='ocrx_word' id='word_1_8' title='bbox 179 284 295 316; x_wconf 85' lang='lat' dir='ltr'><strong>deceptus</strong></span> <span class='ocrx_word' id='word_1_9' title='bbox 313 283 377 313; x_wconf 81' lang='lat' dir='ltr'><strong>fuit;</strong></span> <span class='ocrx_word' id='word_1_10' title='bbox 397 283 455 314; x_wconf 89' lang='lat' dir='ltr'><strong>quia</strong></span> <span class='ocrx_word' id='word_1_11' title='bbox 474 290 499 307; x_wconf 93' lang='lat' dir='ltr'><strong>se</strong></span> <span class='ocrx_word' id='word_1_12' title='bbox 510 284 517 297; x_wconf 92' lang='lat'>¹</span> <span class='ocrx_word' id='word_1_13' title='bbox 543 282 683 313; x_wconf 86' lang='lat' dir='ltr'><strong>praelatum</strong></span> <span class='ocrx_word' id='word_1_14' title='bbox 701 282 727 305; x_wconf 90' lang='lat' dir='ltr'><strong>in</strong></span> <span class='ocrx_word' id='word_1_15' title='bbox 745 280 876 306; x_wconf 86' lang='lat' dir='ltr'><strong>nobilitate</strong></span> <span class='ocrx_word' id='word_1_16' title='bbox 895 281 948 311; x_wconf 90' lang='lat' dir='ltr'><strong>pul-</strong></span> 
     </span>
     <span class='ocr_line' id='line_1_3' title="bbox 109 323 948 357; baseline -0.008 -3"><span class='ocrx_word' id='word_1_17' title='bbox 109 328 238 355; x_wconf 87' lang='lat' dir='ltr'><strong>critudinis</strong></span> <span class='ocrx_word' id='word_1_18' title='bbox 256 327 282 351; x_wconf 87' lang='lat' dir='ltr'><strong>et</strong></span> <span class='ocrx_word' id='word_1_19' title='bbox 300 326 423 357; x_wconf 86' lang='lat' dir='ltr'><strong>sapientia</strong></span> <span class='ocrx_word' id='word_1_20' title='bbox 441 325 467 350; x_wconf 82' lang='lat' dir='ltr'><strong>et</strong></span> <span class='ocrx_word' id='word_1_21' title='bbox 485 324 621 349; x_wconf 86' lang='lat' dir='ltr'><strong>virtutibus</strong></span> <span class='ocrx_word' id='word_1_22' title='bbox 639 324 696 348; x_wconf 89' lang='lat' dir='ltr'><strong>aliis</strong></span> <span class='ocrx_word' id='word_1_23' title='bbox 714 323 778 348; x_wconf 82' lang='lat' dir='ltr'><strong>vidit</strong></span> <span class='ocrx_word' id='word_1_24' title='bbox 799 323 880 348; x_wconf 89' lang='lat' dir='ltr'><strong>choris</strong></span> <span class='ocrx_word' id='word_1_25' title='bbox 898 323 948 347; x_wconf 81' lang='lat' dir='ltr'><strong>An—</strong></span> 
     </span>
     <span class='ocr_line' id='line_1_4' title="bbox 109 366 948 404; baseline -0.01 -7"><span class='ocrx_word' id='word_1_26' title='bbox 109 372 233 404; x_wconf 87' lang='lat' dir='ltr'><strong>gelorum,</strong></span> <span class='ocrx_word' id='word_1_27' title='bbox 251 369 367 401; x_wconf 84' lang='lat' dir='ltr'><strong>prorupit</strong></span> <span class='ocrx_word' id='word_1_28' title='bbox 384 369 410 393; x_wconf 93' lang='lat' dir='ltr'><strong>in</strong></span> <span class='ocrx_word' id='word_1_29' title='bbox 428 368 552 393; x_wconf 84' lang='lat' dir='ltr'><strong>canticum</strong></span> <span class='ocrx_word' id='word_1_30' title='bbox 570 367 713 398; x_wconf 83' lang='lat' dir='ltr'><strong>superbiae,</strong></span> <span class='ocrx_word' id='word_1_31' title='bbox 733 373 777 397; x_wconf 87' lang='lat' dir='ltr'><strong>per</strong></span> <span class='ocrx_word' id='word_1_32' title='bbox 795 373 869 397; x_wconf 85' lang='lat' dir='ltr'><strong>quam</strong></span> <span class='ocrx_word' id='word_1_33' title='bbox 888 366 948 390; x_wconf 87' lang='lat' dir='ltr'><strong>ceci-</strong></span> 
     </span>
     <span class='ocr_line' id='line_1_5' title="bbox 109 408 947 441; baseline -0.008 -2"><span class='ocrx_word' id='word_1_34' title='bbox 109 414 146 440; x_wconf 86' lang='lat' dir='ltr'><strong>dit</strong></span> <span class='ocrx_word' id='word_1_35' title='bbox 163 413 188 438; x_wconf 89' lang='lat' dir='ltr'><strong>et</strong></span> <span class='ocrx_word' id='word_1_36' title='bbox 206 412 269 438; x_wconf 88' lang='lat' dir='ltr'><strong>alios</strong></span> <span class='ocrx_word' id='word_1_37' title='bbox 286 411 372 436; x_wconf 86' lang='lat' dir='ltr'><strong>cadere</strong></span> <span class='ocrx_word' id='word_1_38' title='bbox 390 411 463 440; x_wconf 84' lang='lat' dir='ltr'><strong>facit,</strong></span> <span class='ocrx_word' id='word_1_39' title='bbox 483 410 605 441; x_wconf 88' lang='lat' dir='ltr'><strong>quotquot</strong></span> <span class='ocrx_word' id='word_1_40' title='bbox 629 416 711 434; x_wconf 87' lang='lat' dir='ltr'><strong>secum</strong></span> <span class='ocrx_word' id='word_1_41' title='bbox 737 408 800 433; x_wconf 86' lang='lat' dir='ltr'><strong>idem</strong></span> <span class='ocrx_word' id='word_1_42' title='bbox 824 408 947 433; x_wconf 86' lang='lat' dir='ltr'><strong>canticum</strong></span> 
     </span>
     <span class='ocr_line' id='line_1_6' title="bbox 109 454 398 486; baseline -0.017 -3"><span class='ocrx_word' id='word_1_43' title='bbox 109 456 208 483; x_wconf 84' lang='lat' dir='ltr'><strong>cantare</strong></span> <span class='ocrx_word' id='word_1_44' title='bbox 227 454 398 486; x_wconf 84' lang='lat' dir='ltr'><strong>praesumunt.</strong></span> 
     </span>
    </p>
   </div>
   <div class='ocr_carea' id='block_1_3' title="bbox 240 538 819 655">
    <p class='ocr_par' dir='ltr' id='par_1_3' title="bbox 240 538 819 655">
     <span class='ocr_line' id='line_1_7' title="bbox 430 538 623 564; baseline -0.01 0"><span class='ocrx_word' id='word_1_45' title='bbox 430 539 514 564; x_wconf 72' lang='lat' dir='ltr'><strong>CAPUT</strong></span> <span class='ocrx_word' id='word_1_46' title='bbox 532 538 623 563; x_wconf 88' lang='lat' dir='ltr'>XXVI.</span> 
     </span>
     <span class='ocr_line' id='line_1_8' title="bbox 240 622 819 655; baseline -0.007 -5"><span class='ocrx_word' id='word_1_47' title='bbox 240 626 280 650; x_wconf 80' lang='lat' dir='ltr'><strong>De</strong></span> <span class='ocrx_word' id='word_1_48' title='bbox 298 632 361 650; x_wconf 82' lang='lat' dir='ltr'><strong>novo</strong></span> <span class='ocrx_word' id='word_1_49' title='bbox 381 625 480 649; x_wconf 82' lang='lat' dir='ltr'><strong>cantico</strong></span> <span class='ocrx_word' id='word_1_50' title='bbox 498 623 642 655; x_wconf 60' lang='lat' dir='ltr'><strong>viminibus</strong></span> <span class='ocrx_word' id='word_1_51' title='bbox 661 622 790 648; x_wconf 79' lang='lat' dir='ltr'><strong>cantando</strong></span> <span class='ocrx_word' id='word_1_52' title='bbox 801 623 819 646; x_wconf 75' lang='lat'><strong>²¹.</strong></span> 
     </span>
    </p>
   </div>
   <div class='ocr_carea' id='block_1_4' title="bbox 180 708 949 736">
    <p class='ocr_par' dir='ltr' id='par_1_4' title="bbox 180 708 949 736">
     <span class='ocr_line' id='line_1_9' title="bbox 180 708 949 736; baseline -0.007 0"><span class='ocrx_word' id='word_1_53' title='bbox 180 711 222 736; x_wconf 84' lang='lat'><strong>85.</strong></span> <span class='ocrx_word' id='word_1_54' title='bbox 241 711 298 736; x_wconf 86' lang='lat' dir='ltr'><strong>Non</strong></span> <span class='ocrx_word' id='word_1_55' title='bbox 316 710 353 735; x_wconf 89' lang='lat' dir='ltr'><strong>ita</strong></span> <span class='ocrx_word' id='word_1_56' title='bbox 371 710 484 735; x_wconf 85' lang='lat' dir='ltr'><strong>cantavit</strong></span> <span class='ocrx_word' id='word_1_57' title='bbox 501 710 565 734; x_wconf 68' lang='lat' dir='ltr'><strong>illa⁹</strong></span> <span class='ocrx_word' id='word_1_58' title='bbox 583 709 641 734; x_wconf 89' lang='lat' dir='ltr'><strong>novi</strong></span> <span class='ocrx_word' id='word_1_59' title='bbox 660 709 749 733; x_wconf 83' lang='lat' dir='ltr'><strong>cantici</strong></span> <span class='ocrx_word' id='word_1_60' title='bbox 761 708 883 732; x_wconf 74' lang='lat' dir='ltr'><strong>imitatrix</strong></span> <span class='ocrx_word' id='word_1_61' title='bbox 898 708 949 732; x_wconf 81' lang='lat' dir='ltr'><strong>Ma-</strong></span> 
     </span>
    </p>
   </div>
   <div class='ocr_carea' id='block_1_5' title="bbox 17 750 948 825">
    <p class='ocr_par' dir='ltr' id='par_1_5' title="bbox 17 750 948 825">
     <span class='ocr_line' id='line_1_10' title="bbox 23 750 948 784; baseline -0.009 -1"><span class='ocrx_word' id='word_1_62' title='bbox 23 767 100 784; x_wconf 74' lang='lat' dir='ltr'><strong>mno-</strong></span> <span class='ocrx_word' id='word_1_63' title='bbox 110 754 148 780; x_wconf 71' lang='lat' dir='ltr'><strong>ter</strong></span> <span class='ocrx_word' id='word_1_64' title='bbox 166 754 273 782; x_wconf 88' lang='lat' dir='ltr'><strong>Christi,</strong></span> <span class='ocrx_word' id='word_1_65' title='bbox 293 760 379 778; x_wconf 84' lang='lat' dir='ltr'><strong>verum</strong></span> <span class='ocrx_word' id='word_1_66' title='bbox 398 753 478 777; x_wconf 89' lang='lat' dir='ltr'><strong>lilium</strong></span> <span class='ocrx_word' id='word_1_67' title='bbox 496 759 553 777; x_wconf 86' lang='lat' dir='ltr'><strong>vere</strong></span> <span class='ocrx_word' id='word_1_68' title='bbox 571 751 738 776; x_wconf 79' lang='lat' dir='ltr'><strong>viridantibus</strong></span> <span class='ocrx_word' id='word_1_69' title='bbox 765 751 831 776; x_wconf 87' lang='lat' dir='ltr'><strong>foliis</strong></span> <span class='ocrx_word' id='word_1_70' title='bbox 853 750 948 775; x_wconf 80' lang='lat' dir='ltr'><strong>redimi-</strong></span> 
     </span>
     <span class='ocr_line' id='line_1_11' title="bbox 17 785 948 825; baseline -0.004 -3"><span class='ocrx_word' id='word_1_71' title='bbox 17 785 98 807; x_wconf 55' lang='lat' dir='ltr'><strong>BAN.</strong></span> <span class='ocrx_word' id='word_1_72' title='bbox 109 797 170 822; x_wconf 87' lang='lat' dir='ltr'><strong>tum.</strong></span> <span class='ocrx_word' id='word_1_73' title='bbox 189 797 234 822; x_wconf 89' lang='lat' dir='ltr'><strong>Vis</strong></span> <span class='ocrx_word' id='word_1_74' title='bbox 251 797 334 821; x_wconf 84' lang='lat' dir='ltr'><strong>videre</strong></span> <span class='ocrx_word' id='word_1_75' title='bbox 352 796 412 821; x_wconf 86' lang='lat' dir='ltr'><strong>folia</strong></span> <span class='ocrx_word' id='word_1_76' title='bbox 424 797 493 825; x_wconf 63' lang='lat' dir='ltr'><strong>eius,</strong></span> <span class='ocrx_word' id='word_1_77' title='bbox 507 796 545 820; x_wconf 91' lang='lat' dir='ltr'><strong>vis</strong></span> <span class='ocrx_word' id='word_1_78' title='bbox 557 795 642 820; x_wconf 86' lang='lat' dir='ltr'><strong>audire</strong></span> <span class='ocrx_word' id='word_1_79' title='bbox 655 795 778 819; x_wconf 86' lang='lat' dir='ltr'><strong>canticum</strong></span> <span class='ocrx_word' id='word_1_80' title='bbox 791 794 842 818; x_wconf 91' lang='lat' dir='ltr'><strong>eius</strong></span> <span class='ocrx_word' id='word_1_81' title='bbox 853 794 864 818; x_wconf 69' lang='grc' dir='ltr'><strong>ἱ)</strong></span> <span class='ocrx_word' id='word_1_82' title='bbox 876 794 948 818; x_wconf 85' lang='lat' dir='ltr'><strong>Exal-</strong></span> 
     </span>
    </p>
   </div>
   <div class='ocr_carea' id='block_1_6' title="bbox 0 1912 87 1934">
    <p class='ocr_par' dir='ltr' id='par_1_6' title="bbox 0 1912 87 1934">
     <span class='ocr_line' id='line_1_12' title="bbox 0 1912 87 1934; baseline -0.011 -3"><span class='ocrx_word' id='word_1_83' title='bbox 0 1912 87 1934; x_wconf 75' lang='lat' dir='ltr'><strong>mudum</strong></span> 
     </span>
    </p>
   </div>
   <div class='ocr_carea' id='block_1_7' title="bbox 0 1935 88 1994">
    <p class='ocr_par' dir='ltr' id='par_1_7' title="bbox 0 1935 88 1994">
     <span class='ocr_line' id='line_1_13' title="bbox 0 1935 88 1994; baseline 0 0"><span class='ocrx_word' id='word_1_84' title='bbox 0 1935 88 1994; x_wconf 55' lang='grc'><strong>01</strong></span> 
     </span>
    </p>
   </div>
   <div class='ocr_carea' id='block_1_8' title="bbox 98 836 948 2193">
    <p class='ocr_par' dir='ltr' id='par_1_8' title="bbox 98 836 948 1723">
     <span class='ocr_line' id='line_1_14' title="bbox 108 836 948 870; baseline -0.004 -6"><span class='ocrx_word' id='word_1_85' title='bbox 108 839 163 864; x_wconf 86' lang='lat' dir='ltr'><strong>tata</strong></span> <span class='ocrx_word' id='word_1_86' title='bbox 181 847 259 870; x_wconf 88' lang='lat' dir='ltr'><strong>supra</strong></span> <span class='ocrx_word' id='word_1_87' title='bbox 277 847 350 870; x_wconf 90' lang='lat' dir='ltr'><strong>quam</strong></span> <span class='ocrx_word' id='word_1_88' title='bbox 370 839 417 863; x_wconf 82' lang='lat' dir='ltr'><strong>dici</strong></span> <span class='ocrx_word' id='word_1_89' title='bbox 435 839 479 863; x_wconf 88' lang='lat' dir='ltr'><strong>aut</strong></span> <span class='ocrx_word' id='word_1_90' title='bbox 497 838 601 869; x_wconf 83' lang='lat' dir='ltr'><strong>cogitari</strong></span> <span class='ocrx_word' id='word_1_91' title='bbox 620 838 714 869; x_wconf 86' lang='lat' dir='ltr'><strong>potest,</strong></span> <span class='ocrx_word' id='word_1_92' title='bbox 728 837 775 862; x_wconf 86' lang='lat' dir='ltr'><strong>toti</strong></span> <span class='ocrx_word' id='word_1_93' title='bbox 788 836 879 861; x_wconf 88' lang='lat' dir='ltr'><strong>mundo</strong></span> <span class='ocrx_word' id='word_1_94' title='bbox 898 844 948 861; x_wconf 84' lang='lat' dir='ltr'><strong>cae-</strong></span> 
     </span>
     <span class='ocr_line' id='line_1_15' title="bbox 105 879 948 914; baseline -0.005 -7"><span class='ocrx_word' id='word_1_95' title='bbox 105 882 185 914; x_wconf 81' lang='lat' dir='ltr'><strong>lisque</strong></span> <span class='ocrx_word' id='word_1_96' title='bbox 203 882 330 913; x_wconf 84' lang='lat' dir='ltr'><strong>praelata,</strong></span> <span class='ocrx_word' id='word_1_97' title='bbox 349 888 397 906; x_wconf 91' lang='lat' dir='ltr'><strong>non</strong></span> <span class='ocrx_word' id='word_1_98' title='bbox 417 881 528 906; x_wconf 85' lang='lat' dir='ltr'><strong>ascendit</strong></span> <span class='ocrx_word' id='word_1_99' title='bbox 547 888 624 911; x_wconf 87' lang='lat' dir='ltr'><strong>supra</strong></span> <span class='ocrx_word' id='word_1_100' title='bbox 642 887 681 909; x_wconf 85' lang='lat' dir='ltr'><strong>se,</strong></span> <span class='ocrx_word' id='word_1_101' title='bbox 701 880 744 904; x_wconf 89' lang='lat' dir='ltr'><strong>sed</strong></span> <span class='ocrx_word' id='word_1_102' title='bbox 762 879 874 904; x_wconf 87' lang='lat' dir='ltr'><strong>cantavit</strong></span> <span class='ocrx_word' id='word_1_103' title='bbox 893 887 948 904; x_wconf 85' lang='lat' dir='ltr'><strong>can-</strong></span> 
     </span>
     <span class='ocr_line' id='line_1_16' title="bbox 107 922 948 955; baseline -0.005 -5"><span class='ocrx_word' id='word_1_104' title='bbox 107 925 183 950; x_wconf 80' lang='lat' dir='ltr'><strong>ticum</strong></span> <span class='ocrx_word' id='word_1_105' title='bbox 202 924 372 955; x_wconf 60' lang='lat' dir='ltr'><strong>nimandans,</strong></span> <span class='ocrx_word' id='word_1_106' title='bbox 391 923 456 955; x_wconf 89' lang='lat' dir='ltr'><strong>quod</strong></span> <span class='ocrx_word' id='word_1_107' title='bbox 474 923 499 948; x_wconf 91' lang='lat' dir='ltr'><strong>et</strong></span> <span class='ocrx_word' id='word_1_108' title='bbox 518 923 636 948; x_wconf 74' lang='lat' dir='ltr'><strong>caritatis</strong></span> <span class='ocrx_word' id='word_1_109' title='bbox 649 923 700 952; x_wconf 88' lang='lat' dir='ltr'><strong>est,</strong></span> <span class='ocrx_word' id='word_1_110' title='bbox 714 923 773 954; x_wconf 90' lang='lat' dir='ltr'><strong>quia</strong></span> <span class='ocrx_word' id='word_1_111' title='bbox 786 922 883 947; x_wconf 65' lang='lat' dir='ltr'><strong>caritas</strong></span> <span class='ocrx_word' id='word_1_112' title='bbox 895 929 948 947; x_wconf 90' lang='lat' dir='ltr'><strong>non</strong></span> 
     </span>
     <span class='ocr_line' id='line_1_17' title="bbox 105 965 948 998; baseline -0.004 -5"><span class='ocrx_word' id='word_1_113' title='bbox 105 968 214 998; x_wconf 76' lang='lat' dir='ltr'><strong>inflatur</strong></span> <span class='ocrx_word' id='word_1_114' title='bbox 223 967 241 991; x_wconf 71' lang='lat'><strong>⁴.</strong></span> <span class='ocrx_word' id='word_1_115' title='bbox 259 967 399 992; x_wconf 77' lang='lat' dir='ltr'><strong>Ertictavit</strong></span> <span class='ocrx_word' id='word_1_116' title='bbox 416 966 445 991; x_wconf 87' lang='lat' dir='ltr'><strong>de</strong></span> <span class='ocrx_word' id='word_1_117' title='bbox 461 966 533 991; x_wconf 84' lang='lat' dir='ltr'><strong>corde</strong></span> <span class='ocrx_word' id='word_1_118' title='bbox 547 973 591 991; x_wconf 93' lang='lat' dir='ltr'><strong>suo</strong></span> <span class='ocrx_word' id='word_1_119' title='bbox 604 965 725 990; x_wconf 85' lang='lat' dir='ltr'><strong>inebriato</strong></span> <span class='ocrx_word' id='word_1_120' title='bbox 738 965 841 990; x_wconf 76' lang='lat' dir='ltr'><strong>verbum</strong></span> <span class='ocrx_word' id='word_1_121' title='bbox 855 965 948 990; x_wconf 78' lang='lat' dir='ltr'><strong>bonwm</strong></span> 
     </span>
     <span class='ocr_line' id='line_1_18' title="bbox 105 1008 948 1039; baseline -0.002 -5"><span class='ocrx_word' id='word_1_122' title='bbox 105 1009 131 1035; x_wconf 89' lang='lat' dir='ltr'><strong>et</strong></span> <span class='ocrx_word' id='word_1_123' title='bbox 148 1017 237 1039; x_wconf 83' lang='lat' dir='ltr'><strong>suave,</strong></span> <span class='ocrx_word' id='word_1_124' title='bbox 256 1009 379 1034; x_wconf 83' lang='lat' dir='ltr'><strong>cauticum</strong></span> <span class='ocrx_word' id='word_1_125' title='bbox 398 1015 489 1034; x_wconf 86' lang='lat' dir='ltr'><strong>novum</strong></span> <span class='ocrx_word' id='word_1_126' title='bbox 507 1008 646 1039; x_wconf 78' lang='lat' dir='ltr'><strong>virginibus</strong></span> <span class='ocrx_word' id='word_1_127' title='bbox 665 1008 824 1033; x_wconf 84' lang='lat' dir='ltr'><strong>cantandum.</strong></span> <span class='ocrx_word' id='word_1_128' title='bbox 843 1008 877 1032; x_wconf 88' lang='lat' dir='ltr'><strong>Et</strong></span> <span class='ocrx_word' id='word_1_129' title='bbox 889 1008 948 1039; x_wconf 88' lang='lat' dir='ltr'><strong>quid</strong></span> 
     </span>
     <span class='ocr_line' id='line_1_19' title="bbox 105 1050 948 1084; baseline -0.004 -6"><span class='ocrx_word' id='word_1_130' title='bbox 105 1053 162 1078; x_wconf 80' lang='lat' dir='ltr'><strong>ait?</strong></span> <span class='ocrx_word' id='word_1_131' title='bbox 179 1052 338 1084; x_wconf 68' lang='lat' dir='ltr'><strong>Mayniticat</strong></span> <span class='ocrx_word' id='word_1_132' title='bbox 355 1052 444 1076; x_wconf 86' lang='lat' dir='ltr'><strong>anima</strong></span> <span class='ocrx_word' id='word_1_133' title='bbox 462 1058 518 1076; x_wconf 83' lang='lat' dir='ltr'><strong>mea</strong></span> <span class='ocrx_word' id='word_1_134' title='bbox 529 1051 671 1076; x_wconf 68' lang='lat' dir='ltr'><strong>Dominum</strong></span> <span class='ocrx_word' id='word_1_135' title='bbox 681 1050 699 1075; x_wconf 85' lang='lat'><strong>⁵.</strong></span> <span class='ocrx_word' id='word_1_136' title='bbox 712 1051 785 1080; x_wconf 85' lang='lat' dir='ltr'><strong>Vide,</strong></span> <span class='ocrx_word' id='word_1_137' title='bbox 799 1058 873 1082; x_wconf 88' lang='lat' dir='ltr'><strong>quam</strong></span> <span class='ocrx_word' id='word_1_138' title='bbox 890 1058 948 1076; x_wconf 89' lang='lat' dir='ltr'><strong>con-</strong></span> 
     </span>
     <span class='ocr_line' id='line_1_20' title="bbox 105 1087 947 1125; baseline -0.001 -5"><span class='ocrx_word' id='word_1_139' title='bbox 105 1095 212 1120; x_wconf 75' lang='lat' dir='ltr'><strong>‘ti-arium</strong></span> <span class='ocrx_word' id='word_1_140' title='bbox 229 1094 268 1120; x_wconf 85' lang='lat' dir='ltr'><strong>est</strong></span> <span class='ocrx_word' id='word_1_141' title='bbox 285 1095 409 1120; x_wconf 85' lang='lat' dir='ltr'><strong>canticum</strong></span> <span class='ocrx_word' id='word_1_142' title='bbox 425 1094 471 1119; x_wconf 87' lang='grc'>1100</span> <span class='ocrx_word' id='word_1_143' title='bbox 483 1094 578 1119; x_wconf 87' lang='lat' dir='ltr'><strong>cantico</strong></span> <span class='ocrx_word' id='word_1_144' title='bbox 591 1094 674 1125; x_wconf 87' lang='lat' dir='ltr'><strong>angeli</strong></span> <span class='ocrx_word' id='word_1_145' title='bbox 687 1087 893 1125; x_wconf 58' lang='lat' dir='ltr'><strong>ruiturijlncipit</strong></span> <span class='ocrx_word' id='word_1_146' title='bbox 905 1094 947 1119; x_wconf 87' lang='lat' dir='ltr'><strong>ille</strong></span> 
     </span>
     <span class='ocr_line' id='line_1_21' title="bbox 104 1136 948 1167; baseline -0.002 -5"><span class='ocrx_word' id='word_1_147' title='bbox 104 1138 132 1163; x_wconf 87' lang='lat' dir='ltr'><strong>in</strong></span> <span class='ocrx_word' id='word_1_148' title='bbox 149 1137 202 1162; x_wconf 90' lang='lat' dir='ltr'><strong>alto</strong></span> <span class='ocrx_word' id='word_1_149' title='bbox 220 1137 245 1162; x_wconf 83' lang='lat' dir='ltr'><strong>et</strong></span> <span class='ocrx_word' id='word_1_150' title='bbox 262 1137 289 1162; x_wconf 91' lang='lat' dir='ltr'><strong>in</strong></span> <span class='ocrx_word' id='word_1_151' title='bbox 307 1137 356 1161; x_wconf 88' lang='lat' dir='ltr'><strong>ima</strong></span> <span class='ocrx_word' id='word_1_152' title='bbox 374 1143 424 1162; x_wconf 88' lang='lat' dir='ltr'><strong>non</strong></span> <span class='ocrx_word' id='word_1_153' title='bbox 442 1136 581 1166; x_wconf 75' lang='lat' dir='ltr'><strong>descendit,</strong></span> <span class='ocrx_word' id='word_1_154' title='bbox 600 1136 642 1161; x_wconf 86' lang='lat' dir='ltr'><strong>sed</strong></span> <span class='ocrx_word' id='word_1_155' title='bbox 659 1136 760 1161; x_wconf 87' lang='lat' dir='ltr'><strong>corruit.</strong></span> <span class='ocrx_word' id='word_1_156' title='bbox 782 1136 876 1167; x_wconf 79' lang='lat' dir='ltr'><strong>Incipit</strong></span> <span class='ocrx_word' id='word_1_157' title='bbox 894 1136 948 1161; x_wconf 89' lang='lat' dir='ltr'><strong>Ma-</strong></span> 
     </span>
     <span class='ocr_line' id='line_1_22' title="bbox 105 1178 947 1209; baseline -0.002 -4"><span class='ocrx_word' id='word_1_158' title='bbox 105 1180 143 1205; x_wconf 80' lang='lat' dir='ltr'><strong>ria</strong></span> <span class='ocrx_word' id='word_1_159' title='bbox 160 1179 192 1204; x_wconf 91' lang='lat' dir='ltr'><strong>ab</strong></span> <span class='ocrx_word' id='word_1_160' title='bbox 210 1179 273 1209; x_wconf 87' lang='lat' dir='ltr'><strong>imo,</strong></span> <span class='ocrx_word' id='word_1_161' title='bbox 292 1179 321 1203; x_wconf 91' lang='lat' dir='ltr'><strong>ut</strong></span> <span class='ocrx_word' id='word_1_162' title='bbox 338 1179 365 1204; x_wconf 89' lang='lat' dir='ltr'><strong>in</strong></span> <span class='ocrx_word' id='word_1_163' title='bbox 383 1178 463 1203; x_wconf 88' lang='lat' dir='ltr'><strong>altum</strong></span> <span class='ocrx_word' id='word_1_164' title='bbox 483 1178 634 1203; x_wconf 81' lang='lat' dir='ltr'><strong>sublevetur.</strong></span> <span class='ocrx_word' id='word_1_165' title='bbox 653 1178 798 1209; x_wconf 76' lang='lat' dir='ltr'><strong>Magnificat</strong></span> <span class='ocrx_word' id='word_1_166' title='bbox 815 1178 876 1203; x_wconf 84' lang='lat' dir='ltr'><strong>haec</strong></span> <span class='ocrx_word' id='word_1_167' title='bbox 900 1178 947 1203; x_wconf 87' lang='lat' dir='ltr'><strong>Do—</strong></span> 
     </span>
     <span class='ocr_line' id='line_1_23' title="bbox 106 1221 947 1251; baseline -0.001 -4"><span class='ocrx_word' id='word_1_168' title='bbox 106 1223 213 1251; x_wconf 83' lang='lat' dir='ltr'><strong>minum,</strong></span> <span class='ocrx_word' id='word_1_169' title='bbox 240 1229 290 1247; x_wconf 91' lang='lat' dir='ltr'><strong>non</strong></span> <span class='ocrx_word' id='word_1_170' title='bbox 318 1229 358 1251; x_wconf 91' lang='lat' dir='ltr'><strong>se,</strong></span> <span class='ocrx_word' id='word_1_171' title='bbox 385 1221 444 1246; x_wconf 87' lang='lat' dir='ltr'><strong>licet</strong></span> <span class='ocrx_word' id='word_1_172' title='bbox 465 1221 682 1246; x_wconf 83' lang='lat' dir='ltr'><strong>inaestimabiliter</strong></span> <span class='ocrx_word' id='word_1_173' title='bbox 699 1221 823 1250; x_wconf 83' lang='lat' dir='ltr'><strong>exaltata,</strong></span> <span class='ocrx_word' id='word_1_174' title='bbox 844 1228 947 1246; x_wconf 87' lang='lat' dir='ltr'><strong>servans</strong></span> 
     </span>
     <span class='ocr_line' id='line_1_24' title="bbox 104 1263 947 1297; baseline -0.002 -7"><span class='ocrx_word' id='word_1_175' title='bbox 104 1265 170 1296; x_wconf 83' lang='lat' dir='ltr'><strong>quod</strong></span> <span class='ocrx_word' id='word_1_176' title='bbox 189 1264 310 1296; x_wconf 83' lang='lat' dir='ltr'><strong>scriptum</strong></span> <span class='ocrx_word' id='word_1_177' title='bbox 328 1264 402 1289; x_wconf 75' lang='lat' dir='ltr'><strong>est⁶:</strong></span> <span class='ocrx_word' id='word_1_178' title='bbox 433 1264 535 1297; x_wconf 73' lang='lat' dir='ltr'><strong>Quanto</strong></span> <span class='ocrx_word' id='word_1_179' title='bbox 562 1264 648 1289; x_wconf 74' lang='lat' dir='ltr'><strong>‘maior</strong></span> <span class='ocrx_word' id='word_1_180' title='bbox 675 1271 714 1295; x_wconf 81' lang='lat' dir='ltr'><strong>es,</strong></span> <span class='ocrx_word' id='word_1_181' title='bbox 735 1263 845 1288; x_wconf 78' lang='lat' dir='ltr'><strong>humilia</strong></span> <span class='ocrx_word' id='word_1_182' title='bbox 871 1265 894 1288; x_wconf 82' lang='lat' dir='ltr'><strong>te</strong></span> <span class='ocrx_word' id='word_1_183' title='bbox 918 1264 947 1288; x_wconf 84' lang='lat' dir='ltr'><strong>in</strong></span> 
     </span>
     <span class='ocr_line' id='line_1_25' title="bbox 104 1306 947 1338; baseline -0.001 -6"><span class='ocrx_word' id='word_1_184' title='bbox 104 1307 240 1337; x_wconf 73' lang='lat' dir='ltr'><strong>omnibus‚·</strong></span> <span class='ocrx_word' id='word_1_185' title='bbox 256 1307 322 1332; x_wconf 86' lang='lat' dir='ltr'><strong>unde</strong></span> <span class='ocrx_word' id='word_1_186' title='bbox 340 1307 365 1332; x_wconf 81' lang='lat' dir='ltr'><strong>et</strong></span> <span class='ocrx_word' id='word_1_187' title='bbox 383 1314 459 1338; x_wconf 87' lang='lat' dir='ltr'><strong>super</strong></span> <span class='ocrx_word' id='word_1_188' title='bbox 476 1314 560 1332; x_wconf 91' lang='lat' dir='ltr'><strong>omnes</strong></span> <span class='ocrx_word' id='word_1_189' title='bbox 579 1306 666 1332; x_wconf 89' lang='lat' dir='ltr'><strong>choros</strong></span> <span class='ocrx_word' id='word_1_190' title='bbox 684 1306 838 1338; x_wconf 83' lang='lat' dir='ltr'>Angelorum</span> <span class='ocrx_word' id='word_1_191' title='bbox 856 1306 947 1331; x_wconf 90' lang='lat' dir='ltr'><strong>meruit</strong></span> 
     </span>
     <span class='ocr_line' id='line_1_26' title="bbox 104 1349 946 1381; baseline -0.001 -6"><span class='ocrx_word' id='word_1_192' title='bbox 104 1350 203 1375; x_wconf 80' lang='lat' dir='ltr'><strong>elevari.</strong></span> <span class='ocrx_word' id='word_1_193' title='bbox 221 1349 392 1381; x_wconf 83' lang='lat' dir='ltr'><strong>Magnificavit</strong></span> <span class='ocrx_word' id='word_1_194' title='bbox 410 1357 436 1374; x_wconf 91' lang='lat' dir='ltr'><strong>se</strong></span> <span class='ocrx_word' id='word_1_195' title='bbox 454 1349 496 1374; x_wconf 88' lang='lat' dir='ltr'><strong>ille</strong></span> <span class='ocrx_word' id='word_1_196' title='bbox 515 1357 592 1380; x_wconf 87' lang='lat' dir='ltr'><strong>supra</strong></span> <span class='ocrx_word' id='word_1_197' title='bbox 617 1349 764 1378; x_wconf 82' lang='lat' dir='ltr'><strong>Dominum,</strong></span> <span class='ocrx_word' id='word_1_198' title='bbox 792 1349 856 1374; x_wconf 86' lang='lat' dir='ltr'><strong>unde</strong></span> <span class='ocrx_word' id='word_1_199' title='bbox 880 1349 946 1374; x_wconf 91' lang='lat' dir='ltr'><strong>infra</strong></span> 
     </span>
     <span class='ocr_line' id='line_1_27' title="bbox 104 1391 946 1423; baseline -0.001 -6"><span class='ocrx_word' id='word_1_200' title='bbox 104 1399 188 1422; x_wconf 86' lang='lat' dir='ltr'><strong>omne,</strong></span> <span class='ocrx_word' id='word_1_201' title='bbox 207 1392 272 1423; x_wconf 88' lang='lat' dir='ltr'><strong>quod</strong></span> <span class='ocrx_word' id='word_1_202' title='bbox 290 1392 341 1421; x_wconf 87' lang='lat' dir='ltr'><strong>est,</strong></span> <span class='ocrx_word' id='word_1_203' title='bbox 360 1392 452 1417; x_wconf 87' lang='lat' dir='ltr'><strong>meruit</strong></span> <span class='ocrx_word' id='word_1_204' title='bbox 470 1392 638 1423; x_wconf 89' lang='lat' dir='ltr'><strong>praecipitari.</strong></span> <span class='ocrx_word' id='word_1_205' title='bbox 655 1391 806 1416; x_wconf 71' lang='lat' dir='ltr'><strong>Exsultavit</strong></span> <span class='ocrx_word' id='word_1_206' title='bbox 817 1392 926 1422; x_wconf 73' lang='lat' dir='ltr'><strong>spiritus</strong></span> <span class='ocrx_word' id='word_1_207' title='bbox 937 1392 946 1406; x_wconf 86' lang='lat'>⁷</span> 
     </span>
     <span class='ocr_line' id='line_1_28' title="bbox 103 1434 946 1463; baseline -0.001 -3"><span class='ocrx_word' id='word_1_208' title='bbox 103 1435 205 1460; x_wconf 87' lang='lat' dir='ltr'><strong>humilis</strong></span> <span class='ocrx_word' id='word_1_209' title='bbox 223 1435 317 1460; x_wconf 88' lang='lat' dir='ltr'><strong>Mariae</strong></span> <span class='ocrx_word' id='word_1_210' title='bbox 335 1435 362 1459; x_wconf 90' lang='lat' dir='ltr'><strong>in</strong></span> <span class='ocrx_word' id='word_1_211' title='bbox 380 1435 485 1460; x_wconf 92' lang='lat' dir='ltr'><strong>Domino</strong></span> <span class='ocrx_word' id='word_1_212' title='bbox 502 1435 561 1459; x_wconf 83' lang='lat' dir='ltr'><strong>Iesu</strong></span> <span class='ocrx_word' id='word_1_213' title='bbox 580 1441 638 1463; x_wconf 87' lang='lat' dir='ltr'><strong>suo,</strong></span> <span class='ocrx_word' id='word_1_214' title='bbox 666 1434 730 1459; x_wconf 87' lang='lat' dir='ltr'><strong>unde</strong></span> <span class='ocrx_word' id='word_1_215' title='bbox 758 1434 811 1459; x_wconf 84' lang='lat' dir='ltr'><strong>oleo</strong></span> <span class='ocrx_word' id='word_1_216' title='bbox 832 1434 946 1459; x_wconf 77' lang='lat' dir='ltr'><strong>laetitiae</strong></span> 
     </span>
     <span class='ocr_line' id='line_1_29' title="bbox 98 1477 946 1510; baseline -0.001 -8"><span class='ocrx_word' id='word_1_217' title='bbox 98 1485 166 1510; x_wconf 77' lang='lat' dir='ltr'><strong>prae</strong></span> <span class='ocrx_word' id='word_1_218' title='bbox 183 1477 344 1502; x_wconf 73' lang='lat' dir='ltr'><strong>consortibus</strong></span> <span class='ocrx_word' id='word_1_219' title='bbox 362 1478 413 1502; x_wconf 89' lang='lat' dir='ltr'><strong>suis</strong></span> <span class='ocrx_word' id='word_1_220' title='bbox 431 1478 519 1509; x_wconf 83' lang='lat' dir='ltr'><strong>inungi</strong></span> <span class='ocrx_word' id='word_1_221' title='bbox 532 1477 685 1508; x_wconf 78' lang='lat' dir='ltr'><strong>promeruit3</strong></span> <span class='ocrx_word' id='word_1_222' title='bbox 699 1477 837 1502; x_wconf 81' lang='lat' dir='ltr'><strong>exsultavit</strong></span> <span class='ocrx_word' id='word_1_223' title='bbox 850 1477 946 1502; x_wconf 89' lang='lat' dir='ltr'><strong>stultus</strong></span> 
     </span>
     <span class='ocr_line' id='line_1_30' title="bbox 101 1520 945 1552; baseline -0.002 -6"><span class='ocrx_word' id='word_1_224' title='bbox 101 1521 145 1546; x_wconf 86' lang='lat' dir='ltr'><strong>ille</strong></span> <span class='ocrx_word' id='word_1_225' title='bbox 163 1521 268 1552; x_wconf 85' lang='lat' dir='ltr'><strong>angelus</strong></span> <span class='ocrx_word' id='word_1_226' title='bbox 284 1521 311 1545; x_wconf 90' lang='grc'><strong>111</strong></span> <span class='ocrx_word' id='word_1_227' title='bbox 324 1528 363 1550; x_wconf 83' lang='grc'><strong>50,</strong></span> <span class='ocrx_word' id='word_1_228' title='bbox 378 1520 442 1545; x_wconf 84' lang='grc' dir='ltr'>1111ᾱο</span> <span class='ocrx_word' id='word_1_229' title='bbox 455 1520 524 1545; x_wconf 87' lang='lat' dir='ltr'><strong>luctu</strong></span> <span class='ocrx_word' id='word_1_230' title='bbox 538 1520 657 1551; x_wconf 86' lang='lat' dir='ltr'><strong>perpetuo</strong></span> <span class='ocrx_word' id='word_1_231' title='bbox 671 1520 761 1545; x_wconf 85' lang='lat' dir='ltr'><strong>meruit</strong></span> <span class='ocrx_word' id='word_1_232' title='bbox 779 1520 945 1545; x_wconf 83' lang='lat' dir='ltr'><strong>condemnari.</strong></span> 
     </span>
     <span class='ocr_line' id='line_1_31' title="bbox 103 1562 945 1594; baseline 0 -6"><span class='ocrx_word' id='word_1_233' title='bbox 103 1563 231 1588; x_wconf 81' lang='lat' dir='ltr'><strong>Gloriatur</strong></span> <span class='ocrx_word' id='word_1_234' title='bbox 248 1562 312 1592; x_wconf 86' lang='lat' dir='ltr'><strong>ista,</strong></span> <span class='ocrx_word' id='word_1_235' title='bbox 331 1562 499 1588; x_wconf 76' lang='lat' dir='ltr'><strong>humilitatem</strong></span> <span class='ocrx_word' id='word_1_236' title='bbox 518 1570 588 1587; x_wconf 88' lang='lat' dir='ltr'><strong>suam</strong></span> <span class='ocrx_word' id='word_1_237' title='bbox 608 1570 661 1588; x_wconf 87' lang='lat' dir='ltr'><strong>esse</strong></span> <span class='ocrx_word' id='word_1_238' title='bbox 680 1563 819 1594; x_wconf 79' lang='lat' dir='ltr'><strong>respectam</strong></span> <span class='ocrx_word' id='word_1_239' title='bbox 830 1562 854 1592; x_wconf 62' lang='grc' dir='ltr'><strong>Β,</strong></span> <span class='ocrx_word' id='word_1_240' title='bbox 881 1563 945 1588; x_wconf 87' lang='lat' dir='ltr'><strong>unde</strong></span> 
     </span>
     <span class='ocr_line' id='line_1_32' title="bbox 102 1605 946 1637; baseline 0 -7"><span class='ocrx_word' id='word_1_241' title='bbox 102 1606 203 1631; x_wconf 82' lang='lat' dir='ltr'><strong>habebit</strong></span> <span class='ocrx_word' id='word_1_242' title='bbox 214 1605 327 1635; x_wconf 80' lang='lat' dir='ltr'><strong>fructum</strong></span> <span class='ocrx_word' id='word_1_243' title='bbox 339 1605 368 1630; x_wconf 80' lang='lat' dir='ltr'><strong>in</strong></span> <span class='ocrx_word' id='word_1_244' title='bbox 379 1606 534 1636; x_wconf 75' lang='lat' dir='ltr'><strong>respectione</strong></span> <span class='ocrx_word' id='word_1_245' title='bbox 552 1606 701 1630; x_wconf 80' lang='lat' dir='ltr'><strong>animarum</strong></span> <span class='ocrx_word' id='word_1_246' title='bbox 713 1607 880 1635; x_wconf 62' lang='lat' dir='ltr'><strong>sanctarum,¹</strong></span> <span class='ocrx_word' id='word_1_247' title='bbox 892 1606 946 1637; x_wconf 85' lang='lat' dir='ltr'><strong>glo-</strong></span> 
     </span>
     <span class='ocr_line' id='line_1_33' title="bbox 102 1648 945 1680; baseline 0.001 -7"><span class='ocrx_word' id='word_1_248' title='bbox 102 1649 216 1674; x_wconf 84' lang='lat' dir='ltr'><strong>riabatur</strong></span> <span class='ocrx_word' id='word_1_249' title='bbox 234 1649 276 1674; x_wconf 90' lang='lat' dir='ltr'><strong>ille</strong></span> <span class='ocrx_word' id='word_1_250' title='bbox 295 1649 324 1673; x_wconf 70' lang='lat' dir='ltr'><strong>in</strong></span> <span class='ocrx_word' id='word_1_251' title='bbox 341 1648 507 1674; x_wconf 79' lang='lat' dir='ltr'><strong>multitudine</strong></span> <span class='ocrx_word' id='word_1_252' title='bbox 519 1649 621 1674; x_wconf 75' lang='lat' dir='ltr'><strong>virtutis</strong></span> <span class='ocrx_word' id='word_1_253' title='bbox 633 1656 708 1680; x_wconf 77' lang='lat' dir='ltr'><strong>suae,</strong></span> <span class='ocrx_word' id='word_1_254' title='bbox 721 1649 785 1674; x_wconf 88' lang='lat' dir='ltr'><strong>unde</strong></span> <span class='ocrx_word' id='word_1_255' title='bbox 799 1649 945 1680; x_wconf 86' lang='lat' dir='ltr'><strong>perpetuam</strong></span> 
     </span>
     <span class='ocr_line' id='line_1_34' title="bbox 102 1691 414 1723; baseline -0.003 -7"><span class='ocrx_word' id='word_1_256' title='bbox 102 1691 282 1723; x_wconf 81' lang='lat' dir='ltr'><strong>despectionem</strong></span> <span class='ocrx_word' id='word_1_257' title='bbox 300 1691 414 1716; x_wconf 80' lang='lat' dir='ltr'><strong>incurrit.</strong></span> 
     </span>
    </p>

    <p class='ocr_par' dir='ltr' id='par_1_9' title="bbox 100 1733 946 2193">
     <span class='ocr_line' id='line_1_35' title="bbox 173 1733 945 1766; baseline 0 -7"><span class='ocrx_word' id='word_1_258' title='bbox 173 1734 216 1759; x_wconf 90' lang='grc'><strong>86.</strong></span> <span class='ocrx_word' id='word_1_259' title='bbox 234 1734 285 1760; x_wconf 87' lang='lat' dir='ltr'><strong>Vos</strong></span> <span class='ocrx_word' id='word_1_260' title='bbox 302 1733 392 1766; x_wconf 81' lang='lat' dir='ltr'><strong>igitur,</strong></span> <span class='ocrx_word' id='word_1_261' title='bbox 412 1741 426 1759; x_wconf 95' lang='lat'>0</span> <span class='ocrx_word' id='word_1_262' title='bbox 444 1734 554 1766; x_wconf 84' lang='lat' dir='ltr'><strong>virgines</strong></span> <span class='ocrx_word' id='word_1_263' title='bbox 573 1734 680 1764; x_wconf 77' lang='lat' dir='ltr'><strong>Christi,</strong></span> <span class='ocrx_word' id='word_1_264' title='bbox 698 1735 776 1760; x_wconf 89' lang='lat' dir='ltr'><strong>virete</strong></span> <span class='ocrx_word' id='word_1_265' title='bbox 788 1735 814 1759; x_wconf 91' lang='lat' dir='ltr'><strong>in</strong></span> <span class='ocrx_word' id='word_1_266' title='bbox 827 1735 905 1764; x_wconf 84' lang='lat' dir='ltr'><strong>foliis,</strong></span> <span class='ocrx_word' id='word_1_267' title='bbox 919 1735 945 1759; x_wconf 90' lang='lat' dir='ltr'><strong>in</strong></span> 
     </span>
     <span class='ocr_line' id='line_1_36' title="bbox 101 1775 945 1808; baseline 0 -6"><span class='ocrx_word' id='word_1_268' title='bbox 101 1777 184 1803; x_wconf 82' lang='lat' dir='ltr'><strong>verbis</strong></span> <span class='ocrx_word' id='word_1_269' title='bbox 202 1777 336 1808; x_wconf 76' lang='lat' dir='ltr'><strong>caritatis,</strong></span> <span class='ocrx_word' id='word_1_270' title='bbox 355 1777 512 1802; x_wconf 81' lang='lat' dir='ltr'><strong>humilitatis</strong></span> <span class='ocrx_word' id='word_1_271' title='bbox 539 1777 564 1802; x_wconf 89' lang='lat' dir='ltr'><strong>et</strong></span> <span class='ocrx_word' id='word_1_272' title='bbox 588 1777 662 1808; x_wconf 80' lang='lat' dir='ltr'><strong>pacis</strong></span> <span class='ocrx_word' id='word_1_273' title='bbox 671 1775 689 1801; x_wconf 80' lang='lat'><strong>⁹.</strong></span> <span class='ocrx_word' id='word_1_274' title='bbox 708 1777 840 1808; x_wconf 86' lang='lat' dir='ltr'><strong>Sequimini</strong></span> <span class='ocrx_word' id='word_1_275' title='bbox 865 1778 945 1802; x_wconf 87' lang='lat' dir='ltr'><strong>lilium</strong></span> 
     </span>
     <span class='ocr_line' id='line_1_37' title="bbox 101 1820 945 1852; baseline -0.001 -6"><span class='ocrx_word' id='word_1_276' title='bbox 101 1820 164 1846; x_wconf 89' lang='lat' dir='ltr'><strong>illud</strong></span> <span class='ocrx_word' id='word_1_277' title='bbox 183 1821 342 1852; x_wconf 85' lang='lat' dir='ltr'><strong>praecipuum</strong></span> <span class='ocrx_word' id='word_1_278' title='bbox 352 1839 358 1850; x_wconf 97' lang='lat'><strong>,</strong></span> <span class='ocrx_word' id='word_1_279' title='bbox 370 1820 478 1845; x_wconf 84' lang='lat' dir='ltr'><strong>Matrem</strong></span> <span class='ocrx_word' id='word_1_280' title='bbox 491 1820 580 1844; x_wconf 87' lang='lat' dir='ltr'><strong>summi</strong></span> <span class='ocrx_word' id='word_1_281' title='bbox 592 1820 653 1849; x_wconf 89' lang='lat' dir='ltr'><strong>lilii,</strong></span> <span class='ocrx_word' id='word_1_282' title='bbox 667 1820 724 1845; x_wconf 87' lang='lat' dir='ltr'><strong>boni</strong></span> <span class='ocrx_word' id='word_1_283' title='bbox 737 1820 808 1850; x_wconf 80' lang='lat' dir='ltr'><strong>Iesu,</strong></span> <span class='ocrx_word' id='word_1_284' title='bbox 821 1820 851 1845; x_wconf 89' lang='lat' dir='ltr'><strong>nt</strong></span> <span class='ocrx_word' id='word_1_285' title='bbox 863 1821 945 1852; x_wconf 83' lang='lat' dir='ltr'><strong>ipsum</strong></span> 
     </span>
     <span class='ocr_line' id='line_1_38' title="bbox 102 1862 946 1894; baseline 0 -6"><span class='ocrx_word' id='word_1_286' title='bbox 102 1863 183 1888; x_wconf 90' lang='lat' dir='ltr'><strong>solum</strong></span> <span class='ocrx_word' id='word_1_287' title='bbox 201 1862 405 1894; x_wconf 83' lang='lat' dir='ltr'><strong>magnificantes,</strong></span> <span class='ocrx_word' id='word_1_288' title='bbox 424 1863 466 1894; x_wconf 89' lang='lat' dir='ltr'><strong>qui</strong></span> <span class='ocrx_word' id='word_1_289' title='bbox 485 1862 553 1887; x_wconf 87' lang='lat' dir='ltr'><strong>solus</strong></span> <span class='ocrx_word' id='word_1_290' title='bbox 571 1869 677 1894; x_wconf 84' lang='lat' dir='ltr'><strong>magnus</strong></span> <span class='ocrx_word' id='word_1_291' title='bbox 695 1862 747 1892; x_wconf 83' lang='lat' dir='ltr'><strong>est,</strong></span> <span class='ocrx_word' id='word_1_292' title='bbox 767 1863 793 1887; x_wconf 91' lang='lat' dir='ltr'><strong>in</strong></span> <span class='ocrx_word' id='word_1_293' title='bbox 812 1863 882 1894; x_wconf 84' lang='lat' dir='ltr'><strong>ipso,</strong></span> <span class='ocrx_word' id='word_1_294' title='bbox 902 1870 946 1894; x_wconf 89' lang='lat' dir='ltr'><strong>per</strong></span> 
     </span>
     <span class='ocr_line' id='line_1_39' title="bbox 102 1905 946 1937; baseline 0.001 -6"><span class='ocrx_word' id='word_1_295' title='bbox 102 1906 184 1937; x_wconf 87' lang='lat' dir='ltr'><strong>ipsum</strong></span> <span class='ocrx_word' id='word_1_296' title='bbox 202 1905 228 1930; x_wconf 87' lang='lat' dir='ltr'><strong>et</strong></span> <span class='ocrx_word' id='word_1_297' title='bbox 246 1913 301 1930; x_wconf 90' lang='lat' dir='ltr'><strong>cum</strong></span> <span class='ocrx_word' id='word_1_298' title='bbox 319 1905 373 1936; x_wconf 89' lang='lat' dir='ltr'><strong>ipso</strong></span> <span class='ocrx_word' id='word_1_299' title='bbox 391 1905 534 1930; x_wconf 83' lang='lat' dir='ltr'><strong>mereamini</strong></span> <span class='ocrx_word' id='word_1_300' title='bbox 552 1905 715 1936; x_wconf 80' lang='lat' dir='ltr'><strong>magnificari.</strong></span> <span class='ocrx_word' id='word_1_301' title='bbox 743 1905 834 1930; x_wconf 84' lang='lat' dir='ltr'><strong>Cavete</strong></span> <span class='ocrx_word' id='word_1_302' title='bbox 855 1906 946 1932; x_wconf 87' lang='lat' dir='ltr'><strong>nihilo-</strong></span> 
     </span>
     <span class='ocr_line' id='line_1_40' title="bbox 101 1948 945 1979; baseline 0 -5"><span class='ocrx_word' id='word_1_303' title='bbox 101 1950 184 1974; x_wconf 84' lang='lat' dir='ltr'><strong>minus</strong></span> <span class='ocrx_word' id='word_1_304' title='bbox 201 1948 325 1973; x_wconf 85' lang='lat' dir='ltr'><strong>cauticum</strong></span> <span class='ocrx_word' id='word_1_305' title='bbox 343 1948 522 1978; x_wconf 73' lang='lat' dir='ltr'><strong>detractionis,</strong></span> <span class='ocrx_word' id='word_1_306' title='bbox 541 1948 606 1979; x_wconf 87' lang='lat' dir='ltr'><strong>quod</strong></span> <span class='ocrx_word' id='word_1_307' title='bbox 624 1948 650 1972; x_wconf 90' lang='lat' dir='ltr'><strong>in</strong></span> <span class='ocrx_word' id='word_1_308' title='bbox 668 1948 784 1979; x_wconf 81' lang='lat' dir='ltr'><strong>paradiso</strong></span> <span class='ocrx_word' id='word_1_309' title='bbox 802 1948 945 1974; x_wconf 84' lang='lat' dir='ltr'><strong>inchoatum</strong></span> 
     </span>
     <span class='ocr_line' id='line_1_41' title="bbox 102 1990 944 2022; baseline -0.001 -5"><span class='ocrx_word' id='word_1_310' title='bbox 102 1992 153 2022; x_wconf 82' lang='lat' dir='ltr'><strong>est,</strong></span> <span class='ocrx_word' id='word_1_311' title='bbox 172 1991 296 2017; x_wconf 88' lang='lat' dir='ltr'><strong>canticum</strong></span> <span class='ocrx_word' id='word_1_312' title='bbox 314 1990 387 2016; x_wconf 86' lang='lat' dir='ltr'><strong>vetus</strong></span> <span class='ocrx_word' id='word_1_313' title='bbox 406 1991 431 2015; x_wconf 89' lang='lat' dir='ltr'><strong>et</strong></span> <span class='ocrx_word' id='word_1_314' title='bbox 449 1991 474 2015; x_wconf 90' lang='lat' dir='ltr'><strong>in</strong></span> <span class='ocrx_word' id='word_1_315' title='bbox 493 1991 587 2022; x_wconf 81' lang='lat' dir='ltr'><strong>peccati</strong></span> <span class='ocrx_word' id='word_1_316' title='bbox 614 1991 766 2016; x_wconf 86' lang='lat' dir='ltr'><strong>vetustatem</strong></span> <span class='ocrx_word' id='word_1_317' title='bbox 794 1991 944 2022; x_wconf 84' lang='lat' dir='ltr'><strong>perducens3</strong></span> 
     </span>
     <span class='ocr_line' id='line_1_42' title="bbox 101 2033 944 2065; baseline 0 -6"><span class='ocrx_word' id='word_1_318' title='bbox 101 2033 127 2059; x_wconf 87' lang='lat' dir='ltr'><strong>et</strong></span> <span class='ocrx_word' id='word_1_319' title='bbox 144 2033 238 2064; x_wconf 85' lang='lat' dir='ltr'><strong>videte,</strong></span> <span class='ocrx_word' id='word_1_320' title='bbox 263 2033 385 2065; x_wconf 87' lang='lat' dir='ltr'><strong>quantum</strong></span> <span class='ocrx_word' id='word_1_321' title='bbox 404 2033 502 2058; x_wconf 89' lang='lat' dir='ltr'><strong>omnino</strong></span> <span class='ocrx_word' id='word_1_322' title='bbox 521 2033 555 2057; x_wconf 91' lang='lat' dir='ltr'><strong>sit</strong></span> <span class='ocrx_word' id='word_1_323' title='bbox 580 2033 733 2058; x_wconf 88' lang='lat' dir='ltr'><strong>contrarium</strong></span> <span class='ocrx_word' id='word_1_324' title='bbox 759 2040 823 2058; x_wconf 90' lang='lat' dir='ltr'><strong>novo</strong></span> <span class='ocrx_word' id='word_1_325' title='bbox 849 2034 944 2059; x_wconf 83' lang='lat' dir='ltr'><strong>cantico</strong></span> 
     </span>
     <span class='ocr_line' id='line_1_43' title="bbox 100 2076 945 2108; baseline -0.001 -6"><span class='ocrx_word' id='word_1_326' title='bbox 100 2076 227 2106; x_wconf 85' lang='lat' dir='ltr'><strong>caritatis,</strong></span> <span class='ocrx_word' id='word_1_327' title='bbox 247 2083 302 2101; x_wconf 89' lang='lat' dir='ltr'><strong>cum</strong></span> <span class='ocrx_word' id='word_1_328' title='bbox 321 2076 487 2101; x_wconf 86' lang='lat' dir='ltr'><strong>necessarium</strong></span> <span class='ocrx_word' id='word_1_329' title='bbox 506 2076 553 2105; x_wconf 92' lang='lat' dir='ltr'><strong>sit,</strong></span> <span class='ocrx_word' id='word_1_330' title='bbox 571 2076 643 2101; x_wconf 90' lang='lat' dir='ltr'><strong>illum</strong></span> <span class='ocrx_word' id='word_1_331' title='bbox 656 2083 705 2101; x_wconf 88' lang='lat' dir='ltr'><strong>non</strong></span> <span class='ocrx_word' id='word_1_332' title='bbox 718 2076 799 2108; x_wconf 84' lang='lat' dir='ltr'><strong>diligi,</strong></span> <span class='ocrx_word' id='word_1_333' title='bbox 814 2077 852 2101; x_wconf 89' lang='lat' dir='ltr'><strong>cui</strong></span> <span class='ocrx_word' id='word_1_334' title='bbox 865 2077 945 2102; x_wconf 82' lang='lat' dir='ltr'><strong>detra-</strong></span> 
     </span>
     <span class='ocr_line' id='line_1_44' title="bbox 100 2118 944 2150; baseline 0 -6"><span class='ocrx_word' id='word_1_335' title='bbox 100 2119 178 2144; x_wconf 86' lang='lat' dir='ltr'><strong>hitur.</strong></span> <span class='ocrx_word' id='word_1_336' title='bbox 197 2118 265 2144; x_wconf 86' lang='lat' dir='ltr'><strong>Solet</strong></span> <span class='ocrx_word' id='word_1_337' title='bbox 283 2119 347 2144; x_wconf 89' lang='lat' dir='ltr'><strong>enim</strong></span> <span class='ocrx_word' id='word_1_338' title='bbox 367 2119 459 2144; x_wconf 84' lang='lat' dir='ltr'><strong>caritas</strong></span> <span class='ocrx_word' id='word_1_339' title='bbox 478 2125 527 2144; x_wconf 88' lang='lat' dir='ltr'><strong>non</strong></span> <span class='ocrx_word' id='word_1_340' title='bbox 546 2119 658 2150; x_wconf 83' lang='lat' dir='ltr'><strong>obloqui,</strong></span> <span class='ocrx_word' id='word_1_341' title='bbox 677 2126 727 2144; x_wconf 90' lang='grc'>11011</span> <span class='ocrx_word' id='word_1_342' title='bbox 744 2119 887 2149; x_wconf 81' lang='lat' dir='ltr'><strong>detrahere,</strong></span> <span class='ocrx_word' id='word_1_343' title='bbox 902 2119 944 2144; x_wconf 89' lang='lat' dir='ltr'><strong>sed</strong></span> 
     </span>
     <span class='ocr_line' id='line_1_45' title="bbox 101 2161 944 2193; baseline 0 -7"><span class='ocrx_word' id='word_1_344' title='bbox 101 2162 184 2193; x_wconf 81' lang='lat' dir='ltr'><strong>potius</strong></span> <span class='ocrx_word' id='word_1_345' title='bbox 211 2161 311 2193; x_wconf 85' lang='lat' dir='ltr'><strong>peccata</strong></span> <span class='ocrx_word' id='word_1_346' title='bbox 335 2161 416 2186; x_wconf 88' lang='lat' dir='ltr'><strong>aliena</strong></span> <span class='ocrx_word' id='word_1_347' title='bbox 435 2168 565 2191; x_wconf 84' lang='lat' dir='ltr'><strong>excusare,</strong></span> <span class='ocrx_word' id='word_1_348' title='bbox 585 2161 639 2191; x_wconf 91' lang='lat' dir='ltr'><strong>vel,</strong></span> <span class='ocrx_word' id='word_1_349' title='bbox 658 2161 679 2186; x_wconf 89' lang='lat' dir='ltr'><strong>si</strong></span> <span class='ocrx_word' id='word_1_350' title='bbox 698 2161 762 2186; x_wconf 82' lang='lat' dir='ltr'><strong>forte</strong></span> <span class='ocrx_word' id='word_1_351' title='bbox 780 2161 814 2186; x_wconf 88' lang='lat' dir='ltr'><strong>sit</strong></span> <span class='ocrx_word' id='word_1_352' title='bbox 831 2169 944 2186; x_wconf 83' lang='lat' dir='ltr'><strong>necessa-</strong></span> 
     </span>
    </p>
   </div>
   <div class='ocr_carea' id='block_1_9' title="bbox 102 2361 946 2695">
    <p class='ocr_par' dir='ltr' id='par_1_10' title="bbox 102 2361 946 2453">
     <span class='ocr_line' id='line_1_46' title="bbox 165 2361 945 2392; baseline 0.004 -9"><span class='ocrx_word' id='word_1_353' title='bbox 165 2361 172 2374; x_wconf 89' lang='lat'>¹</span> <span class='ocrx_word' id='word_1_354' title='bbox 191 2362 220 2383; x_wconf 84' lang='lat' dir='ltr'><strong>lta</strong></span> <span class='ocrx_word' id='word_1_355' title='bbox 238 2361 271 2388; x_wconf 71' lang='lat' dir='ltr'><strong>A;</strong></span> <span class='ocrx_word' id='word_1_356' title='bbox 292 2362 346 2384; x_wconf 86' lang='lat' dir='ltr'><strong>Bou.</strong></span> <span class='ocrx_word' id='word_1_357' title='bbox 364 2367 417 2383; x_wconf 85' lang='lat' dir='ltr'><strong>curn</strong></span> <span class='ocrx_word' id='word_1_358' title='bbox 435 2361 471 2384; x_wconf 83' lang='lat' dir='ltr'><strong>ed.</strong></span> <span class='ocrx_word' id='word_1_359' title='bbox 493 2362 498 2382; x_wconf 95' lang='grc'><strong>1</strong></span> <span class='ocrx_word' id='word_1_360' title='bbox 517 2361 579 2389; x_wconf 76' lang='lat' dir='ltr'><strong>Quin</strong></span> <span class='ocrx_word' id='word_1_361' title='bbox 604 2363 626 2385; x_wconf 82' lang='lat' dir='ltr'><strong>et</strong></span> <span class='ocrx_word' id='word_1_362' title='bbox 644 2361 680 2385; x_wconf 66' lang='lat' dir='ltr'><strong>liis</strong></span> <span class='ocrx_word' id='word_1_363' title='bbox 698 2362 806 2392; x_wconf 74' lang='lat' dir='ltr'><strong>deceptus</strong></span> <span class='ocrx_word' id='word_1_364' title='bbox 822 2363 867 2392; x_wconf 76' lang='lat' dir='ltr'><strong>suit</strong></span> <span class='ocrx_word' id='word_1_365' title='bbox 885 2362 945 2392; x_wconf 81' lang='lat' dir='ltr'><strong>ipse,</strong></span> 
     </span>
     <span class='ocr_line' id='line_1_47' title="bbox 102 2392 946 2422; baseline 0.001 -7"><span class='ocrx_word' id='word_1_366' title='bbox 102 2392 143 2422; x_wconf 81' lang='lat' dir='ltr'><strong>qui</strong></span> <span class='ocrx_word' id='word_1_367' title='bbox 157 2398 193 2420; x_wconf 83' lang='lat' dir='ltr'><strong>se,</strong></span> <span class='ocrx_word' id='word_1_368' title='bbox 211 2393 251 2421; x_wconf 88' lang='lat' dir='ltr'><strong>qui</strong></span> <span class='ocrx_word' id='word_1_369' title='bbox 269 2392 336 2414; x_wconf 87' lang='lat' dir='ltr'><strong>etiam</strong></span> <span class='ocrx_word' id='word_1_370' title='bbox 355 2392 448 2415; x_wconf 79' lang='lat' dir='ltr'><strong>interius</strong></span> <span class='ocrx_word' id='word_1_371' title='bbox 465 2392 537 2415; x_wconf 81' lang='lat' dir='ltr'><strong>verbo</strong></span> <span class='ocrx_word' id='word_1_372' title='bbox 552 2393 668 2422; x_wconf 72' lang='lat' dir='ltr'><strong>prorupit</strong></span> <span class='ocrx_word' id='word_1_373' title='bbox 683 2394 830 2422; x_wconf 70' lang='lat' dir='ltr'><strong>praesignet.</strong></span> <span class='ocrx_word' id='word_1_374' title='bbox 843 2394 946 2417; x_wconf 82' lang='lat' dir='ltr'><strong>Subinde</strong></span> 
     </span>
     <span class='ocr_line' id='line_1_48' title="bbox 102 2423 683 2453; baseline 0 -7"><span class='ocrx_word' id='word_1_375' title='bbox 102 2430 144 2452; x_wconf 86' lang='lat' dir='ltr'><strong>pro</strong></span> <span class='ocrx_word' id='word_1_376' title='bbox 158 2430 202 2453; x_wconf 83' lang='lat' dir='ltr'><strong>per</strong></span> <span class='ocrx_word' id='word_1_377' title='bbox 219 2430 291 2453; x_wconf 78' lang='lat' dir='ltr'><strong>quam</strong></span> <span class='ocrx_word' id='word_1_378' title='bbox 308 2424 326 2445; x_wconf 89' lang='lat' dir='ltr'><strong>A</strong></span> <span class='ocrx_word' id='word_1_379' title='bbox 343 2430 389 2452; x_wconf 82' lang='lat' dir='ltr'><strong>quo</strong></span> <span class='ocrx_word' id='word_1_380' title='bbox 406 2427 428 2446; x_wconf 87' lang='lat' dir='ltr'><strong>et</strong></span> <span class='ocrx_word' id='word_1_381' title='bbox 445 2423 486 2453; x_wconf 80' lang='lat' dir='ltr'><strong>qui</strong></span> <span class='ocrx_word' id='word_1_382' title='bbox 503 2430 544 2451; x_wconf 82' lang='lat' dir='ltr'><strong>pro</strong></span> <span class='ocrx_word' id='word_1_383' title='bbox 562 2425 683 2453; x_wconf 74' lang='lat' dir='ltr'><strong>quotquot.</strong></span> 
     </span>
    </p>

    <p class='ocr_par' dir='ltr' id='par_1_11' title="bbox 165 2454 741 2484">
     <span class='ocr_line' id='line_1_49' title="bbox 165 2454 741 2484; baseline 0.002 -8"><span class='ocrx_word' id='word_1_384' title='bbox 165 2454 173 2467; x_wconf 83' lang='lat'><strong>²</strong></span> <span class='ocrx_word' id='word_1_385' title='bbox 191 2455 247 2477; x_wconf 79' lang='lat' dir='ltr'><strong>Bon.</strong></span> <span class='ocrx_word' id='word_1_386' title='bbox 261 2460 314 2477; x_wconf 87' lang='lat' dir='ltr'><strong>cum</strong></span> <span class='ocrx_word' id='word_1_387' title='bbox 332 2455 349 2476; x_wconf 72' lang='lat' dir='ltr'>A</span> <span class='ocrx_word' id='word_1_388' title='bbox 367 2455 449 2477; x_wconf 79' lang='lat' dir='ltr'><strong>omittit</strong></span> <span class='ocrx_word' id='word_1_389' title='bbox 468 2454 598 2484; x_wconf 53' lang='lat' dir='ltr'><strong>viminibus</strong></span> <span class='ocrx_word' id='word_1_390' title='bbox 616 2454 741 2478; x_wconf 75' lang='lat' dir='ltr'><strong>cantando.</strong></span> 
     </span>
    </p>

    <p class='ocr_par' dir='ltr' id='par_1_12' title="bbox 165 2485 499 2514">
     <span class='ocr_line' id='line_1_50' title="bbox 165 2485 499 2514; baseline 0 -6"><span class='ocrx_word' id='word_1_391' title='bbox 165 2485 174 2498; x_wconf 76' lang='lat'>³</span> <span class='ocrx_word' id='word_1_392' title='bbox 191 2486 220 2508; x_wconf 84' lang='lat' dir='ltr'><strong>Ex</strong></span> <span class='ocrx_word' id='word_1_393' title='bbox 238 2487 255 2508; x_wconf 86' lang='grc' dir='ltr'>Α</span> <span class='ocrx_word' id='word_1_394' title='bbox 272 2486 433 2514; x_wconf 72' lang='lat' dir='ltr'><strong>supplevimus</strong></span> <span class='ocrx_word' id='word_1_395' title='bbox 450 2485 499 2508; x_wconf 72' lang='lat' dir='ltr'><strong>zita.</strong></span> 
     </span>
    </p>

    <p class='ocr_par' dir='ltr' id='par_1_13' title="bbox 102 2516 946 2577">
     <span class='ocr_line' id='line_1_51' title="bbox 164 2516 946 2546; baseline 0.003 -7"><span class='ocrx_word' id='word_1_396' title='bbox 164 2516 174 2529; x_wconf 85' lang='lat'><strong>⁴</strong></span> <span class='ocrx_word' id='word_1_397' title='bbox 191 2517 261 2545; x_wconf 61' lang='lat' dir='ltr'><strong>Epist.</strong></span> <span class='ocrx_word' id='word_1_398' title='bbox 279 2518 294 2539; x_wconf 92' lang='lat' dir='ltr'><strong>l.</strong></span> <span class='ocrx_word' id='word_1_399' title='bbox 311 2517 363 2540; x_wconf 87' lang='lat' dir='ltr'><strong>Cor.</strong></span> <span class='ocrx_word' id='word_1_400' title='bbox 387 2518 425 2544; x_wconf 78' lang='lat'><strong>13,</strong></span> <span class='ocrx_word' id='word_1_401' title='bbox 443 2517 468 2545; x_wconf 75' lang='lat'><strong>4,</strong></span> <span class='ocrx_word' id='word_1_402' title='bbox 487 2521 538 2545; x_wconf 80' lang='lat' dir='ltr'><strong>post</strong></span> <span class='ocrx_word' id='word_1_403' title='bbox 555 2523 625 2545; x_wconf 76' lang='lat' dir='ltr'><strong>quein</strong></span> <span class='ocrx_word' id='word_1_404' title='bbox 644 2517 680 2540; x_wconf 82' lang='lat' dir='ltr'><strong>Ps.</strong></span> <span class='ocrx_word' id='word_1_405' title='bbox 699 2517 740 2543; x_wconf 73' lang='lat'><strong>44,</strong></span> <span class='ocrx_word' id='word_1_406' title='bbox 757 2518 778 2539; x_wconf 76' lang='lat'><strong>2.</strong></span> <span class='ocrx_word' id='word_1_407' title='bbox 791 2530 821 2534; x_wconf 91' lang='lat'>—</span> <span class='ocrx_word' id='word_1_408' title='bbox 834 2518 946 2546; x_wconf 77' lang='lat' dir='ltr'><strong>Superius</strong></span> 
     </span>
     <span class='ocr_line' id='line_1_52' title="bbox 102 2547 781 2577; baseline 0 -7"><span class='ocrx_word' id='word_1_409' title='bbox 102 2547 200 2570; x_wconf 81' lang='lat' dir='ltr'><strong>vocibus</strong></span> <span class='ocrx_word' id='word_1_410' title='bbox 215 2553 292 2577; x_wconf 75' lang='lat' dir='ltr'><strong>supra</strong></span> <span class='ocrx_word' id='word_1_411' title='bbox 308 2554 381 2577; x_wconf 82' lang='lat' dir='ltr'><strong>quam</strong></span> <span class='ocrx_word' id='word_1_412' title='bbox 398 2549 453 2570; x_wconf 89' lang='lat' dir='ltr'><strong>Bon.</strong></span> <span class='ocrx_word' id='word_1_413' title='bbox 470 2554 523 2570; x_wconf 86' lang='lat' dir='ltr'><strong>curu</strong></span> <span class='ocrx_word' id='word_1_414' title='bbox 542 2549 579 2570; x_wconf 85' lang='lat' dir='ltr'><strong>ed.</strong></span> <span class='ocrx_word' id='word_1_415' title='bbox 601 2549 605 2570; x_wconf 94' lang='grc' dir='ltr'>Ι</span> <span class='ocrx_word' id='word_1_416' title='bbox 628 2548 735 2576; x_wconf 77' lang='lat' dir='ltr'><strong>praefigit</strong></span> <span class='ocrx_word' id='word_1_417' title='bbox 751 2550 781 2571; x_wconf 78' lang='lat' dir='ltr'><strong>et.</strong></span> 
     </span>
    </p>

    <p class='ocr_par' dir='ltr' id='par_1_14' title="bbox 102 2578 945 2695">
     <span class='ocr_line' id='line_1_53' title="bbox 165 2578 944 2609; baseline 0.001 -8"><span class='ocrx_word' id='word_1_418' title='bbox 165 2578 175 2591; x_wconf 81' lang='lat'>⁵</span> <span class='ocrx_word' id='word_1_419' title='bbox 192 2579 246 2601; x_wconf 89' lang='lat' dir='ltr'><strong>Luc.</strong></span> <span class='ocrx_word' id='word_1_420' title='bbox 264 2580 284 2606; x_wconf 83' lang='lat' dir='ltr'><strong>l,</strong></span> <span class='ocrx_word' id='word_1_421' title='bbox 303 2579 338 2601; x_wconf 80' lang='grc'><strong>46.</strong></span> <span class='ocrx_word' id='word_1_422' title='bbox 356 2592 386 2595; x_wconf 89' lang='lat'><em>-</em></span> <span class='ocrx_word' id='word_1_423' title='bbox 405 2579 499 2602; x_wconf 80' lang='lat' dir='ltr'><strong>inferius</strong></span> <span class='ocrx_word' id='word_1_424' title='bbox 516 2586 558 2608; x_wconf 79' lang='lat' dir='ltr'><strong>pro</strong></span> <span class='ocrx_word' id='word_1_425' title='bbox 570 2578 655 2609; x_wconf 81' lang='lat' dir='ltr'><strong>Incipit</strong></span> <span class='ocrx_word' id='word_1_426' title='bbox 666 2579 706 2602; x_wconf 81' lang='lat' dir='ltr'><strong>ille</strong></span> <span class='ocrx_word' id='word_1_427' title='bbox 717 2579 741 2601; x_wconf 82' lang='lat' dir='ltr'><strong>z&#39;n</strong></span> <span class='ocrx_word' id='word_1_428' title='bbox 753 2579 813 2607; x_wconf 82' lang='lat' dir='ltr'><strong>ulio,</strong></span> <span class='ocrx_word' id='word_1_429' title='bbox 826 2581 847 2602; x_wconf 80' lang='lat' dir='ltr'><strong>ei</strong></span> <span class='ocrx_word' id='word_1_430' title='bbox 860 2579 898 2608; x_wconf 81' lang='lat' dir='ltr'><strong>(ita</strong></span> <span class='ocrx_word' id='word_1_431' title='bbox 917 2581 944 2608; x_wconf 78' lang='grc' dir='ltr'><strong>Α)</strong></span> 
     </span>
     <span class='ocr_line' id='line_1_54' title="bbox 102 2610 945 2640; baseline 0.001 -8"><span class='ocrx_word' id='word_1_432' title='bbox 102 2610 158 2632; x_wconf 87' lang='lat' dir='ltr'><strong>Bon.</strong></span> <span class='ocrx_word' id='word_1_433' title='bbox 175 2615 228 2632; x_wconf 87' lang='lat' dir='ltr'><strong>cum</strong></span> <span class='ocrx_word' id='word_1_434' title='bbox 245 2610 282 2633; x_wconf 90' lang='lat' dir='ltr'><strong>ed.</strong></span> <span class='ocrx_word' id='word_1_435' title='bbox 300 2611 308 2631; x_wconf 84' lang='grc'><strong>·1</strong></span> <span class='ocrx_word' id='word_1_436' title='bbox 330 2610 419 2639; x_wconf 82' lang='lat' dir='ltr'><strong>lncepit</strong></span> <span class='ocrx_word' id='word_1_437' title='bbox 435 2610 474 2633; x_wconf 81' lang='lat' dir='ltr'><strong>ille</strong></span> <span class='ocrx_word' id='word_1_438' title='bbox 490 2610 515 2633; x_wconf 85' lang='lat' dir='ltr'><strong>in</strong></span> <span class='ocrx_word' id='word_1_439' title='bbox 536 2610 597 2638; x_wconf 80' lang='lat' dir='ltr'><strong>alto,</strong></span> <span class='ocrx_word' id='word_1_440' title='bbox 624 2616 653 2634; x_wconf 79' lang='grc' dir='ltr'><strong>(ιο</strong></span> <span class='ocrx_word' id='word_1_441' title='bbox 674 2610 788 2640; x_wconf 79' lang='lat' dir='ltr'><strong>proinde,</strong></span> <span class='ocrx_word' id='word_1_442' title='bbox 816 2611 855 2639; x_wconf 88' lang='lat' dir='ltr'><strong>qui</strong></span> <span class='ocrx_word' id='word_1_443' title='bbox 876 2611 945 2633; x_wconf 80' lang='lat' dir='ltr'><strong>etiam</strong></span> 
     </span>
     <span class='ocr_line' id='line_1_55' title="bbox 103 2640 945 2671; baseline 0.001 -8"><span class='ocrx_word' id='word_1_444' title='bbox 103 2647 145 2669; x_wconf 88' lang='lat' dir='ltr'><strong>pro</strong></span> <span class='ocrx_word' id='word_1_445' title='bbox 162 2640 268 2670; x_wconf 81' lang='lat' dir='ltr'><strong>Incipit...</strong></span> <span class='ocrx_word' id='word_1_446' title='bbox 285 2640 420 2664; x_wconf 60' lang='lat' dir='ltr'><strong>subter-eim-</strong></span> <span class='ocrx_word' id='word_1_447' title='bbox 439 2642 477 2670; x_wconf 78' lang='lat' dir='ltr'><strong>(ita</strong></span> <span class='ocrx_word' id='word_1_448' title='bbox 495 2642 522 2670; x_wconf 74' lang='lat' dir='ltr'><strong>A)</strong></span> <span class='ocrx_word' id='word_1_449' title='bbox 548 2648 601 2664; x_wconf 87' lang='lat' dir='ltr'><strong>cum</strong></span> <span class='ocrx_word' id='word_1_450' title='bbox 627 2642 664 2664; x_wconf 82' lang='lat' dir='ltr'><strong>ed.</strong></span> <span class='ocrx_word' id='word_1_451' title='bbox 685 2642 690 2663; x_wconf 92' lang='grc'><strong>1</strong></span> <span class='ocrx_word' id='word_1_452' title='bbox 713 2641 824 2671; x_wconf 78' lang='lat' dir='ltr'><strong>Incepit...</strong></span> <span class='ocrx_word' id='word_1_453' title='bbox 841 2641 945 2665; x_wconf 75' lang='lat' dir='ltr'><strong>sublevu-</strong></span> 
     </span>
     <span class='ocr_line' id='line_1_56' title="bbox 103 2673 177 2695; baseline -0.014 -1"><span class='ocrx_word' id='word_1_454' title='bbox 103 2673 177 2695; x_wconf 79' lang='lat' dir='ltr'><strong>retur.</strong></span> 
     </span>
    </p>
   </div>
   <div class='ocr_carea' id='block_1_10' title="bbox 104 2702 945 2793">
    <p class='ocr_par' dir='ltr' id='par_1_15' title="bbox 104 2702 945 2793">
     <span class='ocr_line' id='line_1_57' title="bbox 166 2702 944 2733; baseline 0.001 -8"><span class='ocrx_word' id='word_1_455' title='bbox 166 2702 176 2716; x_wconf 82' lang='lat'>⁶</span> <span class='ocrx_word' id='word_1_456' title='bbox 192 2703 258 2725; x_wconf 87' lang='lat' dir='ltr'><strong>Eccli.</strong></span> <span class='ocrx_word' id='word_1_457' title='bbox 276 2703 301 2730; x_wconf 83' lang='lat'><strong>3,</strong></span> <span class='ocrx_word' id='word_1_458' title='bbox 320 2703 357 2725; x_wconf 79' lang='lat'><strong>20.</strong></span> <span class='ocrx_word' id='word_1_459' title='bbox 375 2716 404 2719; x_wconf 97' lang='lat'><strong>—</strong></span> <span class='ocrx_word' id='word_1_460' title='bbox 422 2704 518 2726; x_wconf 80' lang='lat' dir='ltr'><strong>inferius</strong></span> <span class='ocrx_word' id='word_1_461' title='bbox 535 2710 578 2731; x_wconf 88' lang='lat' dir='ltr'><strong>pro</strong></span> <span class='ocrx_word' id='word_1_462' title='bbox 595 2709 619 2726; x_wconf 80' lang='lat' dir='ltr'><strong>se</strong></span> <span class='ocrx_word' id='word_1_463' title='bbox 636 2703 676 2726; x_wconf 82' lang='lat' dir='ltr'><strong>ille</strong></span> <span class='ocrx_word' id='word_1_464' title='bbox 686 2709 763 2733; x_wconf 80' lang='lat' dir='ltr'><strong>supra</strong></span> <span class='ocrx_word' id='word_1_465' title='bbox 782 2703 909 2727; x_wconf 84' lang='lat' dir='ltr'><strong>Dominum</strong></span> <span class='ocrx_word' id='word_1_466' title='bbox 927 2705 944 2726; x_wconf 81' lang='grc' dir='ltr'><strong>Α</strong></span> 
     </span>
     <span class='ocr_line' id='line_1_58' title="bbox 104 2733 412 2761; baseline 0.003 -5"><span class='ocrx_word' id='word_1_467' title='bbox 104 2739 128 2757; x_wconf 83' lang='lat' dir='ltr'><strong>se</strong></span> <span class='ocrx_word' id='word_1_468' title='bbox 144 2733 194 2761; x_wconf 77' lang='lat' dir='ltr'><strong>ille,</strong></span> <span class='ocrx_word' id='word_1_469' title='bbox 212 2739 260 2757; x_wconf 87' lang='lat' dir='ltr'><strong>non</strong></span> <span class='ocrx_word' id='word_1_470' title='bbox 276 2734 412 2757; x_wconf 80' lang='lat' dir='ltr'><strong>Dominum.</strong></span> 
     </span>
     <span class='ocr_line' id='line_1_59' title="bbox 166 2764 945 2793; baseline 0.001 -6"><span class='ocrx_word' id='word_1_471' title='bbox 166 2764 174 2777; x_wconf 87' lang='lat'>⁷</span> <span class='ocrx_word' id='word_1_472' title='bbox 191 2766 245 2787; x_wconf 84' lang='lat' dir='ltr'><strong>Luc.</strong></span> <span class='ocrx_word' id='word_1_473' title='bbox 268 2766 285 2792; x_wconf 89' lang='grc'><strong>1,</strong></span> <span class='ocrx_word' id='word_1_474' title='bbox 303 2765 339 2787; x_wconf 78' lang='grc'><strong>47.</strong></span> <span class='ocrx_word' id='word_1_475' title='bbox 356 2778 387 2782; x_wconf 86' lang='grc'>-</span> <span class='ocrx_word' id='word_1_476' title='bbox 403 2765 506 2788; x_wconf 83' lang='lat' dir='ltr'><strong>Subinde</strong></span> <span class='ocrx_word' id='word_1_477' title='bbox 531 2766 653 2793; x_wconf 81' lang='lat' dir='ltr'><strong>respicitur</strong></span> <span class='ocrx_word' id='word_1_478' title='bbox 679 2766 713 2788; x_wconf 79' lang='lat' dir='ltr'><strong>Ps.</strong></span> <span class='ocrx_word' id='word_1_479' title='bbox 737 2765 779 2792; x_wconf 72' lang='lat'><strong>44,</strong></span> <span class='ocrx_word' id='word_1_480' title='bbox 799 2766 827 2788; x_wconf 80' lang='lat'><strong>8:</strong></span> <span class='ocrx_word' id='word_1_481' title='bbox 846 2765 945 2788; x_wconf 78' lang='lat' dir='ltr'><strong>Dilexisti</strong></span> 
     </span>
    </p>
   </div>
   <div class='ocr_carea' id='block_1_11' title="bbox 104 2795 946 3006">
    <p class='ocr_par' dir='ltr' id='par_1_16' title="bbox 104 2795 946 2856">
     <span class='ocr_line' id='line_1_60' title="bbox 104 2795 946 2825; baseline 0.001 -7"><span class='ocrx_word' id='word_1_482' title='bbox 104 2795 212 2818; x_wconf 82' lang='lat' dir='ltr'><strong>iustitiam</strong></span> <span class='ocrx_word' id='word_1_483' title='bbox 230 2799 252 2819; x_wconf 89' lang='lat' dir='ltr'><strong>et</strong></span> <span class='ocrx_word' id='word_1_484' title='bbox 267 2796 335 2819; x_wconf 87' lang='lat' dir='ltr'><strong>odisti</strong></span> <span class='ocrx_word' id='word_1_485' title='bbox 353 2797 509 2825; x_wconf 82' lang='lat' dir='ltr'><strong>iniquitatem,</strong></span> <span class='ocrx_word' id='word_1_486' title='bbox 533 2801 656 2824; x_wconf 85' lang='lat' dir='ltr'><strong>propterea</strong></span> <span class='ocrx_word' id='word_1_487' title='bbox 675 2796 738 2819; x_wconf 84' lang='lat' dir='ltr'><strong>unxit</strong></span> <span class='ocrx_word' id='word_1_488' title='bbox 755 2800 776 2819; x_wconf 87' lang='lat' dir='ltr'><strong>te</strong></span> <span class='ocrx_word' id='word_1_489' title='bbox 795 2797 867 2824; x_wconf 84' lang='lat' dir='ltr'><strong>Deus,</strong></span> <span class='ocrx_word' id='word_1_490' title='bbox 885 2797 946 2820; x_wconf 84' lang='lat' dir='ltr'><strong>Deus</strong></span> 
     </span>
     <span class='ocr_line' id='line_1_61' title="bbox 105 2827 641 2856; baseline 0.002 -7"><span class='ocrx_word' id='word_1_491' title='bbox 105 2828 157 2849; x_wconf 80' lang='lat' dir='ltr'><strong>tuus</strong></span> <span class='ocrx_word' id='word_1_492' title='bbox 173 2827 224 2849; x_wconf 86' lang='lat' dir='ltr'><strong>oleo</strong></span> <span class='ocrx_word' id='word_1_493' title='bbox 240 2828 337 2850; x_wconf 81' lang='lat' dir='ltr'><strong>laetitiae</strong></span> <span class='ocrx_word' id='word_1_494' title='bbox 354 2834 410 2856; x_wconf 85' lang='lat' dir='ltr'><strong>prae</strong></span> <span class='ocrx_word' id='word_1_495' title='bbox 426 2828 571 2850; x_wconf 78' lang='lat' dir='ltr'><strong>consortibus</strong></span> <span class='ocrx_word' id='word_1_496' title='bbox 589 2829 641 2850; x_wconf 89' lang='lat' dir='ltr'><strong>tuis.</strong></span> 
     </span>
    </p>

    <p class='ocr_par' dir='ltr' id='par_1_17' title="bbox 105 2856 945 2917">
     <span class='ocr_line' id='line_1_62' title="bbox 166 2856 945 2887; baseline 0 -7"><span class='ocrx_word' id='word_1_497' title='bbox 166 2856 175 2870; x_wconf 84' lang='lat'>⁸</span> <span class='ocrx_word' id='word_1_498' title='bbox 192 2859 246 2881; x_wconf 88' lang='lat' dir='ltr'><strong>Luc.</strong></span> <span class='ocrx_word' id='word_1_499' title='bbox 267 2859 285 2886; x_wconf 86' lang='grc'><strong>1,</strong></span> <span class='ocrx_word' id='word_1_500' title='bbox 303 2858 346 2880; x_wconf 68' lang='grc'><strong>481</strong></span> <span class='ocrx_word' id='word_1_501' title='bbox 364 2859 421 2887; x_wconf 83' lang='lat' dir='ltr'><strong>Quia</strong></span> <span class='ocrx_word' id='word_1_502' title='bbox 439 2859 538 2886; x_wconf 81' lang='lat' dir='ltr'><strong>respexit</strong></span> <span class='ocrx_word' id='word_1_503' title='bbox 555 2859 705 2882; x_wconf 82' lang='lat' dir='ltr'><strong>humilitatem</strong></span> <span class='ocrx_word' id='word_1_504' title='bbox 724 2858 818 2881; x_wconf 79' lang='lat' dir='ltr'><strong>ancillae</strong></span> <span class='ocrx_word' id='word_1_505' title='bbox 834 2864 897 2881; x_wconf 86' lang='lat' dir='ltr'><strong>suae.</strong></span> <span class='ocrx_word' id='word_1_506' title='bbox 916 2871 945 2875; x_wconf 75' lang='lat'>—</span> 
     </span>
     <span class='ocr_line' id='line_1_63' title="bbox 105 2888 612 2917; baseline 0.004 -7"><span class='ocrx_word' id='word_1_507' title='bbox 105 2888 236 2917; x_wconf 74' lang='lat' dir='ltr'><strong>Sequuntur</strong></span> <span class='ocrx_word' id='word_1_508' title='bbox 253 2890 306 2917; x_wconf 84' lang='lat' dir='ltr'><strong>Sap.</strong></span> <span class='ocrx_word' id='word_1_509' title='bbox 325 2890 350 2916; x_wconf 84' lang='lat'><strong>3,</strong></span> <span class='ocrx_word' id='word_1_510' title='bbox 370 2891 406 2912; x_wconf 75' lang='grc'><strong>13.</strong></span> <span class='ocrx_word' id='word_1_511' title='bbox 423 2893 445 2912; x_wconf 87' lang='lat' dir='ltr'><strong>et</strong></span> <span class='ocrx_word' id='word_1_512' title='bbox 462 2890 497 2912; x_wconf 81' lang='lat' dir='ltr'><strong>Ps.</strong></span> <span class='ocrx_word' id='word_1_513' title='bbox 515 2891 557 2916; x_wconf 77' lang='lat'><strong>32,</strong></span> <span class='ocrx_word' id='word_1_514' title='bbox 579 2890 612 2912; x_wconf 85' lang='grc'><strong>16.</strong></span> 
     </span>
    </p>

    <p class='ocr_par' dir='ltr' id='par_1_18' title="bbox 166 2918 619 2950">
     <span class='ocr_line' id='line_1_64' title="bbox 166 2918 619 2950; baseline 0.004 -8"><span class='ocrx_word' id='word_1_515' title='bbox 166 2918 176 2932; x_wconf 75' lang='lat'>⁹</span> <span class='ocrx_word' id='word_1_516' title='bbox 194 2920 222 2942; x_wconf 82' lang='lat' dir='ltr'><strong>lta</strong></span> <span class='ocrx_word' id='word_1_517' title='bbox 240 2921 258 2942; x_wconf 86' lang='grc' dir='ltr'>Α</span> <span class='ocrx_word' id='word_1_518' title='bbox 268 2929 273 2947; x_wconf 75' lang='lat'>5</span> <span class='ocrx_word' id='word_1_519' title='bbox 291 2920 327 2943; x_wconf 88' lang='lat' dir='ltr'><strong>ed.</strong></span> <span class='ocrx_word' id='word_1_520' title='bbox 348 2921 353 2942; x_wconf 97' lang='grc'><strong>1</strong></span> <span class='ocrx_word' id='word_1_521' title='bbox 375 2924 398 2943; x_wconf 82' lang='lat' dir='ltr'><strong>et</strong></span> <span class='ocrx_word' id='word_1_522' title='bbox 414 2921 470 2943; x_wconf 90' lang='lat' dir='ltr'><strong>Bon.</strong></span> <span class='ocrx_word' id='word_1_523' title='bbox 484 2921 619 2950; x_wconf 71' lang='lat' dir='ltr'><strong>patientiae.</strong></span> 
     </span>
    </p>

    <p class='ocr_par' dir='ltr' id='par_1_19' title="bbox 167 2950 464 2979">
     <span class='ocr_line' id='line_1_65' title="bbox 167 2950 464 2979; baseline 0.003 -6"><span class='ocrx_word' id='word_1_524' title='bbox 167 2950 187 2963; x_wconf 84' lang='lat'><strong>¹⁰</strong></span> <span class='ocrx_word' id='word_1_525' title='bbox 204 2951 272 2979; x_wconf 83' lang='lat' dir='ltr'><strong>Epist.</strong></span> <span class='ocrx_word' id='word_1_526' title='bbox 291 2952 305 2973; x_wconf 88' lang='lat' dir='ltr'><strong>l.</strong></span> <span class='ocrx_word' id='word_1_527' title='bbox 324 2952 381 2974; x_wconf 80' lang='lat' dir='ltr'><strong>Petr.</strong></span> <span class='ocrx_word' id='word_1_528' title='bbox 398 2951 425 2979; x_wconf 79' lang='grc' dir='ltr'><strong>ὅ,</strong></span> <span class='ocrx_word' id='word_1_529' title='bbox 441 2952 464 2974; x_wconf 79' lang='lat'><strong>7.</strong></span> 
     </span>
    </p>

    <p class='ocr_par' dir='ltr' id='par_1_20' title="bbox 167 2981 405 3006">
     <span class='ocr_line' id='line_1_66' title="bbox 167 2981 405 3006; baseline 0.004 -2"><span class='ocrx_word' id='word_1_530' title='bbox 167 2981 185 2994; x_wconf 87' lang='lat'><strong>¹¹</strong></span> <span class='ocrx_word' id='word_1_531' title='bbox 203 2982 259 3004; x_wconf 87' lang='lat' dir='ltr'><strong>Bon.</strong></span> <span class='ocrx_word' id='word_1_532' title='bbox 275 2981 405 3006; x_wconf 73' lang='lat' dir='ltr'><strong>destitutas.</strong></span> 
     </span>
    </p>
   </div>
   <div class='ocr_carea' id='block_1_12' title="bbox 976 279 978 1295">
    <p class='ocr_par' dir='ltr' id='par_1_21' title="bbox 976 279 978 1295">
     <span class='ocr_line' id='line_1_67' title="bbox 976 279 978 1295; baseline 0 0"><span class='ocrx_word' id='word_1_533' title='bbox 976 279 978 1295; x_wconf 95' lang='lat' dir='ltr'><strong> </strong></span> 
     </span>
    </p>
   </div>
   <div class='ocr_carea' id='block_1_13' title="bbox 974 279 978 1537">
    <p class='ocr_par' dir='ltr' id='par_1_22' title="bbox 974 279 978 1537">
     <span class='ocr_line' id='line_1_68' title="bbox 974 279 978 1537; baseline 0 0"><span class='ocrx_word' id='word_1_534' title='bbox 974 279 978 1537; x_wconf 95' lang='lat' dir='ltr'><strong> </strong></span> 
     </span>
    </p>
   </div>
   <div class='ocr_carea' id='block_1_14' title="bbox 1789 200 1845 229">
    <p class='ocr_par' dir='ltr' id='par_1_23' title="bbox 1789 200 1845 229">
     <span class='ocr_line' id='line_1_69' title="bbox 1789 200 1845 229; baseline 0 0"><span class='ocrx_word' id='word_1_535' title='bbox 1789 200 1845 229; x_wconf 68' lang='lat'><strong>203</strong></span> 
     </span>
    </p>
   </div>
   <div class='ocr_carea' id='block_1_15' title="bbox 1000 279 1994 2194">
    <p class='ocr_par' dir='ltr' id='par_1_24' title="bbox 1004 279 1847 312">
     <span class='ocr_line' id='line_1_70' title="bbox 1004 279 1847 312; baseline -0.001 -7"><span class='ocrx_word' id='word_1_536' title='bbox 1004 281 1068 305; x_wconf 88' lang='lat' dir='ltr'><strong>rium</strong></span> <span class='ocrx_word' id='word_1_537' title='bbox 1087 281 1222 312; x_wconf 82' lang='lat' dir='ltr'><strong>corripere,</strong></span> <span class='ocrx_word' id='word_1_538' title='bbox 1242 280 1302 305; x_wconf 86' lang='lat' dir='ltr'><strong>facit</strong></span> <span class='ocrx_word' id='word_1_539' title='bbox 1320 280 1365 306; x_wconf 83' lang='grc'>1100</span> <span class='ocrx_word' id='word_1_540' title='bbox 1383 287 1433 305; x_wconf 88' lang='grc'>11011</span> <span class='ocrx_word' id='word_1_541' title='bbox 1451 280 1533 305; x_wconf 87' lang='lat' dir='ltr'><strong>animo</strong></span> <span class='ocrx_word' id='word_1_542' title='bbox 1552 279 1718 311; x_wconf 80' lang='lat' dir='ltr'><strong>malignandi,</strong></span> <span class='ocrx_word' id='word_1_543' title='bbox 1739 279 1780 304; x_wconf 90' lang='lat' dir='ltr'><strong>sed</strong></span> <span class='ocrx_word' id='word_1_544' title='bbox 1797 286 1847 305; x_wconf 89' lang='lat' dir='ltr'><strong>cor-</strong></span> 
     </span>
    </p>

    <p class='ocr_par' dir='ltr' id='par_1_25' title="bbox 1000 322 1994 2194">
     <span class='ocr_line' id='line_1_71' title="bbox 1004 322 1994 353; baseline -0.001 -6"><span class='ocrx_word' id='word_1_545' title='bbox 1004 323 1108 353; x_wconf 83' lang='lat' dir='ltr'><strong>rigendi.</strong></span> <span class='ocrx_word' id='word_1_546' title='bbox 1127 337 1162 340; x_wconf 97' lang='lat'><strong>—</strong></span> <span class='ocrx_word' id='word_1_547' title='bbox 1181 323 1270 348; x_wconf 83' lang='lat' dir='ltr'><strong>Cavete</strong></span> <span class='ocrx_word' id='word_1_548' title='bbox 1288 323 1314 347; x_wconf 89' lang='lat' dir='ltr'><strong>et</strong></span> <span class='ocrx_word' id='word_1_549' title='bbox 1331 323 1454 347; x_wconf 88' lang='lat' dir='ltr'><strong>canticum</strong></span> <span class='ocrx_word' id='word_1_550' title='bbox 1473 322 1625 353; x_wconf 78' lang='lat' dir='ltr'><strong>dubietatis,</strong></span> <span class='ocrx_word' id='word_1_551' title='bbox 1642 329 1691 347; x_wconf 89' lang='lat' dir='ltr'><strong>non</strong></span> <span class='ocrx_word' id='word_1_552' title='bbox 1703 322 1846 346; x_wconf 88' lang='lat' dir='ltr'><strong>dubitantes</strong></span> <span class='ocrx_word' id='word_1_553' title='bbox 1864 326 1994 353; x_wconf 38' lang='lat' dir='ltr'><strong>heim-dubie-</strong></span> 
     </span>
     <span class='ocr_line' id='line_1_72' title="bbox 1004 351 1946 394; baseline 0 -5"><span class='ocrx_word' id='word_1_554' title='bbox 1004 365 1033 389; x_wconf 87' lang='lat' dir='ltr'><strong>de</strong></span> <span class='ocrx_word' id='word_1_555' title='bbox 1052 365 1218 390; x_wconf 79' lang='lat' dir='ltr'><strong>misericordia</strong></span> <span class='ocrx_word' id='word_1_556' title='bbox 1236 366 1347 394; x_wconf 87' lang='lat' dir='ltr'><strong>Domini,</strong></span> <span class='ocrx_word' id='word_1_557' title='bbox 1362 365 1404 390; x_wconf 85' lang='lat' dir='ltr'><strong>sed</strong></span> <span class='ocrx_word' id='word_1_558' title='bbox 1416 372 1515 390; x_wconf 82' lang='lat' dir='ltr'><strong>omnem</strong></span> <span class='ocrx_word' id='word_1_559' title='bbox 1526 365 1725 390; x_wconf 79' lang='lat' dir='ltr'><strong>sollicitudinem</strong></span> <span class='ocrx_word' id='word_1_560' title='bbox 1737 366 1847 389; x_wconf 78' lang='lat' dir='ltr'><strong>vestram</strong></span> <span class='ocrx_word' id='word_1_561' title='bbox 1896 351 1946 369; x_wconf 51' lang='lat'>&#39;³²¹³&#39;</span> 
     </span>
     <span class='ocr_line' id='line_1_73' title="bbox 1005 407 1847 439; baseline 0 -7"><span class='ocrx_word' id='word_1_562' title='bbox 1005 407 1124 432; x_wconf 82' lang='lat' dir='ltr'><strong>audacter</strong></span> <span class='ocrx_word' id='word_1_563' title='bbox 1142 408 1169 432; x_wconf 86' lang='lat' dir='ltr'><strong>in</strong></span> <span class='ocrx_word' id='word_1_564' title='bbox 1188 415 1244 433; x_wconf 79' lang='lat' dir='ltr'><strong>eunt</strong></span> <span class='ocrx_word' id='word_1_565' title='bbox 1258 409 1394 439; x_wconf 73' lang='lat' dir='ltr'><strong>proiicite,</strong></span> <span class='ocrx_word' id='word_1_566' title='bbox 1414 408 1536 439; x_wconf 78' lang='lat' dir='ltr'><strong>quoniam</strong></span> <span class='ocrx_word' id='word_1_567' title='bbox 1555 408 1606 439; x_wconf 68' lang='lat' dir='ltr'><strong>ipsi</strong></span> <span class='ocrx_word' id='word_1_568' title='bbox 1624 414 1687 432; x_wconf 82' lang='lat' dir='ltr'><strong>cura</strong></span> <span class='ocrx_word' id='word_1_569' title='bbox 1705 408 1743 432; x_wconf 83' lang='lat' dir='ltr'><strong>est</strong></span> <span class='ocrx_word' id='word_1_570' title='bbox 1761 407 1790 432; x_wconf 79' lang='lat' dir='ltr'><strong>cle</strong></span> <span class='ocrx_word' id='word_1_571' title='bbox 1808 414 1847 432; x_wconf 81' lang='lat' dir='ltr'><strong>vo-</strong></span> 
     </span>
     <span class='ocr_line' id='line_1_74' title="bbox 1006 448 1848 482; baseline 0.001 -8"><span class='ocrx_word' id='word_1_572' title='bbox 1006 449 1044 474; x_wconf 86' lang='lat' dir='ltr'><strong>bis</strong></span> <span class='ocrx_word' id='word_1_573' title='bbox 1054 448 1081 474; x_wconf 84' lang='lat'><strong>¹⁰.</strong></span> <span class='ocrx_word' id='word_1_574' title='bbox 1100 450 1158 475; x_wconf 86' lang='lat' dir='ltr'><strong>Non</strong></span> <span class='ocrx_word' id='word_1_575' title='bbox 1176 451 1240 475; x_wconf 87' lang='lat' dir='ltr'><strong>enim</strong></span> <span class='ocrx_word' id='word_1_576' title='bbox 1259 451 1365 476; x_wconf 88' lang='lat' dir='ltr'><strong>crudelis</strong></span> <span class='ocrx_word' id='word_1_577' title='bbox 1383 451 1435 481; x_wconf 84' lang='lat' dir='ltr'><strong>est,</strong></span> <span class='ocrx_word' id='word_1_578' title='bbox 1454 451 1483 475; x_wconf 89' lang='lat' dir='ltr'><strong>ut</strong></span> <span class='ocrx_word' id='word_1_579' title='bbox 1502 451 1632 482; x_wconf 83' lang='lat' dir='ltr'><strong>permittat</strong></span> <span class='ocrx_word' id='word_1_580' title='bbox 1645 458 1688 476; x_wconf 88' lang='lat' dir='ltr'><strong>vos</strong></span> <span class='ocrx_word' id='word_1_581' title='bbox 1706 451 1806 480; x_wconf 87' lang='lat' dir='ltr'><strong>cadere,</strong></span> <span class='ocrx_word' id='word_1_582' title='bbox 1827 451 1848 475; x_wconf 90' lang='lat' dir='ltr'><strong>si</strong></span> 
     </span>
     <span class='ocr_line' id='line_1_75' title="bbox 1005 493 1848 525; baseline 0.002 -9"><span class='ocrx_word' id='word_1_583' title='bbox 1005 499 1049 517; x_wconf 85' lang='lat' dir='ltr'><strong>vos</strong></span> <span class='ocrx_word' id='word_1_584' title='bbox 1067 493 1093 517; x_wconf 88' lang='lat' dir='ltr'><strong>in</strong></span> <span class='ocrx_word' id='word_1_585' title='bbox 1112 493 1193 523; x_wconf 85' lang='lat' dir='ltr'><strong>ipsum</strong></span> <span class='ocrx_word' id='word_1_586' title='bbox 1213 494 1378 524; x_wconf 87' lang='lat' dir='ltr'><strong>proieceritis,</strong></span> <span class='ocrx_word' id='word_1_587' title='bbox 1398 495 1440 525; x_wconf 79' lang='lat' dir='ltr'><strong>qui</strong></span> <span class='ocrx_word' id='word_1_588' title='bbox 1458 501 1502 519; x_wconf 90' lang='lat' dir='ltr'><strong>vos</strong></span> <span class='ocrx_word' id='word_1_589' title='bbox 1525 494 1556 519; x_wconf 90' lang='lat' dir='ltr'><strong>ad</strong></span> <span class='ocrx_word' id='word_1_590' title='bbox 1580 494 1626 519; x_wconf 87' lang='lat' dir='ltr'><strong>hoc</strong></span> <span class='ocrx_word' id='word_1_591' title='bbox 1649 493 1780 523; x_wconf 84' lang='lat' dir='ltr'><strong>hortatur,</strong></span> <span class='ocrx_word' id='word_1_592' title='bbox 1806 494 1848 525; x_wconf 89' lang='lat' dir='ltr'><strong>qui</strong></span> 
     </span>
     <span class='ocr_line' id='line_1_76' title="bbox 1006 535 1848 566; baseline 0.002 -7"><span class='ocrx_word' id='word_1_593' title='bbox 1006 542 1050 559; x_wconf 90' lang='lat' dir='ltr'><strong>vos</strong></span> <span class='ocrx_word' id='word_1_594' title='bbox 1069 535 1172 566; x_wconf 87' lang='lat' dir='ltr'><strong>propter</strong></span> <span class='ocrx_word' id='word_1_595' title='bbox 1190 536 1272 566; x_wconf 85' lang='lat' dir='ltr'><strong>ipsum</strong></span> <span class='ocrx_word' id='word_1_596' title='bbox 1291 537 1357 561; x_wconf 89' lang='lat' dir='ltr'><strong>omni</strong></span> <span class='ocrx_word' id='word_1_597' title='bbox 1375 536 1473 562; x_wconf 85' lang='lat' dir='ltr'><strong>terreno</strong></span> <span class='ocrx_word' id='word_1_598' title='bbox 1492 536 1580 562; x_wconf 86' lang='lat' dir='ltr'><strong>solatio</strong></span> <span class='ocrx_word' id='word_1_599' title='bbox 1594 537 1640 562; x_wconf 88' lang='lat' dir='ltr'><strong>scit</strong></span> <span class='ocrx_word' id='word_1_600' title='bbox 1653 537 1793 562; x_wconf 85' lang='lat' dir='ltr'><strong>voluntarie</strong></span> <span class='ocrx_word' id='word_1_601' title='bbox 1806 536 1848 561; x_wconf 90' lang='lat' dir='ltr'><strong>de-</strong></span> 
     </span>
     <span class='ocr_line' id='line_1_77' title="bbox 1005 576 1848 610; baseline 0.004 -9"><span class='ocrx_word' id='word_1_602' title='bbox 1005 577 1109 602; x_wconf 87' lang='lat' dir='ltr'><strong>stitutos</strong></span> <span class='ocrx_word' id='word_1_603' title='bbox 1119 576 1146 601; x_wconf 91' lang='lat'><strong>¹¹.</strong></span> <span class='ocrx_word' id='word_1_604' title='bbox 1166 577 1218 602; x_wconf 87' lang='lat' dir='ltr'><strong>Nec</strong></span> <span class='ocrx_word' id='word_1_605' title='bbox 1236 578 1354 603; x_wconf 86' lang='lat' dir='ltr'><strong>dubitetis</strong></span> <span class='ocrx_word' id='word_1_606' title='bbox 1373 579 1401 603; x_wconf 88' lang='lat' dir='ltr'><strong>de</strong></span> <span class='ocrx_word' id='word_1_607' title='bbox 1421 586 1498 610; x_wconf 86' lang='lat' dir='ltr'><strong>poena</strong></span> <span class='ocrx_word' id='word_1_608' title='bbox 1514 580 1586 604; x_wconf 86' lang='lat' dir='ltr'><strong>malis</strong></span> <span class='ocrx_word' id='word_1_609' title='bbox 1600 587 1644 610; x_wconf 92' lang='lat' dir='ltr'><strong>pro</strong></span> <span class='ocrx_word' id='word_1_610' title='bbox 1658 580 1709 604; x_wconf 88' lang='lat' dir='ltr'><strong>suis</strong></span> <span class='ocrx_word' id='word_1_611' title='bbox 1722 580 1848 604; x_wconf 85' lang='lat' dir='ltr'><strong>demeritis</strong></span> 
     </span>
     <span class='ocr_line' id='line_1_78' title="bbox 1005 620 1847 652; baseline 0.005 -8"><span class='ocrx_word' id='word_1_612' title='bbox 1005 620 1154 651; x_wconf 73' lang='lat' dir='ltr'><strong>infligenda,</strong></span> <span class='ocrx_word' id='word_1_613' title='bbox 1173 627 1204 645; x_wconf 86' lang='lat' dir='ltr'><strong>ne</strong></span> <span class='ocrx_word' id='word_1_614' title='bbox 1222 621 1248 645; x_wconf 92' lang='lat' dir='ltr'><strong>in</strong></span> <span class='ocrx_word' id='word_1_615' title='bbox 1266 622 1458 652; x_wconf 84' lang='lat' dir='ltr'><strong>praesumtionis</strong></span> <span class='ocrx_word' id='word_1_616' title='bbox 1477 622 1565 646; x_wconf 88' lang='lat' dir='ltr'><strong>vitium</strong></span> <span class='ocrx_word' id='word_1_617' title='bbox 1594 622 1727 652; x_wconf 88' lang='lat' dir='ltr'><strong>incidatis;</strong></span> <span class='ocrx_word' id='word_1_618' title='bbox 1744 630 1787 647; x_wconf 85' lang='lat' dir='ltr'><strong>nec</strong></span> <span class='ocrx_word' id='word_1_619' title='bbox 1806 623 1847 648; x_wconf 91' lang='lat' dir='ltr'><strong>du-</strong></span> 
     </span>
     <span class='ocr_line' id='line_1_79' title="bbox 1006 662 1847 696; baseline 0.004 -10"><span class='ocrx_word' id='word_1_620' title='bbox 1006 662 1090 687; x_wconf 89' lang='lat' dir='ltr'><strong>bitetis</strong></span> <span class='ocrx_word' id='word_1_621' title='bbox 1109 662 1138 687; x_wconf 88' lang='lat' dir='ltr'><strong>de</strong></span> <span class='ocrx_word' id='word_1_622' title='bbox 1158 664 1266 693; x_wconf 87' lang='lat' dir='ltr'><strong>praemio</strong></span> <span class='ocrx_word' id='word_1_623' title='bbox 1285 664 1358 688; x_wconf 86' lang='lat' dir='ltr'><strong>iustis</strong></span> <span class='ocrx_word' id='word_1_624' title='bbox 1376 664 1535 693; x_wconf 81' lang='lat' dir='ltr'><strong>conferendo,</strong></span> <span class='ocrx_word' id='word_1_625' title='bbox 1549 672 1578 689; x_wconf 88' lang='lat' dir='ltr'><strong>ne</strong></span> <span class='ocrx_word' id='word_1_626' title='bbox 1592 664 1655 689; x_wconf 82' lang='lat' dir='ltr'><strong>forte</strong></span> <span class='ocrx_word' id='word_1_627' title='bbox 1668 665 1847 696; x_wconf 84' lang='lat' dir='ltr'><strong>desperationis</strong></span> 
     </span>
     <span class='ocr_line' id='line_1_80' title="bbox 1005 706 1846 737; baseline 0.002 -7"><span class='ocrx_word' id='word_1_628' title='bbox 1005 706 1141 736; x_wconf 85' lang='lat' dir='ltr'><strong>periculum</strong></span> <span class='ocrx_word' id='word_1_629' title='bbox 1166 706 1309 730; x_wconf 84' lang='lat' dir='ltr'><strong>incurratis.</strong></span> <span class='ocrx_word' id='word_1_630' title='bbox 1329 721 1364 724; x_wconf 93' lang='lat'>—</span> <span class='ocrx_word' id='word_1_631' title='bbox 1383 707 1486 737; x_wconf 76' lang='lat' dir='ltr'><strong>Cavete,</strong></span> <span class='ocrx_word' id='word_1_632' title='bbox 1515 715 1545 732; x_wconf 87' lang='lat' dir='ltr'><strong>ne</strong></span> <span class='ocrx_word' id='word_1_633' title='bbox 1573 708 1696 732; x_wconf 88' lang='lat' dir='ltr'><strong>canticum</strong></span> <span class='ocrx_word' id='word_1_634' title='bbox 1721 707 1846 732; x_wconf 75' lang='lat' dir='ltr'><strong>mendacii</strong></span> 
     </span>
     <span class='ocr_line' id='line_1_81' title="bbox 1005 748 1847 782; baseline 0.004 -10"><span class='ocrx_word' id='word_1_635' title='bbox 1005 748 1138 779; x_wconf 84' lang='lat' dir='ltr'><strong>aliquando</strong></span> <span class='ocrx_word' id='word_1_636' title='bbox 1157 756 1185 773; x_wconf 84' lang='lat' dir='ltr'><strong>ex</strong></span> <span class='ocrx_word' id='word_1_637' title='bbox 1204 756 1244 773; x_wconf 82' lang='lat' dir='ltr'><strong>ore</strong></span> <span class='ocrx_word' id='word_1_638' title='bbox 1263 750 1347 773; x_wconf 87' lang='lat' dir='ltr'><strong>vestro</strong></span> <span class='ocrx_word' id='word_1_639' title='bbox 1366 750 1494 780; x_wconf 84' lang='lat' dir='ltr'><strong>procedat,</strong></span> <span class='ocrx_word' id='word_1_640' title='bbox 1514 757 1561 782; x_wconf 89' lang='lat' dir='ltr'><strong>quo</strong></span> <span class='ocrx_word' id='word_1_641' title='bbox 1572 749 1590 762; x_wconf 78' lang='lat'><strong>¹²</strong></span> <span class='ocrx_word' id='word_1_642' title='bbox 1603 750 1755 779; x_wconf 80' lang='lat' dir='ltr'><strong>Veritatem,</strong></span> <span class='ocrx_word' id='word_1_643' title='bbox 1769 750 1847 781; x_wconf 85' lang='lat' dir='ltr'><strong>Spon-</strong></span> 
     </span>
     <span class='ocr_line' id='line_1_82' title="bbox 1005 792 1847 824; baseline 0.004 -9"><span class='ocrx_word' id='word_1_644' title='bbox 1005 798 1060 815; x_wconf 86' lang='lat' dir='ltr'><strong>sum</strong></span> <span class='ocrx_word' id='word_1_645' title='bbox 1079 792 1190 816; x_wconf 88' lang='lat' dir='ltr'><strong>vestrum</strong></span> <span class='ocrx_word' id='word_1_646' title='bbox 1209 792 1376 822; x_wconf 80' lang='lat' dir='ltr'><strong>spiritualiter</strong></span> <span class='ocrx_word' id='word_1_647' title='bbox 1394 792 1495 817; x_wconf 84' lang='lat' dir='ltr'><strong>laudare</strong></span> <span class='ocrx_word' id='word_1_648' title='bbox 1514 793 1629 824; x_wconf 79' lang='lat' dir='ltr'><strong>speratis.</strong></span> <span class='ocrx_word' id='word_1_649' title='bbox 1649 793 1735 818; x_wconf 86' lang='lat' dir='ltr'><strong>Perdit</strong></span> <span class='ocrx_word' id='word_1_650' title='bbox 1753 801 1780 818; x_wconf 87' lang='lat' dir='ltr'><strong>os</strong></span> <span class='ocrx_word' id='word_1_651' title='bbox 1799 794 1847 818; x_wconf 87' lang='lat' dir='ltr'><strong>vir-</strong></span> 
     </span>
     <span class='ocr_line' id='line_1_83' title="bbox 1004 834 1848 866; baseline 0.004 -8"><span class='ocrx_word' id='word_1_652' title='bbox 1004 834 1070 865; x_wconf 84' lang='lat' dir='ltr'><strong>ginis</strong></span> <span class='ocrx_word' id='word_1_653' title='bbox 1088 834 1260 864; x_wconf 74' lang='lat' dir='ltr'><strong>virginitatem</strong></span> <span class='ocrx_word' id='word_1_654' title='bbox 1285 842 1369 863; x_wconf 79' lang='lat' dir='ltr'><strong>suam,</strong></span> <span class='ocrx_word' id='word_1_655' title='bbox 1398 835 1494 866; x_wconf 80' lang='lat' dir='ltr'><strong>quoties</strong></span> <span class='ocrx_word' id='word_1_656' title='bbox 1513 836 1618 860; x_wconf 79' lang='lat' dir='ltr'><strong>scienter</strong></span> <span class='ocrx_word' id='word_1_657' title='bbox 1636 836 1661 860; x_wconf 87' lang='lat' dir='ltr'><strong>et</strong></span> <span class='ocrx_word' id='word_1_658' title='bbox 1678 837 1760 861; x_wconf 83' lang='lat' dir='ltr'><strong>animo</strong></span> <span class='ocrx_word' id='word_1_659' title='bbox 1779 837 1848 861; x_wconf 85' lang='lat' dir='ltr'><strong>mali-</strong></span> 
     </span>
     <span class='ocr_line' id='line_1_84' title="bbox 1004 876 1847 907; baseline 0.005 -7"><span class='ocrx_word' id='word_1_660' title='bbox 1004 876 1097 907; x_wconf 84' lang='lat' dir='ltr'><strong>gnandi</strong></span> <span class='ocrx_word' id='word_1_661' title='bbox 1116 876 1227 907; x_wconf 84' lang='lat' dir='ltr'><strong>loquitur</strong></span> <span class='ocrx_word' id='word_1_662' title='bbox 1246 877 1372 901; x_wconf 86' lang='lat' dir='ltr'><strong>mendacia</strong></span> <span class='ocrx_word' id='word_1_663' title='bbox 1390 878 1515 902; x_wconf 86' lang='lat' dir='ltr'><strong>contraria</strong></span> <span class='ocrx_word' id='word_1_664' title='bbox 1528 878 1637 903; x_wconf 86' lang='lat' dir='ltr'><strong>veritati.</strong></span> <span class='ocrx_word' id='word_1_665' title='bbox 1656 893 1691 896; x_wconf 90' lang='lat'><em>-</em></span> <span class='ocrx_word' id='word_1_666' title='bbox 1710 879 1800 904; x_wconf 81' lang='lat' dir='ltr'><strong>Cavete</strong></span> <span class='ocrx_word' id='word_1_667' title='bbox 1813 879 1847 904; x_wconf 91' lang='lat' dir='ltr'><strong>ni-</strong></span> 
     </span>
     <span class='ocr_line' id='line_1_85' title="bbox 1004 918 1847 953; baseline 0.005 -10"><span class='ocrx_word' id='word_1_668' title='bbox 1004 918 1139 944; x_wconf 88' lang='lat' dir='ltr'><strong>hilomiuus</strong></span> <span class='ocrx_word' id='word_1_669' title='bbox 1166 919 1288 944; x_wconf 84' lang='lat' dir='ltr'><strong>canticum</strong></span> <span class='ocrx_word' id='word_1_670' title='bbox 1311 920 1482 945; x_wconf 70' lang='lat' dir='ltr'><strong>excusationis</strong></span> <span class='ocrx_word' id='word_1_671' title='bbox 1501 921 1525 945; x_wconf 88' lang='lat' dir='ltr'><strong>in</strong></span> <span class='ocrx_word' id='word_1_672' title='bbox 1544 922 1664 952; x_wconf 86' lang='lat' dir='ltr'><strong>peccatis,</strong></span> <span class='ocrx_word' id='word_1_673' title='bbox 1685 929 1781 953; x_wconf 86' lang='lat' dir='ltr'><strong>semper</strong></span> <span class='ocrx_word' id='word_1_674' title='bbox 1805 922 1847 947; x_wconf 89' lang='lat' dir='ltr'><strong>ha-</strong></span> 
     </span>
     <span class='ocr_line' id='line_1_86' title="bbox 1004 961 1848 997; baseline 0.005 -11"><span class='ocrx_word' id='word_1_675' title='bbox 1004 961 1090 986; x_wconf 84' lang='lat' dir='ltr'><strong>bentes</strong></span> <span class='ocrx_word' id='word_1_676' title='bbox 1108 963 1133 986; x_wconf 93' lang='lat' dir='ltr'><strong>in</strong></span> <span class='ocrx_word' id='word_1_677' title='bbox 1152 963 1234 987; x_wconf 89' lang='lat' dir='ltr'><strong>mente</strong></span> <span class='ocrx_word' id='word_1_678' title='bbox 1253 963 1422 987; x_wconf 85' lang='lat' dir='ltr'><strong>testimonium</strong></span> <span class='ocrx_word' id='word_1_679' title='bbox 1450 963 1511 988; x_wconf 88' lang='lat' dir='ltr'><strong>illud</strong></span> <span class='ocrx_word' id='word_1_680' title='bbox 1534 963 1600 989; x_wconf 86' lang='lat' dir='ltr'><strong>beati</strong></span> <span class='ocrx_word' id='word_1_681' title='bbox 1622 965 1724 990; x_wconf 81' lang='lat' dir='ltr'><strong>loannis</strong></span> <span class='ocrx_word' id='word_1_682' title='bbox 1743 966 1848 997; x_wconf 82' lang='lat' dir='ltr'><strong>virginis</strong></span> 
     </span>
     <span class='ocr_line' id='line_1_87' title="bbox 1004 1005 1849 1038; baseline 0.006 -10"><span class='ocrx_word' id='word_1_683' title='bbox 1004 1005 1106 1029; x_wconf 82' lang='lat' dir='ltr'><strong>veritati</strong></span> <span class='ocrx_word' id='word_1_684' title='bbox 1123 1005 1291 1030; x_wconf 89' lang='lat' dir='ltr'><strong>testimonium</strong></span> <span class='ocrx_word' id='word_1_685' title='bbox 1311 1005 1472 1037; x_wconf 81' lang='lat' dir='ltr'><strong>perhibentis.</strong></span> <span class='ocrx_word' id='word_1_686' title='bbox 1486 1006 1592 1038; x_wconf 81' lang='lat' dir='ltr'><strong>Filioli,</strong></span> <span class='ocrx_word' id='word_1_687' title='bbox 1610 1008 1691 1038; x_wconf 82' lang='lat' dir='ltr'><strong>iuquit</strong></span> <span class='ocrx_word' id='word_1_688' title='bbox 1701 1006 1733 1037; x_wconf 82' lang='lat'><strong>¹³,</strong></span> <span class='ocrx_word' id='word_1_689' title='bbox 1747 1008 1770 1032; x_wconf 86' lang='lat' dir='ltr'><strong>si</strong></span> <span class='ocrx_word' id='word_1_690' title='bbox 1783 1009 1849 1033; x_wconf 68' lang='lat' dir='ltr'><strong>(lixe-</strong></span> 
     </span>
     <span class='ocr_line' id='line_1_88' title="bbox 1004 1048 1848 1081; baseline 0.005 -9"><span class='ocrx_word' id='word_1_691' title='bbox 1004 1048 1098 1077; x_wconf 81' lang='lat' dir='ltr'><strong>rimus,</strong></span> <span class='ocrx_word' id='word_1_692' title='bbox 1118 1048 1181 1078; x_wconf 79' lang='lat' dir='ltr'><strong>quia</strong></span> <span class='ocrx_word' id='word_1_693' title='bbox 1194 1049 1328 1079; x_wconf 69' lang='lat' dir='ltr'><strong>peccatum</strong></span> <span class='ocrx_word' id='word_1_694' title='bbox 1346 1056 1398 1073; x_wconf 80' lang='lat' dir='ltr'><strong>non</strong></span> <span class='ocrx_word' id='word_1_695' title='bbox 1417 1048 1554 1080; x_wconf 77' lang='lat' dir='ltr'><strong>habemus,</strong></span> <span class='ocrx_word' id='word_1_696' title='bbox 1569 1050 1733 1081; x_wconf 75' lang='lat' dir='ltr'><strong>nosmetipsos</strong></span> <span class='ocrx_word' id='word_1_697' title='bbox 1751 1051 1848 1076; x_wconf 77' lang='lat' dir='ltr'><strong>seduci-</strong></span> 
     </span>
     <span class='ocr_line' id='line_1_89' title="bbox 1003 1091 1850 1123; baseline 0.005 -9"><span class='ocrx_word' id='word_1_698' title='bbox 1003 1097 1073 1121; x_wconf 83' lang='lat' dir='ltr'><strong>mus,</strong></span> <span class='ocrx_word' id='word_1_699' title='bbox 1092 1091 1116 1115; x_wconf 76' lang='lat' dir='ltr'><strong>et</strong></span> <span class='ocrx_word' id='word_1_700' title='bbox 1134 1091 1228 1115; x_wconf 67' lang='lat' dir='ltr'><strong>veritas</strong></span> <span class='ocrx_word' id='word_1_701' title='bbox 1246 1091 1274 1115; x_wconf 72' lang='lat' dir='ltr'><strong>in</strong></span> <span class='ocrx_word' id='word_1_702' title='bbox 1292 1091 1365 1116; x_wconf 83' lang='lat' dir='ltr'><strong>nobis</strong></span> <span class='ocrx_word' id='word_1_703' title='bbox 1384 1099 1435 1116; x_wconf 78' lang='lat' dir='ltr'><strong>non</strong></span> <span class='ocrx_word' id='word_1_704' title='bbox 1454 1093 1498 1116; x_wconf 84' lang='lat' dir='ltr'><strong>est.</strong></span> <span class='ocrx_word' id='word_1_705' title='bbox 1519 1091 1548 1116; x_wconf 84' lang='lat' dir='ltr'><strong>Si</strong></span> <span class='ocrx_word' id='word_1_706' title='bbox 1567 1093 1651 1116; x_wconf 68' lang='lat' dir='ltr'><strong>autem</strong></span> <span class='ocrx_word' id='word_1_707' title='bbox 1667 1092 1777 1122; x_wconf 79' lang='lat' dir='ltr'><strong>confessi</strong></span> <span class='ocrx_word' id='word_1_708' title='bbox 1795 1092 1850 1123; x_wconf 73' lang='lat' dir='ltr'><strong>fue-</strong></span> 
     </span>
     <span class='ocr_line' id='line_1_90' title="bbox 1003 1133 1850 1167; baseline 0.005 -10"><span class='ocrx_word' id='word_1_709' title='bbox 1003 1133 1087 1158; x_wconf 72' lang='lat' dir='ltr'><strong>rimus</strong></span> <span class='ocrx_word' id='word_1_710' title='bbox 1101 1134 1208 1164; x_wconf 73' lang='lat' dir='ltr'><strong>peccata</strong></span> <span class='ocrx_word' id='word_1_711' title='bbox 1226 1135 1331 1165; x_wconf 82' lang='lat' dir='ltr'><strong>nostra,</strong></span> <span class='ocrx_word' id='word_1_712' title='bbox 1349 1133 1432 1164; x_wconf 75' lang='lat' dir='ltr'><strong>fidelis</strong></span> <span class='ocrx_word' id='word_1_713' title='bbox 1451 1135 1475 1158; x_wconf 87' lang='lat' dir='ltr'><strong>et</strong></span> <span class='ocrx_word' id='word_1_714' title='bbox 1488 1135 1571 1159; x_wconf 75' lang='lat' dir='ltr'><strong>iustus</strong></span> <span class='ocrx_word' id='word_1_715' title='bbox 1589 1136 1625 1160; x_wconf 82' lang='lat' dir='ltr'><strong>est</strong></span> <span class='ocrx_word' id='word_1_716' title='bbox 1643 1136 1728 1167; x_wconf 78' lang='lat' dir='ltr'><strong>Deus,</strong></span> <span class='ocrx_word' id='word_1_717' title='bbox 1748 1137 1792 1167; x_wconf 72' lang='lat' dir='ltr'><strong>qm·</strong></span> <span class='ocrx_word' id='word_1_718' title='bbox 1813 1137 1850 1161; x_wconf 65' lang='lat' dir='ltr'><strong>dt·-</strong></span> 
     </span>
     <span class='ocr_line' id='line_1_91' title="bbox 1003 1176 1850 1207; baseline 0.005 -7"><span class='ocrx_word' id='word_1_719' title='bbox 1003 1176 1092 1201; x_wconf 80' lang='lat' dir='ltr'><strong>mittat</strong></span> <span class='ocrx_word' id='word_1_720' title='bbox 1108 1176 1182 1201; x_wconf 83' lang='lat' dir='ltr'><strong>nobis</strong></span> <span class='ocrx_word' id='word_1_721' title='bbox 1196 1178 1304 1207; x_wconf 76' lang='lat' dir='ltr'><strong>peccata</strong></span> <span class='ocrx_word' id='word_1_722' title='bbox 1322 1178 1412 1201; x_wconf 76' lang='lat' dir='ltr'><strong>nostra</strong></span> <span class='ocrx_word' id='word_1_723' title='bbox 1431 1178 1454 1201; x_wconf 81' lang='lat' dir='ltr'><strong>et</strong></span> <span class='ocrx_word' id='word_1_724' title='bbox 1472 1178 1587 1202; x_wconf 77' lang='lat' dir='ltr'><strong>emundet</strong></span> <span class='ocrx_word' id='word_1_725' title='bbox 1606 1185 1653 1203; x_wconf 80' lang='lat' dir='ltr'><strong>nos</strong></span> <span class='ocrx_word' id='word_1_726' title='bbox 1672 1179 1704 1203; x_wconf 79' lang='lat' dir='ltr'><strong>ab</strong></span> <span class='ocrx_word' id='word_1_727' title='bbox 1721 1179 1790 1203; x_wconf 78' lang='lat' dir='ltr'><strong>omni</strong></span> <span class='ocrx_word' id='word_1_728' title='bbox 1804 1179 1850 1204; x_wconf 84' lang='lat' dir='ltr'><strong>ini-</strong></span> 
     </span>
     <span class='ocr_line' id='line_1_92' title="bbox 1003 1219 1848 1252; baseline 0.004 -9"><span class='ocrx_word' id='word_1_729' title='bbox 1003 1219 1108 1249; x_wconf 73' lang='lat' dir='ltr'><strong>quitate.</strong></span> <span class='ocrx_word' id='word_1_730' title='bbox 1128 1219 1206 1244; x_wconf 84' lang='lat' dir='ltr'><strong>Nemo</strong></span> <span class='ocrx_word' id='word_1_731' title='bbox 1224 1220 1302 1251; x_wconf 85' lang='lat' dir='ltr'><strong>igitur</strong></span> <span class='ocrx_word' id='word_1_732' title='bbox 1320 1220 1449 1249; x_wconf 83' lang='lat' dir='ltr'><strong>aestimet,</strong></span> <span class='ocrx_word' id='word_1_733' title='bbox 1469 1227 1494 1244; x_wconf 88' lang='lat' dir='ltr'><strong>se</strong></span> <span class='ocrx_word' id='word_1_734' title='bbox 1514 1221 1566 1245; x_wconf 86' lang='lat' dir='ltr'><strong>sine</strong></span> <span class='ocrx_word' id='word_1_735' title='bbox 1586 1222 1692 1252; x_wconf 87' lang='lat' dir='ltr'><strong>peccatis</strong></span> <span class='ocrx_word' id='word_1_736' title='bbox 1711 1229 1776 1252; x_wconf 78' lang='grc' dir='ltr'>055ος</span> <span class='ocrx_word' id='word_1_737' title='bbox 1790 1229 1848 1252; x_wconf 83' lang='grc'>1100,</span> 
     </span>
     <span class='ocr_line' id='line_1_93' title="bbox 1003 1262 1847 1293; baseline 0.004 -7"><span class='ocrx_word' id='word_1_738' title='bbox 1003 1269 1058 1286; x_wconf 87' lang='grc'>011111</span> <span class='ocrx_word' id='word_1_739' title='bbox 1077 1262 1220 1293; x_wconf 85' lang='lat' dir='ltr'><strong>cognoverit</strong></span> <span class='ocrx_word' id='word_1_740' title='bbox 1239 1262 1296 1292; x_wconf 85' lang='lat' dir='ltr'><strong>illa,</strong></span> <span class='ocrx_word' id='word_1_741' title='bbox 1316 1263 1415 1287; x_wconf 87' lang='lat' dir='ltr'><strong>excuset</strong></span> <span class='ocrx_word' id='word_1_742' title='bbox 1433 1270 1473 1292; x_wconf 89' lang='lat' dir='ltr'><strong>se,</strong></span> <span class='ocrx_word' id='word_1_743' title='bbox 1493 1263 1557 1288; x_wconf 86' lang='lat' dir='ltr'><strong>sicut</strong></span> <span class='ocrx_word' id='word_1_744' title='bbox 1576 1264 1648 1288; x_wconf 85' lang='lat' dir='ltr'><strong>stulti</strong></span> <span class='ocrx_word' id='word_1_745' title='bbox 1668 1264 1749 1289; x_wconf 87' lang='lat' dir='ltr'><strong>solent</strong></span> <span class='ocrx_word' id='word_1_746' title='bbox 1767 1264 1847 1290; x_wconf 86' lang='lat' dir='ltr'><strong>adhuc</strong></span> 
     </span>
     <span class='ocr_line' id='line_1_94' title="bbox 1003 1304 1848 1336; baseline 0.002 -7"><span class='ocrx_word' id='word_1_747' title='bbox 1003 1304 1087 1334; x_wconf 80' lang='lat' dir='ltr'><strong>hodie,</strong></span> <span class='ocrx_word' id='word_1_748' title='bbox 1106 1305 1235 1336; x_wconf 88' lang='lat' dir='ltr'><strong>loquentes</strong></span> <span class='ocrx_word' id='word_1_749' title='bbox 1253 1305 1435 1331; x_wconf 78' lang='lat' dir='ltr'><strong>excusationem</strong></span> <span class='ocrx_word' id='word_1_750' title='bbox 1454 1306 1522 1331; x_wconf 84' lang='lat' dir='ltr'><strong>Adae</strong></span> <span class='ocrx_word' id='word_1_751' title='bbox 1546 1306 1571 1331; x_wconf 87' lang='lat' dir='ltr'><strong>et</strong></span> <span class='ocrx_word' id='word_1_752' title='bbox 1595 1307 1719 1331; x_wconf 82' lang='lat' dir='ltr'><strong>dicentes:</strong></span> <span class='ocrx_word' id='word_1_753' title='bbox 1746 1307 1848 1336; x_wconf 86' lang='lat' dir='ltr'><strong>Mulier,</strong></span> 
     </span>
     <span class='ocr_line' id='line_1_95' title="bbox 1004 1348 1847 1379; baseline 0.004 -7"><span class='ocrx_word' id='word_1_754' title='bbox 1004 1355 1078 1379; x_wconf 89' lang='lat' dir='ltr'><strong>quam</strong></span> <span class='ocrx_word' id='word_1_755' title='bbox 1098 1348 1165 1372; x_wconf 84' lang='lat' dir='ltr'><strong>dedit</strong></span> <span class='ocrx_word' id='word_1_756' title='bbox 1183 1348 1243 1373; x_wconf 86' lang='lat' dir='ltr'><strong>mihi</strong></span> <span class='ocrx_word' id='word_1_757' title='bbox 1261 1348 1342 1378; x_wconf 85' lang='lat' dir='ltr'><strong>Deus,</strong></span> <span class='ocrx_word' id='word_1_758' title='bbox 1362 1349 1459 1374; x_wconf 80' lang='lat' dir='ltr'><strong>seduxit</strong></span> <span class='ocrx_word' id='word_1_759' title='bbox 1472 1357 1518 1374; x_wconf 88' lang='lat' dir='ltr'><strong>me.</strong></span> <span class='ocrx_word' id='word_1_760' title='bbox 1532 1349 1612 1379; x_wconf 81' lang='lat' dir='ltr'><strong>Quare</strong></span> <span class='ocrx_word' id='word_1_761' title='bbox 1626 1350 1701 1375; x_wconf 89' lang='lat' dir='ltr'><strong>talem</strong></span> <span class='ocrx_word' id='word_1_762' title='bbox 1721 1350 1847 1375; x_wconf 88' lang='lat' dir='ltr'><strong>mulierem</strong></span> 
     </span>
     <span class='ocr_line' id='line_1_96' title="bbox 1003 1390 1850 1422; baseline 0.002 -7"><span class='ocrx_word' id='word_1_763' title='bbox 1003 1390 1070 1415; x_wconf 87' lang='lat' dir='ltr'><strong>dedit</strong></span> <span class='ocrx_word' id='word_1_764' title='bbox 1088 1390 1148 1415; x_wconf 85' lang='lat' dir='ltr'><strong>mihi</strong></span> <span class='ocrx_word' id='word_1_765' title='bbox 1168 1391 1247 1420; x_wconf 84' lang='lat' dir='ltr'><strong>Deus,</strong></span> <span class='ocrx_word' id='word_1_766' title='bbox 1267 1399 1329 1422; x_wconf 87' lang='lat' dir='ltr'><strong>quae</strong></span> <span class='ocrx_word' id='word_1_767' title='bbox 1347 1399 1384 1416; x_wconf 86' lang='lat' dir='ltr'><strong>me</strong></span> <span class='ocrx_word' id='word_1_768' title='bbox 1410 1391 1511 1416; x_wconf 82' lang='lat' dir='ltr'><strong>seducat</strong></span> <span class='ocrx_word' id='word_1_769' title='bbox 1524 1391 1562 1416; x_wconf 70' lang='lat'><strong>¹⁴?</strong></span> <span class='ocrx_word' id='word_1_770' title='bbox 1584 1392 1674 1416; x_wconf 90' lang='lat' dir='ltr'><strong>Mulier</strong></span> <span class='ocrx_word' id='word_1_771' title='bbox 1698 1393 1747 1417; x_wconf 81' lang='lat' dir='ltr'><strong>ista</strong></span> <span class='ocrx_word' id='word_1_772' title='bbox 1768 1394 1850 1418; x_wconf 88' lang='lat' dir='ltr'><strong>virum</strong></span> 
     </span>
     <span class='ocr_line' id='line_1_97' title="bbox 1003 1432 1850 1465; baseline 0.004 -8"><span class='ocrx_word' id='word_1_773' title='bbox 1003 1432 1121 1457; x_wconf 85' lang='lat' dir='ltr'><strong>seducens</strong></span> <span class='ocrx_word' id='word_1_774' title='bbox 1139 1440 1196 1458; x_wconf 86' lang='lat' dir='ltr'><strong>caro</strong></span> <span class='ocrx_word' id='word_1_775' title='bbox 1214 1433 1302 1458; x_wconf 87' lang='lat' dir='ltr'><strong>nostra</strong></span> <span class='ocrx_word' id='word_1_776' title='bbox 1321 1434 1372 1463; x_wconf 85' lang='lat' dir='ltr'><strong>est,</strong></span> <span class='ocrx_word' id='word_1_777' title='bbox 1393 1434 1509 1465; x_wconf 82' lang='lat' dir='ltr'><strong>spiritum</strong></span> <span class='ocrx_word' id='word_1_778' title='bbox 1532 1434 1646 1459; x_wconf 86' lang='lat' dir='ltr'><strong>nostrum</strong></span> <span class='ocrx_word' id='word_1_779' title='bbox 1671 1434 1794 1459; x_wconf 87' lang='lat' dir='ltr'><strong>adducens</strong></span> <span class='ocrx_word' id='word_1_780' title='bbox 1819 1435 1850 1460; x_wconf 88' lang='lat' dir='ltr'><strong>ad</strong></span> 
     </span>
     <span class='ocr_line' id='line_1_98' title="bbox 1002 1475 1849 1508; baseline 0.004 -9"><span class='ocrx_word' id='word_1_781' title='bbox 1002 1475 1204 1500; x_wconf 82' lang='lat' dir='ltr'><strong>consentiendum</strong></span> <span class='ocrx_word' id='word_1_782' title='bbox 1223 1476 1341 1506; x_wconf 83' lang='lat' dir='ltr'><strong>peccatis,</strong></span> <span class='ocrx_word' id='word_1_783' title='bbox 1361 1483 1406 1507; x_wconf 86' lang='lat' dir='ltr'><strong>pro</strong></span> <span class='ocrx_word' id='word_1_784' title='bbox 1425 1484 1473 1508; x_wconf 77' lang='lat' dir='ltr'><strong>qua</strong></span> <span class='ocrx_word' id='word_1_785' title='bbox 1492 1477 1565 1502; x_wconf 87' lang='lat' dir='ltr'><strong>stulti</strong></span> <span class='ocrx_word' id='word_1_786' title='bbox 1584 1477 1662 1502; x_wconf 81' lang='lat' dir='ltr'><strong>Deum</strong></span> <span class='ocrx_word' id='word_1_787' title='bbox 1682 1478 1789 1508; x_wconf 82' lang='lat' dir='ltr'><strong>quotidie</strong></span> <span class='ocrx_word' id='word_1_788' title='bbox 1808 1486 1849 1503; x_wconf 85' lang='lat' dir='ltr'><strong>ac-</strong></span> 
     </span>
     <span class='ocr_line' id='line_1_99' title="bbox 1002 1518 1849 1550; baseline 0.002 -7"><span class='ocrx_word' id='word_1_789' title='bbox 1002 1518 1104 1548; x_wconf 83' lang='lat' dir='ltr'><strong>cusant,</strong></span> <span class='ocrx_word' id='word_1_790' title='bbox 1124 1526 1150 1543; x_wconf 90' lang='lat' dir='ltr'><strong>se</strong></span> <span class='ocrx_word' id='word_1_791' title='bbox 1162 1519 1229 1550; x_wconf 89' lang='lat' dir='ltr'><strong>ipsos</strong></span> <span class='ocrx_word' id='word_1_792' title='bbox 1248 1520 1273 1543; x_wconf 90' lang='lat' dir='ltr'><strong>in</strong></span> <span class='ocrx_word' id='word_1_793' title='bbox 1293 1519 1400 1550; x_wconf 81' lang='lat' dir='ltr'><strong>peccatis</strong></span> <span class='ocrx_word' id='word_1_794' title='bbox 1413 1527 1528 1544; x_wconf 84' lang='lat' dir='ltr'><strong>excusare</strong></span> <span class='ocrx_word' id='word_1_795' title='bbox 1541 1520 1652 1545; x_wconf 82' lang='lat' dir='ltr'><strong>volentes</strong></span> <span class='ocrx_word' id='word_1_796' title='bbox 1664 1519 1682 1532; x_wconf 75' lang='lat'><strong>¹⁶</strong></span> <span class='ocrx_word' id='word_1_797' title='bbox 1695 1521 1720 1545; x_wconf 89' lang='lat' dir='ltr'><strong>et</strong></span> <span class='ocrx_word' id='word_1_798' title='bbox 1732 1521 1849 1550; x_wconf 81' lang='lat' dir='ltr'><strong>diceutes,</strong></span> 
     </span>
     <span class='ocr_line' id='line_1_100' title="bbox 1003 1562 1850 1594; baseline 0.002 -8"><span class='ocrx_word' id='word_1_799' title='bbox 1003 1569 1028 1586; x_wconf 89' lang='lat' dir='ltr'><strong>se</strong></span> <span class='ocrx_word' id='word_1_800' title='bbox 1046 1562 1128 1586; x_wconf 88' lang='lat' dir='ltr'><strong>carnis</strong></span> <span class='ocrx_word' id='word_1_801' title='bbox 1146 1562 1268 1587; x_wconf 80' lang='lat' dir='ltr'><strong>illecebris</strong></span> <span class='ocrx_word' id='word_1_802' title='bbox 1287 1569 1336 1587; x_wconf 88' lang='lat' dir='ltr'><strong>non</strong></span> <span class='ocrx_word' id='word_1_803' title='bbox 1356 1569 1427 1593; x_wconf 81' lang='lat' dir='ltr'><strong>posse</strong></span> <span class='ocrx_word' id='word_1_804' title='bbox 1450 1563 1578 1592; x_wconf 79' lang='lat' dir='ltr'><strong>resistere,</strong></span> <span class='ocrx_word' id='word_1_805' title='bbox 1604 1570 1677 1594; x_wconf 83' lang='lat' dir='ltr'><strong>quain</strong></span> <span class='ocrx_word' id='word_1_806' title='bbox 1702 1564 1850 1594; x_wconf 78' lang='lat' dir='ltr'><strong>acceperunt</strong></span> 
     </span>
     <span class='ocr_line' id='line_1_101' title="bbox 1002 1604 1849 1636; baseline 0.002 -7"><span class='ocrx_word' id='word_1_807' title='bbox 1002 1611 1017 1629; x_wconf 89' lang='lat' dir='ltr'><strong>a</strong></span> <span class='ocrx_word' id='word_1_808' title='bbox 1036 1604 1095 1630; x_wconf 85' lang='lat' dir='ltr'><strong>Deo.</strong></span> <span class='ocrx_word' id='word_1_809' title='bbox 1114 1604 1213 1629; x_wconf 86' lang='lat' dir='ltr'><strong>Grande</strong></span> <span class='ocrx_word' id='word_1_810' title='bbox 1231 1605 1303 1630; x_wconf 86' lang='lat' dir='ltr'><strong>valde</strong></span> <span class='ocrx_word' id='word_1_811' title='bbox 1322 1605 1361 1630; x_wconf 85' lang='lat' dir='ltr'><strong>est</strong></span> <span class='ocrx_word' id='word_1_812' title='bbox 1386 1606 1513 1636; x_wconf 81' lang='lat' dir='ltr'><strong>peccatum</strong></span> <span class='ocrx_word' id='word_1_813' title='bbox 1538 1606 1600 1630; x_wconf 85' lang='lat' dir='ltr'><strong>illud</strong></span> <span class='ocrx_word' id='word_1_814' title='bbox 1628 1613 1742 1631; x_wconf 85' lang='lat' dir='ltr'><strong>accusare</strong></span> <span class='ocrx_word' id='word_1_815' title='bbox 1771 1606 1849 1631; x_wconf 87' lang='lat' dir='ltr'><strong>Deum</strong></span> 
     </span>
     <span class='ocr_line' id='line_1_102' title="bbox 1002 1647 1849 1680; baseline 0.002 -8"><span class='ocrx_word' id='word_1_816' title='bbox 1002 1648 1138 1679; x_wconf 85' lang='lat' dir='ltr'><strong>optimum,</strong></span> <span class='ocrx_word' id='word_1_817' title='bbox 1151 1649 1193 1679; x_wconf 84' lang='lat' dir='ltr'><strong>qui</strong></span> <span class='ocrx_word' id='word_1_818' title='bbox 1212 1647 1269 1673; x_wconf 86' lang='lat' dir='ltr'><strong>fecit</strong></span> <span class='ocrx_word' id='word_1_819' title='bbox 1287 1649 1373 1673; x_wconf 82' lang='lat' dir='ltr'><strong>omnia</strong></span> <span class='ocrx_word' id='word_1_820' title='bbox 1386 1648 1453 1673; x_wconf 81' lang='lat' dir='ltr'><strong>bona</strong></span> <span class='ocrx_word' id='word_1_821' title='bbox 1465 1649 1538 1673; x_wconf 74' lang='lat' dir='ltr'><strong>valde</strong></span> <span class='ocrx_word' id='word_1_822' title='bbox 1551 1647 1571 1660; x_wconf 77' lang='lat'><strong>¹⁶</strong></span> <span class='ocrx_word' id='word_1_823' title='bbox 1587 1649 1612 1674; x_wconf 84' lang='lat' dir='ltr'><strong>et</strong></span> <span class='ocrx_word' id='word_1_824' title='bbox 1625 1650 1754 1680; x_wconf 85' lang='lat' dir='ltr'><strong>praecipue</strong></span> <span class='ocrx_word' id='word_1_825' title='bbox 1767 1650 1849 1680; x_wconf 84' lang='lat' dir='ltr'><strong>ipsum</strong></span> 
     </span>
     <span class='ocr_line' id='line_1_103' title="bbox 1002 1690 1846 1722; baseline 0.004 -7"><span class='ocrx_word' id='word_1_826' title='bbox 1002 1690 1124 1716; x_wconf 87' lang='lat' dir='ltr'><strong>hominem</strong></span> <span class='ocrx_word' id='word_1_827' title='bbox 1144 1698 1204 1722; x_wconf 84' lang='lat' dir='ltr'><strong>prae</strong></span> <span class='ocrx_word' id='word_1_828' title='bbox 1222 1691 1343 1716; x_wconf 83' lang='lat' dir='ltr'><strong>creaturis</strong></span> <span class='ocrx_word' id='word_1_829' title='bbox 1361 1691 1417 1715; x_wconf 87' lang='lat' dir='ltr'><strong>aliis</strong></span> <span class='ocrx_word' id='word_1_830' title='bbox 1436 1692 1572 1716; x_wconf 87' lang='lat' dir='ltr'><strong>exornavit.</strong></span> <span class='ocrx_word' id='word_1_831' title='bbox 1591 1692 1688 1717; x_wconf 87' lang='lat' dir='ltr'><strong>Bonum</strong></span> <span class='ocrx_word' id='word_1_832' title='bbox 1708 1693 1760 1717; x_wconf 82' lang='lat' dir='ltr'><strong>sine</strong></span> <span class='ocrx_word' id='word_1_833' title='bbox 1773 1692 1846 1718; x_wconf 85' lang='lat' dir='ltr'><strong>dubio</strong></span> 
     </span>
     <span class='ocr_line' id='line_1_104' title="bbox 1002 1733 1849 1764; baseline 0.004 -7"><span class='ocrx_word' id='word_1_834' title='bbox 1002 1733 1102 1758; x_wconf 85' lang='lat' dir='ltr'><strong>fecitte</strong></span> <span class='ocrx_word' id='word_1_835' title='bbox 1121 1733 1188 1758; x_wconf 90' lang='lat' dir='ltr'><strong>Deus</strong></span> <span class='ocrx_word' id='word_1_836' title='bbox 1212 1733 1304 1763; x_wconf 87' lang='lat' dir='ltr'><strong>bouus,</strong></span> <span class='ocrx_word' id='word_1_837' title='bbox 1331 1734 1372 1764; x_wconf 89' lang='lat' dir='ltr'><strong>qui</strong></span> <span class='ocrx_word' id='word_1_838' title='bbox 1396 1733 1453 1758; x_wconf 80' lang='lat' dir='ltr'><strong>fecit</strong></span> <span class='ocrx_word' id='word_1_839' title='bbox 1478 1735 1559 1759; x_wconf 82' lang='lat' dir='ltr'><strong>omnia</strong></span> <span class='ocrx_word' id='word_1_840' title='bbox 1584 1735 1662 1764; x_wconf 81' lang='lat' dir='ltr'><strong>bona,</strong></span> <span class='ocrx_word' id='word_1_841' title='bbox 1689 1734 1752 1759; x_wconf 86' lang='lat' dir='ltr'><strong>bona</strong></span> <span class='ocrx_word' id='word_1_842' title='bbox 1777 1735 1849 1760; x_wconf 86' lang='lat' dir='ltr'><strong>valde</strong></span> 
     </span>
     <span class='ocr_line' id='line_1_105' title="bbox 1002 1776 1847 1807; baseline 0.002 -7"><span class='ocrx_word' id='word_1_843' title='bbox 1002 1776 1106 1807; x_wconf 82' lang='lat' dir='ltr'><strong>propter</strong></span> <span class='ocrx_word' id='word_1_844' title='bbox 1124 1776 1157 1801; x_wconf 90' lang='lat' dir='ltr'><strong>te.</strong></span> <span class='ocrx_word' id='word_1_845' title='bbox 1177 1776 1263 1807; x_wconf 81' lang='lat' dir='ltr'><strong>Neque</strong></span> <span class='ocrx_word' id='word_1_846' title='bbox 1281 1777 1345 1801; x_wconf 87' lang='grc'>0111111</span> <span class='ocrx_word' id='word_1_847' title='bbox 1364 1776 1443 1801; x_wconf 85' lang='lat' dir='ltr'><strong>bonus</strong></span> <span class='ocrx_word' id='word_1_848' title='bbox 1463 1777 1541 1806; x_wconf 86' lang='lat' dir='ltr'><strong>esset,</strong></span> <span class='ocrx_word' id='word_1_849' title='bbox 1561 1777 1581 1801; x_wconf 78' lang='lat' dir='ltr'><strong>si</strong></span> <span class='ocrx_word' id='word_1_850' title='bbox 1606 1777 1630 1801; x_wconf 88' lang='lat' dir='ltr'><strong>te</strong></span> <span class='ocrx_word' id='word_1_851' title='bbox 1654 1777 1717 1801; x_wconf 84' lang='lat' dir='ltr'><strong>male</strong></span> <span class='ocrx_word' id='word_1_852' title='bbox 1741 1777 1847 1807; x_wconf 80' lang='lat' dir='ltr'><strong>fecisset,</strong></span> 
     </span>
     <span class='ocr_line' id='line_1_106' title="bbox 1002 1819 1848 1851; baseline 0.002 -8"><span class='ocrx_word' id='word_1_853' title='bbox 1002 1819 1105 1850; x_wconf 87' lang='lat' dir='ltr'><strong>propter</strong></span> <span class='ocrx_word' id='word_1_854' title='bbox 1123 1827 1195 1850; x_wconf 87' lang='lat' dir='ltr'><strong>quem</strong></span> <span class='ocrx_word' id='word_1_855' title='bbox 1213 1819 1270 1844; x_wconf 86' lang='lat' dir='ltr'><strong>feeit</strong></span> <span class='ocrx_word' id='word_1_856' title='bbox 1288 1820 1383 1848; x_wconf 84' lang='lat' dir='ltr'><strong>omnia,</strong></span> <span class='ocrx_word' id='word_1_857' title='bbox 1403 1820 1444 1850; x_wconf 85' lang='lat' dir='ltr'><strong>qui</strong></span> <span class='ocrx_word' id='word_1_858' title='bbox 1464 1820 1603 1851; x_wconf 75' lang='lat' dir='ltr'><strong>propterte</strong></span> <span class='ocrx_word' id='word_1_859' title='bbox 1617 1820 1683 1845; x_wconf 82' lang='lat' dir='ltr'><strong>facta</strong></span> <span class='ocrx_word' id='word_1_860' title='bbox 1697 1820 1759 1845; x_wconf 85' lang='lat' dir='ltr'><strong>bona</strong></span> <span class='ocrx_word' id='word_1_861' title='bbox 1777 1821 1848 1846; x_wconf 84' lang='lat' dir='ltr'><strong>valde</strong></span> 
     </span>
     <span class='ocr_line' id='line_1_107' title="bbox 1002 1862 1849 1894; baseline 0.002 -8"><span class='ocrx_word' id='word_1_862' title='bbox 1002 1862 1067 1887; x_wconf 86' lang='lat' dir='ltr'><strong>fecit.</strong></span> <span class='ocrx_word' id='word_1_863' title='bbox 1086 1862 1182 1887; x_wconf 87' lang='lat' dir='ltr'><strong>Bonum</strong></span> <span class='ocrx_word' id='word_1_864' title='bbox 1201 1869 1259 1894; x_wconf 79' lang='lat' dir='ltr'><strong>ergo</strong></span> <span class='ocrx_word' id='word_1_865' title='bbox 1278 1863 1303 1887; x_wconf 87' lang='lat' dir='ltr'><strong>et</strong></span> <span class='ocrx_word' id='word_1_866' title='bbox 1321 1870 1414 1887; x_wconf 85' lang='lat' dir='ltr'><strong>summe</strong></span> <span class='ocrx_word' id='word_1_867' title='bbox 1434 1862 1493 1887; x_wconf 82' lang='lat' dir='ltr'><strong>bene</strong></span> <span class='ocrx_word' id='word_1_868' title='bbox 1513 1863 1570 1888; x_wconf 85' lang='lat' dir='ltr'><strong>fecit</strong></span> <span class='ocrx_word' id='word_1_869' title='bbox 1589 1863 1612 1888; x_wconf 85' lang='lat' dir='ltr'><strong>te</strong></span> <span class='ocrx_word' id='word_1_870' title='bbox 1632 1863 1699 1888; x_wconf 88' lang='lat' dir='ltr'><strong>Deus</strong></span> <span class='ocrx_word' id='word_1_871' title='bbox 1711 1864 1798 1889; x_wconf 88' lang='lat' dir='ltr'><strong>bonus.</strong></span> <span class='ocrx_word' id='word_1_872' title='bbox 1812 1864 1849 1888; x_wconf 87' lang='lat' dir='ltr'><strong>Tu</strong></span> 
     </span>
     <span class='ocr_line' id='line_1_108' title="bbox 1001 1905 1849 1938; baseline 0.002 -9"><span class='ocrx_word' id='word_1_873' title='bbox 1001 1905 1054 1936; x_wconf 90' lang='lat' dir='ltr'><strong>ipse</strong></span> <span class='ocrx_word' id='word_1_874' title='bbox 1073 1912 1131 1930; x_wconf 86' lang='lat' dir='ltr'><strong>vero</strong></span> <span class='ocrx_word' id='word_1_875' title='bbox 1150 1906 1174 1930; x_wconf 87' lang='lat' dir='ltr'><strong>te</strong></span> <span class='ocrx_word' id='word_1_876' title='bbox 1193 1905 1286 1930; x_wconf 86' lang='lat' dir='ltr'><strong>malum</strong></span> <span class='ocrx_word' id='word_1_877' title='bbox 1306 1905 1375 1930; x_wconf 83' lang='lat' dir='ltr'><strong>facis.</strong></span> <span class='ocrx_word' id='word_1_878' title='bbox 1394 1906 1419 1930; x_wconf 85' lang='lat' dir='ltr'><strong>Si</strong></span> <span class='ocrx_word' id='word_1_879' title='bbox 1437 1906 1556 1930; x_wconf 81' lang='lat' dir='ltr'><strong>deleveris</strong></span> <span class='ocrx_word' id='word_1_880' title='bbox 1574 1906 1600 1931; x_wconf 90' lang='lat' dir='ltr'><strong>in</strong></span> <span class='ocrx_word' id='word_1_881' title='bbox 1619 1906 1643 1931; x_wconf 92' lang='lat' dir='ltr'><strong>te</strong></span> <span class='ocrx_word' id='word_1_882' title='bbox 1663 1907 1726 1937; x_wconf 88' lang='lat' dir='ltr'><strong>quod</strong></span> <span class='ocrx_word' id='word_1_883' title='bbox 1746 1907 1774 1931; x_wconf 88' lang='lat' dir='ltr'><strong>tu</strong></span> <span class='ocrx_word' id='word_1_884' title='bbox 1796 1907 1849 1938; x_wconf 85' lang='lat' dir='ltr'><strong>ipse</strong></span> 
     </span>
     <span class='ocr_line' id='line_1_109' title="bbox 1001 1947 1850 1980; baseline 0.002 -8"><span class='ocrx_word' id='word_1_885' title='bbox 1001 1947 1074 1977; x_wconf 83' lang='lat' dir='ltr'><strong>facis,</strong></span> <span class='ocrx_word' id='word_1_886' title='bbox 1092 1948 1216 1978; x_wconf 82' lang='lat' dir='ltr'><strong>invenies,</strong></span> <span class='ocrx_word' id='word_1_887' title='bbox 1235 1955 1329 1972; x_wconf 87' lang='lat' dir='ltr'><strong>summe</strong></span> <span class='ocrx_word' id='word_1_888' title='bbox 1348 1948 1437 1973; x_wconf 87' lang='lat' dir='ltr'><strong>bouum</strong></span> <span class='ocrx_word' id='word_1_889' title='bbox 1457 1955 1510 1973; x_wconf 83' lang='lat' dir='ltr'><strong>esse</strong></span> <span class='ocrx_word' id='word_1_890' title='bbox 1528 1949 1594 1973; x_wconf 87' lang='lat' dir='ltr'><strong>inter</strong></span> <span class='ocrx_word' id='word_1_891' title='bbox 1606 1949 1734 1974; x_wconf 81' lang='lat' dir='ltr'><strong>creaturas</strong></span> <span class='ocrx_word' id='word_1_892' title='bbox 1747 1949 1811 1980; x_wconf 84' lang='lat' dir='ltr'><strong>quod</strong></span> <span class='ocrx_word' id='word_1_893' title='bbox 1822 1950 1850 1974; x_wconf 88' lang='lat' dir='ltr'><strong>in</strong></span> 
     </span>
     <span class='ocr_line' id='line_1_110' title="bbox 1001 1989 1849 2022; baseline 0.002 -7"><span class='ocrx_word' id='word_1_894' title='bbox 1001 1990 1026 2015; x_wconf 86' lang='lat' dir='ltr'><strong>te</strong></span> <span class='ocrx_word' id='word_1_895' title='bbox 1044 1991 1097 2022; x_wconf 83' lang='lat' dir='ltr'><strong>ipse</strong></span> <span class='ocrx_word' id='word_1_896' title='bbox 1116 1990 1173 2016; x_wconf 84' lang='lat' dir='ltr'><strong>fecit</strong></span> <span class='ocrx_word' id='word_1_897' title='bbox 1186 1989 1213 2015; x_wconf 84' lang='lat'><strong>²⁷.</strong></span> <span class='ocrx_word' id='word_1_898' title='bbox 1233 1991 1301 2016; x_wconf 86' lang='lat' dir='ltr'><strong>Fecit</strong></span> <span class='ocrx_word' id='word_1_899' title='bbox 1319 1991 1372 2022; x_wconf 87' lang='lat' dir='ltr'><strong>ipse</strong></span> <span class='ocrx_word' id='word_1_900' title='bbox 1391 1991 1415 2015; x_wconf 85' lang='lat' dir='ltr'><strong>te</strong></span> <span class='ocrx_word' id='word_1_901' title='bbox 1434 1992 1513 2022; x_wconf 90' lang='lat' dir='ltr'><strong>primo</strong></span> <span class='ocrx_word' id='word_1_902' title='bbox 1527 1991 1659 2016; x_wconf 87' lang='lat' dir='ltr'><strong>secundum</strong></span> <span class='ocrx_word' id='word_1_903' title='bbox 1679 1999 1716 2021; x_wconf 84' lang='lat' dir='ltr'><strong>se,</strong></span> <span class='ocrx_word' id='word_1_904' title='bbox 1730 1992 1755 2017; x_wconf 89' lang='lat' dir='ltr'><strong>et</strong></span> <span class='ocrx_word' id='word_1_905' title='bbox 1768 1992 1849 2017; x_wconf 82' lang='lat' dir='ltr'><strong>factus</strong></span> 
     </span>
     <span class='ocr_line' id='line_1_111' title="bbox 1001 2033 1850 2065; baseline 0.001 -7"><span class='ocrx_word' id='word_1_906' title='bbox 1001 2033 1039 2058; x_wconf 88' lang='lat' dir='ltr'><strong>est</strong></span> <span class='ocrx_word' id='word_1_907' title='bbox 1057 2034 1110 2064; x_wconf 85' lang='lat' dir='ltr'><strong>ipse</strong></span> <span class='ocrx_word' id='word_1_908' title='bbox 1129 2034 1215 2065; x_wconf 88' lang='lat' dir='ltr'><strong>postea</strong></span> <span class='ocrx_word' id='word_1_909' title='bbox 1235 2033 1367 2058; x_wconf 83' lang='lat' dir='ltr'><strong>secundum</strong></span> <span class='ocrx_word' id='word_1_910' title='bbox 1387 2034 1419 2059; x_wconf 91' lang='lat' dir='ltr'><strong>te.</strong></span> <span class='ocrx_word' id='word_1_911' title='bbox 1439 2034 1507 2059; x_wconf 80' lang='lat' dir='ltr'><strong>Fecit</strong></span> <span class='ocrx_word' id='word_1_912' title='bbox 1525 2035 1577 2065; x_wconf 88' lang='lat' dir='ltr'><strong>ipse</strong></span> <span class='ocrx_word' id='word_1_913' title='bbox 1597 2034 1620 2059; x_wconf 89' lang='lat' dir='ltr'><strong>te</strong></span> <span class='ocrx_word' id='word_1_914' title='bbox 1640 2036 1719 2065; x_wconf 83' lang='lat' dir='ltr'><strong>priuio</strong></span> <span class='ocrx_word' id='word_1_915' title='bbox 1738 2035 1769 2059; x_wconf 86' lang='lat' dir='ltr'><strong>ad</strong></span> <span class='ocrx_word' id='word_1_916' title='bbox 1787 2036 1850 2060; x_wconf 86' lang='lat' dir='ltr'><strong>ima-</strong></span> 
     </span>
     <span class='ocr_line' id='line_1_112' title="bbox 1000 2074 1850 2109; baseline 0.002 -8"><span class='ocrx_word' id='word_1_917' title='bbox 1000 2077 1082 2108; x_wconf 80' lang='lat' dir='ltr'><strong>ginem</strong></span> <span class='ocrx_word' id='word_1_918' title='bbox 1102 2077 1127 2101; x_wconf 88' lang='lat' dir='ltr'><strong>et</strong></span> <span class='ocrx_word' id='word_1_919' title='bbox 1145 2077 1331 2102; x_wconf 87' lang='lat' dir='ltr'><strong>similitudinem</strong></span> <span class='ocrx_word' id='word_1_920' title='bbox 1345 2085 1413 2102; x_wconf 88' lang='lat' dir='ltr'><strong>suam</strong></span> <span class='ocrx_word' id='word_1_921' title='bbox 1428 2074 1455 2107; x_wconf 76' lang='lat'><strong>¹⁸,</strong></span> <span class='ocrx_word' id='word_1_922' title='bbox 1475 2078 1500 2102; x_wconf 87' lang='lat' dir='ltr'><strong>et</strong></span> <span class='ocrx_word' id='word_1_923' title='bbox 1516 2077 1596 2102; x_wconf 83' lang='lat' dir='ltr'><strong>factus</strong></span> <span class='ocrx_word' id='word_1_924' title='bbox 1609 2078 1647 2102; x_wconf 88' lang='lat' dir='ltr'><strong>est</strong></span> <span class='ocrx_word' id='word_1_925' title='bbox 1660 2078 1712 2109; x_wconf 77' lang='lat' dir='ltr'><strong>ipse</strong></span> <span class='ocrx_word' id='word_1_926' title='bbox 1725 2079 1850 2109; x_wconf 80' lang='lat' dir='ltr'><strong>posterius</strong></span> 
     </span>
     <span class='ocr_line' id='line_1_113' title="bbox 1000 2119 1849 2150; baseline 0.001 -6"><span class='ocrx_word' id='word_1_927' title='bbox 1000 2119 1073 2144; x_wconf 88' lang='lat' dir='ltr'><strong>homo</strong></span> <span class='ocrx_word' id='word_1_928' title='bbox 1091 2119 1122 2144; x_wconf 89' lang='lat' dir='ltr'><strong>ad</strong></span> <span class='ocrx_word' id='word_1_929' title='bbox 1141 2120 1327 2145; x_wconf 87' lang='lat' dir='ltr'><strong>similitudinem</strong></span> <span class='ocrx_word' id='word_1_930' title='bbox 1346 2121 1427 2150; x_wconf 76' lang='lat' dir='ltr'><strong>tuam3</strong></span> <span class='ocrx_word' id='word_1_931' title='bbox 1453 2121 1560 2145; x_wconf 76' lang='lat' dir='ltr'><strong>Verbum</strong></span> <span class='ocrx_word' id='word_1_932' title='bbox 1583 2121 1647 2145; x_wconf 88' lang='lat' dir='ltr'><strong>enim</strong></span> <span class='ocrx_word' id='word_1_933' title='bbox 1673 2128 1732 2146; x_wconf 74' lang='lat' dir='ltr'><strong>coro</strong></span> <span class='ocrx_word' id='word_1_934' title='bbox 1751 2120 1849 2150; x_wconf 73' lang='lat' dir='ltr'><strong>factum</strong></span> 
     </span>
     <span class='ocr_line' id='line_1_114' title="bbox 1000 2162 1848 2194; baseline 0.004 -8"><span class='ocrx_word' id='word_1_935' title='bbox 1000 2163 1044 2187; x_wconf 77' lang='lat' dir='ltr'><strong>cst.</strong></span> <span class='ocrx_word' id='word_1_936' title='bbox 1070 2162 1210 2187; x_wconf 87' lang='lat' dir='ltr'><strong>Laudemus</strong></span> <span class='ocrx_word' id='word_1_937' title='bbox 1234 2170 1292 2194; x_wconf 85' lang='lat' dir='ltr'><strong>ergo</strong></span> <span class='ocrx_word' id='word_1_938' title='bbox 1321 2163 1411 2193; x_wconf 87' lang='lat' dir='ltr'><strong>Deum,</strong></span> <span class='ocrx_word' id='word_1_939' title='bbox 1437 2164 1478 2194; x_wconf 85' lang='lat' dir='ltr'><strong>qui</strong></span> <span class='ocrx_word' id='word_1_940' title='bbox 1504 2163 1636 2188; x_wconf 80' lang='lat' dir='ltr'><strong>secundum</strong></span> <span class='ocrx_word' id='word_1_941' title='bbox 1663 2171 1688 2188; x_wconf 86' lang='lat' dir='ltr'><strong>se</strong></span> <span class='ocrx_word' id='word_1_942' title='bbox 1713 2164 1771 2189; x_wconf 85' lang='lat' dir='ltr'><strong>fecit</strong></span> <span class='ocrx_word' id='word_1_943' title='bbox 1794 2171 1848 2189; x_wconf 90' lang='lat' dir='ltr'><strong>nos.</strong></span> 
     </span>
    </p>
   </div>
   <div class='ocr_carea' id='block_1_16' title="bbox 1864 711 1982 754">
    <p class='ocr_par' dir='ltr' id='par_1_26' title="bbox 1864 711 1982 754">
     <span class='ocr_line' id='line_1_115' title="bbox 1864 711 1982 733; baseline 0 -4"><span class='ocrx_word' id='word_1_944' title='bbox 1864 711 1916 733; x_wconf 78' lang='lat' dir='ltr'><strong>Item,</strong></span> <span class='ocrx_word' id='word_1_945' title='bbox 1931 715 1982 730; x_wconf 88' lang='lat' dir='ltr'><strong>men-</strong></span> 
     </span>
     <span class='ocr_line' id='line_1_116' title="bbox 1895 734 1952 754; baseline 0.018 -1"><span class='ocrx_word' id='word_1_946' title='bbox 1895 734 1952 754; x_wconf 84' lang='lat' dir='ltr'><strong>dacii.</strong></span> 
     </span>
    </p>
   </div>
   <div class='ocr_carea' id='block_1_17' title="bbox 1863 882 1982 925">
    <p class='ocr_par' dir='ltr' id='par_1_27' title="bbox 1863 882 1982 925">
     <span class='ocr_line' id='line_1_117' title="bbox 1863 882 1982 910; baseline 0 -9"><span class='ocrx_word' id='word_1_947' title='bbox 1863 882 1915 909; x_wconf 65' lang='lat' dir='ltr'><strong>item,</strong></span> <span class='ocrx_word' id='word_1_948' title='bbox 1927 887 1982 910; x_wconf 67' lang='grc'>01011-</span> 
     </span>
     <span class='ocr_line' id='line_1_118' title="bbox 1881 908 1965 925; baseline 0 -1"><span class='ocrx_word' id='word_1_949' title='bbox 1881 908 1965 925; x_wconf 74' lang='lat' dir='ltr'><strong>salionis.</strong></span> 
     </span>
    </p>
   </div>
   <div class='ocr_carea' id='block_1_18' title="bbox 1867 1655 1990 1698">
    <p class='ocr_par' dir='ltr' id='par_1_28' title="bbox 1867 1655 1990 1698">
     <span class='ocr_line' id='line_1_119' title="bbox 1867 1655 1990 1674; baseline 0.008 -1"><span class='ocrx_word' id='word_1_950' title='bbox 1867 1655 1916 1674; x_wconf 86' lang='lat' dir='ltr'><strong>Deus</strong></span> <span class='ocrx_word' id='word_1_951' title='bbox 1928 1656 1990 1674; x_wconf 85' lang='lat' dir='ltr'><strong>omnia</strong></span> 
     </span>
     <span class='ocr_line' id='line_1_120' title="bbox 1873 1679 1986 1698; baseline -0.009 0"><span class='ocrx_word' id='word_1_952' title='bbox 1873 1679 1917 1698; x_wconf 77' lang='lat' dir='ltr'><strong>iecit</strong></span> <span class='ocrx_word' id='word_1_953' title='bbox 1931 1679 1986 1698; x_wconf 82' lang='lat' dir='ltr'><strong>hona.</strong></span> 
     </span>
    </p>
   </div>
   <div class='ocr_carea' id='block_1_19' title="bbox 1001 2363 1848 3006">
    <p class='ocr_par' dir='ltr' id='par_1_29' title="bbox 1002 2363 1847 2479">
     <span class='ocr_line' id='line_1_121' title="bbox 1066 2363 1847 2392; baseline 0.003 -7"><span class='ocrx_word' id='word_1_954' title='bbox 1066 2363 1084 2376; x_wconf 69' lang='lat'><strong>¹²</strong></span> <span class='ocrx_word' id='word_1_955' title='bbox 1102 2364 1191 2386; x_wconf 61' lang='lat' dir='ltr'><strong>Scilicet</strong></span> <span class='ocrx_word' id='word_1_956' title='bbox 1208 2370 1256 2386; x_wconf 75' lang='lat' dir='ltr'><strong>ore.</strong></span> <span class='ocrx_word' id='word_1_957' title='bbox 1274 2364 1328 2385; x_wconf 82' lang='lat' dir='ltr'><strong>Bon.</strong></span> <span class='ocrx_word' id='word_1_958' title='bbox 1346 2370 1398 2385; x_wconf 82' lang='lat' dir='ltr'><strong>cum</strong></span> <span class='ocrx_word' id='word_1_959' title='bbox 1417 2364 1453 2385; x_wconf 81' lang='lat' dir='ltr'><strong>cd.</strong></span> <span class='ocrx_word' id='word_1_960' title='bbox 1476 2365 1480 2384; x_wconf 87' lang='lat' dir='ltr'><strong>l</strong></span> <span class='ocrx_word' id='word_1_961' title='bbox 1502 2368 1579 2386; x_wconf 75' lang='lat' dir='ltr'><strong>contra</strong></span> <span class='ocrx_word' id='word_1_962' title='bbox 1600 2366 1617 2386; x_wconf 63' lang='lat' dir='ltr'>A</span> <span class='ocrx_word' id='word_1_963' title='bbox 1636 2365 1795 2392; x_wconf 66' lang='lat' dir='ltr'><strong>fuvsequitur:</strong></span> <span class='ocrx_word' id='word_1_964' title='bbox 1815 2371 1847 2387; x_wconf 72' lang='lat' dir='ltr'><strong>se-</strong></span> 
     </span>
     <span class='ocr_line' id='line_1_122' title="bbox 1002 2394 1847 2424; baseline 0.001 -7"><span class='ocrx_word' id='word_1_965' title='bbox 1002 2394 1080 2418; x_wconf 69' lang='lat' dir='ltr'><strong>ritulis</strong></span> <span class='ocrx_word' id='word_1_966' title='bbox 1097 2394 1217 2424; x_wconf 78' lang='lat' dir='ltr'><strong>Sponsum</strong></span> <span class='ocrx_word' id='word_1_967' title='bbox 1236 2396 1339 2417; x_wconf 71' lang='lat' dir='ltr'><strong>restrum</strong></span> <span class='ocrx_word' id='word_1_968' title='bbox 1356 2394 1513 2423; x_wconf 64' lang='lat' dir='ltr'><strong>spiritualiter</strong></span> <span class='ocrx_word' id='word_1_969' title='bbox 1530 2394 1630 2417; x_wconf 70' lang='lat' dir='ltr'><strong>{titulare</strong></span> <span class='ocrx_word' id='word_1_970' title='bbox 1650 2395 1776 2424; x_wconf 71' lang='lat' dir='ltr'><strong>spernatis.</strong></span> <span class='ocrx_word' id='word_1_971' title='bbox 1794 2397 1847 2418; x_wconf 68' lang='grc'>11110-</span> 
     </span>
     <span class='ocr_line' id='line_1_123' title="bbox 1003 2425 1812 2479; baseline 0 -31"><span class='ocrx_word' id='word_1_972' title='bbox 1003 2426 1050 2448; x_wconf 81' lang='lat' dir='ltr'><strong>rius</strong></span> <span class='ocrx_word' id='word_1_973' title='bbox 1065 2432 1109 2469; x_wconf 55' lang='lat' dir='ltr'><strong>gro</strong></span> <span class='ocrx_word' id='word_1_974' title='bbox 1127 2427 1147 2448; x_wconf 77' lang='lat' dir='ltr'><strong>et</strong></span> <span class='ocrx_word' id='word_1_975' title='bbox 1164 2425 1243 2478; x_wconf 56' lang='lat' dir='ltr'><strong>uqimo</strong></span> <span class='ocrx_word' id='word_1_976' title='bbox 1263 2426 1345 2478; x_wconf 54' lang='lat' dir='ltr'><strong>(ita1A)</strong></span> <span class='ocrx_word' id='word_1_977' title='bbox 1364 2426 1401 2448; x_wconf 78' lang='lat' dir='ltr'><strong>ed.</strong></span> <span class='ocrx_word' id='word_1_978' title='bbox 1422 2426 1426 2447; x_wconf 98' lang='grc'><strong>1</strong></span> <span class='ocrx_word' id='word_1_979' title='bbox 1449 2425 1581 2478; x_wconf 57' lang='grc' dir='ltr'><strong>ιἠιαιιίιηο,</strong></span> <span class='ocrx_word' id='word_1_980' title='bbox 1600 2427 1652 2448; x_wconf 82' lang='lat' dir='ltr'><strong>Bon.</strong></span> <span class='ocrx_word' id='word_1_981' title='bbox 1670 2426 1758 2449; x_wconf 78' lang='lat' dir='ltr'><strong>auimo.</strong></span> <span class='ocrx_word' id='word_1_982' title='bbox 1806 2457 1812 2479; x_wconf 65' lang='lat' dir='ltr'>l</span> 
     </span>
    </p>

    <p class='ocr_par' dir='ltr' id='par_1_30' title="bbox 1102 2457 1845 2482">
     <span class='ocr_line' id='line_1_124' title="bbox 1102 2457 1845 2482; baseline 0.001 -4"><span class='ocrx_word' id='word_1_983' title='bbox 1102 2457 1117 2478; x_wconf 81' lang='lat' dir='ltr'>E</span> <span class='ocrx_word' id='word_1_984' title='bbox 1138 2457 1171 2478; x_wconf 84' lang='lat' dir='ltr'><strong>ist.</strong></span> <span class='ocrx_word' id='word_1_985' title='bbox 1200 2473 1204 2478; x_wconf 93' lang='lat'><strong>.</strong></span> <span class='ocrx_word' id='word_1_986' title='bbox 1224 2458 1281 2479; x_wconf 75' lang='grc'>10011.</span> <span class='ocrx_word' id='word_1_987' title='bbox 1316 2475 1321 2482; x_wconf 75' lang='grc'>,</span> <span class='ocrx_word' id='word_1_988' title='bbox 1340 2458 1359 2478; x_wconf 85' lang='lat' dir='ltr'><strong>S.</strong></span> <span class='ocrx_word' id='word_1_989' title='bbox 1378 2463 1402 2479; x_wconf 79' lang='lat' dir='ltr'><strong>se</strong></span> <span class='ocrx_word' id='word_1_990' title='bbox 1422 2474 1426 2478; x_wconf 95' lang='lat'><strong>.</strong></span> <span class='ocrx_word' id='word_1_991' title='bbox 1445 2457 1479 2479; x_wconf 74' lang='lat' dir='ltr'><strong>Vn</strong></span> <span class='ocrx_word' id='word_1_992' title='bbox 1491 2460 1541 2479; x_wconf 66' lang='lat' dir='ltr'><strong>“ata</strong></span> <span class='ocrx_word' id='word_1_993' title='bbox 1560 2457 1582 2479; x_wconf 87' lang='lat' dir='ltr'><strong>iu</strong></span> <span class='ocrx_word' id='word_1_994' title='bbox 1600 2458 1713 2479; x_wconf 85' lang='lat' dir='ltr'><strong>uounullis</strong></span> <span class='ocrx_word' id='word_1_995' title='bbox 1734 2458 1845 2480; x_wconf 61' lang='lat' dir='ltr'><strong>discetu-</strong></span> 
     </span>
    </p>

    <p class='ocr_par' dir='ltr' id='par_1_31' title="bbox 1002 2463 1846 2541">
     <span class='ocr_line' id='line_1_125' title="bbox 1003 2463 1846 2516; baseline 0.001 -7"><span class='ocrx_word' id='word_1_996' title='bbox 1003 2487 1075 2515; x_wconf 85' lang='lat' dir='ltr'><strong>ipsam</strong></span> <span class='ocrx_word' id='word_1_997' title='bbox 1094 2463 1198 2516; x_wconf 59' lang='lat' dir='ltr'><strong>seguitur</strong></span> <span class='ocrx_word' id='word_1_998' title='bbox 1215 2488 1287 2514; x_wconf 84' lang='lat' dir='ltr'><strong>Bon.;</strong></span> <span class='ocrx_word' id='word_1_999' title='bbox 1304 2489 1346 2510; x_wconf 77' lang='lat' dir='ltr'><strong>etr.</strong></span> <span class='ocrx_word' id='word_1_1000' title='bbox 1363 2464 1439 2510; x_wconf 60' lang='lat' dir='ltr'><strong>151an</strong></span> <span class='ocrx_word' id='word_1_1001' title='bbox 1457 2474 1554 2516; x_wconf 67' lang='lat' dir='ltr'><strong>Au}us1.</strong></span> <span class='ocrx_word' id='word_1_1002' title='bbox 1581 2489 1602 2510; x_wconf 82' lang='lat' dir='ltr'><strong>iu</strong></span> <span class='ocrx_word' id='word_1_1003' title='bbox 1629 2490 1689 2510; x_wconf 81' lang='lat' dir='ltr'><strong>hunc</strong></span> <span class='ocrx_word' id='word_1_1004' title='bbox 1706 2489 1761 2515; x_wconf 87' lang='lat' dir='ltr'><strong>loc.,</strong></span> <span class='ocrx_word' id='word_1_1005' title='bbox 1779 2492 1806 2511; x_wconf 73' lang='lat' dir='ltr'><strong>tr.</strong></span> <span class='ocrx_word' id='word_1_1006' title='bbox 1827 2475 1846 2510; x_wconf 55' lang='grc' dir='ltr'><strong>ΙῘ</strong></span> 
     </span>
     <span class='ocr_line' id='line_1_126' title="bbox 1002 2518 1172 2541; baseline 0 -1"><span class='ocrx_word' id='word_1_1007' title='bbox 1002 2525 1024 2541; x_wconf 89' lang='lat' dir='ltr'><strong>n.</strong></span> <span class='ocrx_word' id='word_1_1008' title='bbox 1042 2519 1063 2540; x_wconf 83' lang='lat'><strong>6.</strong></span> <span class='ocrx_word' id='word_1_1009' title='bbox 1081 2518 1103 2540; x_wconf 82' lang='lat' dir='ltr'><strong>in</strong></span> <span class='ocrx_word' id='word_1_1010' title='bbox 1121 2519 1172 2540; x_wconf 79' lang='lat' dir='ltr'><strong>fine.</strong></span> 
     </span>
    </p>

    <p class='ocr_par' dir='ltr' id='par_1_32' title="bbox 1002 2549 1848 2640">
     <span class='ocr_line' id='line_1_127' title="bbox 1066 2549 1848 2578; baseline 0.001 -7"><span class='ocrx_word' id='word_1_1011' title='bbox 1066 2549 1086 2562; x_wconf 69' lang='lat'><strong>¹*</strong></span> <span class='ocrx_word' id='word_1_1012' title='bbox 1103 2549 1231 2577; x_wconf 82' lang='lat' dir='ltr'><strong>Respicitur</strong></span> <span class='ocrx_word' id='word_1_1013' title='bbox 1248 2550 1304 2571; x_wconf 71' lang='lat' dir='ltr'><strong>(jen.</strong></span> <span class='ocrx_word' id='word_1_1014' title='bbox 1322 2550 1348 2578; x_wconf 82' lang='grc'><strong>3,</strong></span> <span class='ocrx_word' id='word_1_1015' title='bbox 1367 2550 1402 2572; x_wconf 60' lang='lat' dir='ltr'><strong>iz</strong></span> <span class='ocrx_word' id='word_1_1016' title='bbox 1420 2549 1465 2572; x_wconf 77' lang='lat' dir='ltr'><strong>Ci&#39;r.</strong></span> <span class='ocrx_word' id='word_1_1017' title='bbox 1483 2556 1553 2577; x_wconf 85' lang='lat' dir='ltr'><strong>supra</strong></span> <span class='ocrx_word' id='word_1_1018' title='bbox 1565 2556 1587 2572; x_wconf 90' lang='lat' dir='ltr'><strong>n.</strong></span> <span class='ocrx_word' id='word_1_1019' title='bbox 1602 2550 1639 2571; x_wconf 77' lang='lat'><strong>83.</strong></span> <span class='ocrx_word' id='word_1_1020' title='bbox 1652 2550 1674 2572; x_wconf 89' lang='lat' dir='ltr'><strong>in</strong></span> <span class='ocrx_word' id='word_1_1021' title='bbox 1687 2550 1739 2572; x_wconf 84' lang='lat' dir='ltr'><strong>fine.</strong></span> <span class='ocrx_word' id='word_1_1022' title='bbox 1752 2551 1782 2572; x_wconf 87' lang='lat' dir='ltr'><strong>De</strong></span> <span class='ocrx_word' id='word_1_1023' title='bbox 1795 2551 1848 2573; x_wconf 81' lang='lat' dir='ltr'><strong>nda-</strong></span> 
     </span>
     <span class='ocr_line' id='line_1_128' title="bbox 1003 2579 1845 2608; baseline 0.002 -6"><span class='ocrx_word' id='word_1_1024' title='bbox 1003 2580 1103 2608; x_wconf 86' lang='lat' dir='ltr'><strong>ptatione</strong></span> <span class='ocrx_word' id='word_1_1025' title='bbox 1120 2579 1226 2603; x_wconf 77' lang='lat' dir='ltr'><strong>mulieris</strong></span> <span class='ocrx_word' id='word_1_1026' title='bbox 1244 2584 1265 2602; x_wconf 86' lang='lat' dir='ltr'><strong>et</strong></span> <span class='ocrx_word' id='word_1_1027' title='bbox 1283 2580 1329 2603; x_wconf 78' lang='grc' dir='ltr'><strong>υἰνί</strong></span> <span class='ocrx_word' id='word_1_1028' title='bbox 1345 2581 1373 2602; x_wconf 80' lang='lat' dir='ltr'><strong>ad</strong></span> <span class='ocrx_word' id='word_1_1029' title='bbox 1391 2586 1482 2603; x_wconf 86' lang='lat' dir='ltr'><strong>carnem</strong></span> <span class='ocrx_word' id='word_1_1030' title='bbox 1501 2584 1523 2603; x_wconf 87' lang='lat' dir='ltr'><strong>et</strong></span> <span class='ocrx_word' id='word_1_1031' title='bbox 1539 2581 1644 2608; x_wconf 82' lang='lat' dir='ltr'><strong>spiritum</strong></span> <span class='ocrx_word' id='word_1_1032' title='bbox 1671 2581 1724 2603; x_wconf 74' lang='lat' dir='ltr'><strong>vide</strong></span> <span class='ocrx_word' id='word_1_1033' title='bbox 1742 2582 1765 2603; x_wconf 89' lang='lat' dir='ltr'><strong>ll.</strong></span> <span class='ocrx_word' id='word_1_1034' title='bbox 1784 2583 1845 2604; x_wconf 75' lang='lat' dir='ltr'><strong>sent.</strong></span> 
     </span>
     <span class='ocr_line' id='line_1_129' title="bbox 1002 2611 1463 2640; baseline 0 -7"><span class='ocrx_word' id='word_1_1035' title='bbox 1002 2611 1026 2633; x_wconf 85' lang='lat' dir='ltr'><strong>(l.</strong></span> <span class='ocrx_word' id='word_1_1036' title='bbox 1043 2611 1126 2633; x_wconf 73' lang='lat' dir='ltr'><strong>XXIV.</strong></span> <span class='ocrx_word' id='word_1_1037' title='bbox 1143 2612 1175 2633; x_wconf 88' lang='lat' dir='ltr'><strong>lit.</strong></span> <span class='ocrx_word' id='word_1_1038' title='bbox 1193 2611 1305 2639; x_wconf 76' lang='lat' dir='ltr'><strong>Magistri,</strong></span> <span class='ocrx_word' id='word_1_1039' title='bbox 1323 2617 1342 2633; x_wconf 87' lang='lat' dir='ltr'><strong>c.</strong></span> <span class='ocrx_word' id='word_1_1040' title='bbox 1360 2611 1382 2633; x_wconf 80' lang='lat'><strong>7.</strong></span> <span class='ocrx_word' id='word_1_1041' title='bbox 1399 2618 1463 2640; x_wconf 85' lang='lat' dir='ltr'><strong>seqq.</strong></span> 
     </span>
    </p>

    <p class='ocr_par' dir='ltr' id='par_1_33' title="bbox 1001 2642 1845 2734">
     <span class='ocr_line' id='line_1_130' title="bbox 1066 2642 1845 2677; baseline 0.003 -13"><span class='ocrx_word' id='word_1_1042' title='bbox 1066 2642 1084 2654; x_wconf 80' lang='lat'><strong>¹⁵</strong></span> <span class='ocrx_word' id='word_1_1043' title='bbox 1102 2643 1183 2664; x_wconf 84' lang='lat' dir='ltr'><strong>Psalm.</strong></span> <span class='ocrx_word' id='word_1_1044' title='bbox 1204 2642 1256 2668; x_wconf 72' lang='grc'>140,</span> <span class='ocrx_word' id='word_1_1045' title='bbox 1275 2643 1302 2664; x_wconf 66' lang='lat' dir='ltr'><strong>st:</strong></span> <span class='ocrx_word' id='word_1_1046' title='bbox 1321 2642 1353 2664; x_wconf 72' lang='lat' dir='ltr'><strong>Ad</strong></span> <span class='ocrx_word' id='word_1_1047' title='bbox 1371 2642 1512 2677; x_wconf 76' lang='lat' dir='ltr'><strong>excusandas</strong></span> <span class='ocrx_word' id='word_1_1048' title='bbox 1529 2643 1685 2665; x_wconf 75' lang='lat' dir='ltr'><strong>excusationes</strong></span> <span class='ocrx_word' id='word_1_1049' title='bbox 1703 2643 1845 2671; x_wconf 63' lang='lat' dir='ltr'><strong>inpeccatis</strong></span> 
     </span>
     <span class='ocr_line' id='line_1_131' title="bbox 1001 2673 1809 2734; baseline 0.004 -9"><span class='ocrx_word' id='word_1_1050' title='bbox 1001 2685 1033 2689; x_wconf 73' lang='grc'><strong>-</strong></span> <span class='ocrx_word' id='word_1_1051' title='bbox 1050 2674 1085 2716; x_wconf 59' lang='lat' dir='ltr'><strong>“2³ss</strong></span> <span class='ocrx_word' id='word_1_1052' title='bbox 1097 2674 1201 2726; x_wconf 54' lang='lat' dir='ltr'><strong>tatu·</strong></span> <span class='ocrx_word' id='word_1_1053' title='bbox 1214 2674 1356 2726; x_wconf 62' lang='lat' dir='ltr'><strong>3}¹.&#39;¹¹-5³‘¹td¹.</strong></span> <span class='ocrx_word' id='word_1_1054' title='bbox 1376 2673 1656 2727; x_wconf 49' lang='lat' dir='ltr'><strong>inetetss‘tf²⁸ffi².⁰l‡5}isft</strong></span> <span class='ocrx_word' id='word_1_1055' title='bbox 1672 2706 1770 2734; x_wconf 70' lang='lat' dir='ltr'><strong>propter</strong></span> <span class='ocrx_word' id='word_1_1056' title='bbox 1788 2707 1809 2728; x_wconf 58' lang='lat' dir='ltr'><strong>[e</strong></span> 
     </span>
    </p>

    <p class='ocr_par' dir='ltr' id='par_1_34' title="bbox 1002 2719 1845 2920">
     <span class='ocr_line' id='line_1_132' title="bbox 1065 2719 1845 2765; baseline 0.003 -8"><span class='ocrx_word' id='word_1_1057' title='bbox 1065 2734 1083 2747; x_wconf 89' lang='lat'><strong>¹⁷</strong></span> <span class='ocrx_word' id='word_1_1058' title='bbox 1102 2736 1131 2757; x_wconf 82' lang='lat' dir='ltr'><strong>lta</strong></span> <span class='ocrx_word' id='word_1_1059' title='bbox 1149 2722 1254 2762; x_wconf 72' lang='lat' dir='ltr'><strong>A3⁷Bon.</strong></span> <span class='ocrx_word' id='word_1_1060' title='bbox 1272 2741 1324 2757; x_wconf 81' lang='lat' dir='ltr'><strong>cum</strong></span> <span class='ocrx_word' id='word_1_1061' title='bbox 1343 2735 1379 2757; x_wconf 86' lang='lat' dir='ltr'><strong>ed.</strong></span> <span class='ocrx_word' id='word_1_1062' title='bbox 1402 2736 1406 2757; x_wconf 98' lang='grc'><strong>1</strong></span> <span class='ocrx_word' id='word_1_1063' title='bbox 1430 2719 1588 2763; x_wconf 75' lang='lat' dir='ltr'><strong>praecedentia</strong></span> <span class='ocrx_word' id='word_1_1064' title='bbox 1601 2737 1629 2758; x_wconf 86' lang='lat' dir='ltr'><strong>ita</strong></span> <span class='ocrx_word' id='word_1_1065' title='bbox 1645 2736 1750 2759; x_wconf 67' lang='lat' dir='ltr'><strong>exhibet:</strong></span> <span class='ocrx_word' id='word_1_1066' title='bbox 1767 2723 1845 2765; x_wconf 69' lang='lat' dir='ltr'><strong>Neque</strong></span> 
     </span>
     <span class='ocr_line' id='line_1_133' title="bbox 1002 2765 1845 2796; baseline 0.002 -8"><span class='ocrx_word' id='word_1_1067' title='bbox 1002 2766 1063 2788; x_wconf 85' lang='lat' dir='ltr'><strong>euim</strong></span> <span class='ocrx_word' id='word_1_1068' title='bbox 1081 2765 1155 2788; x_wconf 81' lang='lat' dir='ltr'><strong>hunus</strong></span> <span class='ocrx_word' id='word_1_1069' title='bbox 1172 2769 1241 2794; x_wconf 84' lang='lat' dir='ltr'><strong>esset,</strong></span> <span class='ocrx_word' id='word_1_1070' title='bbox 1259 2767 1277 2788; x_wconf 79' lang='lat' dir='ltr'><strong>si</strong></span> <span class='ocrx_word' id='word_1_1071' title='bbox 1296 2770 1316 2788; x_wconf 80' lang='lat' dir='ltr'><strong>te</strong></span> <span class='ocrx_word' id='word_1_1072' title='bbox 1334 2767 1393 2788; x_wconf 83' lang='lat' dir='ltr'><strong>male</strong></span> <span class='ocrx_word' id='word_1_1073' title='bbox 1410 2767 1511 2794; x_wconf 77' lang='lat' dir='ltr'><strong>iecisset,</strong></span> <span class='ocrx_word' id='word_1_1074' title='bbox 1529 2771 1623 2795; x_wconf 82' lang='lat' dir='ltr'><strong>propter</strong></span> <span class='ocrx_word' id='word_1_1075' title='bbox 1640 2774 1710 2796; x_wconf 81' lang='lat' dir='ltr'><strong>quem</strong></span> <span class='ocrx_word' id='word_1_1076' title='bbox 1727 2769 1804 2790; x_wconf 80' lang='lat' dir='ltr'><strong>omnia</strong></span> <span class='ocrx_word' id='word_1_1077' title='bbox 1816 2769 1845 2790; x_wconf 83' lang='lat' dir='ltr'><strong>se-</strong></span> 
     </span>
     <span class='ocr_line' id='line_1_134' title="bbox 1003 2797 1843 2827; baseline 0.004 -9"><span class='ocrx_word' id='word_1_1078' title='bbox 1003 2797 1045 2823; x_wconf 81' lang='lat' dir='ltr'><strong>cit,</strong></span> <span class='ocrx_word' id='word_1_1079' title='bbox 1062 2803 1123 2825; x_wconf 79' lang='lat' dir='ltr'><strong>quae</strong></span> <span class='ocrx_word' id='word_1_1080' title='bbox 1140 2800 1234 2825; x_wconf 84' lang='lat' dir='ltr'><strong>propter</strong></span> <span class='ocrx_word' id='word_1_1081' title='bbox 1253 2800 1274 2819; x_wconf 89' lang='lat' dir='ltr'><strong>te</strong></span> <span class='ocrx_word' id='word_1_1082' title='bbox 1293 2797 1351 2819; x_wconf 82' lang='lat' dir='ltr'><strong>bona</strong></span> <span class='ocrx_word' id='word_1_1083' title='bbox 1370 2799 1426 2820; x_wconf 69' lang='lat' dir='ltr'><strong>tacta</strong></span> <span class='ocrx_word' id='word_1_1084' title='bbox 1446 2798 1512 2820; x_wconf 80' lang='lat' dir='ltr'><strong>valde</strong></span> <span class='ocrx_word' id='word_1_1085' title='bbox 1525 2799 1575 2820; x_wconf 65' lang='lat' dir='ltr'><strong>fecit</strong></span> <span class='ocrx_word' id='word_1_1086' title='bbox 1586 2799 1671 2820; x_wconf 83' lang='lat' dir='ltr'><strong>omnia.</strong></span> <span class='ocrx_word' id='word_1_1087' title='bbox 1686 2799 1774 2821; x_wconf 86' lang='lat' dir='ltr'><strong>Bonum</strong></span> <span class='ocrx_word' id='word_1_1088' title='bbox 1786 2805 1843 2827; x_wconf 78' lang='lat' dir='ltr'><strong>ergo</strong></span> 
     </span>
     <span class='ocr_line' id='line_1_135' title="bbox 1002 2827 1841 2857; baseline 0.002 -7"><span class='ocrx_word' id='word_1_1089' title='bbox 1002 2831 1024 2850; x_wconf 90' lang='lat' dir='ltr'><strong>et</strong></span> <span class='ocrx_word' id='word_1_1090' title='bbox 1040 2828 1107 2850; x_wconf 81' lang='lat' dir='ltr'><strong>valde</strong></span> <span class='ocrx_word' id='word_1_1091' title='bbox 1124 2827 1210 2850; x_wconf 79' lang='lat' dir='ltr'><strong>bonurn</strong></span> <span class='ocrx_word' id='word_1_1092' title='bbox 1229 2829 1280 2851; x_wconf 76' lang='lat' dir='ltr'><strong>iecit</strong></span> <span class='ocrx_word' id='word_1_1093' title='bbox 1297 2832 1318 2850; x_wconf 87' lang='lat' dir='ltr'><strong>te</strong></span> <span class='ocrx_word' id='word_1_1094' title='bbox 1336 2828 1404 2851; x_wconf 85' lang='lat' dir='ltr'><strong>Deus.</strong></span> <span class='ocrx_word' id='word_1_1095' title='bbox 1421 2829 1497 2851; x_wconf 80' lang='lat' dir='ltr'><strong>Bonus</strong></span> <span class='ocrx_word' id='word_1_1096' title='bbox 1514 2832 1537 2851; x_wconf 87' lang='lat' dir='ltr'><strong>tu</strong></span> <span class='ocrx_word' id='word_1_1097' title='bbox 1556 2830 1615 2857; x_wconf 81' lang='lat' dir='ltr'><strong>ipse,</strong></span> <span class='ocrx_word' id='word_1_1098' title='bbox 1639 2833 1660 2852; x_wconf 85' lang='lat' dir='ltr'><strong>te</strong></span> <span class='ocrx_word' id='word_1_1099' title='bbox 1682 2836 1737 2852; x_wconf 84' lang='lat' dir='ltr'><strong>vere</strong></span> <span class='ocrx_word' id='word_1_1100' title='bbox 1754 2831 1841 2852; x_wconf 82' lang='lat' dir='ltr'><strong>malurn</strong></span> 
     </span>
     <span class='ocr_line' id='line_1_136' title="bbox 1002 2859 1845 2889; baseline 0.002 -8"><span class='ocrx_word' id='word_1_1101' title='bbox 1002 2859 1063 2881; x_wconf 82' lang='lat' dir='ltr'><strong>facis.</strong></span> <span class='ocrx_word' id='word_1_1102' title='bbox 1081 2859 1104 2881; x_wconf 79' lang='lat' dir='ltr'><strong>Si</strong></span> <span class='ocrx_word' id='word_1_1103' title='bbox 1122 2859 1235 2882; x_wconf 73' lang='lat' dir='ltr'><strong>deleveris</strong></span> <span class='ocrx_word' id='word_1_1104' title='bbox 1251 2860 1274 2881; x_wconf 89' lang='lat' dir='ltr'><strong>in</strong></span> <span class='ocrx_word' id='word_1_1105' title='bbox 1293 2863 1313 2882; x_wconf 94' lang='lat' dir='ltr'><strong>te</strong></span> <span class='ocrx_word' id='word_1_1106' title='bbox 1330 2860 1393 2888; x_wconf 86' lang='lat' dir='ltr'><strong>quod</strong></span> <span class='ocrx_word' id='word_1_1107' title='bbox 1411 2863 1433 2881; x_wconf 78' lang='lat' dir='ltr'><strong>tu</strong></span> <span class='ocrx_word' id='word_1_1108' title='bbox 1452 2860 1501 2888; x_wconf 87' lang='lat' dir='ltr'><strong>ipse</strong></span> <span class='ocrx_word' id='word_1_1109' title='bbox 1518 2861 1585 2888; x_wconf 80' lang='lat' dir='ltr'><strong>sacis,</strong></span> <span class='ocrx_word' id='word_1_1110' title='bbox 1600 2861 1712 2889; x_wconf 77' lang='lat' dir='ltr'><strong>invenies,</strong></span> <span class='ocrx_word' id='word_1_1111' title='bbox 1723 2861 1845 2884; x_wconf 64' lang='grc'>10100110-</span> 
     </span>
     <span class='ocr_line' id='line_1_137' title="bbox 1002 2890 1599 2920; baseline 0.003 -8"><span class='ocrx_word' id='word_1_1112' title='bbox 1002 2896 1056 2912; x_wconf 87' lang='lat' dir='ltr'><strong>uum</strong></span> <span class='ocrx_word' id='word_1_1113' title='bbox 1075 2893 1096 2912; x_wconf 91' lang='lat' dir='ltr'><strong>te</strong></span> <span class='ocrx_word' id='word_1_1114' title='bbox 1113 2896 1162 2912; x_wconf 85' lang='lat' dir='ltr'><strong>esse</strong></span> <span class='ocrx_word' id='word_1_1115' title='bbox 1180 2890 1236 2912; x_wconf 88' lang='lat' dir='ltr'><strong>inter</strong></span> <span class='ocrx_word' id='word_1_1116' title='bbox 1254 2894 1383 2917; x_wconf 70' lang='lat' dir='ltr'><strong>creaturas,</strong></span> <span class='ocrx_word' id='word_1_1117' title='bbox 1399 2897 1458 2920; x_wconf 82' lang='lat' dir='ltr'><strong>quas</strong></span> <span class='ocrx_word' id='word_1_1118' title='bbox 1476 2891 1523 2919; x_wconf 87' lang='lat' dir='ltr'><strong>ipse</strong></span> <span class='ocrx_word' id='word_1_1119' title='bbox 1541 2892 1599 2914; x_wconf 74' lang='lat' dir='ltr'><strong>secIt.</strong></span> 
     </span>
    </p>

    <p class='ocr_par' dir='ltr' id='par_1_35' title="bbox 1002 2920 1846 3006">
     <span class='ocr_line' id='line_1_138' title="bbox 1064 2920 1844 2950; baseline 0.004 -7"><span class='ocrx_word' id='word_1_1120' title='bbox 1064 2920 1083 2933; x_wconf 82' lang='lat'><strong>¹⁸</strong></span> <span class='ocrx_word' id='word_1_1121' title='bbox 1099 2920 1146 2944; x_wconf 76' lang='lat' dir='ltr'><strong>Cir.</strong></span> <span class='ocrx_word' id='word_1_1122' title='bbox 1162 2922 1218 2943; x_wconf 84' lang='lat' dir='ltr'><strong>Gen.</strong></span> <span class='ocrx_word' id='word_1_1123' title='bbox 1240 2922 1258 2948; x_wconf 86' lang='grc'><strong>1,</strong></span> <span class='ocrx_word' id='word_1_1124' title='bbox 1275 2922 1312 2944; x_wconf 71' lang='lat'><strong>⁶26.</strong></span> <span class='ocrx_word' id='word_1_1125' title='bbox 1329 2928 1394 2950; x_wconf 83' lang='lat' dir='ltr'><strong>seqq.</strong></span> <span class='ocrx_word' id='word_1_1126' title='bbox 1409 2935 1436 2938; x_wconf 95' lang='lat'><strong>—</strong></span> <span class='ocrx_word' id='word_1_1127' title='bbox 1452 2922 1554 2945; x_wconf 85' lang='lat' dir='ltr'><strong>Subinde</strong></span> <span class='ocrx_word' id='word_1_1128' title='bbox 1571 2923 1681 2950; x_wconf 75' lang='lat' dir='ltr'><strong>allegatur</strong></span> <span class='ocrx_word' id='word_1_1129' title='bbox 1699 2924 1758 2946; x_wconf 83' lang='lat' dir='ltr'><strong>ioan.</strong></span> <span class='ocrx_word' id='word_1_1130' title='bbox 1776 2924 1793 2949; x_wconf 83' lang='lat' dir='ltr'><strong>l,</strong></span> <span class='ocrx_word' id='word_1_1131' title='bbox 1811 2923 1844 2946; x_wconf 75' lang='lat' dir='ltr'><strong>tt.</strong></span> 
     </span>
     <span class='ocr_line' id='line_1_139' title="bbox 1004 2952 1846 3006; baseline 0.002 -32"><span class='ocrx_word' id='word_1_1132' title='bbox 1004 2964 1032 3006; x_wconf 54' lang='grc' dir='ltr'>ἶ</span> <span class='ocrx_word' id='word_1_1133' title='bbox 1051 2952 1092 2986; x_wconf 65' lang='lat' dir='ltr'><strong>l&#39;ro</strong></span> <span class='ocrx_word' id='word_1_1134' title='bbox 1108 2952 1187 2981; x_wconf 78' lang='lat' dir='ltr'><strong>primo</strong></span> <span class='ocrx_word' id='word_1_1135' title='bbox 1205 2956 1226 2975; x_wconf 78' lang='lat' dir='ltr'><strong>et</strong></span> <span class='ocrx_word' id='word_1_1136' title='bbox 1241 2952 1360 2982; x_wconf 72' lang='lat' dir='ltr'><strong>posterius</strong></span> <span class='ocrx_word' id='word_1_1137' title='bbox 1379 2953 1416 2977; x_wconf 81' lang='lat' dir='ltr'><strong>(ita</strong></span> <span class='ocrx_word' id='word_1_1138' title='bbox 1436 2954 1462 2977; x_wconf 69' lang='lat' dir='ltr'><strong>A&gt;</strong></span> <span class='ocrx_word' id='word_1_1139' title='bbox 1480 2954 1516 2976; x_wconf 82' lang='lat' dir='ltr'><strong>ed.</strong></span> <span class='ocrx_word' id='word_1_1140' title='bbox 1535 2955 1540 2975; x_wconf 91' lang='grc'><strong>1</strong></span> <span class='ocrx_word' id='word_1_1141' title='bbox 1567 2958 1589 2977; x_wconf 83' lang='lat' dir='ltr'><strong>et</strong></span> <span class='ocrx_word' id='word_1_1142' title='bbox 1612 2955 1665 2977; x_wconf 81' lang='lat' dir='ltr'><strong>Bou.</strong></span> <span class='ocrx_word' id='word_1_1143' title='bbox 1682 2954 1750 2983; x_wconf 77' lang='lat' dir='ltr'><strong>prior</strong></span> <span class='ocrx_word' id='word_1_1144' title='bbox 1767 2958 1788 2977; x_wconf 87' lang='lat' dir='ltr'><strong>ct</strong></span> <span class='ocrx_word' id='word_1_1145' title='bbox 1805 2960 1846 2983; x_wconf 82' lang='lat' dir='ltr'><strong>po-</strong></span> 
     </span>
     <span class='ocr_line' id='line_1_140' title="bbox 1002 2989 1094 3006; baseline 0 -1"><span class='ocrx_word' id='word_1_1146' title='bbox 1002 2990 1013 3005; x_wconf 85' lang='lat' dir='ltr'><strong>s</strong></span> <span class='ocrx_word' id='word_1_1147' title='bbox 1024 2989 1094 3006; x_wconf 73' lang='lat' dir='ltr'><strong>emor.</strong></span> 
     </span>
    </p>
   </div>
  </div>
 </body>
</html>
