2133 3317
570 201 767 231 OPUSCULUM
786 201 828 230 XI.
850 201 1012 231 APOLOGIA
1032 202 1213 232 PAUPERUM.
1235 203 1303 232 CAP.
1325 204 1367 233 lx.

178 281 225 310 ΞΟ.
247 280 339 309 Tertio
359 287 471 318 quoque
491 279 525 308 ad
546 279 599 308 hoc
619 279 711 316 ipsum
737 279 809 308 valet
832 279 946 308 ratione

5 335 85 360 aurito·
101 326 308 366 superinfusae
328 326 540 356 consolationis'.
562 326 638 355 Unde
661 326 876 362 Cbrysostomus
896 326 946 354 ho-

101 374 175 404 milia
205 376 306 411 quarta
336 381 421 410 super
451 373 619 401 Matthaeum
634 373 658 401 ¹:
694 383 708 398 α
726 372 945 406 Descendamus,

101 421 205 459 inquit,
225 420 260 449 ad
281 420 451 457 paupertatis
472 419 627 453 caminum,
649 419 806 453 videamus,
821 419 869 456 qui
888 427 945 447 am-

101 468 197 498 bulant
217 467 245 496 in
265 475 298 496 eo
318 470 345 496 et
366 467 502 495 elatorum
524 466 594 495 colla
608 466 785 499 conculcant,
804 465 946 494 videamus

101 513 265 544 miraculum
286 516 313 542 et
333 513 507 550 paradoxum
529 512 667 541 hominem
689 512 716 541 in
738 512 845 541 camino
873 512 945 548 psal—

101 562 217 595 lentem,
239 560 378 589 hominem
399 560 426 588 in
448 559 511 597 igne
532 559 634 596 gratias
659 562 800 596 agentem,
826 566 946 595 pauper-

101 607 148 636 tati
168 607 282 636 ultimae
302 607 443 643 alligatum
465 609 492 635 et
512 606 628 635 multam
649 605 783 634 ferentem
804 606 860 634 Deo
886 605 945 634 lau-

100 654 245 684 dationem.
267 653 371 682 Etenim
393 653 487 690 pueris
502 653 555 682 illis
570 652 660 681 tribus
674 652 777 681 similes
795 655 876 686 sunt,
898 652 945 689 qui

100 703 288 739 paupertatem
310 708 374 729 cum
395 700 549 737 gratiarum
569 699 675 728 actione
696 699 809 733 ferunt;
831 707 894 728 nam
919 702 947 728 et

100 748 160 785 igne
181 747 334 776 terribilius
362 749 510 783 paupertas
541 746 687 775 incendere
715 746 872 780 consuevit,
899 746 945 775 sed

99 802 201 832 pueros
221 794 282 822 illos
302 801 476 830 nequaquam
498 793 626 822 incendit.
649 793 688 821 Ita
708 795 735 821 et
762 800 852 826 nuuc,
874 792 895 821 si
918 792 945 821 in

99 844 260 879 paupertate
281 841 383 878 gratias
407 840 511 877 egeris,
543 839 653 868 vincula
680 839 886 873 dissolvuntur,
918 842 945 868 et

100 888 211 917 flamma
231 887 436 924 exstinguitur,
450 890 478 916 et
498 887 520 915 si
535 894 589 915 non
604 886 741 914 exstincta
755 885 853 920 fuerit,
868 886 941 922 quod

99 935 187 964 multo
207 934 363 963 mirabilius
383 937 440 968 est,
462 941 513 971 pro
527 933 639 962 flamma
654 941 700 961 ros
724 933 838 961 orietur.
865 932 944 969 Quod

99 985 127 1011 et
146 981 174 1010 in
195 980 454 1018 philosophantibus
475 983 516 1009 est
537 979 647 1013 videre,
669 979 798 1016 quoniam
821 979 848 1008 in
881 987 945 1016 pau-

100 1031 205 1065 pertate
226 1027 358 1057 divitibus
378 1027 516 1064 copiosius
536 1026 723 1063 disponuntur
751 1029 778 1055 et
799 1026 825 1055 in
855 1026 945 1055 medio

99 1075 205 1105 camino
226 1082 290 1103 rore
311 1082 382 1111 puro
414 1074 567 1111 potiuntur.
597 1073 701 1102 Etenim
734 1073 874 1101 maximus
904 1075 946 1101 est

99 1130 145 1151 ros
171 1130 226 1151 non
257 1121 374 1151 detineri
396 1121 617 1158 concupiscentia
647 1120 815 1149 divitiarum.
848 1120 879 1148 Et
907 1120 945 1148 illi

99 1172 181 1204 tunc,
203 1171 409 1198 contemnentes
430 1176 539 1205 regem,
560 1168 622 1196 facti
641 1171 707 1196 sunt
722 1175 785 1204 rege
800 1167 945 1201 clariores;

99 1219 127 1245 et
146 1219 177 1245 tu
198 1216 312 1253 utique,
334 1216 356 1244 si
377 1215 539 1252 despexeris
560 1214 699 1243 mundana
719 1214 843 1251 negotia,
872 1214 946 1242 omni

100 1263 203 1292 mundo
224 1263 280 1292 eris
311 1262 515 1296 honorabilior,
547 1261 700 1290 secundum
728 1261 841 1289 Sanctos
873 1260 946 1294 illos,

101 1309 207 1348 quibas
228 1309 336 1347 diffluis
357 1317 415 1337 mm
435 1312 500 1337 erat
513 1308 643 1337 mirallas
658 1308 677 1335 2.
700 1308 734 1336 Ut
748 1307 832 1344 igitur
847 1307 947 1344 dignus

101 1356 182 1385 caelis
203 1355 347 1389 efficiaris,
368 1355 463 1384 deride
484 1354 653 1392 praesentia;
676 1354 713 1382 ita
733 1354 805 1383 enim
828 1354 872 1382 hic
892 1354 947 1383 eris

100 1403 199 1432 clarior
220 1406 247 1432 et
267 1403 371 1432 futuris
392 1403 505 1440 potieris
533 1402 612 1431 bonis
626 1413 652 1429 ».
681 1402 829 1438 Hucusque
861 1401 947 1438 Chry-

100 1453 249 1485 sostomus,
260 1450 401 1479 evidenter
416 1449 577 1483 ostendens,
592 1448 665 1485 quod
683 1449 838 1477 voluntaria
852 1456 946 1477 rerum

100 1498 215 1535 penuria
237 1500 278 1526 est
305 1505 389 1534 quam
417 1496 538 1525 maxime
566 1496 642 1525 utilis
672 1495 704 1524 ad
738 1495 946 1532 perfruitionem

101 1546 224 1574 internae
246 1544 432 1573 iucunditatis.

178 1593 224 1620 ⁶21.
248 1591 325 1620 Valet
345 1593 373 1619 et
393 1593 494 1628 quarto
517 1590 550 1619 ad
574 1590 799 1627 publicationem.
827 1599 946 1628 evaizye-

0 1643 88 1663 muti·
100 1638 171 1667 licae
183 1637 431 1675 praedicationis,
446 1637 584 1674 primum,
600 1637 665 1674 quia
680 1636 755 1674 facit
769 1645 834 1665 eam
850 1637 946 1674 magis

0 1673 7 1686 s
12 1667 57 1687 niet
63 1667 87 1686 ad

2 1690 40 1711 .n·
50 1691 87 1715 pri·
98 1684 269 1714 credibilem.
285 1685 360 1714 Unde
374 1684 588 1721 Chrysostomus
603 1682 716 1712 homilia
730 1683 835 1712 decima
849 1684 946 1720 quinta

99 1739 182 1769 super
204 1731 410 1760 lllatthaeum3:
436 1731 537 1759 «Talis
568 1734 610 1759 est
641 1730 753 1759 luminis
785 1731 888 1764 virtus,
915 1733 945 1759 ut

97 1786 152 1807 non
172 1778 262 1807 solum
284 1778 387 1812 luceat,
409 1778 456 1807 sed
478 1781 505 1806 et
526 1777 591 1806 illuc
619 1777 703 1805 ducat
731 1777 791 1806 illos
822 1777 869 1814 qui
902 1785 944 1806 se-

96 1829 231 1863 quuntur.
253 1824 321 1853 Cum
343 1825 415 1854 enim
438 1824 557 1853 viderint
587 1824 679 1852 omnia
709 1824 864 1861 praesentia
894 1832 944 1853 nos

96 1875 302 1901 contemnentes
322 1874 349 1900 et
369 1871 403 1899 ad
424 1871 520 1900 futura
541 1874 732 1908 praeparatos,
754 1873 818 1900 ante
832 1879 942 1900 omnem

96 1926 250 1948 sermonem
272 1918 404 1955 operibus
434 1918 537 1947 nostris
565 1917 686 1946 credent.
713 1918 781 1954 Quis
802 1918 874 1946 enim
908 1918 945 1946 ita

96 1968 138 1995 est
157 1973 267 1999 amens,
289 1968 336 1999 ut,
360 1965 454 1994 videns
474 1972 539 1993 eum
561 1965 609 2002 qui
630 1965 690 1993 heri
712 1968 739 1993 et
770 1968 834 1993 ante
865 1964 944 1993 lasci—

97 2012 187 2041 viebat
207 2015 234 2041 et
255 2012 408 2046 ditabatur,
431 2012 524 2040 omnia
545 2015 663 2041 exutum
685 2015 712 2040 et
733 2012 767 2040 ad
794 2012 896 2040 famem
916 2015 943 2040 et

97 2059 214 2096 inopiam
236 2061 264 2088 et
283 2059 382 2088 duram
403 2059 488 2087 vitam
510 2062 537 2087 et
557 2059 681 2095 pericula
695 2062 722 2087 et
737 2059 898 2096 sanguinem
916 2061 943 2087 et

96 2106 258 2135 occisionem
280 2109 307 2135 et
331 2105 436 2140 omnia,
452 2113 523 2143 quae
538 2106 667 2134 videntur
682 2106 852 2142 periculosa,
867 2113 944 2142 prae-

97 2155 238 2189 paratum,
260 2161 314 2181 non
336 2153 507 2182 manifestam
540 2152 656 2189 accipiat
688 2152 751 2181 hinc
782 2152 943 2181 futurorum

97 2199 380 2228 demonstrationem?
401 2200 427 2228 Si
448 2202 541 2228 autem
562 2199 755 2236 praesentibus
775 2207 825 2228 nos
852 2199 943 2236 impli-

97 2245 238 2275 cuerimus
265 2249 293 2274 et
320 2246 569 2281 immiscuerimus‚
591 2246 711 2283 qualiter
732 2249 864 2283 poterunt
884 2254 943 2275 cre-

97 2292 176 2327 dere,
197 2292 271 2330 quod
292 2293 325 2321 ad
341 2293 539 2330 possessionem
554 2293 634 2322 aliam
650 2293 811 2322 festinemus
825 2296 859 2321 »ἲ
874 2293 944 2322 Huc-

97 2346 187 2376 usque
206 2339 428 2376 Cbrysostomus.
452 2340 480 2368 ln
501 2340 544 2368 his
568 2340 641 2368 clare
665 2340 851 2374 demonstrat,
870 2339 943 2377 quod

98 2385 269 2415 voluntariae
289 2386 461 2423 paupertatis
475 2386 634 2423 exemplum
650 2387 675 2415 in
693 2386 867 2423 praedicante
885 2394 945 2415 ma-

98 2432 139 2470 gis
159 2433 318 2462 credibilem
339 2433 403 2462 facit
423 2433 607 2470 evangelicam
628 2433 867 2470 praedicationem.

161 2604 169 2617 ¹
187 2605 253 2628 Num.
273 2606 309 2628 42.
326 2606 456 2634 Respicitur
473 2607 528 2628 Dan.
547 2607 572 2633 3,
598 2606 640 2635 24,
665 2607 695 2629 de
720 2606 793 2629 tribus
819 2606 897 2634 pueris
922 2607 943 2628 in

98 2644 189 2667 camino
207 2644 274 2672 ignis.
291 2645 376 2668 Textus
392 2646 511 2673 originalis
528 2646 580 2668 hinc
597 2645 651 2668 inde
668 2646 731 2674 plura
750 2646 871 2668 interserit.

161 2682 170 2695 ²
188 2682 258 2705 Hebr.
276 2684 317 2711 lt,
335 2684 372 2706 38.
390 2697 420 2700 -
436 2685 559 2713 Aliquanto
576 2685 670 2707 inferius
686 2684 784 2707 vocibus
800 2690 884 2707 rerum
908 2690 944 2713 pe-

99 2721 172 2745 nuria
188 2722 242 2745 edd.
263 2723 394 2751 praefigunt
407 2725 539 2753 paupertas
556 2725 584 2746 et.
810 2722 819 2735 ⁸
837 2723 903 2746 Num.
922 2723 944 2745 9.

161 2760 171 2773 ⁴
188 2761 221 2783 De
233 2761 287 2784 Fide
298 2762 389 2785 orthod.
401 2768 421 2785 c.
434 2762 455 2784 4.
468 2763 510 2785 l‘ro
522 2762 623 2785 armatis
635 2761 777 2785 exercitibus
788 2762 825 2784 ed.
838 2762 845 2784 l
859 2761 943 2789 armis,

99 2799 255 2828 exercitibus,
273 2803 346 2823 textus
357 2801 476 2829 originalis
487 2801 563 2824 armis
572 2804 592 2824 el
609 2800 751 2824 exercitibus
759 2819 765 2829 ‚
783 2801 800 2823 B
809 2800 825 2822 C
836 2801 854 2823 D
865 2804 942 2823 contra

102 2840 188 2861 textum
206 2839 341 2867 originalem
359 2840 437 2868 legunt
454 2840 530 2863 armis
547 2839 666 2863 exercitus
690 2839 886 2862 aduersariorum
909 2839 944 2862 de-

102 2876 206 2901 vincens.
223 2878 327 2901 Subinde
343 2881 396 2907 post
412 2880 536 2902 mortuum
553 2882 632 2901 contra
650 2879 668 2901 Α
679 2881 701 2901 et
713 2881 797 2901 textum
809 2878 943 2906 originalem

100 2916 117 2938 B
129 2915 145 2939 C
162 2917 251 2939 addunt
267 2918 288 2940 et
305 2918 379 2940 Deum
396 2919 484 2945 entem,
502 2918 556 2940 cdd.
573 2919 594 2940 el
610 2917 781 2945 dominantem,
799 2923 858 2946 quae
874 2917 942 2939 etiam

101 2960 143 2982 pro
157 2955 291 2985 potentibus
309 2962 431 2984 perperam
447 2956 589 2979 substituunt
605 2955 775 2986 insipientibus.

163 2993 172 3006 ⁶
189 2994 244 3022 Cap.
263 2994 304 3017 37:
321 2995 425 3024 merique
443 3001 469 3018 ex
486 2995 546 3018 illius
563 2995 672 3023 temporis
689 2994 819 3023 discipulis,
842 3001 942 3024 quorum

1790 205 1844 236 301

1080 281 1206 310 Secundo
1226 282 1308 311 etiam
1328 282 1416 317 valet,
1430 282 1496 320 quia
1516 283 1614 320 nzaqis
1634 283 1730 312 reddit
1753 283 1848 322 efficae

1002 334 1078 361 cem,
1101 327 1180 356 iuxta
1201 328 1275 365 quod
1295 329 1481 358 Damascenus
1513 329 1584 358 libro
1608 333 1709 367 quarto
1723 330 1736 347 4
1766 330 1847 360 dicit:

1007 384 1020 397 α
1037 373 1212 411 Evangelium
1240 375 1403 412 cognitionis
1423 376 1470 404 Dei
1502 376 1690 413 praedicatum
1714 381 1771 412 est,
1793 385 1847 407 non

1002 419 1081 448 bellis
1101 423 1128 449 et
1148 421 1261 450 armatis
1282 422 1452 451 exercitibus
1480 422 1653 452 adversarios
1683 423 1846 458 devincens,

1002 466 1050 495 sed
1071 467 1166 503 pauci,
1188 468 1271 502 nudi,
1292 476 1436 505 pauperes,
1452 469 1601 504 illitterati,
1616 471 1770 507 persecuti,
1786 479 1848 500 ver-

1002 513 1107 547 berati,
1129 514 1295 549 mortificati,
1318 515 1486 544 crucifixum
1502 516 1529 545 in
1551 524 1633 545 carne
1654 520 1682 546 et
1702 520 1846 547 mortuum

1003 560 1206 596 praedicantes,
1236 562 1406 598 sapientibus
1439 565 1466 591 et
1500 563 1659 600 potentibus
1685 565 1848 601 praevalue-

1003 609 1110 635 runt».
1133 607 1202 636 Haec
1223 608 1417 637 Damascenus.
1436 625 1473 629 —
1495 610 1598 638 Horum
1626 610 1778 639 imitatores
1809 611 1848 640 illi

1002 652 1129 688 fuerunt,
1160 654 1194 683 de
1225 655 1327 691 quibus
1358 655 1385 684 in
1416 656 1600 685 ecclesiastica
1631 657 1746 686 historia
1776 657 1847 687 libro

1003 700 1084 728 tertio
1099 700 1110 716 ⁵
1131 700 1196 729 dicit
1219 701 1367 730 Eusebius:
1394 714 1407 727 «
1422 702 1553 739 Quidam,
1568 703 1724 732 ardentiore
1739 703 1847 733 divinae

1002 747 1151 783 sapientiae
1172 748 1321 785 cupiditate
1336 749 1476 784 succensi,
1497 750 1602 779 animas
1617 758 1682 779 suas
1696 751 1782 780 verbo
1797 751 1845 780 Dei

1002 794 1215 828 consecrabant,
1237 795 1381 832 explentes
1412 796 1586 832 perfectionis
1618 798 1739 826 salutare
1767 805 1847 834 prae-

1003 845 1130 877 ceptum,
1152 844 1183 870 ut
1203 842 1347 871 facultates
1368 851 1432 871 suas
1460 844 1549 880 primo
1577 844 1747 881 pauperibus
1777 845 1846 873 divi-

1002 887 1106 921 denteS‚
1116 888 1236 924 expediti
1248 889 1281 917 ad
1295 889 1508 925 praedicandum
1522 890 1698 927 Evangelium
1710 891 1809 920 fierent
1819 902 1846 919 υ.

1081 935 1185 969 Tertio,
1207 935 1273 972 quia
1299 935 1383 973 efficit
1413 945 1478 965 eam
1508 937 1605 974 mayis
1636 937 1846 975 acceptabilem.

1004 980 1079 1009 Unde
1101 989 1185 1018 super
1205 982 1273 1011 illud
1302 983 1445 1011 Matthaei:
1478 983 1593 1021 Diqitus
1620 988 1661 1012 est
1691 984 1847 1021 operarias

1002 1027 1064 1056 cibo
1085 1036 1155 1061 suo,
1183 1028 1248 1057 dicit
1276 1029 1489 1066 Chrysostomus
1513 1030 1626 1059 homilia
1646 1031 1786 1067 trigesima
1806 1039 1848 1060 se-

1003 1074 1092 1103 cunda
1107 1075 1133 1103 6;
1160 1086 1173 1099 «
1188 1075 1376 1110 Manifestum,
1392 1077 1522 1113 quoniam
1543 1085 1559 1105 a
1579 1077 1721 1114 discipulis
1742 1085 1789 1106 eos
1810 1077 1847 1106 ci-

1003 1120 1062 1149 bari
1085 1121 1244 1157 oportebat,
1267 1125 1297 1150 ut
1318 1131 1408 1159 neque
1429 1123 1480 1159 ipsi
1502 1132 1601 1161 magna
1623 1124 1729 1161 sapiant
1750 1125 1847 1153 adver-

1003 1175 1051 1196 sus
1072 1176 1118 1196 eos
1139 1168 1186 1205 qui
1208 1168 1394 1204 docebantur,
1415 1170 1507 1198 onmia
1527 1171 1690 1207 praebentes
1721 1175 1749 1200 et
1779 1171 1848 1200 nihil

1003 1215 1167 1251 accipientes
1198 1216 1232 1244 ab
1261 1216 1341 1252 ipsiS,
1373 1224 1423 1246 nec
1454 1218 1492 1246 illi
1520 1226 1621 1247 rursus
1650 1219 1847 1248 abscindantur

1004 1265 1134 1299 tanquam
1155 1262 1275 1299 despecti
1297 1263 1331 1291 ab
1353 1263 1418 1300 ipsis
1432 1276 1459 1292 n.

1083 1311 1128 1337 22.
1150 1310 1217 1337 Cum
1240 1310 1325 1346 igitur
1346 1311 1501 1339 voluntaria
1523 1319 1617 1340 rerum
1629 1312 1747 1349 penuria
1761 1312 1847 1341 Evan-

1003 1356 1066 1392 gelii
1088 1356 1318 1393 praedicationem
1342 1357 1429 1394 magis
1460 1358 1555 1386 reddat
1585 1358 1764 1393 credibilem,
1790 1358 1847 1397 effi-

1004 1411 1098 1431 cacem
1121 1406 1149 1431 et
1169 1403 1386 1440 acceptabilem,
1408 1412 1440 1433 ac
1455 1412 1503 1441 per
1515 1405 1567 1433 hoc
1582 1405 1722 1434 auditores
1737 1406 1848 1435 inducat

1004 1450 1037 1478 ad
1059 1450 1156 1484 fidem,
1178 1450 1266 1487 erigat
1287 1451 1320 1479 ad
1341 1459 1433 1487 spem,
1454 1452 1555 1480 alliciat
1569 1452 1602 1480 ad
1617 1453 1774 1487 caritatem;
1791 1461 1847 1482 ma-

1004 1497 1134 1526 nifestum
1155 1500 1211 1531 est,
1232 1497 1306 1534 quod
1327 1498 1448 1526 maxime
1469 1498 1540 1527 valet
1560 1499 1594 1527 ad
1615 1500 1786 1536 evangelicae
1801 1508 1847 1529 ve-

1004 1544 1093 1572 ritatis
1114 1544 1335 1581 publicationem.
1357 1545 1442 1573 Cuius
1462 1545 1543 1573 etiam
1573 1545 1684 1574 evidens
1715 1546 1846 1575 indicium

1004 1595 1060 1625 est,
1082 1591 1156 1627 quod
1177 1599 1227 1628 per
1248 1592 1388 1627 Apostolos
1409 1599 1546 1628 pauperes
1566 1592 1651 1621 rebus
1678 1596 1705 1621 et
1733 1593 1845 1629 spiritu,

1004 1646 1173 1675 quamquam
1202 1646 1318 1667 numero
1344 1646 1459 1675 paucos,
1487 1638 1587 1667 diffusa
1617 1642 1659 1668 est
1689 1640 1846 1677 evangelica

1003 1684 1105 1713 veritas
1126 1684 1153 1712 in
1175 1684 1270 1713 orbem
1292 1684 1471 1719 universum,
1487 1688 1519 1714 ut
1532 1685 1565 1714 de
1580 1685 1646 1722 ipsis
1661 1693 1726 1715 vere
1740 1686 1845 1715 dictum

1002 1732 1037 1760 sit
1051 1732 1077 1759 ⁷:
1100 1732 1135 1759 1η
1156 1739 1268 1759 onmem
1289 1735 1399 1759 terram
1420 1731 1508 1760 exivit
1528 1740 1618 1760 sonas
1639 1741 1748 1761 eorum.
1771 1733 1846 1763 Unde

1001 1782 1028 1807 et
1049 1778 1262 1815 chrysostomus
1283 1786 1367 1815 super
1389 1779 1554 1807 Matthaeum
1587 1779 1699 1808 homilia
1726 1780 1846 1817 quadra-

1001 1826 1103 1862 gesima
1124 1828 1203 1854 sexta
1219 1825 1242 1852 ⁸:
1269 1836 1282 1850 «
1297 1825 1323 1853 Si
1345 1827 1437 1854 autem
1453 1825 1578 1854 homines
1592 1826 1735 1855 duodecim
1750 1827 1846 1856 orbem

1001 1874 1141 1901 terrarum
1162 1874 1373 1905 converterunt,
1394 1872 1536 1909 excogita,
1558 1876 1662 1909 quanta
1682 1876 1724 1902 est
1752 1876 1847 1902 nostra

1000 1919 1117 1953 malitia,
1139 1926 1202 1947 cum
1225 1919 1291 1947 tanti
1313 1918 1463 1947 existentes
1483 1927 1530 1947 eos
1551 1919 1598 1956 qui
1619 1922 1769 1956 reguntur,
1791 1928 1846 1949 non

1000 1973 1149 2002 possumus
1169 1965 1325 2002 corrigere,
1356 1973 1427 2002 quos
1457 1965 1551 1994 decem
1582 1966 1704 1995 millibus
1734 1967 1845 1996 mundis

1000 2013 1144 2050 oportebat
1164 2012 1293 2041 sufficere
1313 2015 1341 2041 et
1361 2020 1420 2041 esse
1440 2012 1616 2042 fermentum.
1633 2030 1670 2034 —
1685 2014 1737 2043 Sed
1758 2014 1843 2051 signa,

1000 2059 1052 2093 ais,
1075 2059 1212 2087 habebant
1227 2058 1246 2087 ⁹.
1269 2059 1318 2087 Sed
1341 2067 1394 2087 non
1417 2059 1493 2096 signa
1521 2067 1567 2089 eos
1597 2060 1747 2089 mirabiles
1774 2060 1844 2089 fece-

1001 2109 1075 2134 runt.
1097 2106 1174 2134 Multi
1196 2105 1268 2134 enim
1290 2109 1317 2134 et
1337 2106 1485 2135 daemones
1506 2106 1693 2143 proiicientes,
1715 2107 1780 2144 quia
1794 2107 1844 2136 ini-

1001 2153 1133 2190 quitatem
1155 2153 1261 2189 operati
1282 2156 1362 2188 sunt,
1384 2161 1438 2182 non
1460 2156 1525 2182 sunt
1539 2153 1602 2182 facti
1617 2153 1782 2188 mirabileS,
1798 2154 1845 2183 sed

1000 2199 1098 2236 puniti.
1131 2199 1182 2228 Sed
1210 2199 1292 2236 quid,
1321 2199 1429 2237 inquis,
1460 2203 1517 2236 est,
1549 2200 1623 2237 quod
1653 2208 1700 2229 eos
1727 2200 1846 2229 ostendit

1001 2249 1133 2283 magnos?
1154 2246 1336 2275 pecuniarum
1357 2249 1546 2283 contemptus,
1567 2247 1670 2284 gloriae
1690 2247 1844 2284 despectus,

1000 2293 1035 2322 ab
1056 2293 1185 2322 omnibus
1206 2293 1278 2322 vitae
1306 2293 1390 2322 huius
1415 2294 1531 2330 negotiis
1561 2294 1682 2331 ereptio,
1715 2295 1793 2331 quia,
1822 2295 1844 2324 si

1001 2340 1069 2369 haec
1091 2348 1144 2369 non
1164 2340 1338 2375 habuissent,
1361 2340 1410 2369 etsi
1431 2340 1526 2370 decem
1546 2341 1631 2369 millia
1651 2344 1777 2370 mortuos
1798 2349 1845 2371 su-

1000 2387 1159 2421 scitassent,
1180 2395 1234 2415 non
1256 2388 1346 2416 solum
1367 2387 1435 2416 nulli
1457 2387 1651 2424 profecissent,
1673 2388 1720 2417 sed
1745 2391 1772 2417 et
1802 2396 1844 2418 se-

1000 2432 1130 2462 ductores
1150 2433 1283 2462 aestimati
1299 2437 1389 2462 essent
1403 2445 1430 2462 ».
1454 2434 1600 2471 Hucusque
1614 2434 1843 2471 Chrysostomus,

999 2607 1089 2629 animos
1106 2606 1242 2629 ardentioris
1259 2607 1419 2634 philosophiae
1436 2607 1550 2629 desiderio
1568 2606 1672 2630 Verbum
1689 2608 1794 2631 divinum
1812 2609 1842 2631 in-

1000 2646 1120 2673 cenderat,
1138 2646 1266 2668 servatoris
1283 2646 1353 2668 nostri
1371 2649 1520 2674 praeceptum
1538 2646 1584 2668 iam
1601 2649 1664 2669 antea
1683 2647 1843 2675 expleverant,

1000 2684 1080 2706 divisis
1097 2684 1155 2706 inter
1172 2687 1265 2711 egentes
1277 2684 1422 2707 facultatibus
1433 2684 1488 2707 suis.
1500 2684 1597 2713 Deinde,
1610 2685 1686 2708 relicta
1699 2686 1782 2714 patria,
1795 2692 1844 2714 per-

999 2729 1054 2750 egre
1071 2722 1253 2750 proficiscentes,
1270 2729 1356 2745 munus
1372 2723 1468 2746 obibant
1484 2724 1676 2751 evangelistarum
1694 2728 1737 2747 etc.

1062 2759 1072 2772 ⁶
1089 2761 1149 2783 Alias
1165 2761 1203 2783 33.
1221 2767 1243 2783 n.
1261 2761 1283 2783 4.
1300 2761 1323 2783 in
1341 2761 1397 2788 fine,
1415 2761 1455 2784 ubi
1472 2762 1565 2790 exponit
1582 2763 1658 2785 lllattli.
1677 2763 1718 2790 lO,
1742 2763 1778 2786 lO.
1801 2764 1843 2787 Pro

1001 2799 1144 2823 docebuntur
1161 2800 1214 2822 edd.
1232 2804 1310 2823 contra
1328 2800 1424 2823 ABCG
1442 2807 1564 2829 perperam
1582 2800 1728 2825 dicebantur.

1063 2838 1071 2851 ⁷
1089 2839 1169 2861 Psalm.
1188 2839 1230 2867 48,
1247 2839 1268 2861 5.

1062 2876 1071 2889 Β
1088 2878 1148 2900 Alias
1166 2877 1203 2900 47.
1225 2884 1247 2900 n.
1264 2879 1286 2900 2.
1303 2881 1325 2900 et
1342 2879 1363 2900 3.
1381 2879 1465 2901 Textus
1481 2879 1600 2907 originalis
1624 2880 1677 2903 hinc
1701 2880 1754 2903 inde
1779 2881 1844 2909 plura

1000 2917 1122 2939 interserit.

1061 2954 1071 2968 ⁹
1087 2955 1132 2978 Cir.
1150 2956 1198 2979 Act.
1216 2956 1243 2984 5,
1262 2957 1298 2978 l2.
1315 2968 1346 2973 —
1363 2957 1458 2979 lnferius
1473 2963 1502 2979 ex
1518 2957 1587 2980 codd.
1603 2960 1625 2980 et
1637 2958 1673 2981 ed.
1687 2959 1695 2981 l
1712 2964 1765 2982 cum
1782 2962 1843 2982 textu

999 2995 1104 3023 originali
1120 2995 1282 3023 supplevimus
1297 3001 1346 3019 non
1362 2997 1426 3019 sunt.

1865 290 1893 310 De
1903 291 1994 310 seeundo.

1865 944 1893 964 De
1907 945 1969 964 tertio.

1860 2019 1945 2039 obiectio
1956 2020 1992 2039 sol-

1893 2044 1949 2062 vitur.
