2133 3317
859 512 1069 545 CORRIGENDA
1093 515 1134 543 ET
1156 515 1319 544 ADDENDA.

308 618 353 640 Pro
370 616 505 641 Gremisam'
521 619 543 639 et
561 615 668 639 Medelciz'
683 621 776 644 semper
793 615 918 643 legendum
936 618 970 637 est
988 614 1119 644 Cremifani
1135 616 1158 636 et
1174 610 1276 637 Mellicii.

309 661 364 689 Pag.
381 661 444 683 LXX
461 661 504 683 coi.
523 661 547 682 11.
565 666 586 682 η.
605 660 626 682 2.
644 662 696 687 post
712 658 763 682 cod.
781 654 856 681 Helm.
874 658 1008 681 addendum
1027 656 1087 681 680.

333 713 345 725 ³)

328 756 343 772 ,Ἠ

333 800 344 812 7)

335 930 350 1160 uva-<15:1³

338 1713 348 1725 ὅ
337 1670 347 1682 ὅ
337 1626 348 1638 υ
336 1583 347 1595 ¹5
336 1539 346 1551 U
336 1496 348 1508 S
338 1453 349 1465 υ
336 1409 348 1420 δ
336 1365 348 1377 δ
336 1321 346 1334 U
335 1278 347 1290 ὃ
336 1235 348 1246 δ

380 704 474 727 LXXVI
492 704 540 726 col.¹
556 703 580 726 11.
599 703 638 725 lin.
658 703 696 725 32.
714 708 756 731 pro
774 701 927 732 singulorum
944 700 1091 725 noviciorum
1108 701 1159 729 lege
1175 700 1329 730 sinqulorum
1345 700 1469 724 vitiorum.

380 747 459 770 XCVI!
478 747 519 770 col.
538 747 553 769 Ι.
570 747 609 769 11η.
627 747 648 768 8.
666 745 695 768 ab
713 746 770 768 infra
787 752 830 774 pro
848 745 946 769 Brixiae
965 743 1033 768 '1504
1050 745 1102 772 lege
1118 743 1217 767 Bricciae
1235 742 1311 767 4495.

381 790 412 813 24
428 793 482 813 nota
499 791 525 813 2.-
539 791 626 813 Locum
644 786 754 812 Rernffrdi
771 792 851 818 postea
869 789 1002 811 invenimus
1019 789 1093 810 Serm.
1111 788 1149 810 22.
1166 788 1197 810 de
1213 788 1328 815 Diversis,
1344 794 1368 810 n.
1385 787 1407 810 5.
1422 790 1444 810 et
1461 787 1535 810 Serm.
1555 788 1592 810 20.
1608 787 1632 809 ἰη
1649 784 1713 810 Cant.
1730 793 1752 810 n.
1770 787 1800 809 3:
1816 777 1879 809 Ami-¹

532 840 576 856 cus-
590 833 677 860 dulcis,
694 833 838 856 consiliarius
855 833 971 861 prudens,
989 832 1080 855 adiutor
1098 831 1174 859 sortis3
1187 832 1227 854 cfr.
1240 831 1304 854 Scala
1321 830 1482 854 claustralium
1499 831 1568 860 (inter
1579 836 1650 860 opera
1662 824 1793 860 Bernardi),
1805 836 1825 853 c.
1839 830 1880 853 ⁴3.»

533 884 555 900 n.
574 878 613 900 15.4
630 877 689 900 Vide
705 883 776 905 supra
794 883 847 905 pag.
867 876 890 899 41
913 876 936 898 in
955 878 1006 898 uota
1025 875 1108 898 lineam
1127 875 1149 897 4.

384 921 412 944 30
431 923 483 943 nota
502 921 523 943 4.
542 921 580 943 lin.
598 921 620 942 2.
638 920 772 943 addendum
790 925 809 943 c.
827 919 852 942 5.
869 925 892 942 n.
912 917 952 942 M.

383 965 408 986 31
432 966 485 986 nota
503 964 541 986 10.
558 970 600 992 pro
617 963 669 986 vide
686 962 750 993 infra
768 969 791 986 n.
809 962 850 986 41.
868 962 992 991 legendum
1010 961 1062 985 vide
1079 961 1145 991 infra
1161 967 1186 984 n.
1203 960 1247 986 42.
1265 963 1347 985 notam
1364 960 1390 986 2.
1408 961 1431 984 in
1449 961 1503 992 fine.

387 1008 416 1030 38
433 1011 487 1030 nota
505 1008 526 1030 6.
545 1007 567 1030 in
585 1007 629 1029 fine
647 1013 688 1035 pro
706 1006 772 1036 infra
789 1013 812 1029 η.
829 1005 874 1030 58.
892 1005 1079 1029 substituendum
1097 1004 1162 1034 infra
1180 1011 1204 1028 π.
1222 1003 1267 1028 59.

385 1052 414 1074 39
433 1054 485 1074 nota
505 1052 526 1073 1.
544 1057 586 1079 pro
604 1051 659 1073 {ocis
676 1057 702 1073 ex
721 1050 850 1078 Augustino
868 1049 898 1072 ibi
916 1049 989 1072 allatis
1005 1048 1158 1071 substituatur
1176 1049 1245 1077 Epist.
1263 1049 1300 1071 55.
1320 1048 1384 1076 (alias
1402 1049 1463 1077 119.)
1481 1054 1501 1071 6.
1519 1049 1540 1071 5.
1558 1054 1581 1071 n.
1598 1049 1620 1070 8.

385 1095 409 1118 41
432 1097 485 1118 nota
504 1095 529 1117 3.
543 1094 617 1117 <rerba
634 1094 720 1117 ibidem
733 1100 759 1117 ex
772 1094 901 1122 Augustino
913 1093 1010 1121 allegata
1029 1092 1177 1115 inveniuntur
1189 1093 1263 1115 Serm.
1276 1093 1312 1115 32.
1325 1092 1355 1115 ad
1367 1092 1457 1115 Fratres
1469 1092 1491 1114 in
1504 1098 1583 1114 eremo
1595 1091 1663 1121 (inter
1680 1097 1750 1120 opera
1762 1090 1878 1119 August.)-

383 1138 407 1161 41
431 1141 499 1161 notae
516 1137 537 1160 4.
555 1138 691 1160 addendum
708 1136 826 1160 Bernard.
846 1137 989 1161 instruction,
1007 1136 1133 1159 sacerdotis
1146 1135 1213 1165 (inter
1225 1142 1295 1164 opera
1308 1135 1439 1165 Bernardi),
1451 1142 1474 1164 p.
1486 1136 1502 1158 1.
1513 1142 1538 1158 11.
1553 1135 1593 1158 12:
1610 1135 1706 1158 Pervola
1722 1140 1819 1163 manus,
1830 1139 1881 1162 pel·-

533 1182 585 1204 vola
603 1181 687 1209 pedes,
707 1181 782 1203 invola
800 1181 874 1203 latus!

385 1225 414 1248 50
433 1228 486 1248 nota
506 1225 527 1247 4.
544 1225 604 1248 circa
622 1225 691 1247 finem
710 1230 753 1252 pro
771 1223 848 1247 Set-m.
866 1223 893 1249 2.
911 1223 1035 1252 legendum
1054 1223 1132 1246 Serm.
1149 1221 1195 1247 52.

384 1269 413 1291 64
431 1269 473 1291 col.
492 1269 506 1291 1.
524 1269 563 1291 lin.
581 1268 705 1296 penultima
723 1274 766 1296 pro
783 1267 886 1297 sugendo
904 1268 955 1295 lege
971 1266 1091 1296 fuyiemlo.

383 1312 413 1335 72
432 1312 475 1335 col.
492 1313 516 1335 11.
535 1312 573 1334 lin.
592 1311 613 1334 4.
632 1318 675 1340 pro
692 1311 717 1334 in
734 1316 796 1334 cuno
814 1310 927 1334 iacentem
944 1311 996 1339 lege
1012 1309 1037 1333 in
1054 1309 1122 1333 cunis
1140 1309 1261 1333 iacentem.

385 1357 429 1378 ¹128
447 1358 501 1378 nota
521 1356 540 1378 1.
559 1356 597 1378 11η.
616 1355 652 1377 19.
670 1361 713 1383 pro
732 1360 752 1378 o.
770 1355 788 1377 Ι.
805 1355 819 1383 g
837 1354 853 1377 7
871 1356 894 1378 et
910 1353 926 1377 8
943 1355 994 1382 lege
1012 1359 1031 1377 c.
1049 1354 1065 1376 I.
1083 1354 1097 1382 S
1114 1352 1132 1376 6
1148 1354 1171 1377 et
1187 1352 1213 1376 7.

385 1400 430 1422 185
447 1400 490 1422 col.
508 1400 531 1422 11.
548 1399 586 1421 liu.
604 1399 627 1421 6.
643 1406 654 1421 a
673 1399 719 1421 fine
736 1405 779 1427 pro
796 1397 931 1421 indicarent
946 1398 998 1426 tege
1015 1396 1157 1420 iudicarent.

387 1444 431 1466 223
450 1450 472 1466 u.
490 1443 542 1466 158,
561 1443 599 1465 11η.
618 1444 637 1465 1.
656 1449 699 1471 pro
716 1442 800 1466 vitium
817 1441 965 1466 credulitatis
983 1442 1034 1470 lege
1050 1440 1135 1464 vitium
1152 1440 1333 1464 incredulitatis.

384 1487 429 1510 244
448 1487 490 1510 col.
508 1488 531 1509 11.
549 1487 588 1509 lin.
608 1487 629 1509 4.
647 1493 689 1515 pro
706 1486 738 1509 ad
756 1485 876 1509 Hebidz'am
894 1486 945 1514 lege
962 1485 994 1508 acl
1012 1484 1140 1508 Hedibiam.

385 1530 430 1553 245
448 1531 490 1553 col.
509 1530 532 1553 11.
550 1530 587 1552 lin.
605 1531 643 1552 22.
660 1536 702 1558 pro
720 1529 752 1552 ad
767 1529 870 1552 salutem
883 1528 1052 1558 perfeetionis:
1070 1527 1186 1558 maqz'ster
1202 1528 1253 1556 lege
1270 1527 1303 1550 ad
1318 1526 1437 1550 salutem:
1451 1525 1603 1557 perfectionis
1620 1525 1742 1556 maqister.

384 1574 429 1596 246
448 1574 490 1596 col.
508 1574 531 1595 11.
549 1574 587 1596 lin.
607 1574 643 1596 20.
662 1579 704 1601 pro
722 1572 799 1596 reddit
817 1573 867 1601 iege
884 1572 951 1595 redit.

385 1617 430 1640 249
449 1617 492 1640 col.
510 1618 524 1639 1.
542 1617 579 1640 lin.
598 1617 635 1639 29.
653 1623 695 1645 pro
713 1615 931 1639 imbecillitaalitem
948 1616 999 1643 lege
1017 1614 1206 1638 imbecillitatem.

385 1661 430 1684 249
448 1661 492 1684 col.
509 1661 524 1683 1.
542 1661 581 1683 lin.
598 1661 636 1683 31.
654 1667 696 1688 pro
714 1659 810 1689 quando
828 1661 879 1688 lege
896 1658 1034 1689 aliquando.

386 1704 431 1727 274
449 1708 501 1727 nota
521 1705 541 1726 3.
560 1710 602 1732 pro
620 1703 722 1727 Rievalis
740 1704 791 1731 lege
808 1702 927 1726 Eiet-allis.

386 1748 431 1770 280
449 1751 502 1770 nota
522 1747 543 1770 4.
561 1754 604 1776 pro
622 1747 766 1777 Alleqantw-
784 1747 835 1775 lege
852 1746 986 1776 lille-(satur.

385 1792 430 1814 280
448 1796 500 1814 uota
519 1792 540 1813 8.
558 1797 600 1819 pro
618 1792 700 1814 notam
718 1789 744 1814 2.
762 1791 812 1818 lege
829 1792 910 1813 notam
929 1789 954 1813 7.

385 1836 430 1858 300
449 1839 500 1858 nota
519 1835 540 1857 8.
558 1834 669 1857 sententia
689 1834 806 1857 Ber-nardo
823 1833 930 1856 attributa
949 1833 1049 1856 occurrit
1067 1833 1141 1855 Serm.
1159 1833 1181 1855 in
1200 1832 1267 1855 natali
1285 1833 1308 1855 S.
1325 1832 1441 1855 Benedicti
1458 1831 1561 1860 abbatis,
1579 1837 1602 1854 n.
1620 1832 1657 1854 11.

386 1879 431 1901 338
449 1882 503 1901 nota
522 1879 559 1901 12.
577 1884 619 1906 pro
637 1877 663 1905 5,
683 1876 711 1901 [111
728 1878 780 1905 iege
796 1876 823 1906 5,
842 1876 862 1900 sl.

386 1923 431 1944 413
449 1922 491 1944 col.
510 1923 523 1944 1.
542 1922 579 1944 lin.
600 1922 636 1944 15.
655 1928 697 1950 pro
715 1920 889 1944 discalceatos?
907 1921 957 1948 lege
975 1919 1148 1943 discalceatos?
1161 1928 1183 1942 »-

390 1966 434 1988 416
453 1966 494 1988 col.
513 1966 527 1987 1.
546 1965 585 1988 lin.
603 1965 640 1987 15.
657 1971 700 1993 pro
718 1965 832 1994 auferret.
850 1965 900 1992 lege
917 1964 1058 1993 auferret».

388 2010 432 2032 432
450 2013 503 2032 nota
520 2009 543 2031 7.
561 2009 627 2031 lectio
645 2009 746 2037 plurium
765 2008 846 2036 codd„
864 2014 909 2039 qua
928 2007 1077 2037 Auqustinus
1095 2013 1137 2035 pro
1155 2006 1288 2036 Greyorius
1305 2005 1451 2029 substituitur
1462 2005 1613 2035 praeferenda
1630 2008 1664 2028 est
1670 2014 1676 2033 3
1693 2004 1806 2028 sententia
1820 2004 1882 2027 enim

539 2053 634 2081 allegata
653 2052 770 2075 invenitur
787 2052 810 2074 iu
828 2051 918 2081 Reyula
935 2050 967 2074 acl
983 2057 1064 2074 servos
1085 2050 1137 2079 Dei,
1154 2056 1179 2073 η.
1198 2049 1237 2074 Ἰθ.

341 2106 351 2117 1>
390 2097 434 2119 446
452 2099 506 2119 nota
525 2096 546 2119 4.
567 2097 589 2118 in
606 2096 651 2118 fine
670 2102 712 2124 pro
730 2095 784 2118 ibid.
808 2095 831 2118 V.
850 2094 885 2118 ll.
904 2096 954 2123 lege
972 2094 1026 2118 ibid.
1048 2095 1072 2117 V.
1089 2093 1135 2119 22.

390 2141 433 2162 483
452 2143 504 2163 nota
524 2140 544 2162 4.
561 2140 673 2162 sententia
691 2139 803 2167 Gregorio
820 2139 919 2167 ascripta
938 2138 1053 2172 inuenitur
1070 2137 1212 2167 verbotenus
1228 2137 1250 2160 in
1269 2136 1327 2160 libro
1344 2137 1374 2168 de
1391 2136 1503 2170 Conflictu
1520 2136 1629 2159 vitiorum
1647 2139 1669 2158 et
1685 2135 1797 2158 virtutum
1816 2134 1883 2164 (inter

537 2175 753 2211 omi-{Augusto}
765 2188 784 2205 e.
802 2183 824 2204 9.
1327 2171 1330 2173 ⁵
1352 2170 1365 2173 Η
1435 2170 1438 2171 ⁷

390 2227 434 2249 483
453 2230 505 2250 nota
523 2227 545 2249 9.
562 2227 617 2249 locis
635 2233 661 2249 ex
680 2226 797 2249 Bernardo
814 2226 918 2254 allegatis
934 2226 1070 2248 addendum
1088 2224 1205 2248 Formula
1222 2224 1333 2247 honestae
1355 2223 1416 2247 vitae
1439 2223 1506 2252 (inter
1523 2229 1593 2251 opera
1611 2222 1745 2251 Bernardi)‚
1762 2228 1784 2244 η.
1803 2222 1825 2248 2,
1842 2220 1883 2244 uhi

538 2270 614 2299 prium
632 2276 686 2298 pars
703 2270 830 2292 sententiae
847 2270 987 2296 insinuatur,
1006 2269 1093 2297 integra
1113 2271 1187 2290 tamen
1205 2267 1302 2290 habetur
1315 2268 1388 2290 Serm.
1402 2268 1438 2290 32.
1451 2267 1480 2290 ad
1492 2267 1582 2289 Fratres
1594 2266 1615 2289 in
1631 2272 1710 2289 eremo
1729 2266 1795 2294 (inter
1813 2270 1884 2293 opera

539 2314 655 2342 August).

390 2358 434 2380 484
452 2358 496 2380 col.
516 2358 540 2380 11.
558 2357 594 2379 liu.
612 2357 738 2385 penultima
757 2363 799 2385 pro
817 2356 841 2379 in
859 2356 930 2379 caelis
947 2362 961 2379 [ι
980 2357 1031 2384 lege
1048 2355 1072 2379 in
1089 2355 1168 2384 caelis,
1187 2361 1210 2378 a.

390 2401 433 2423 509
452 2402 493 2424 col.
512 2402 526 2423 1.
544 2401 582 2423 lin.
602 2401 637 2423 40,
656 2407 698 2429 pro
716 2399 788 2423 atiuls
806 2400 857 2428 lege
875 2399 954 2423 latius.

390 2444 435 2467 525
452 2447 507 2467 nota
524 2445 547 2467 6.
566 2450 609 2472 pro
626 2444 771 2468 Saluianum
788 2444 839 2471 lege
856 2443 1022 2467 Sarthz'anum.

390 2488 435 2511 526
454 2492 506 2511 nota
524 2489 545 2510 2.
563 2494 605 2516 pro
623 2494 646 2510 ’11.
664 2486 690 2510 4.
708 2488 759 2515 lege
776 2494 801 2510 η.
818 2486 842 2509 ὁ.

390 2532 435 2554 590
453 2535 505 2554 nota
527 2532 562 2554 12.
580 2538 621 2559 pro
639 2532 675 2554 lla.
692 2531 726 2554 ed.
746 2530 758 2554 Ἰ
777 2531 828 2559 lege
845 2532 881 2553 lla
898 2530 933 2553 ed.
951 2529 978 2555 2.

391 2576 436 2598 612
453 2576 495 2598 col.
513 2576 537 2598 11.
554 2575 591 2597 lin.
609 2576 631 2597 9.
649 2575 759 2597 sententia
778 2574 867 2604 Impius
885 2575 920 2597 est
936 2577 979 2596 etc.
996 2574 1112 2596 invenitur
1130 2573 1192 2601 apud
1210 2573 1268 2595 Pctr.
1286 2573 1395 2600 Blesens„
1412 2572 1483 2600 Epist.
1504 2572 1537 2594 11.

391 2619 436 2641 616
454 2622 506 2642 nota
526 2619 562 2641 13.
580 2619 619 2641 liu.
636 2618 763 2646 penuitima
781 2618 962 2646 expungendum
981 2620 1015 2640 est
1031 2619 1053 2640 el
1070 2616 1104 2640 ed.
1122 2615 1148 2641 2.
