2133 3317
117 394 231 414 Notandum.

117 1424 190 1443 Gradus
203 1424 240 1447 pri-

154 1453 201 1466 mus.

131 1615 235 1635 Secundus.

155 1804 236 1822 Tertius.

150 2040 237 2063 Quartus.

150 2180 237 2204 Quintus.

256 214 290 242 12

250 293 357 331 fruitio
369 294 388 321 ¹.
411 292 442 321 Et
464 291 617 321 secundum
638 290 691 318 hoc
712 289 893 325 distinguitur
914 288 1020 325 triplex
1035 288 1103 316 ordo

251 341 279 369 in
301 347 433 377 suprema
447 337 605 367 hierarchia
627 336 750 369 caelesti,
772 335 877 364 scilicet
901 334 1104 368 Turonorum,

254 386 411 416 Cherubim
431 389 459 414 et
485 383 648 421 Seraphim.
678 383 793 411 Necesse
814 385 855 411 est
887 390 966 419 ergo,
996 384 1028 410 ut
1056 382 1104 419 qui

251 434 313 463 vult
326 433 360 462 ad
381 433 455 461 illam
470 430 669 460 beatitudinem
685 437 735 466 per
749 429 849 458 merita
863 429 1023 466 pervenire,
1039 429 1104 458 isto-

251 489 315 510 rum
338 480 423 509 trium
453 477 675 511 similitudinem,
703 476 857 505 secundum
879 476 954 513 quod
975 476 1105 513 possibile

252 530 306 562 est,
327 527 355 555 in
376 526 421 555 via
442 525 492 554 sibi
515 526 670 561 comparet,
692 526 724 552 ut
754 523 880 552 seilicet²
902 523 1002 552 habeat
1022 531 1105 560 sopo-

251 583 314 603 rem
332 573 432 611 pacis,
453 572 636 609 splendorem
651 570 801 604 veritatis,
823 570 972 599 dulcorem
994 570 1105 599 carita-

252 622 297 650 tis.
320 621 349 649 10
370 620 415 649 his
429 619 503 648 enim
524 618 616 647 tribus
630 617 781 655 requiescit
802 617 862 654 ipse
882 617 956 646 Deus
978 620 1005 646 et
1025 617 1105 646 inha-

252 669 321 697 hitat
341 670 474 704 tanquam
489 666 517 694 in
539 665 653 703 proprio
674 664 751 693 solio.
770 664 886 693 Necesse
900 667 941 693 est
956 664 1055 701 igitur,
1071 664 1103 693 ad

251 714 475 751 unumquodque
502 713 589 742 trium
610 713 817 750 praedictorum
845 720 896 749 per
924 714 981 740 tres
1002 711 1105 749 gradus

251 761 401 790 ascendere
412 760 423 777 ³
445 759 599 789 secundum
615 759 752 796 triplicem
767 758 853 793 viam,
875 758 979 787 scilicet
990 766 1105 795 parpa-

253 809 360 842 tivam,
383 815 455 844 quae
476 806 601 836 consistit
622 806 650 835 10
668 805 833 843 expulsione
854 805 974 842 peccati;
997 804 1106 833 illumi-

251 855 403 888 nativam,
424 861 496 891 quae
518 853 643 882 consistit
663 853 692 881 in
713 852 865 881 imitatione
893 851 1010 886 Christi;
1039 852 1106 880 uni-

253 902 358 936 tivam,
381 908 453 938 quae
469 900 594 929 consistit
615 900 642 928 in
657 899 833 936 susceptione
848 899 958 936 Sponsi,
980 898 1018 927 ita
1032 898 1106 936 quod

253 949 393 986 quaelibet
414 948 497 977 hahet
522 947 626 985 gradus
647 954 725 981 suos,
747 954 797 983 per
819 954 890 983 quos
918 945 1050 983 incipitur
1072 945 1106 974 ab

253 996 308 1024 imo
329 998 357 1024 et
378 995 502 1024 tenditur
523 1002 614 1031 usque
636 993 669 1022 ad
691 1001 843 1022 summum.

647 1097 664 1131 s
686 1097 711 1124 ⁶2.

293 1191 322 1214 De
340 1190 425 1220 septem
442 1189 566 1219 gradibus,
585 1188 666 1219 quibus
682 1188 817 1218 pervenitur
834 1187 863 1211 ad
880 1194 978 1218 soporem
995 1186 1067 1217 pacis.

332 1278 358 1305 ⁹2.
381 1276 489 1305 Gradus
504 1278 596 1304 autem
612 1274 790 1312 perveniendi
805 1274 839 1303 ad
853 1282 985 1312 soporem
998 1274 1084 1312 pacis
1095 1274 1108 1290 4

253 1326 320 1353 sunt
342 1323 385 1352 isti
405 1326 518 1360 septem.

332 1371 399 1399 Nam
421 1370 513 1407 primo
534 1369 659 1398 occurrit
676 1369 776 1406 pudor
797 1369 825 1397 111
846 1368 1038 1397 recordatione
1059 1368 1108 1397 ssa-

255 1418 329 1456 91111,
352 1420 379 1446 01
400 1417 453 1446 1100
473 1419 609 1454 quantum
631 1416 665 1444 ad
686 1419 824 1453 quatuor,
847 1415 951 1444 scilicet
972 1418 1108 1452 quantum

255 1465 289 1494 ad
303 1464 552 1502 maqnitudinem,
571 1462 803 1497 multitiulincm,
820 1462 1047 1500 turpitudinem,
1065 1463 1108 1491 in-

253 1512 475 1550 gyratitiulinem.

334 1559 472 1593 Secundo,
500 1559 588 1587 timor
610 1558 637 1586 10
666 1558 915 1594 circumspectione
943 1557 1053 1591 iudicii,
1082 1560 1110 1586 et

254 1608 306 1636 1100
328 1606 537 1644 quadruplicis,
565 1605 668 1634 scilicet
690 1604 893 1641 dissipationis
922 1604 1032 1641 operis,
1061 1613 1109 1633 ex-

254 1653 431 1683 caecationis
452 1653 596 1687 rationis,
619 1652 823 1681 obdurationis
844 1651 1017 1685 voluntatis,
1043 1660 1109 1680 eon-

253 1700 450 1730 tlemnationis
471 1699 571 1736 finalis
583 1700 602 1727 ⁵.

334 1748 442 1782 Tertio,
474 1747 557 1776 dolor
588 1747 616 1775 in
647 1746 837 1775 aestimatione
867 1746 976 1781 damni,
1005 1749 1033 1775 et
1057 1746 1109 1775 hoc

255 1795 409 1825 secundum
440 1797 575 1832 quatuor,
608 1794 712 1822 scilicet
743 1796 879 1830 quantum
911 1793 945 1822 ad
974 1793 1109 1821 amissio-

254 1852 319 1872 nem
341 1842 458 1871 divinae
480 1841 629 1870 amicitiae
644 1841 666 1876 ⁶,
693 1840 884 1878 perditionem
910 1840 1108 1875 innocentiae,

253 1889 485 1918 milnerationem
507 1891 654 1922 naturae,
676 1887 899 1925 dissipationem
920 1887 996 1916 vitae
1020 1895 1109 1924 prae-

255 1936 363 1965 teritae.

335 1984 452 2020 Quarto,
475 1982 588 2011 elamor
602 1982 630 2010 in
646 1982 839 2019 imploratione
854 1982 969 2011 subsidii
985 1982 1109 2019 quadru-

256 2031 348 2068 plicis,
367 2030 471 2059 scilicet
487 2029 539 2058 Dei
555 2029 670 2063 Patris,
689 2028 799 2057 Christi
814 2029 1023 2066 Redemptoris,
1046 2029 1108 2057 Γίν-

254 2077 334 2115 pinis
355 2077 479 2111 Matris,
504 2076 646 2105 Ecclesiae
668 2075 889 2113 triumphantis.

335 2124 452 2161 Quinto,
474 2123 558 2161 «rigor
590 2123 616 2152 in
650 2123 834 2152 exstinctione
855 2123 958 2152 fomitis
989 2123 1047 2151 sive
1068 2122 1109 2151 in-

256 2171 379 2201 centivi⁷
409 2170 612 2208 quadruplicis,
645 2170 749 2199 scilicet
770 2170 938 2204 ariditatis,
965 2177 1037 2207 quae
1068 2173 1110 2199 est

319 2343 327 2356 ¹
346 2343 391 2367 Cfr.
409 2344 447 2366 IV.
465 2344 526 2366 Sent.
545 2343 568 2366 d.
587 2343 625 2366 to.
645 2350 666 2371 p.
685 2344 700 2365 l.
718 2350 740 2372 (1,
759 2343 780 2366 ὅ.
807 2344 829 2366 10
847 2350 923 2372 corp.;
946 2344 1062 2373 Breviloq.
1084 2351 1108 2372 p.

257 2383 303 2406 vit.
321 2390 340 2405 c.
358 2382 380 2405 7.
398 2385 420 2405 et
438 2383 459 2405 in
476 2383 584 2405 Hexo'em.
602 2383 675 2405 collat.
693 2383 730 2405 ΞΟ.
749 2389 770 2405 n.
789 2383 827 2405 40.
841 2395 871 2399 —
888 2383 931 2405 Pro
949 2389 1058 2406 summae
1073 2389 1110 2406 re-

256 2422 335 2445 ri'tatis
353 2425 374 2444 ct
386 2428 496 2445 summae
508 2421 618 2445 bonitatis
636 2423 655 2451 Q
665 2423 685 2444 V
694 2422 841 2452 purissimae
858 2422 964 2445 rei-itatis
976 2425 997 2445 et
1013 2422 1110 2445 immen-

256 2468 296 2485 sae
315 2461 433 2485 bonitatis.
452 2461 549 2484 Inferius
566 2467 608 2489 pro
627 2461 651 2484 in
668 2467 781 2491 suprema
795 2461 932 2485 literarcliia
951 2462 1000 2487 (cfr.
1019 2465 1074 2484 tom.
1087 2462 1109 2484 ll.

257 2507 312 2528 pag.
330 2500 387 2528 240,
405 2503 459 2523 nota
478 2501 498 2523 t.
516 2503 538 2523 et
555 2500 586 2529 6.)
604 2500 682 2529 plures
699 2500 767 2523 codd.
786 2500 809 2523 iu
826 2506 933 2529 superna
951 2500 1094 2523 hierarchia.

320 2539 329 2552 ‘²
341 2540 414 2563 Codd.
427 2540 443 2562 N
453 2540 494 2562 TZ
506 2540 595 2562 addunt
607 2539 630 2562 in
640 2539 770 2569 praesenti.
779 2539 874 2562 Interius
885 2546 928 2568 pro
938 2539 1061 2563 dulcorem
1074 2545 1109 2563 ca-

256 2579 335 2603 ritatis
348 2580 366 2608 Q
379 2579 502 2603 dulcorem
515 2578 636 2607 bonitatis„
653 2579 672 2601 Υ
685 2578 808 2602 dulcorem
820 2578 930 2602 bonitatis
944 2578 981 2602 rel
992 2578 1107 2602 caritatis.

319 2617 329 2630 ⁸
346 2618 420 2641 Codd.
437 2619 554 2641 EGIMO
565 2619 580 2640 P
598 2617 704 2646 ascendi,
722 2619 774 2641 Vnt.
789 2618 844 2646 legit
861 2618 960 2641 Necesse
974 2619 1009 2641 est
1025 2617 1106 2648 icitur,

257 2657 443 2688 unumquodque
460 2657 535 2681 trium
544 2657 725 2687 praedictorum
739 2664 785 2687 per
802 2659 850 2681 tres
862 2657 954 2687 aradus
968 2656 1111 2681 ascendendi

257 2697 414 2727 destinavere,
433 2703 493 2726 quae
510 2697 580 2720 etiam
598 2697 692 2720 interius
704 2703 747 2725 pro
765 2696 854 2727 Sponsi
870 2697 987 2720 substituit
1004 2696 1109 2727 Spiritus

256 2736 344 2765 sancti,
363 2736 379 2759 C
397 2736 487 2766 Sponsi
501 2736 550 2760 sire
566 2736 671 2766 Spiritus
688 2735 777 2765 sancti,
795 2738 837 2759 ctr-
854 2737 913 2759 infra
931 2736 944 2765 (ᾗ
962 2736 984 2759 4.

320 2775 329 2787 ¹
347 2775 403 2798 Cod.
422 2776 439 2797 N
456 2775 521 2798 addit
534 2781 579 2805 per
596 2775 660 2798 riam
674 2775 844 2805 purqatiuam,
857 2775 875 2797 T
892 2781 948 2798 vero
963 2781 1006 2803 pro
1022 2775 1110 2804 septem

258 2813 376 2837 substituit
393 2814 485 2844 modus
500 2814 652 2844 purqatirae.

321 2852 331 2865 ⁵
348 2852 421 2875 Codd.
440 2853 457 2875 N
468 2853 485 2875 T
496 2854 512 2875 Z
530 2852 692 2883 dissipationis
709 2852 787 2883 operis
805 2853 830 2876 in
852 2853 948 2883 effectu,
968 2852 1110 2877 01000001ῐο-

257 2891 294 2914 nis
311 2891 413 2914 rationis
430 2891 455 2914 in
472 2891 604 2919 intellectu,
627 2891 791 2915 obdurationis
813 2891 943 2915 voluntatis
961 2891 986 2914 in
1007 2891 1106 2921 affectu,

258 2929 460 2953 condemnationis
477 2930 557 2960 finalis
576 2930 600 2953 in
616 2930 686 2961 finali
701 2930 807 2955 interitu.
825 2930 870 2954 Csr.
886 2933 941 2954 tom.
955 2931 982 2953 V.
995 2930 1023 2953 de
1040 2930 1110 2953 Donis

259 2969 358 2998 Spiritus
376 2970 398 2992 S.
416 2969 459 2992 col.
476 2971 498 2992 2.
515 2976 537 2992 0.
557 2970 593 2992 10.
613 2970 648 2992 11.

321 3008 330 3021 ⁰
347 3008 421 3032 Codd.
438 3009 483 3037 BQ
495 3009 513 3031 V
531 3009 632 3039 pruliac-

937 210 1135 239 OPUSCULUM
1156 211 1174 239 Ι,
1196 211 1239 239 DE
1262 211 1399 240 TRIPLICI
1421 212 1484 241 vil.

1161 288 1280 323 des1dia‚
1309 290 1525 326 perversitatis,
1558 299 1629 328 quae
1657 294 1699 321 cst
1729 292 1850 327 malitia,
1879 293 2009 330 volupta-

1163 335 1216 369 tiS,
1238 343 1309 372 quae
1331 340 1372 365 est
1393 337 1627 374 concupiscentia,
1650 339 1806 373 vanitatis,
1822 348 1893 377 quae
1908 343 1949 369 est
1964 348 2010 370 su-

1162 382 1266 418 perbia.

1241 430 1338 464 Sexto,
1371 430 1464 459 ardor
1495 431 1523 460 in
1543 432 1711 469 appetitione
1742 433 1883 470 martyrii,
1912 437 1939 463 et
1960 435 2012 464 hoc

1162 479 1276 514 propter
1308 479 1442 514 quatuor,
1464 478 1568 507 scilicet
1598 482 1712 516 propter
1743 480 1941 516 perfectionem
1968 490 2012 510 re-

1161 524 1312 552 missionis
1340 522 1478 561 offensae,
1500 528 1615 562 propter
1642 526 1839 562 perfectionem
1856 528 2013 565 ραν-90110-

1161 571 1209 599 nis
1222 571 1367 605 maculae,
1380 574 1494 608 propter
1509 571 1706 608 perfectionem
1721 572 1935 611 satisfactionis
1946 583 2013 612 poe-

1161 627 1226 653 nae,
1242 621 1357 655 propter
1369 618 1566 655 perfectionem
1579 619 1823 657 sanctificationis
1837 621 1869 649 in
1881 622 1984 659 qratia
1992 622 2012 650 8.

1241 665 1362 702 Septimo
1387 665 1447 694 loco
1475 666 1603 703 sequitur
1634 675 1721 704 sopor
1742 667 1771 696 10
1801 668 2014 699 obumbratione

1162 713 1280 747 Christi,
1303 713 1351 742 ubi
1376 715 1465 742 status
1487 716 1528 741 est
1552 716 1580 742 et
1601 714 1725 751 requies,
1746 714 1814 743 dum
1841 715 1924 744 homo
1952 723 2014 745 sen-

1163 760 1211 794 tit,
1234 767 1262 788 se
1294 759 1401 797 protegi
1433 759 1486 788 suh
1508 760 1609 788 umbra
1630 761 1738 789 alarum
1770 761 1928 790 divinarum
1941 762 1960 797 ⁹,
1983 766 2015 792 ut

1163 815 1218 835 non
1240 810 1341 835 uratur
1367 806 1468 836 ardore
1493 807 1733 844 concupiscentiae
1754 816 1804 837 nec
1830 809 1929 838 timore
1950 817 2014 847 poe-

1163 862 1230 888 nae;
1252 853 1287 882 ad
1308 853 1383 890 quod
1404 862 1459 882 000
1483 856 1574 891 potest
1595 855 1742 891 pervenire
1759 856 1813 884 nisi
1834 864 1883 893 per
1904 857 2014 894 appeti-

1164 901 1269 929 tionem
1290 900 1433 937 martyrii;
1455 908 1506 929 000
1531 901 1565 929 ad
1594 902 1791 938 appetitionem
1811 903 1938 939 martyrii
1962 904 2015 932 nisi

1164 947 1334 976 exstinxerit
1348 947 1534 982 iiicentix⁷un13
1556 956 1607 977 000
1621 948 1735 983 adhoc,
1758 949 1810 978 nisi
1825 949 2016 987 imploraverit

1165 994 1320 1023 subsidium
1330 995 1365 1029 ¹⁰3
1378 1002 1429 1023 nec
1443 994 1477 1023 ad
1492 995 1553 1029 hoc,
1569 995 1620 1024 nisi
1632 995 1757 1032 deploret
1771 996 1904 1025 damnum
1918 1005 2014 1032 suum;

1164 1049 1215 1070 nec
1236 1041 1270 1070 ad
1292 1042 1360 1076 hoc,
1389 1041 1442 1070 nisi
1464 1042 1558 1070 timeat
1583 1042 1710 1071 divinum
1730 1042 1879 1079 iudicium;
1909 1052 1959 1073 nec
1980 1044 2015 1073 ad

1146 1090 1148 1093 ’
1164 1089 1231 1123 hoc,
1253 1088 1306 1117 nisi
1329 1089 1493 1117 recordetur
1508 1092 1535 1118 et
1549 1089 1696 1118 erubescat
1716 1090 1862 1127 flagitium.
1884 1091 1937 1127 Qui
1955 1092 2016 1120 vult

1165 1143 1231 1172 ergo
1260 1135 1364 1163 habere
1391 1135 1467 1172 pacis
1498 1143 1641 1172 soporem,
1671 1137 1802 1173 procedat
1822 1137 1976 1166 secundum
1991 1139 2015 1155 ¹¹

1165 1182 1404 1219 praeassignatum
1427 1182 1560 1211 ordinem.

1556 1285 1573 1319 ἓ
1599 1284 1624 1313 3.

1165 1377 1195 1401 De
1213 1377 1297 1407 septem
1315 1377 1439 1408 gramme,
1452 1377 1533 1408 quibus
1550 1377 1684 1408 pervenitur
1701 1378 1730 1401 ad
1747 1378 1886 1409 splendorem
1897 1379 2016 1403 veritatis.

1246 1464 1271 1493 3.
1295 1464 1402 1493 Gradus
1417 1465 1594 1502 perveniendi
1617 1465 1651 1493 ad
1668 1465 1850 1502 splendorem
1870 1467 2016 1502 veritatis,

1166 1511 1201 1540 ad
1222 1519 1304 1548 quem
1337 1512 1500 1548 pervenitur
1522 1520 1571 1548 per
1603 1512 1782 1541 imitationem
1805 1512 1920 1547 Christi,
1953 1517 2018 1542 sunt

1167 1559 1196 1588 hi
1217 1563 1337 1595 septem,
1360 1558 1463 1587 scilicet
1485 1567 1623 1587 assensus
1645 1559 1786 1594 rationis,
1808 1558 1928 1597 affectus
1942 1569 2018 1589 com-

1163 1605 1332 1643 passionis,
1362 1609 1495 1643 aspeetus
1521 1605 1748 1640 admirationis,
1774 1615 1908 1635 excessus
1935 1607 2018 1636 devo-

1167 1653 1268 1687 tionis,
1291 1653 1418 1681 amictus
1430 1652 1453 1669 ¹²
1473 1652 1711 1687 assimilationis,
1727 1653 1881 1690 amplexus
1902 1655 2016 1689 crucis,

1167 1700 1294 1728 intuitus
1315 1699 1465 1733 veritati&
1482 1699 1510 1728 in
1531 1699 1634 1736 quibus
1648 1700 1701 1729 1100
1722 1700 1819 1730 ordine
1839 1701 2018 1738 progredien-

1167 1747 1234 1775 dum
1256 1750 1304 1775 est.

1247 1793 1338 1822 Primo
1359 1793 1516 1828 considera,
1538 1794 1604 1832 quis
1625 1796 1666 1823 est
1687 1794 1735 1831 qui
1756 1794 1862 1831 patitur
1878 1790 1910 1830 ¹³,
1932 1798 1959 1824 et
1980 1796 2018 1825 ei-

1167 1841 1229 1870 dem
1251 1840 1371 1870 subdere
1392 1849 1442 1878 per
1464 1840 1591 1869 rationis
1612 1849 1779 1876 assensum,
1800 1844 1832 1870 ut
1853 1842 1949 1872 credas
1969 1842 2018 1872 fir-

1167 1888 1299 1922 missime⁷
1314 1887 1456 1916 Christum
1471 1887 1607 1916 veraciter
1629 1895 1688 1917 esse
1702 1888 1752 1917 Dei
1766 1888 1877 1923 Filium,
1893 1889 2018 1919 omnium

1167 1943 1263 1964 rerum
1284 1934 1468 1971 Principium,
1494 1935 1663 1964 Salvatorem
1685 1935 1845 1971 hominum,
1861 1937 2018 1966 Retributo-

1167 1990 1226 2011 rem
1250 1982 1414 2010 meritorum
1436 1982 1569 2010 omnium.

1247 2028 1385 2062 Secundo,
1408 2028 1505 2067 qualis
1533 2032 1574 2057 est
1596 2029 1644 2066 qui
1666 2030 1787 2066 patitur,
1809 2033 1836 2059 et
1857 2030 1881 2059 ei
1903 2031 2018 2060 coniun-

1167 2084 1232 2114 gere
1244 2076 1267 2093 ¹4
1293 2084 1342 2113 per
1373 2075 1586 2113 compassionis
1616 2074 1772 2114 affectum,
1805 2079 1837 2105 ut
1868 2078 2018 2115 compatia-

1167 2124 1206 2153 ris
1227 2123 1464 2157 innocentissimo,
1491 2123 1651 2157 mitissimo,
1678 2123 1848 2153 nobilissimo
1869 2128 1896 2154 et
1923 2133 2018 2154 aman-

1167 2171 1280 2199 tissimo.

1231 2342 1239 2355 ⁷
1258 2343 1331 2367 Codd.
1349 2344 1393 2366 ΕΜ
1404 2344 1419 2365 1)
1430 2344 1444 2366 S
1461 2342 1518 2366 ritii.

1230 2382 1239 2395 ὃ
1258 2384 1286 2405 lta
1300 2384 1318 2405 T
1329 2384 1347 2412 Q
1357 2384 1385 2407 Z:
1403 2383 1419 2405 E
1429 2383 1448 2405 M
1459 2383 1477 2404 N
1486 2383 1501 2404 P
1519 2382 1712 2412 scmctificatioms
1724 2382 1879 2406 conscientiae
1891 2383 1951 2411 (Vnt.
1963 2388 2018 2406 con—

1167 2421 1340 2451 cupiscentiae).
1365 2421 1476 2449 Superius
1495 2427 1537 2448 pro
1560 2420 1663 2450 offensae
1680 2421 1724 2443 TZ
1741 2427 1755 2443 a
1769 2427 1860 2450 poena,
1886 2421 1926 2450 qui
1949 2421 2017 2444 etiam

1167 2460 1265 2484 subinde
1290 2467 1332 2489 pro
1350 2460 1459 2483 maculae
1485 2463 1507 2482 et
1527 2466 1619 2489 poenae
1644 2460 1786 2483 substituunt
1810 2467 1825 2483 a
1850 2460 1920 2490 culpa
1945 2463 1968 2483 ct
1988 2460 2018 2484 ab

1167 2500 1265 2530 offensa.

1230 2538 1239 2551 ⁹
1257 2539 1341 2561 Psalm.
1361 2539 1402 2566 16,
1420 2539 1446 2561 8:
1465 2538 1513 2561 Sub
1531 2538 1614 2561 umbra
1631 2539 1720 2561 alarum
1743 2541 1835 2561 tuarum
1853 2541 1950 2567 protege
1972 2545 2017 2561 me.

1167 2579 1203 2601 Ps.
1221 2579 1263 2605 60,
1281 2578 1310 2600 5.
1327 2577 1462 2601 Inliabitabo
1480 2578 1504 2600 iu
1524 2577 1671 2600 tabernaculo
1688 2580 1728 2600 tuo
1747 2578 1769 2599 in
1787 2578 1891 2605 saecula,
1908 2580 2018 2606 protegar

1166 2618 1190 2640 10
1206 2618 1336 2640 velamento
1354 2618 1443 2640 alarum
1460 2619 1560 2639 tuarum.

1230 2655 1249 2669 ¹⁰
1267 2656 1323 2680 Cod.
1341 2657 1361 2679 M
1379 2656 1443 2679 addit
1460 2655 1574 2679 (lirinum.
1592 2656 1687 2679 Inferius
1703 2656 1755 2679 voci
1771 2655 1891 2686 flagitium
1904 2656 1925 2678 V
1937 2656 2018 2684 praen-

1168 2696 1201 2724 git
1214 2695 1352 2725 proprium.

1230 2733 1249 2746 ¹¹
1268 2734 1341 2757 Codd.
1358 2734 1431 2756 EMN
1440 2734 1455 2756 P
1472 2733 1601 2763 prodicitur
1614 2740 1671 2763 per,
1689 2734 1704 2756 S
1722 2734 1829 2757 transeat
1842 2739 1894 2763 per.

1230 2773 1249 2786 ¹²
1268 2774 1315 2796 Hoc
1332 2773 1458 2801 explicatur
1474 2774 1541 2796 Rom.
1557 2773 1597 2800 13,
1610 2773 1788 2796 11421nduimini
1800 2773 1925 2796 Dominum
1942 2773 2017 2796 Iesum

1167 2812 1297 2840 Christu1n3
1315 2813 1356 2835 cfr.
1373 2813 1422 2835 Gal.
1440 2813 1467 2840 3,
1485 2812 1523 2835 27.
1540 2813 1651 2840 Superius
1668 2814 1721 2840 post
1740 2811 1857 2838 veritatis
1868 2812 1886 2834 N
1907 2812 1972 2834 addit
1993 2811 2017 2835 in

1167 2851 1205 2875 ria
1224 2851 1397 2880 illuminativa,
1415 2853 1433 2874 T
1452 2852 1545 2874 inferius
1559 2854 1611 2879 post
1620 2850 1824 2881 proqreclieudum
1835 2852 1871 2874 est
1880 2851 1944 2873 addit
1955 2850 2018 2874 unde

1168 2892 1194 2914 tu
1211 2890 1253 2920 qui
1268 2890 1303 2914 ris
1319 2889 1435 2920 proaredi
1450 2890 1482 2913 ad
1498 2890 1590 2920 aradus
1607 2889 1787 2913 illuminativae.

1231 2929 1250 2942 ¹³
1268 2929 1341 2953 Codd.
1359 2931 1379 2952 K
1392 2930 1410 2952 R
1427 2930 1517 2952 addunt
1533 2928 1620 2953 scilicet
1638 2929 1754 2952 Clu-istus.

1231 2967 1251 2980 ¹⁴¹
1270 2969 1320 2991 Vct.
1337 2968 1503 2998 confimo-are,
1520 2974 1581 2997 quae
1597 2968 1666 2991 etiam
1684 2968 1777 2991 interius
1793 2970 1846 2996 post
1863 2967 2016 2997 compatiaris

1168 3007 1232 3030 addit
1249 3007 1270 3031 ei
1286 3009 1409 3037 tanquam.

2028 440 2099 461 Sextus.

2117 618 2120 653 l

2030 674 2119 698 Septimus

2034 860 2120 882 Notaudm

2043 1797 2070 1816 De
2081 1796 2122 1824 grad

2057 1825 2119 1845 pruno.
2129 1830 2131 1837 ι

2032 2036 2060 2055 De
2072 2040 2124 2056 secun
2131 2029 2133 2072 ἓ

2132 2075 2133 2088 i
