2133 3317
163 1206 249 1230 Amplius

120 1230 171 1249 idem
189 1230 249 1253 argui-

119 1256 156 1273 tur.

121 1581 206 1608 Obieetio
214 1581 249 1600 sol-

160 1607 215 1623 Vltssl‘.

264 230 319 259 308

263 308 329 345 quia
349 315 445 337 rerum
466 306 619 335 dominium
634 305 749 339 habeat,
771 305 818 334 sed
833 304 899 342 quia
919 304 1059 341 dispensat
1072 307 1108 332 »ἵ

263 355 320 383 Non
342 355 414 383 enim
443 353 562 382 dicimur
589 352 732 380 veraciter
753 350 858 380 habere
879 359 950 388 quae
969 351 1110 388 dispensa-

264 409 326 430 mus
348 403 478 437 tanquam
500 399 603 432 aliena,
619 398 664 427 sed
681 406 753 435 quae
767 398 938 435 possidemus
953 400 1084 435 tanquam
1097 398 1108 414 ¹

263 451 357 476 nostro
378 447 439 475 iure
460 446 622 482 mancipata.
646 446 743 479 Porro,
766 445 788 474 si
810 445 929 473 Ecclesia
949 452 979 473 se
992 444 1110 473 ostendit

263 503 308 524 res
328 494 493 531 temporales
511 492 631 527 habere,
653 496 681 521 et
702 496 792 521 tamen
814 500 868 520 non
887 492 986 526 habet;
1001 494 1109 520 contra-

263 541 304 569 rIa
325 540 489 569 Manichaeis
503 539 678 568 simulatione
692 539 814 573 laborat,
829 539 897 567 dum
912 539 950 567 illi
965 539 1108 573 simulant,

263 595 292 616 se
312 595 370 615 non
392 586 496 615 habere
516 586 591 623 quod
612 586 729 620 habent,
750 586 818 614 haec
832 588 925 614 autem
940 585 1066 620 simulat,
1080 594 1110 614 se

264 633 368 662 habere
388 633 417 661 in
438 633 528 669 specie
550 640 622 669 quae
642 635 735 661 tamen
755 640 810 660 non
832 632 916 660 habet
935 632 962 660 in
984 631 1108 660 veritate.

263 680 289 709 Si
310 683 404 708 autem
425 679 544 708 Ecclesia
565 688 623 707 non
643 678 748 707 [tabere
775 687 804 708 se
831 679 930 707 asserit
957 686 1007 707 nec
1028 678 1110 707 etiam

263 727 416 756 secundum
438 726 583 755 veritatem
604 726 687 754 habet
708 725 828 762 aliquid,
850 728 882 754 ut
896 725 976 759 dicit;
992 733 1046 753 non
1061 725 1110 753 ha-

262 774 328 803 bere
350 774 434 810 igitur
457 773 619 810 temporalia
639 773 726 807 bona,
747 781 779 801 ac
800 781 850 809 per
877 773 931 801 hoc
956 780 1006 801 nec
1027 772 1109 801 etiam

263 821 382 855 loculos,
404 822 514 849 sanctae
535 820 617 848 matri
647 820 780 848 Ecclesiae
808 819 943 848 veraciter
972 819 1109 856 competit.

263 867 296 896 Ut
316 867 383 904 quid
404 867 489 904 igitur
511 875 565 895 non
593 867 727 896 babentes
755 867 861 895 loculos
888 869 916 895 et
936 874 965 895 se
986 874 1040 895 non
1062 867 1111 895 ha-

263 914 328 943 bere
349 914 510 950 profitentes
530 916 563 942 ut
583 913 758 942 simulatores
786 916 813 942 et
841 913 994 942 haereticos
1018 913 1111 941 crimi-

263 964 346 990 natur
367 964 394 990 et
415 960 548 989 damnat?
569 961 595 989 Si
618 968 700 993 vero,
723 963 754 989 ut
775 961 913 995 diximus,
936 963 963 989 et
983 968 1048 989 vere
1063 960 1111 989 ha-

263 1009 310 1037 bet
329 1010 356 1036 et
379 1007 513 1036 veraciter
542 1007 646 1036 habere
672 1015 701 1036 se
722 1007 838 1042 asserit,
860 1007 928 1036 salso
949 1007 1034 1044 igitur
1064 1007 1112 1036 bo-

263 1063 363 1084 norum
386 1054 520 1083 Ecclesiae
540 1054 693 1083 dominium
715 1054 749 1083 ab
772 1054 890 1083 Ecclesia
913 1054 981 1083 tollit
1002 1057 1029 1083 et
1047 1054 1111 1083 sibi-

264 1105 320 1131 met
340 1102 421 1130 etiam
443 1101 614 1130 contradicit.

345 1150 388 1177 10.
411 1149 548 1185 Amplius,
570 1148 591 1177 si
615 1156 711 1177 rerum
732 1148 885 1177 dominium
907 1156 961 1176 non
983 1148 1112 1184 competit

265 1198 374 1225 sanctae
403 1195 551 1230 Ecclesiae,
574 1198 605 1224 ut
626 1195 710 1230 dicit,
740 1195 911 1232 quicumque
932 1194 971 1223 rei
994 1194 1112 1223 alicuius

265 1243 417 1272 dominium
446 1242 549 1271 habent
569 1243 675 1271 exclusi
698 1245 764 1272 sunt
784 1242 818 1271 ab
839 1242 1024 1271 ecclesiastica
1050 1241 1112 1270 uni-

265 1292 338 1323 tate,
361 1289 435 1326 quod
455 1289 560 1326 absque
581 1289 666 1318 dubio
688 1292 793 1326 spectat
813 1288 847 1317 ad
869 1289 1037 1325 impietatem
1059 1289 1113 1316 Ma-

265 1337 460 1370 nichaeorum,
482 1337 554 1365 sicut
580 1336 722 1365 evidenter
750 1339 864 1373 apparet
892 1343 941 1372 per
969 1336 1113 1372 allegatam

265 1384 393 1420 superius
406 1383 414 1396 ²
438 1383 631 1412 auctoritatem
653 1383 796 1420 Augustini
819 1383 916 1420 quinto
931 1382 1002 1411 libro
1017 1385 1114 1411 contra

265 1431 404 1459 Faustum.
426 1430 498 1459 Dum
522 1430 606 1467 igitur
632 1430 733 1459 Christi
755 1429 926 1466 pauperibus
947 1429 1114 1457 ManIchaeo-

266 1486 330 1506 rum
359 1477 527 1514 impietatem
558 1477 697 1514 impingit,
725 1477 756 1505 in
785 1485 850 1505 eam
871 1485 961 1514 quam
981 1475 1050 1513 fecit
1070 1474 1114 1512 fo-

265 1533 346 1553 veam
368 1524 471 1553 incidit
492 1528 518 1553 et
539 1524 567 1552 in
590 1524 679 1553 lacum
701 1524 887 1560 demergitur,
909 1531 992 1560 quem
1012 1522 1113 1551 effodIt.

266 1589 304 1593 --
318 1571 421 1608 Quodsi
442 1571 530 1605 dicat,
553 1579 581 1599 se
604 1579 657 1599 non
679 1571 832 1607 intelligere
852 1570 886 1598 de
901 1570 1051 1598 universali
1066 1569 1114 1598 Ec—

266 1618 363 1651 clesia,
392 1617 439 1646 sed
467 1617 645 1654 particulari,
670 1619 766 1653 utpote
794 1616 908 1645 ecclesia
929 1616 1113 1650 clericorum,

266 1665 357 1694 adhuc
378 1664 444 1693 false
465 1667 492 1693 et
514 1664 597 1701 impie
619 1664 717 1698 sentit,
739 1663 805 1692 dum
827 1670 922 1691 omnes
937 1662 1051 1691 clericos
1066 1663 1115 1690 ha-

267 1712 362 1741 bentes
390 1711 534 1748 proprium
563 1711 598 1739 ab
627 1710 761 1739 Ecclesiae
791 1710 895 1738 unitate
916 1709 1041 1738 secludit.
1064 1710 1115 1738 Ne-

267 1766 407 1796 quaquam
429 1757 514 1794 igitur
535 1757 621 1786 asseri
644 1759 748 1794 potest,
778 1757 923 1785 Ecclesiam
954 1756 1115 1792 temporalia

267 1805 424 1834 huiusmodi
453 1804 650 1833 universaliter
675 1813 733 1832 ηοη
754 1803 876 1837 habere,
899 1810 948 1832 nec
969 1803 1029 1831 eius
1051 1810 1114 1831 con-

267 1852 401 1886 trarium,
423 1851 526 1880 scilicet
547 1851 741 1879 universaliter
762 1849 883 1884 scabere,
906 1857 969 1878 cum
993 1849 1114 1886 quidam,

267 1899 342 1928 salva
362 1898 478 1927 veritate
499 1897 636 1934 Evangelii
657 1901 685 1926 et
699 1899 773 1926 statu
788 1897 900 1931 salutis,
916 1896 1051 1925 veraciter
1066 1896 1115 1924 ba-

268 1946 349 1974 beant
370 1945 442 1974 sicut
458 1945 601 1982 propria,
623 1944 736 1981 quidam
758 1944 831 1972 sicut
851 1943 1037 1977 communia,
1053 1943 1115 1980 qui-

267 1992 328 2021 dam
344 1991 425 2020 etiam
440 1992 572 2029 utrisque
586 1994 721 2025 caream,
737 1990 890 2019 secundum
902 1989 1040 2027 quandam
1053 1998 1115 2026 per-

268 2038 392 2067 fectionis
403 2038 575 2074 evangelicae
586 2038 703 2066 formam
715 2037 845 2073 superius
856 2037 867 2053 ³
878 2037 931 2065 iam
943 2044 1114 2073 expressam.

349 2086 392 2113 ll.
410 2085 513 2113 Verum
529 2084 640 2121 quidem
657 2087 714 2118 est,
729 2083 803 2120 quod
818 2083 939 2112 decimae
958 2086 985 2112 et
1006 2083 1116 2111 oblati0-

124 2142 260 2161 neaecsmiset
269 2139 318 2160 nes
339 2132 454 2160 Domino
475 2131 612 2159 debentur
633 2134 661 2159 et
681 2130 743 2158 iure
764 2130 856 2158 divino
877 2130 1046 2166 deputantur
1068 2129 1116 2157 Ec-

124 2166 256 2185 oblationibus.

270 2178 382 2212 clesiae,
405 2186 503 2207 verum
532 2178 613 2206 etiam
636 2177 816 2206 nihilominus
834 2179 891 2210 est,
913 2176 986 2213 quod
1008 2184 1116 2213 posses-

270 2225 360 2254 siones
380 2224 550 2258 immobiles,
572 2227 603 2252 ut
623 2224 698 2261 agri,
719 2223 813 2258 villae,
829 2225 935 2257 castra,
950 2223 1075 2251 civitates
1089 2225 1116 2251 et

269 2272 430 2305 comitatus,
452 2279 507 2299 non
528 2274 637 2299 tantum
658 2271 719 2299 iure
741 2270 848 2304 divino,
878 2269 925 2298 sed
953 2269 1034 2298 etiam
1063 2269 1116 2297 hu-

269 2326 350 2347 mano
377 2318 404 2346 in
426 2318 625 2354 possessionem
654 2319 799 2346 transeunt
826 2316 1013 2346 ecclesiarum.
1038 2315 1117 2352 Quod

737 227 934 256 OPUSCULUIVI
956 227 998 256 XI.
1020 226 1182 256 APOLOGIA
1203 227 1384 256 PAUPERUM.
1407 227 1475 256 CAP.
1497 227 1528 256 X.

1165 313 1334 342 quamquam
1346 305 1530 342 prudentibus
1540 305 1669 334 omnibus
1680 304 1806 342 iurisque
1817 305 1829 322 4
1845 305 1939 342 peritis
1950 306 2011 335 luce

1165 352 1267 381 clarius
1288 355 1409 386 constet,
1431 355 1522 381 tamen
1543 352 1577 380 ad
1598 351 1718 388 imperiti
1739 354 1767 380 et
1786 352 1909 388 procacis
1928 352 2013 381 homi—

1165 398 1207 427 nis
1229 398 1404 427 refellendam
1427 398 1595 435 proterviam
1624 398 1710 427 sacris
1735 398 1892 427 Canonibus
1922 402 2013 427 osten-

1164 444 1285 473 dendum
1307 447 1356 473 est.
1379 445 1445 473 Nam
1467 445 1555 473 Causa
1575 445 1754 479 duodecima,
1783 445 1944 481 quaestione
1971 453 2013 474 se-

1166 491 1256 520 cunda
1270 500 1306 520 ex
1321 491 1440 520 Concilio
1455 491 1644 520 Aurelianensi
1656 492 1666 508 ⁵
1680 502 1685 519 :
1714 502 1727 517 «
1738 491 1764 519 Si
1783 491 1846 528 quis
1860 491 1893 520 de
1908 492 2014 521 clericis

1165 538 1345 572 documenta,
1374 538 1477 575 quibus
1504 538 1640 574 possessio
1667 538 1803 566 Ecclesiae
1831 538 1912 566 firma
1939 541 2014 567 tene-

1166 587 1229 619 tur,
1250 588 1299 613 aut
1320 584 1494 621 supprimere
1509 588 1557 612 aut
1571 592 1672 621 negare
1694 584 1909 621 praesumserit,
1935 585 2014 622 quid-

1166 632 1232 669 quid
1253 640 1305 668 pro
1326 631 1449 660 absentia
1463 631 1693 659 documentorum
1709 631 1800 659 damni
1820 631 1954 660 Ecclesiae
1968 631 2015 660 da-

1166 681 1225 707 tum
1242 681 1296 713 est,
1311 678 1345 707 de
1360 678 1480 715 propriis
1494 677 1672 706 facultatibus
1686 677 1784 706 reddat
1797 689 1823 706 ».
1841 678 1917 712 Item,
1932 678 2015 715 paulo

1167 728 1228 762 post
1248 725 1399 761 Gregorius
1420 725 1581 761 quaestione
1608 724 1741 753 eademss:
1768 736 1781 749 «ι
1797 725 1873 753 Sicut
1898 725 2016 754 Ecclesia

1167 772 1294 809 proprias
1314 779 1360 800 res
1381 772 1507 800 amittere
1528 779 1583 799 non
1599 771 1695 806 debet,
1718 771 1755 800 ita
1776 779 1836 800 eam
1858 772 2015 808 rapacitatis

1167 819 1267 847 ardore
1280 818 1383 847 alienas
1398 818 1528 847 invadere
1542 826 1597 846 non
1612 821 1721 855 oportet
1735 830 1762 847 n.
1778 819 1916 855 Amplius,
1932 826 2016 855 quae-

1168 866 1256 894 stione
1283 865 1416 899 eadem⁷‚
1445 873 1482 894 ex
1503 865 1623 894 Concilio
1651 865 1816 902 Agathensi:
1842 877 1855 891 (ι
1871 866 1896 894 Si
1922 874 2017 895 servos

1168 912 1303 941 Ecclesiae
1331 913 1457 941 libertate
1485 912 1631 949 episcopus
1655 912 1814 946 donaverit,
1839 920 1871 941 ea
1890 920 1962 950 quae
1988 913 2017 942 in

1168 959 1383 988 manumissione
1405 959 1468 987 data
1489 959 1542 987 illis
1570 959 1696 993 fuerant,
1724 962 1860 996 perpetua
1887 959 2017 989 firmitate

1170 1006 1342 1035 tenebunt».
1366 1006 1434 1034 Haec
1463 1014 1558 1035 canon.
1587 1006 1672 1034 Habet
1700 1006 1785 1043 Igitur
1815 1006 1933 1035 Ecclesia
1959 1014 2017 1035 ser-

1169 1061 1236 1087 vos;
1258 1053 1306 1082 sed
1328 1052 1374 1081 ubi
1396 1061 1462 1081 vera
1483 1053 1619 1086 servitus,
1641 1052 1678 1081 ibi
1698 1060 1796 1081 verum
1811 1052 1978 1081 dominium:
1994 1053 2017 1083 si

1169 1100 1254 1137 igitur
1267 1100 1385 1129 Ecclesia
1397 1100 1499 1129 habere
1511 1103 1600 1136 potest
1611 1108 1706 1128 servos
1719 1099 1883 1136 originarios
1894 1103 1921 1129 et
1932 1101 2017 1129 ascri-

1169 1147 1277 1183 ptitios,
1305 1154 1400 1175 veram
1425 1147 1600 1175 concluditur
1622 1146 1724 1175 habere
1746 1146 1943 1183 proprietatem
1971 1154 2016 1176 ve—

1168 1201 1287 1230 ramque
1308 1194 1516 1230 possessi0nem.

1252 1241 1294 1269 102.
1312 1240 1439 1276 Insuper,
1455 1240 1527 1277 quod
1542 1240 1678 1269 distinctis
1692 1240 1813 1269 ecclesiis
1827 1240 1956 1269 distincta
1969 1240 2017 1269 do-

1169 1288 1254 1316 minia
1269 1289 1433 1323 competant,
1446 1290 1540 1323 aperte
1555 1287 1689 1323 probatur
1704 1294 1754 1323 per
1768 1287 1838 1315 iura.
1850 1287 1918 1315 Nam
1929 1287 2017 1316 Causa

1169 1335 1275 1363 decima
1290 1337 1382 1367 sexta,
1397 1334 1557 1371 quaestione
1579 1333 1676 1370 quinta
1687 1333 1698 1350 8
1713 1333 1840 1362 Nicolaus
1856 1334 1940 1370 Papa:
1962 1345 1975 1360 «
1989 1334 2016 1363 si

1170 1381 1233 1417 quIs
1254 1380 1447 1417 episcoporum
1468 1380 1495 1408 in
1521 1380 1625 1408 alienae
1654 1380 1771 1409 civitatis
1798 1380 1939 1409 territorio
1966 1389 2017 1417 pro

1171 1435 1348 1464 quacumque
1363 1435 1479 1455 suorum
1494 1427 1700 1464 opportunitate
1715 1427 1857 1456 ecclesiam
1873 1427 2017 1457 aedificare

1171 1474 1306 1511 disponit,
1335 1482 1389 1502 non
1412 1477 1572 1511 praesumat
1592 1474 1789 1503 dedicationem
1812 1474 1917 1509 facere,
1946 1483 2017 1512 quae

1171 1522 1246 1550 illius
1266 1524 1323 1555 est,
1342 1521 1369 1549 in
1385 1521 1465 1550 cuius
1486 1521 1626 1549 territorio
1645 1521 1760 1549 ecclesia
1781 1525 1876 1558 surget
1889 1533 1916 1549 ».
1937 1522 2017 1556 Item,

1171 1568 1260 1597 Causa
1274 1568 1382 1600 eadem,
1400 1568 1560 1604 quaestione
1575 1568 1656 1596 tertia
1667 1567 1678 1584 ⁹
1698 1567 1836 1597 Gelasius:
1864 1580 1877 1593 «
1892 1568 1961 1597 Illud
1974 1577 2019 1597 an-

1171 1615 1242 1643 necti
1265 1615 1384 1651 placuit,
1405 1618 1437 1643 ut
1457 1614 1493 1648 si,
1515 1614 1590 1651 quod
1617 1614 1703 1648 absit,
1725 1614 1869 1644 facultates
1890 1616 2019 1645 ecclesiae

1171 1669 1222 1690 nec
1243 1669 1297 1689 non
1318 1661 1457 1689 dioeceses
1471 1661 1505 1689 ab
1520 1661 1660 1698 aliquibus
1681 1661 1857 1697 possidentur
1871 1661 2018 1698 episcopis,

1172 1708 1233 1736 iure
1248 1707 1298 1736 sibi
1314 1708 1461 1742 vindicent,
1477 1707 1551 1744 quod
1566 1708 1612 1736 lex
1624 1707 1782 1736 tricennalis
1796 1708 1939 1742 conclusit,
1954 1708 2020 1745 quia

1171 1758 1199 1783 et
1220 1755 1341 1783 filiorum
1363 1757 1523 1783 nostrorum
1543 1754 1701 1791 principum
1715 1755 1753 1783 ita
1766 1755 1905 1783 mandavit
1925 1758 2019 1784 aucto-

1171 1802 1277 1830 ritas».
1294 1802 1428 1838 Amplius,
1444 1801 1605 1838 quaestione
1619 1801 1712 1830 eadem
1725 1801 1758 1836 ¹⁰,
1780 1802 1859 1830 Inter
1876 1810 2019 1830 memora-

1173 1853 1231 1882 tos,
1246 1848 1294 1877 ubi
1309 1848 1451 1877 dirimitur
1472 1848 1598 1885 quaestio
1619 1848 1753 1883 limitum,
1774 1849 1812 1877 ait
1830 1849 2018 1878 Innocentius:

1176 1907 1189 1920 «
1205 1895 1230 1923 Si
1253 1895 1331 1924 limes
1353 1895 1491 1932 legitimus
1513 1895 1626 1923 eandem
1642 1895 1782 1924 basilicam
1797 1903 1852 1924 non
1867 1895 2018 1931 concludit,

1172 1947 1199 1971 et
1220 1946 1312 1971 tamen
1340 1942 1411 1979 longi
1442 1942 1574 1978 temporis
1602 1942 1736 1978 probatur
1758 1942 1864 1971 obiecta
1884 1943 2020 1979 praescri-

1171 1989 1248 2026 ptio;
1270 1989 1416 2026 appellatio
1437 1989 1590 2025 praesentis
1610 1989 1730 2026 episcopi
1745 1997 1800 2018 non
1815 1989 1931 2024 valebit,
1951 1998 2019 2027 quo-

1172 2036 1246 2064 niam
1259 2036 1296 2064 illi
1309 2035 1467 2064 tricennalis
1485 2035 1601 2064 obiectio
1615 2036 1692 2072 ponit
1706 2036 1853 2064 silentium.
1871 2036 1924 2065 Hoc
1937 2037 2019 2065 etiam

1172 2082 1357 2111 saeculariiim
1378 2081 1466 2110 edicta
1486 2081 1643 2118 principum
1662 2082 1849 2119 praecipiunt,
1864 2085 1891 2111 et
1905 2090 2020 2119 praesu-

1174 2129 1231 2157 lum
1254 2129 1438 2157 Romanorum
1454 2128 1576 2157 decrevit
1590 2128 1740 2157 auctoritas
1754 2140 1780 2156 ».
1796 2129 1865 2157 Haec
1880 2136 1974 2157 canon.
1991 2129 2020 2158 ln

1172 2175 1275 2212 quibus
1296 2182 1350 2203 non
1372 2175 1460 2203 solum
1490 2174 1641 2209 astruitur,
1667 2175 1741 2211 quod
1762 2175 1893 2204 ecclesiae
1920 2183 2019 2204 verum

1173 2221 1325 2250 dominium
1346 2221 1466 2249 babeant
1486 2224 1569 2258 atque
1590 2221 1766 2256 dIstinctum,
1787 2222 1852 2258 quia
1866 2225 1964 2251 mutuo
1978 2222 2019 2251 in-

1173 2271 1215 2297 ter
1237 2276 1266 2297 se
1287 2268 1497 2304 praescribunt,
1517 2276 1616 2296 verum
1638 2268 1735 2302 etlam,
1757 2268 1831 2305 quod
1852 2268 1880 2297 id
1900 2268 2020 2298 babeant

1174 2315 1325 2344 secundum
1347 2315 1391 2343 ius
1412 2314 1536 2343 divinum
1558 2315 1661 2351 parit-er
1683 2318 1710 2343 et
1730 2315 1900 2349 humanum,
1921 2323 1972 2352 pro
1987 2323 2019 2345 eo

333 2513 340 2527 ¹
359 2514 416 2537 Cod.
433 2515 450 2536 B
466 2514 531 2536 addit
547 2515 639 2537 nostra.

333 2553 341 2566 2
359 2554 425 2576 Num.
444 2553 466 2575 5.
481 2566 512 2569 —
530 2553 632 2575 Subinde
654 2553 765 2580 allegatur
782 2553 816 2575 Ps.
839 2552 866 2581 7,
891 2552 934 2574 ⁴6:
957 2553 1042 2575 Lacum
1065 2557 1116 2580 ape-

270 2592 316 2614 ruit
332 2595 354 2615 et
371 2592 450 2614 effodit
465 2598 531 2620 euin,
547 2595 570 2614 et
586 2592 667 2614 incidit
683 2592 704 2613 in
723 2592 825 2619 foveam,
842 2597 913 2620 quarn
931 2591 989 2613 fecit.

333 2630 342 2643 ³
359 2630 415 2659 Cap.
440 2631 503 2652 9-11.
525 2642 556 2647 ——
581 2630 693 2658 Superius
715 2636 758 2658 pro
779 2629 876 2659 quidam
897 2629 959 2653 sicut
979 2629 1116 2652 communia

272 2671 324 2693 Yat.
343 2670 399 2700 qula
416 2671 473 2693 sunt
489 2669 633 2693 communia.

332 2708 342 2721 4
360 2710 389 2731 lta
406 2709 440 2736 C3
458 2709 511 2731 edd.
528 2708 639 2738 virisque.

333 2748 342 2760 ⁵
359 2748 414 2771 Can.
433 2748 467 2770 40.
487 2748 548 2770 Ideni
565 2748 666 2770 occurrit
681 2747 739 2770 ibid.
755 2753 774 2770 c.
793 2748 836 2774 33,
853 2746 893 2769 ubi
905 2754 931 2770 ex
943 2746 1043 2770 Concilio
1055 2748 1116 2776 Aqu-

271 2786 347 2809 tlzenst'
363 2787 481 2814 allegatur.
499 2787 548 2809 Vat.
567 2790 589 2808 et
606 2786 642 2808 ed.
661 2787 673 2808 2
692 2789 744 2814 post
757 2791 846 2815 nequi-e
858 2792 911 2808 cuni
923 2786 1016 2808 Canone
1026 2785 1116 2808 addunt

271 2827 313 2848 aut
330 2827 448 2853 anm-cere,
466 2827 508 2848 aut
524 2825 626 2855 fortasse
643 2824 738 2848 tradere
754 2824 886 2847 damnabili
901 2826 922 2848 et
936 2824 1058 2854 punienda
1077 2823 1116 2847 ob—

271 2864 396 2887 stinatione
413 2867 435 2886 ct
452 2870 494 2892 pro
511 2864 594 2887 datum
611 2865 646 2887 est
662 2863 803 2887 substituunt
819 2863 914 2887 illatum
930 2865 972 2887 est.

334 2902 344 2915 θ
361 2902 415 2925 Can.
434 2902 477 2929 49;
495 2909 522 2925 ex
538 2903 648 2931 Gregor„
674 2904 707 2925 III.
733 2903 802 2931 Epist.
824 2903 890 2931 epist.
912 2903 949 2925 44.
974 2903 1004 2925 ad
1029 2903 1117 2925 Bonisa-

271 2942 333 2964 cium
350 2942 421 2969 episc.

335 2979 344 2992 ⁷
361 2981 416 3003 Can.
433 2980 462 3003 57
475 2989 481 3003 :
496 2981 519 3003 Si
536 2987 595 3009 quos
613 2981 641 3003 de
664 2982 739 3003 servis
762 2980 874 3003 Ecclesiae
894 2980 1050 3003 benemeritos
1070 2979 1116 3002 sihi

272 3020 396 3047 episcopus
414 3019 517 3042 libertate
533 3020 663 3048 donaverit,
681 3020 786 3042 collatam
802 3019 930 3042 libertatem
947 3026 960 3042 a
977 3019 1115 3042 successori-

1172 2512 1218 2534 bus
1235 2512 1320 2540 placuit
1337 2511 1459 2539 custodiri,
1477 2517 1530 2533 cum
1548 2512 1592 2533 lioc
1608 2511 1672 2540 quod
1685 2511 1718 2533 eis
1730 2511 1885 2533 manumissor
1896 2511 1919 2533 in
1929 2511 2018 2534 liberta-

1173 2553 1217 2573 tem
1236 2551 1356 2573 contulerit
1372 2553 1414 2572 etc.

1235 2589 1244 2604 ⁸
1262 2590 1338 2618 Quae,
1356 2589 1436 2611 ordine
1452 2589 1558 2615 inverso,
1583 2588 1716 2611 immediate
1739 2591 1791 2616 post
1811 2589 1973 2617 Quaestionem
1995 2590 2017 2612 2.

1172 2629 1276 2657 ponitur,
1295 2635 1313 2651 c.
1332 2629 1352 2655 l,
1371 2634 1441 2657 quem
1466 2628 1587 2650 Gratianus
1604 2627 1708 2649 attribuit
1723 2628 1816 2649 Nicolao
1833 2628 1920 2655 Papae,
1937 2634 2018 2650 secun-

1172 2668 1228 2691 dum
1246 2668 1346 2690 editores
1363 2668 1479 2690 Romanos
1494 2669 1570 2689 autem
1583 2665 1674 2689 exhibet
1685 2666 1811 2689 Concilium
1824 2666 1990 2689 Arausicanuni
2003 2667 2017 2689 Ι.

1173 2714 1192 2729 e.
1209 2708 1243 2729 10.
1256 2708 1298 2729 Pro
1314 2705 1490 2736 opportunitate
1503 2705 1554 2728 Vat.
1567 2708 1589 2727 et
1601 2705 1654 2728 edd.
1668 2706 1689 2732 ¹1,
1701 2706 1715 2727 2
1727 2711 1849 2733 perperam
1862 2705 2017 2735 infirmitate,-

1172 2747 1195 2769 in
1212 2747 1257 2769 fine
1273 2752 1316 2774 pro
1333 2747 1415 2775 sw‘qet
1431 2751 1505 2768 canon
1521 2744 1636 2774 ussuryz't.

1234 2784 1244 2797 ⁹
1261 2785 1315 2808 Can.
1340 2784 1484 2808 Praesulum
1510 2786 1649 2807 nostrorum
1668 2784 1716 2812 (2.).
1734 2784 1776 2806 Pro
1796 2783 1929 2811 decimalis,
1946 2784 1963 2806 B
1980 2783 2018 2807 de-

1171 2823 1289 2852 cannulis,
1301 2830 1355 2846 cum
1370 2829 1458 2846 canone
1469 2822 1630 2845 substituimus
1641 2822 1780 2846 tricennalis
1787 2831 1796 2851 ,·
1807 2823 1847 2845 cfr.
1860 2828 1911 2845 ean.
1922 2823 2016 2850 Gelasii,

1171 2863 1212 2892 qui
1229 2863 1361 2885 immediate
1378 2865 1430 2891 post
1446 2869 1458 2884 a
1476 2862 1562 2884 Bonav.
1579 2862 1698 2890 allegatur.

1233 2901 1254 2915 ¹⁰
1271 2902 1326 2925 Can.
1344 2903 1407 2925 [mer
1423 2903 1567 2925 memoratos
1584 2901 1640 2930 (6.),
1665 2901 1705 2930 qui
1728 2907 1741 2923 a
1763 2901 1869 2923 Gratiano
1885 2900 2017 2923 attribuitur

1171 2932 1306 2964 Innocentio
1323 2941 1412 2969 Papae,
1429 2940 1471 2963 sed
1487 2940 1605 2962 invenitur
1621 2940 1643 2962 in
1661 2940 1717 2962 actis
1733 2939 1829 2962 Concilii
1842 2939 1980 2968 Hispalensis
1992 2939 2016 2962 II.

1172 2986 1191 3002 c.
1209 2981 1230 3002 2.
1247 2979 1320 3002 Codd.
1345 2979 1415 3002 BCD
1441 2979 1549 3001 omittunt
1570 2978 1722 3008 principum,
1747 2979 1785 3001 cui
1809 2984 1886 3000 canon
1908 2977 2017 3006 praefigit

1170 3018 1341 3042 saecularium.

2052 1249 2116 1269 Distin(

2032 1272 2111 1292 dominia
2122 1284 2126 1289 -

2040 1296 2114 1316 stiunt-ar

2033 1320 2115 1339 ecclesiat
2122 1332 2129 1340 :-

2037 2137 2113 2157 blotand*
