2133 3317
0 1710 90 1838 ΠΜ,

6 1765 22 1779 ιι
41 1761 89 1784 Apo-

7 1784 88 1811 'ppptem

0 2462 81 2491 itoeiores

0 2488 86 2529 We?

474 207 669 236 OPUSCULUM
689 207 753 235 XIII.
775 207 1082 236 DETERMINATIONES
1103 208 1343 245 QUAESTIONUM.
1365 208 1445 237 PARS
1466 208 1494 237 lI.

116 286 180 315 dico
201 285 296 319 vobis,
311 288 479 322 receperunt
493 284 650 313 mercedem
663 293 768 318 suam,
782 292 866 321 quam
881 285 957 321 prin-

117 331 231 369 cipalius
252 331 296 360 hic
317 334 344 360 et
364 331 515 360 studiosius
535 331 723 368 quaesierunt.
746 331 854 360 Dicitur
874 331 956 360 etiam

115 378 143 407 in
164 377 295 406 Threnis:
319 377 466 405 Dederunt
483 377 612 414 pretiosa
643 385 772 415 quaeque
798 385 855 414 pro
886 377 955 406 cibo.

115 424 250 453 Pretiosa
270 426 336 452 sunt
357 423 441 452 verba
462 423 509 452 Dei
531 426 558 452 et
578 423 728 452 auctoritas
755 423 912 452 absolvendi
941 431 958 451 a

115 471 232 508 peccatis
252 470 398 504 confessis,
419 477 491 507 quae
512 470 564 498 dat
580 478 637 507 pro
658 469 719 498 cibo
741 470 788 507 qui
817 477 868 507 pro
895 477 956 498 cor-

114 517 189 555 poris
209 516 338 545 alimento
358 524 390 545 ea
410 516 599 553 principaliter
619 515 760 553 impendit.

426 609 564 645 QUAns‘rio
585 609 639 637 XX.

192 702 253 731 Cur
273 703 396 731 Fratres
415 710 473 731 non
494 701 617 731 habeant
638 702 872 731 consuetudinem

414 749 641 786 praecedentiae.

188 842 256 871 Cum
278 842 306 870 in
326 842 387 870 aliis
408 841 592 878 Religionibus
619 844 647 870 et
674 842 795 878 collegiis
826 842 954 871 ecclesia-

111 897 174 918 rum
196 888 283 917 maior
304 888 458 917 reverentia
479 888 620 925 prioribus
647 888 674 916 in
700 888 796 917 ordine
823 889 954 917 introitus

110 936 195 965 soleat
215 935 342 965 exhiberi
358 952 393 955 —
409 935 483 972 quod
504 935 586 964 etiam
607 935 679 964 inter
700 935 839 972 Apostolos
860 935 953 972 aliquo

110 982 190 1012 modo
204 985 345 1012 servatum
359 982 469 1011 videtur
481 983 491 999 ¹
505 998 543 1002 —-
559 982 684 1011 videlicet
698 982 724 1010 in
741 982 819 1010 stallo
834 982 911 1011 chori
926 985 953 1011 et

110 1029 221 1066 capituli
242 1032 269 1057 et
290 1036 400 1057 mensae
420 1031 448 1057 et
468 1028 543 1062 aliis;
566 1036 665 1065 magna
679 1028 819 1057 rusticitas
834 1029 952 1063 videtur,

109 1076 182 1113 quod
203 1076 277 1112 apud
297 1084 345 1104 vos
365 1076 442 1104 nulla
463 1076 489 1104 in
512 1075 555 1104 his
568 1075 721 1104 differentia
736 1079 873 1109 servatur,
888 1084 952 1104 cum

109 1122 253 1159 Apostolus
272 1122 345 1151 dicat
364 1122 399 1151 ad
420 1123 554 1151 Romanos
574 1122 752 1151 duodecimo:
774 1122 891 1151 Honore
907 1122 952 1151 in-

109 1168 199 1197 vicem
219 1168 441 1205 praevenientes.

187 1215 353 1252 Respondeo.
376 1215 491 1244 Sanctus
512 1217 590 1251 pater
614 1217 708 1243 noster
736 1215 896 1244 Franciscus
923 1215 951 1243 in

108 1269 217 1291 summa
237 1261 324 1290 voluit
344 1261 474 1290 Ordinem
496 1261 617 1298 puritate
638 1261 770 1296 fundare,
785 1264 817 1290 ut
832 1261 859 1290 in
874 1262 951 1290 nullo

81 1304 86 1310 '
107 1308 294 1345 gloriarentur
314 1308 423 1337 Fratres
443 1308 503 1336 nisi
529 1308 561 1337 in
592 1316 677 1337 cruce
710 1308 827 1337 Domini
856 1309 953 1337 nostri

106 1355 174 1383 lesu
196 1353 306 1383 Christi
316 1355 337 1388 2,
359 1354 384 1383 id
407 1358 448 1383 est
469 1355 632 1383 humilitatis
663 1358 690 1384 et
721 1355 843 1384 caritatis
873 1355 950 1389 eius,

107 1409 162 1438 qua
183 1409 233 1438 pro
253 1401 332 1430 nobis
353 1401 407 1438 pati
430 1401 532 1436 voluit,
560 1401 658 1430 devota
688 1402 855 1436 imitatione,
886 1410 950 1431 cum

105 1447 133 1476 in
154 1447 312 1476 huiusmodi
334 1448 521 1482 excellentiis,
542 1456 598 1485 quo
618 1456 692 1477 unus
720 1449 800 1477 alteri
828 1448 950 1486 praefer-

106 1497 162 1529 tur,
183 1494 211 1523 in
238 1494 331 1531 aliquo
358 1494 444 1523 soleat
474 1495 583 1524 animus
613 1495 838 1532 imperfectorum
869 1503 950 1532 saepe

106 1541 250 1579 pueriliter
264 1541 368 1570 extolli.
384 1541 461 1578 Quod
475 1545 567 1570 autem
583 1542 726 1578 Apostolus
743 1542 823 1570 docet
843 1541 950 1570 honore

105 1587 227 1616 invice-m
244 1588 434 1625 praeuenire,
456 1596 511 1616 non
532 1590 638 1617 tantum
660 1588 694 1616 ad
719 1588 784 1617 istas
812 1588 949 1617 extrinse-

105 1641 150 1663 cas
170 1635 340 1664 reverentias
361 1634 537 1664 referendum
559 1638 615 1669 est,
637 1643 693 1672 qua
714 1643 788 1664 unus
808 1635 886 1664 alteri
906 1643 948 1664 as-

105 1681 209 1719 surgit,
232 1681 274 1710 vel
294 1681 359 1711 facit
379 1689 443 1711 eum
464 1690 493 1711 se
514 1682 679 1719 praecedere
700 1685 727 1711 et
755 1682 782 1710 in
811 1683 947 1719 superiori

105 1728 164 1757 loco
184 1731 258 1757 stare
278 1728 321 1757 vel
342 1728 438 1757 sedere
458 1731 485 1757 et
505 1729 656 1763 similibus,
671 1729 719 1758 sed
733 1729 819 1766 magis
833 1729 867 1758 ad
882 1729 947 1764 hoc,

103 1777 136 1804 ut
155 1775 274 1812 quisque
294 1777 420 1812 reputet,
441 1775 526 1804 alium
547 1783 576 1804 se
597 1775 740 1804 meliorem
761 1784 833 1811 esse,
848 1776 880 1804 in
894 1774 948 1804 liu-

103 1821 225 1850 militate
244 1821 301 1850 sibi
320 1821 443 1850 invicem
463 1822 629 1859 superiores
655 1822 833 1851 arbitrantes
846 1823 857 1840 ³
878 1826 946 1857 etc.;

103 1871 135 1897 ut
155 1876 209 1897 non
231 1868 266 1897 sit
286 1876 391 1905 pronus
411 1869 446 1897 ad
465 1869 704 1906 interpretandum
724 1869 795 1898 facta
815 1869 875 1898 eius
903 1870 947 1898 vel

103 1914 175 1944 dicta
202 1915 230 1944 in
260 1918 367 1952 partem
398 1915 579 1950 deteriorem,
610 1916 644 1945 ad
676 1917 811 1945 Romanos
841 1916 947 1945 decimo

103 1964 219 1999 quarto:
240 1961 305 1991 Non
326 1971 394 2000 erqo
415 1962 544 1999 amplias
564 1962 686 1991 invicem
711 1962 894 1997 iudicemus;
914 1965 947 1992 ut

103 2008 224 2037 offensus
244 2008 279 2037 ab
300 2016 332 2038 eo
352 2009 431 2038 facile
451 2009 475 2038 ei
497 2009 634 2046 ignoscat,
650 2009 790 2038 donantes
806 2010 944 2044 invicem,

102 2054 130 2083 si
149 2054 216 2093 quis
236 2055 379 2084 adversus
399 2056 523 2094 aliquem
545 2055 628 2084 habet
641 2056 788 2095 querelam
800 2057 873 2090 4;111
888 2059 946 2085 stu-

102 2101 177 2130 diose
197 2105 307 2136 caveat,
328 2110 363 2131 ne
383 2102 410 2131 in
432 2102 525 2139 aliquo
545 2110 609 2131 eum
630 2102 762 2140 despiciat
789 2103 832 2132 vel
859 2103 945 2132 offen-

102 2147 163 2182 dat,
184 2148 312 2177 Matthaei
333 2148 439 2178 decimo
459 2152 570 2178 octavo:
599 2149 706 2184 Videte,
728 2158 762 2178 ne
781 2153 945 2178 contemna-

103 2191 140 2223 tis
160 2197 227 2229 etc.;
249 2198 281 2224 ut
300 2195 406 2225 absenti
427 2204 482 2224 non
502 2196 630 2225 detrahat
650 2204 700 2225 nec
724 2196 841 2225 libenter
865 2196 944 2225 dero-

101 2241 238 2278 gationem
253 2241 313 2271 eius
327 2242 429 2276 audiat,
441 2242 653 2271 Proverbiorum
666 2242 796 2279 vigesimo
808 2246 908 2280 quarto
920 2243 944 2271 ⁵:

104 2287 176 2316 Cum
197 2288 410 2317 detractoribus
429 2297 465 2317 ne
492 2289 708 2318 commiscearis
715 2299 726 2323 ‚·
754 2292 785 2318 ut
813 2289 943 2326 indigenti

101 2334 238 2363 auxilium
259 2337 286 2364 et
305 2338 465 2372 promptum
479 2335 644 2372 obsequium
659 2335 776 2364 libenter
791 2336 943 2373 impendat,

101 2380 135 2409 ad
155 2380 263 2410 Galatas
284 2381 395 2418 quinto:
418 2381 477 2409 Per
504 2381 658 2410 caritatem
687 2381 816 2419 Spiritus
847 2382 946 2410 sancti

101 2426 204 2455 servite
223 2427 363 2461 invicem;
384 2430 415 2456 ut
434 2435 498 2456 eum
520 2435 590 2464 pure
610 2427 704 2464 diligat
725 2430 752 2456 et
766 2428 839 2464 apud
853 2428 943 2456 Deum

102 2472 228 2508 fideliter,
243 2473 270 2502 in
285 2474 387 2511 quibus
401 2474 484 2508 valet,
500 2477 668 2511 promoveat.
684 2490 722 2494 —
736 2474 797 2511 Qui,
814 2475 881 2503 haec
895 2482 943 2503 ne-

103 2519 222 2557 gligens,
256 2523 364 2549 tantum
398 2521 457 2550 illas
491 2521 662 2550 extrinsecas
696 2521 880 2555 reverentias,
912 2524 944 2550 ut

164 2675 171 2688 ¹
189 2676 230 2698 Ed.
248 2677 260 2698 3
278 2676 301 2698 in
318 2679 370 2699 nota
387 2677 490 2699 adiecta:
508 2677 584 2699 Veluti
600 2677 675 2705 aliqua
693 2677 780 2699 ratione
797 2677 902 2700 educitur
914 2684 940 2700 ex

101 2715 212 2738 Matthaeo
229 2722 249 2738 c.
266 2716 307 2744 10,
327 2716 347 2738 1.
364 2722 429 2745 seqq.
446 2718 468 2738 et
485 2716 533 2738 aliis
551 2716 748 2743 Evangelistarum
765 2716 833 2744 locis,
850 2717 872 2738 in
890 2717 941 2745 qui-

100 2753 145 2776 bus
168 2755 329 2783 Apostolorum
355 2755 448 2777 nomina
473 2758 628 2778 recensentur.
649 2767 680 2771 —
703 2755 805 2778 Subinde
830 2755 941 2783 allegatur

100 2793 166 2815 Rom.
186 2793 281 2821 12,10,
766 2792 775 2806 ²
792 2794 840 2816 Gal.
858 2793 939 2820 6,14.

163 2830 171 2844 ⁸
190 2832 244 2854 Phil.
261 2833 288 2860 2,
305 2833 325 2854 3.
342 2845 373 2848 —
391 2833 498 2861 Sequitur
514 2833 580 2855 Rom.
604 2832 646 2861 ⁴4,
664 2833 701 2855 13.
717 2845 748 2848 -
764 2832 876 2860 Superius
899 2839 940 2860 pro

101 2869 198 2900 quisque
214 2871 267 2894 edd.
286 2872 310 2898 l,
327 2872 340 2893 2
358 2871 472 2901 quisquis.

162 2908 171 2921 ⁴
189 2909 236 2932 Col.
252 2910 279 2937 3,
298 2910 338 2932 43:
356 2910 521 2938 supportantes
537 2910 636 2933 invicem
653 2913 676 2933 et
692 2910 802 2933 donantes
818 2910 940 2933 vobismet-

100 2948 168 2976 ipsis,
184 2949 203 2971 si
219 2949 272 2977 quis
288 2951 330 2971 ete.
348 2960 378 2965 —
395 2948 498 2971 Subinde
513 2949 623 2977 allegatur
640 2949 716 2972 Matth.
734 2949 775 2977 18,
797 2950 834 2972 ¹0:
847 2949 939 2979 Videte,

100 2992 128 3009 ne
144 2987 295 3010 contemnatis
313 2993 383 3010 unum
401 2993 427 3010 ex
445 2987 479 3009 his
497 2988 584 3015 pusillis
601 2991 642 3010 ew.

1800 208 1851 237 371

1013 285 1085 320 dixi,
1106 286 1193 314 Fratri
1215 286 1344 320 exhibet,
1366 294 1435 323 quas
1449 286 1575 324 plerique
1590 287 1676 324 magis
1691 286 1724 315 ad
1739 286 1791 315 hoc
1806 286 1855 315 sibi

1013 334 1111 360 mutuo
1132 332 1280 367 exhibent,
1303 341 1337 361 ne
1358 333 1528 362 11101111111056
1551 336 1695 367 notentur,
1718 333 1761 361 vel
1788 332 1855 361 adu-

1014 378 1124 412 latorie,
1146 382 1178 407 ut
1198 379 1248 407 sibi
1271 379 1322 407 ista
1343 379 1461 408 vicissim
1485 379 1711 413 reethbeantur,
1739 379 1855 408 verbum

1013 424 1130 460 Apostoli
1152 425 1278 454 debiliter
1298 425 1331 454 de
1360 426 1472 454 honoris
1500 426 1694 462 praeventione
1722 425 1854 463 implevit.

1013 486 1051 490 —
1066 471 1138 499 lnter
1159 471 1220 500 illos
1240 472 1333 508 igitur,
1348 473 1394 509 qui
1417 473 1520 509 aliquid
1535 473 1682 501 exterioris
1695 472 1798 510 gloriae
1812 472 1855 501 vel
1868 478 1915 497 Aliis
1926 478 2000 498 Ordini-

1013 516 1103 545 officio
1123 517 1277 554 dignitatis,
1300 519 1341 547 vel
1363 527 1399 547 ex
1420 519 1472 547 alia
1494 519 1643 548 intentione
1672 520 1786 548 honesta
1806 527 1854 548 cu-

1013 563 1093 600 piunt
1115 564 1216 593 habere
1236 565 1388 593 secundum
1411 566 1564 600 hominem,
1587 569 1702 603 possunt
1723 567 1790 595 istae
1811 574 1855 595 re-

1013 610 1151 638 verentiae
1172 611 1322 639 observari.
1344 612 1397 640 Nos
1417 615 1508 641 autem
1530 615 1685 642 extremam
1706 617 1734 642 et
1754 613 1854 642 altissi-

1012 663 1084 684 mam
1106 660 1295 693 paupertatem
1318 658 1345 686 in
1367 659 1491 696 Regula⁷
1512 659 1648 696 professos
1669 660 1746 689 decet
1773 660 1854 689 etiam

1013 702 1196 732 humilitatem
1217 712 1354 733 summam
1377 705 1403 733 in
1424 706 1552 734 omnibus
1572 706 1720 735 custodire.
1743 707 1770 735 In
1795 707 1855 736 aliis

1012 749 1176 784 Ordinibus,
1199 751 1245 779 ubi
1268 754 1377 788 tempus
1399 755 1426 780 et
1445 752 1503 781 dies
1524 752 1700 789 professionis
1718 753 1853 791 cuiusque

1012 799 1101 833 potest
1121 797 1278 832 observari,
1301 799 1363 835 quis
1384 799 1460 835 prior
1489 800 1575 828 altero
1604 800 1763 835 intraverit,
1792 809 1853 838 pos-

1011 846 1076 871 sunt
1096 843 1176 872 etiam
1200 844 1227 872 in
1249 845 1314 873 loeis
1335 845 1414 874 istam
1441 846 1592 882 prioritatis
1619 854 1731 876 servare
1757 847 1853 876 dlstin-

1011 889 1143 924 ctionem;
1165 891 1238 927 apud
1260 899 1309 920 nos
1329 895 1438 926 autem,
1460 893 1507 921 ubi
1530 901 1610 930 saepe
1631 893 1664 922 de
1685 894 1744 922 loco
1765 894 1797 922 ad
1813 894 1853 923 lo-

1010 944 1073 965 cum
1094 940 1246 972 mutamur,
1267 938 1339 966 sicut
1359 947 1411 967 non
1434 947 1581 976 possumus
1602 940 1673 969 scire
1688 943 1797 977 tempus
1811 941 1852 969 in-

1010 983 1110 1011 troitus
1130 984 1345 1021 cuiuscumque,
1368 985 1404 1013 ita
1425 994 1487 1021 nec,
1502 986 1529 1014 in
1545 995 1600 1023 quo
1621 994 1683 1015 eum
1704 987 1853 1016 debeamus

1010 1030 1088 1058 stallo
1110 1030 1214 1064 locare,
1237 1039 1299 1059 cum
1321 1040 1357 1060 ex
1379 1032 1515 1061 oblivione
1536 1036 1562 1061 et
1582 1033 1730 1062 ambitione
1751 1042 1800 1063 seu
1815 1042 1851 1063 ex

1010 1076 1164 1105 humilitate
1185 1077 1279 1113 plures
1299 1078 1437 1113 dicerent,
1459 1079 1537 1116 prius
1552 1080 1594 1108 vel
1610 1080 1747 1116 posterius
1762 1088 1790 1109 se
1805 1089 1851 1109 ve-

1009 1123 1096 1157 nisse,
1112 1126 1139 1152 et
1152 1124 1312 1161 aliquoties,
1334 1126 1441 1162 cognita
1462 1126 1589 1160 veritate,
1605 1126 1788 1163 contingeret,
1802 1127 1851 1156 ali-

1009 1177 1079 1206 quos
1100 1174 1193 1206 postea
1213 1171 1247 1200 de
1269 1171 1334 1200 locis
1355 1172 1413 1201 suis
1433 1172 1503 1201 forte
1525 1181 1587 1201 cum
1616 1174 1782 1202 verecundia
1807 1183 1851 1203 re—

1007 1217 1121 1245 moveri.
1144 1217 1175 1245 Et
1195 1217 1246 1246 ista
1267 1218 1435 1255 perplexitas
1456 1219 1587 1256 frequens
1608 1223 1680 1248 esset
1701 1220 1772 1249 inter
1787 1229 1849 1255 nos,

1008 1263 1070 1299 quis
1092 1263 1232 1292 videretur
1259 1264 1345 1293 altero
1376 1265 1516 1302 superior,
1547 1268 1660 1302 propter
1692 1266 1850 1303 frequentes

1008 1310 1188 1344 mutationes,
1217 1313 1243 1339 et
1275 1319 1324 1347 pro
1352 1311 1475 1348 appetitu
1507 1313 1737 1349 praeeminentiae
1768 1322 1849 1351 saepe

1007 1357 1188 1385 conscientiae
1218 1358 1424 1386 macularentur
1456 1359 1618 1388 multorum.
1651 1360 1682 1388 Et
1703 1361 1792 1389 maius
1812 1369 1847 1390 ex

1007 1403 1050 1431 1115
1071 1404 1199 1432 omnibus
1219 1404 1415 1433 detrimentum
1439 1408 1510 1434 esset
1531 1405 1558 1434 in
1580 1405 1682 1435 Ordine
1696 1415 1779 1444 quam
1794 1408 1848 1436 uti-

1006 1449 1068 1478 litas
1089 1450 1246 1479 huiusmodi
1268 1451 1457 1480 observantiae
1484 1452 1518 1481 de
1545 1453 1696 1489 prioritatis
1727 1454 1847 1489 honore,

1006 1503 1069 1524 cum
1091 1497 1242 1525 secundum
1264 1497 1467 1527 multitudinem
1484 1499 1646 1528 meritorum
1662 1500 1748 1537 magis
1763 1509 1846 1538 quam

1006 1550 1142 1571 annorum
1165 1543 1227 1580 quis
1248 1544 1282 1572 sit
1302 1544 1438 1581 acceptior
1459 1545 1532 1582 apud
1560 1546 1665 1580 Deum;
1694 1547 1847 1583 Sapientiae

1005 1589 1144 1625 quarto⁸x
1167 1589 1392 1619 Consummatus
1413 1591 1444 1619 in
1466 1591 1560 1626 brevi,
1582 1592 1704 1629 explevit
1717 1597 1846 1630 tempora

1005 1635 1117 1669 multa;
1135 1636 1246 1673 placita
1267 1640 1318 1665 etc.

1311 1714 1449 1750 QUAEsTm
1471 1715 1535 1743 XXI.

1046 1791 1107 1820 Cur
1128 1792 1251 1820 Fratres
1270 1792 1382 1829 scripta
1402 1801 1459 1821 sua
1481 1797 1541 1821 tarn
1562 1793 1715 1831 difficulter
1736 1794 1804 1823 aliis

1313 1839 1530 1867 communicent.

1082 1916 1149 1944 Cum
1170 1916 1264 1945 deceat
1295 1916 1381 1945 bonos
1408 1925 1571 1953 promovere
1593 1920 1619 1946 et
1640 1917 1708 1947 alios
1734 1918 1768 1947 ad
1796 1919 1844 1948 bo-

1003 1971 1069 1991 num
1091 1971 1141 1999 pro
1161 1971 1259 2000 posse,
1282 1963 1400 1992 multum
1422 1963 1551 1992 videmini
1572 1964 1607 1992 ab
1629 1964 1679 1993 hac
1694 1964 1783 1994 forma
1797 1965 1842 1994 de-

1003 2010 1120 2044 clinare,
1142 2010 1188 2047 qui
1211 2010 1313 2047 scripta
1334 2013 1425 2038 vestra
1455 2010 1482 2038 in
1514 2011 1591 2039 libris
1622 2014 1649 2040 et
1679 2012 1844 2048 quaternis⁹

1003 2059 1057 2085 tam
1078 2056 1226 2085 difficulter
1247 2056 1306 2085 aliis
1327 2056 1491 2093 praestando
1505 2058 1728 2093 communicatis,
1743 2059 1791 2095 qui
1806 2067 1842 2088 ex

1002 2103 1041 2132 eis
1062 2106 1173 2140 possent
1193 2103 1328 2139 proficere
1349 2106 1375 2131 et
1393 2103 1453 2131 aliis
1467 2103 1612 2139 prodesse;
1628 2106 1655 2133 et
1668 2107 1717 2133 aut
1730 2104 1764 2133 de
1778 2113 1842 2142 pro-

1002 2149 1075 2178 fectu
1095 2149 1213 2178 aliorum
1234 2149 1337 2178 moveri
1359 2157 1395 2177 ex
1426 2149 1527 2178 invidia
1557 2150 1701 2185 videmini,
1731 2154 1779 2180 aut
1806 2159 1842 2180 ex

1002 2196 1074 2225 inani
1096 2196 1197 2233 gloria,
1218 2199 1250 2224 ut
1271 2195 1415 2224 videamini
1436 2196 1506 2224 scire
1528 2204 1600 2233 quae
1627 2197 1754 2226 nesciunt
1780 2198 1841 2232 alii,

1000 2245 1049 2271 aut
1069 2243 1122 2271 alia
1143 2242 1291 2271 intentione
1313 2245 1452 2279 corrupta.

1079 2288 1245 2326 Respondeo.
1267 2288 1342 2325 Quae
1363 2292 1477 2325 possunt
1497 2289 1578 2317 etiam
1600 2289 1672 2318 bona
1692 2290 1841 2319 intentione

1000 2338 1027 2365 et
1049 2336 1251 2372 inculpabiliter
1272 2335 1330 2364 fieri
1352 2335 1514 2372 aliquando,
1536 2336 1714 2366 temerarium
1745 2340 1787 2366 est
1810 2345 1842 2366 ea

1001 2382 1028 2410 in
1049 2382 1213 2411 deteriorem
1235 2385 1341 2419 partem
1367 2382 1560 2419 interpretari,
1588 2391 1652 2412 cum
1679 2384 1769 2412 cordis
1796 2392 1841 2413 oc-

1000 2429 1074 2457 culta
1094 2429 1267 2465 ignoremus3
1290 2432 1317 2457 et
1337 2436 1369 2457 ea
1389 2436 1460 2465 quae
1481 2429 1508 2457 in
1523 2437 1552 2458 se
1566 2429 1749 2459 indifferentia
1763 2434 1840 2465 sunt,

1000 2478 1115 2512 possunt
1136 2482 1216 2511 saepe
1237 2483 1288 2511 pro
1308 2475 1380 2503 bono
1400 2475 1460 2504 fieri
1482 2478 1509 2504 et
1529 2475 1601 2505 licite
1622 2478 1649 2505 et
1669 2476 1747 2506 bene.
1769 2477 1840 2506 Scri-

1000 2524 1046 2558 pta
1067 2521 1139 2550 enim
1160 2529 1211 2550 sua
1230 2529 1285 2550 non
1305 2522 1510 2550 communicare
1541 2522 1617 2558 aliis,
1649 2522 1720 2552 sicut
1750 2526 1840 2560 potest

1060 2677 1069 2689 ⁵
1087 2678 1151 2700 Vers.
1169 2678 1205 2700 21.
1222 2690 1253 2694 —
1270 2678 1377 2706 Sequitur
1394 2678 1441 2700 Gal.
1459 2678 1485 2706 5,
1504 2678 1540 2700 Ἰ13.

1060 2715 1069 2728 '³
1086 2717 1120 2739 Du
1138 2716 1227 2744 Cange,
1244 2716 1383 2739 Glossarium
1400 2719 1455 2739 etc.:
1474 2717 1614 2745 luem-talis,
1638 2718 1748 2745 rusticus,
1771 2718 1837 2741 inhu-

997 2762 1087 2778 manus.
1105 2768 1133 2771 —
1150 2755 1244 2778 inferius
1262 2762 1304 2783 pro
1320 2755 1446 2779 eoeterioris
1463 2756 1510 2778 sola
1530 2756 1578 2779 Vut.
1595 2756 1759 2780 enitet-toribus.

1060 2793 1068 2806 ⁷
1085 2794 1140 2822 Cap.
1159 2794 1181 2816 6.

1059 2832 1068 2845 ⁸
1086 2833 1151 2855 Vers.
1169 2833 1205 2855 13.
1223 2839 1270 2861 seq.

1059 2870 1068 2883 ¹³
1086 2872 1118 2894 Du
1137 2871 1226 2899 Gange,
1238 2872 1378 2894 Glossarium
1389 2874 1444 2895 etc:
1458 2872 1600 2901 Quaternio,
1614 2872 1762 2902 Quateinus,
1776 2873 1837 2901 Qua-

996 2910 1166 2938 ternunculus,
1183 2911 1275 2933 chartae
1291 2910 1389 2933 invicem
1406 2914 1552 2940 compactae,
1565 2912 1647 2934 nostris
1658 2911 1762 2935 cahier...
1776 2912 1837 2940 Oua-

997 2951 1090 2977 ternus,
1108 2949 1184 2972 loanni
1201 2949 1230 2971 de
1248 2950 1328 2972 lanua:
1349 2958 1359 2970 α
1372 2949 1411 2972 ubi
1428 2953 1527 2979 quatuor
1543 2953 1638 2979 quartae
1660 2950 1772 2980 [chartae]
1795 2958 1835 2974 seu

996 2991 1047 3011 octo
1064 2988 1115 3010 folia
1126 2997 1147 3010 n.

1878 501 1914 520 bus
1933 507 2000 521 eonve-

1879 525 1913 547 nit,
1920 530 1957 544 uon
1966 525 2000 544 Mi-

1879 548 1962 568 noi-ibus.

1858 2298 1980 2323 Principium.
