2133 3317
124 353 210 372 Ohiectio
218 353 254 372 sol-

163 377 219 395 vitur.

145 1293 234 1317 Exempla
246 1297 257 1312 a

128 1317 220 1340 scriptore
233 1317 260 1335 al-

128 1340 172 1359 lata.

154 1762 258 1786 Responsio

127 1791 169 1804 cum
193 1786 259 1805 distin-

127 1811 196 1828 ctione.

129 2325 183 2343 Alius
194 2329 260 2344 sensus

141 2349 261 2376 reprobatur,

143 2377 210 2396 primo.

167 2465 260 2485 Secundo.

269 223 325 252 0262

354 301 398 329 15.
421 299 499 336 Quod
521 299 543 327 si
564 299 635 327 forte
656 298 719 335 quis
739 297 824 331 dicat,
846 297 918 325 hanc
946 296 1056 325 ruinam
1078 296 1121 325 iu-

272 347 389 376 venibus
410 350 437 375 et
458 345 641 382 imperfectis,
663 353 717 373 non
741 344 869 381 perfectis
883 351 943 373 esse
959 343 1120 378 timendam;

272 393 365 423 obviat
385 392 458 421 idem
479 391 661 428 Hieronymus
683 391 709 419 in
731 391 827 420 eadem
852 390 988 427 epistola¹
1011 390 1119 419 dicens:

277 452 290 466 «
305 439 443 476 Quamdiu
464 439 517 466 1100
538 438 627 474 fragili
650 445 767 474 corpore
791 437 965 472 detinemur,
987 437 1120 474 quamdiu

271 486 410 515 habemus
432 483 605 513 thesaurum
637 484 727 512 istum
758 484 790 512 iii
814 483 896 512 vasis
916 483 1071 519 fictilibus,
1093 486 1121 512 et

272 531 450 569 concupiscit
478 539 550 560 caro
578 531 722 559 adversus
753 530 907 568 spiritum,
936 533 964 559 et
994 530 1120 568 spiritus

270 579 414 608 adversus
437 586 574 612 carnem,
589 578 666 606 nulla
681 580 722 606 est
737 580 813 606 certa
826 577 942 606 victoria
953 588 980 612 »3
996 580 1023 606 et
1038 577 1121 614 paulo

270 626 369 663 post2:
396 637 409 650 «
425 625 451 654 Si
474 625 634 662 Apostolus,
655 632 709 652 vas
730 623 873 653 electionis
901 627 928 653 et
951 627 1121 662 sepi-equitus

271 673 302 701 iii
324 671 516 710 Evuazqclium
537 671 656 705 Christi,
677 671 713 699 ob
734 671 825 700 carnis
850 671 960 700 aculeos
981 674 1008 700 et
1028 671 1122 700 incen-

271 720 327 748 tiva
348 719 479 748 vitiorum
501 718 629 756 reprimit
649 726 752 755 corpus
773 726 855 747 suum
871 721 898 747 et
912 718 1039 747 servituti
1055 718 1122 747 suh-

271 767 343 801 iicit,
358 774 393 795 ne
408 766 476 795 ciliis
489 765 684 803 praedicatis,
703 765 764 802 ipse
778 765 921 802 reprobus
935 765 1122 799 inveniatur,-

272 814 294 843 si
316 816 378 851 post
398 813 567 847 nuditatem,
589 812 708 847 ieiunia,
724 812 834 847 famem,
848 812 972 849 flagella,
988 812 1123 849 supplicia

273 861 301 890 in
323 860 502 897 semetipsum
518 867 649 889 reversus
664 860 815 888 exclamat:
838 858 944 896 Infelix
959 867 1008 896 ⁶³90
1024 858 1122 887 homo!

273 908 339 946 quis
359 916 404 936 mc
425 906 559 936 liberabit
579 907 612 935 (Ie
633 915 755 944 corpore
781 906 885 934 mortis
911 905 1022 934 liuius?
1044 908 1075 934 tu
1096 908 1122 934 te

272 958 355 992 putas
376 962 502 983 securam
524 961 584 983 esse
598 953 719 982 debere?
734 953 804 982 Cave
818 953 920 990 igitur,
936 960 970 982 00
984 952 1018 981 de
1033 955 1060 982 te
1074 952 1123 981 ali-

273 1001 384 1039 quando
399 1001 471 1030 dicat
492 1001 582 1029 Deus:
611 1000 698 1038 Virgo
720 1000 814 1029 Israel
835 1000 949 1034 cecidit,
972 1003 1069 1028 0111011
1083 1003 1124 1027 est

273 1048 326 1087 qui
348 1048 466 1077 suscitet
486 1056 588 1076 eam».
611 1048 681 1076 Haec
712 1047 868 1083 Hieronymi
891 1047 976 1075 verba
1003 1047 1024 1075 si
1058 1054 1124 1075 vera

274 1098 355 1129 sunt,
377 1095 462 1123 immo
483 1095 549 1131 quia
572 1102 637 1123 vera
659 1097 739 1129 sunt;
761 1102 816 1122 non
839 1094 916 1131 parvi
939 1093 1056 1130 periculi
1078 1100 1123 1122 res

274 1145 315 1171 est
336 1141 518 1171 abstinentiae
549 1141 710 1178 perfectioni
743 1140 905 1174 detrahere,
927 1148 959 1169 ac
990 1148 1040 1176 per
1069 1140 1122 1168 hoc

274 1189 380 1217 animos
401 1188 539 1225 perfectae
560 1188 657 1217 virtuti
681 1187 852 1216 studentium
873 1187 908 1216 ab
929 1195 961 1216 ea
982 1194 1122 1215 revocare.

356 1236 400 1263 16.
422 1235 456 1264 Ut
477 1238 570 1264 autem
593 1235 732 1263 efficacius
752 1234 785 1263 ad
808 1235 861 1263 hoc
882 1234 968 1271 possit
983 1233 1123 1267 inducere,

275 1284 439 1312 Sanctorum
461 1285 663 1319 consequenter
685 1290 714 1311 se
736 1281 827 1310 munit
841 1281 986 1318 exemplis,
1001 1281 1057 1309 Noe
1073 1280 1124 1309 sci-

275 1330 353 1364 licet,
375 1329 448 1358 Eliae
469 1332 496 1358 et
518 1329 624 1357 Ioannis
646 1328 820 1365 Baptistae³:
840 1328 991 1364 «Quorum
1007 1327 1124 1364 primus,

275 1379 306 1405 ut
327 1376 405 1411 dicit,
427 1384 508 1405 omne
529 1384 617 1413 genus
649 1376 740 1405 carnis
772 1375 876 1412 accepit
908 1375 935 1403 in
961 1382 1061 1408 usum,
1083 1382 1125 1403 se-

276 1424 384 1453 cundus
406 1423 458 1452 fuit
479 1423 604 1452 carnium
633 1423 694 1452 cibo
723 1423 852 1457 refectus,
875 1422 976 1451 tertius
998 1429 1064 1450 vero
1086 1421 1125 1449 lo-

275 1473 418 1500 custarum
440 1478 490 1499 esu
512 1478 566 1498 non
588 1470 640 1498 fuit
661 1470 785 1506 pollutus
799 1481 826 1497 ».
850 1469 890 1497 Ex
905 1469 1008 1506 quibus
1023 1468 1125 1505 arguit,

275 1517 349 1555 quod
366 1529 379 1542 «
390 1525 454 1546 0001
470 1517 560 1546 001015
575 1517 746 1553 imperfectio
761 1516 796 1545 sit
806 1516 922 1553 pollutio
937 1515 1053 1549 animae,
1065 1522 1126 1543 car-

274 1564 351 1593 nium
374 1571 438 1592 esus
459 1563 528 1592 nihil
543 1563 607 1592 facit
628 1563 661 1591 ad
683 1562 934 1599 imperfectionem,
950 1562 1017 1599 quin
1033 1561 1126 1598 potius

275 1611 308 1640 ad
330 1610 542 1648 perfectionem,
565 1618 628 1639 cum
650 1610 723 1638 dicat
745 1609 927 1646 Apostolus4:
951 1608 1017 1637 Scio
1032 1608 1125 1637 cibavi-

274 1658 347 1687 clare
378 1661 403 1686 et
427 1657 588 1694 penuriam
617 1657 698 1694 pam
720 1664 770 1685 nec
799 1659 871 1685 esset
892 1656 1040 1693 perfectior
1062 1663 1125 1683 esu—

275 1705 350 1734 riens
377 1712 461 1742 quam
483 1704 637 1738 abundans,
659 1706 816 1746 utrumque
834 1703 907 1732 enim
930 1705 1039 1739 poterat
1070 1702 1126 1730 vir-

274 1754 334 1781 tute
348 1751 441 1780 divina
455 1763 482 1779 ».
498 1767 536 1771 —
551 1751 654 1779 Verum
671 1750 738 1779 haec
753 1757 825 1787 quae
840 1749 985 1786 proposuit
999 1748 1124 1777 virorum

275 1798 462 1836 perfectorum
496 1798 640 1834 exempla,
667 1797 689 1826 si
721 1797 755 1826 ad
788 1797 840 1826 hoc
861 1796 1028 1830 introducit,
1052 1795 1126 1833 quod

275 1845 378 1874 talibus
398 1845 472 1874 vesci
494 1845 529 1874 sit
550 1844 583 1873 de
599 1852 628 1873 se
650 1844 777 1878 lichum,-
799 1852 835 1873 ex
867 1844 974 1873 ratione
1002 1843 1126 1880 procedit

275 1896 301 1921 et
322 1892 466 1930 Augustini
489 1891 652 1921 sententiam
675 1891 816 1928 sequitur,
832 1891 859 1919 in
881 1891 952 1919 libro
973 1890 1126 1919 Confessio-

275 1947 342 1968 num
355 1939 375 1973 ⁵,
398 1939 445 1968 ubi
467 1947 503 1968 ex
526 1938 673 1975 praedictis
695 1939 859 1967 Sanctorum
882 1937 1020 1975 exemplis
1034 1940 1126 1966 osten-

275 1986 330 2020 dit,
352 1986 426 2023 quod
447 1994 501 2014 non
524 1986 616 2019 cibus,
642 1985 690 2014 sed
721 1985 861 2022 appetitus
889 1984 1064 2013 inordinatus
1084 1984 1126 2012 in-

275 2033 397 2062 troducit
410 2036 564 2069 peccatum.
581 2032 606 2060 Si
619 2036 713 2061 autem
724 2040 774 2068 per
789 2032 841 2060 hoc
857 2034 973 2060 conatur
988 2034 1125 2064 astruere,

276 2080 349 2117 quod
371 2080 438 2109 cibis
460 2079 619 2109 huiusmodi
642 2080 682 2108 uti
706 2087 757 2116 pro
779 2079 838 2108 loco
866 2081 893 2107 et
918 2082 1042 2115 tempore
1071 2085 1126 2105 non

275 2127 310 2156 sit
332 2127 491 2164 perfectioni
513 2126 701 2160 contrarium,
720 2126 767 2155 sed
789 2125 1005 2162 compossibile;
1026 2132 1126 2153 verum

275 2174 367 2203 adhuc
394 2173 476 2208 dicit,
508 2173 556 2202 sed
586 2173 692 2202 frustra
714 2173 835 2207 laborat,
864 2172 930 2209 quia
951 2172 1003 2200 boc
1031 2171 1126 2200 nullus

276 2220 429 2250 catholicus
450 2223 540 2257 negat.

318 2263 321 2264 ⁷
358 2269 402 2296 17.
424 2267 451 2296 Si
472 2275 539 2296 vero
560 2266 729 2304 persuadere
751 2269 883 2300 conatur,
899 2265 973 2302 quod
994 2265 1038 2293 his
1053 2264 1125 2293 vesci

277 2318 304 2343 et
324 2314 359 2343 ab
379 2314 424 2343 his
444 2313 583 2342 abstinere
605 2313 640 2342 sit
661 2322 750 2351 aeque
772 2311 951 2350 perfectum,
974 2314 1049 2340 errat
1071 2319 1126 2339 non

276 2361 432 2390 modicum:
464 2361 555 2398 primo
584 2360 714 2398 quidem,
743 2360 809 2396 quia
839 2359 892 2388 hoc
913 2358 1015 2387 falsum
1036 2360 1127 2387 estet

277 2408 449 2442 absurdum,
471 2408 543 2437 sicut
564 2406 772 2444 praeallegata⁶
788 2407 954 2435 Sanctorum
970 2405 1126 2435 testimonia

278 2459 304 2485 et
326 2455 456 2492 exempla
485 2454 634 2483 declarant.
658 2471 696 2475 -
718 2453 859 2488 Secundo,
880 2453 947 2490 quia
967 2461 1022 2481 non
1044 2460 1126 2486 vera,

343 2629 348 2643 ¹
367 2629 434 2651 Num.
455 2628 475 2651 4.
493 2629 627 2656 Allegautur
645 2629 669 2650 11.
687 2627 739 2650 Cor.
758 2627 779 2655 4,
795 2627 818 2650 7.
836 2630 858 2650 01
874 2628 922 2650 Gal.
941 2627 967 2654 5,
986 2627 1023 2649 17.

341 2667 350 2680 ²
368 2668 436 2691 Num.
454 2668 474 2690 5.
492 2668 625 2695 Allegantur
642 2667 691 2689 Act.
710 2667 737 2694 9,
756 2667 795 2695 15;
813 2667 828 2689 1.
847 2666 898 2689 Cor.
917 2666 939 2693 9,
957 2665 1000 2693 27,
1017 2667 1084 2688 Rom.
1102 2665 1125 2694 7,

278 2707 315 2730 24.
332 2711 354 2730 et
371 2708 442 2729 Amos
459 2707 485 2734 5,
505 2707 525 2729 t.
542 2712 603 2735 seq:
621 2706 710 2729 Domus
729 2706 794 2728 lsrael
812 2705 905 2733 cecidit,
923 2708 945 2728 et
961 2711 1008 2734 non
1026 2704 1126 2732 adiiciet,

277 2749 301 2768 ut
317 2748 430 2774 resurgat.
449 2746 522 2774 Virgo
545 2746 612 2768 lsrael
635 2746 737 2773 proiecta
762 2748 795 2768 est
815 2745 839 2767 in
864 2748 949 2767 terram
975 2750 1054 2771 suam,
1081 2750 1126 2767 non

279 2788 312 2807 est
328 2785 368 2814 qui
386 2785 479 2807 suscitet
496 2791 557 2807 eam.
584 2785 626 2807 Pro
642 2785 803 2814 praeparatus
820 2784 846 2807 in
862 2783 1020 2814 Ecanyelium
1037 2782 1128 2807 Christi

278 2830 330 2846 cum
349 2827 408 2846 textu
426 2824 531 2851 originali
546 2824 668 2852 posuimus
679 2824 819 2853 αρν-090103
831 2823 856 2846 in
867 2822 1025 2853 Evangelium
1039 2822 1128 2846 Christi

277 2862 355 2892 [Rom.
374 2864 400 2891 ι1,
418 2862 459 2892 ·1.],
477 2863 517 2892 qui
535 2863 603 2885 etiam
621 2865 673 2891 post
690 2862 825 2886 inveniatur
843 2863 952 2885 nonnulla
970 2862 1042 2885 addit.

340 2900 349 2913 ³
366 2901 412 2924 Csr.
429 2902 486 2924 Gen.
504 2902 526 2929 9,
544 2902 570 2930 3,
589 2902 621 2924 111.
639 2902 697 2929 neg.
719 2902 752 2929 17,
770 2902 796 2930 6;
814 2902 891 2924 11101111.
907 2902 928 2929 3,
947 2901 968 2923 4.
980 2914 1011 2917 ——
1028 2901 1060 2924 De
1077 2907 1126 2930 seq.

277 2940 433 2969 propositione
450 2942 491 2963 cfr.
507 2940 577 2963 verba
596 2942 692 2969 August.
710 2941 805 2963 inferius
822 2943 875 2963 nota
892 2941 914 2962 5.
932 2941 1006 2963 allata.

340 2979 350 2991 ⁴1
367 2979 423 3002 Phil.
441 2979 462 3006 4,
483 2980 517 3002 12.

341 3017 350 3031 ⁵
367 3018 429 3041 Lihr.
446 3019 475 3041 X.
494 3024 512 3040 c.
539 3019 576 3041 31.
605 3025 626 3041 11.
645 3018 687 3041 46;
705 3019 753 3041 Non
776 3025 820 3047 ego
843 3018 1013 3041 immunditiam
1036 3017 1127 3041 obsonii

753 219 950 248 OPUSCULUM
972 219 1013 247 XI.
1036 217 1197 247 APOLOGIA
1220 218 1401 248 PAUPERUM.
1423 218 1491 247 CAP.
1513 218 1544 247 V.

1177 296 1224 325 sed
1245 296 1394 334 sophistica
1414 296 1521 325 ratione
1548 296 1681 333 procedit,
1703 303 1767 325 cum
1794 296 1900 333 arguit,
1925 296 2021 334 quodsi

1176 343 1229 372 viri
1250 343 1364 381 perfecti
1391 343 1495 380 aliquid
1526 346 1659 380 egerunt,
1681 343 1755 380 quod
1786 343 1838 372 hoc
1869 343 1928 380 ipso
1956 343 2023 372 illud

1176 390 1212 419 sit
1232 390 1266 420 de
1287 391 1401 428 propria
1419 390 1526 419 ratione
1547 390 1714 427 perfectum,
1730 390 1782 418 hoc
1797 390 1871 418 enim
1889 390 2023 426 plurimas

1176 437 1260 466 hahet
1287 437 1446 471 instantias,
1474 437 1546 465 sicut
1567 439 1778 473 praeostensum
1803 436 1856 464 fuit
1886 436 1915 464 in
1946 443 2024 473 prae-

1177 484 1283 513 cedenti
1315 484 1452 520 particula
1463 483 1482 511 ⁷.
1512 483 1579 512 Nam
1611 483 1737 512 similiter
1768 483 1847 519 argui
1879 486 1971 519 posset
1992 482 2025 511 de

1177 530 1304 567 coniugio
1325 530 1380 558 Noe
1401 532 1428 558 et
1448 529 1482 558 de
1512 529 1681 566 proprietate
1712 529 1916 566 possessionum
1945 531 1972 557 et
1992 528 2025 558 de
2109 539 2112 562 l

1177 576 1345 613 plantatione
1366 576 1478 610 vineae,
1499 578 1531 604 ut
1561 578 1704 604 taceamus
1734 576 1768 604 de
1799 575 1854 604 vini
1877 575 2023 612 potatione.

1178 640 1215 644 —
1237 623 1329 652 Tertio
1351 631 1430 657 vero,
1452 623 1519 660 quia
1532 622 1668 659 exemplis
1682 622 1842 651 huiusmodi
1857 622 1947 659 primo
1962 630 2025 659 pro-
2041 630 2106 651 Tertio.

1178 670 1274 708 positis
1304 670 1400 699 falsam
1432 669 1571 698 subnectit
1592 669 1819 704 assumtionem,
1849 677 1912 698 cum
1944 669 2024 703 dicit,

1179 717 1252 754 quod
1269 716 1465 754 «imperfectio
1481 719 1522 745 est
1536 716 1643 745 animae
1658 716 1793 753 quaedam
1809 716 1959 753 pollutio»;
1974 717 2026 745 hoc

1179 764 1331 801 superius³
1352 763 1543 800 multipliciter
1557 763 1745 800 improbatum
1767 765 1809 792 est
1830 766 1961 800 tanquam
1983 771 2027 792 er-

1179 819 1312 845 roneum,
1328 814 1355 840 et
1369 810 1403 839 ad
1418 810 1493 847 quod
1514 810 1735 839 inconvenientia
1749 810 1837 838 multa
1858 813 2024 847 sequuntur.

1179 859 1256 887 Tunc
1277 858 1350 886 enim
1372 857 1480 886 noviter
1500 857 1656 894 baptizatus
1683 859 1732 885 aut
1752 865 1807 885 non
1829 860 1900 886 esset
1925 857 2027 894 imper·
2043 863 2101 883 Ratio.

1179 905 1283 939 fectus,
1305 907 1354 933 aut
1375 903 1479 941 peccati
1501 903 1561 932 labe
1583 903 1722 940 pollutus,
1737 912 1858 940 quorum
1874 907 2027 941 utrumque

1178 951 1342 980 absurdum.
1365 967 1403 971 —
1424 951 1555 987 Insuper,
1578 950 1600 978 si
1628 953 1700 979 esset
1731 950 1859 987 pollutio,
1881 953 1929 979 aut
1950 958 2027 978 mor-
2044 956 2121 978 auara.

1181 999 1249 1027 talis
1270 1001 1357 1032 esset,
1379 1001 1406 1026 et
1427 1001 1494 1026 tunc
1515 997 1604 1026 omnis
1635 997 1815 1034 imperfectus
1842 997 1956 1026 caritate
1984 1004 2028 1025 ca-

1181 1047 1271 1079 reret,
1304 1047 1353 1073 aut
1383 1043 1522 1078 venialiS,
1545 1046 1572 1072 et
1600 1046 1667 1072 tunc
1691 1043 1780 1072 omnis
1802 1044 1945 1072 venialiter
1966 1051 2028 1080 pec-

1182 1099 1247 1120 cans
1274 1100 1290 1119 a
1319 1090 1487 1128 perfectione
1517 1090 1672 1125 decideret,
1694 1090 1845 1127 nullusque
1873 1091 1900 1119 in
1929 1091 2027 1119 veniali

1180 1138 1303 1167 existens
1324 1138 1358 1166 ad
1380 1137 1576 1174 perfectionem
1607 1137 1779 1174 perveniret,
1802 1137 1931 1175 idemque
1958 1138 2029 1167 foret

1181 1184 1334 1221 perfectum
1366 1187 1393 1213 et
1414 1184 1608 1221 impollutum,
1631 1181 1704 1221 quod
1726 1184 1838 1221 quidem
1860 1184 1904 1213 vel
1925 1187 1967 1213 est
1987 1184 2029 1213 iu-

1181 1235 1289 1260 storum
1311 1231 1436 1260 omnium
1457 1231 1485 1259 in
1507 1234 1581 1259 statu
1597 1231 1669 1265 viae,
1685 1232 1729 1260 vel
1743 1231 1855 1260 omnino
1876 1231 2028 1266 nullorum,

1181 1279 1232 1308 nisi
1261 1278 1445 1307 Dei-hominis
1475 1281 1502 1307 et
1533 1278 1654 1315 Virginis
1681 1278 1825 1315 gloriosae.
1856 1294 1893 1300 —
1925 1279 2029 1315 Quarto
2046 1284 2111 1308 Quarto

1182 1328 1290 1359 autem,
1313 1325 1379 1362 quia
1399 1324 1523 1361 praefata
1547 1325 1677 1361 exempla
1708 1325 1795 1361 magis
1817 1325 1850 1353 ad
1871 1325 2027 1362 oppositum

1182 1380 1266 1409 quam
1281 1372 1314 1400 ad
1330 1372 1504 1409 propositum
1527 1372 1633 1406 valent,
1655 1371 1727 1400 sicut
1741 1380 1757 1400 a
1771 1372 1857 1400 sacris
1871 1372 2030 1401 doctoribus

1183 1419 1364 1448 inducuntur.
1380 1418 1456 1447 Unde
1471 1418 1653 1455 Hieronymus
1667 1418 1701 1447 ad
1718 1418 1897 1447 Eustochium
1909 1418 1935 1446 ⁹:
1953 1430 1966 1444 «
1976 1419 2031 1448 Noe

1183 1466 1279 1494 vinum
1301 1465 1370 1494 bibit
1391 1469 1418 1494 et
1439 1465 1592 1494 inebriatus
1613 1468 1670 1499 est,
1686 1467 1714 1494 et
1728 1468 1789 1502 post
1803 1465 1963 1494 ebrietatem
1979 1474 2030 1494 nu-

1183 1512 1256 1541 datio
1278 1512 1415 1541 femorum
1437 1512 1586 1541 subsecuta
1607 1515 1656 1541 est.
1673 1512 1755 1546 Elias,
1778 1520 1842 1540 cum
1866 1512 1968 1541 lezabel
1989 1512 2032 1541 fu-

1182 1562 1260 1596 geret
1285 1562 1312 1588 et
1336 1559 1389 1588 suh
1417 1566 1524 1596 quercu
1545 1559 1663 1593 iaceret,
1692 1558 1854 1588 adveniente
1875 1559 1909 1588 ad
1930 1567 1960 1588 se
1980 1560 2032 1587 An-

1182 1607 1255 1644 gelo,
1278 1606 1446 1640 suscitatur,
1468 1609 1495 1635 et
1516 1613 1595 1640 ecce,
1616 1605 1651 1634 ad
1672 1609 1755 1642 caput
1776 1606 1836 1635 eius
1853 1606 1944 1643 panis
1964 1605 2032 1635 sub-

1183 1653 1341 1682 cinericius
1362 1657 1387 1681 ec
1410 1661 1461 1681 vas
1483 1661 1585 1690 aquae.
1602 1653 1640 1681 Re
1655 1660 1720 1681 vera
1735 1660 1790 1681 non
1807 1655 1915 1689 poterat
1929 1653 1953 1682 ei
1968 1660 2032 1682 con-

1182 1700 1270 1729 ditum
1293 1707 1402 1729 merum
1425 1699 1536 1728 mittere
1557 1702 1585 1728 et
1606 1699 1707 1728 electos
1726 1699 1801 1728 cibos
1815 1702 1843 1728 et
1857 1707 1954 1728 carnes
1968 1707 2032 1728 con-

1183 1747 1292 1776 tusione
1312 1749 1455 1775 mutatas?
1478 1746 1583 1775 Eliseus
1604 1746 1675 1775 filios
1702 1746 1903 1783 Prophetarum
1935 1746 2032 1775 invitat

1183 1794 1217 1823 ad
1238 1794 1386 1831 prandium
1409 1797 1437 1822 et
1458 1793 1553 1822 herbis
1573 1793 1729 1830 agrestibus
1751 1801 1798 1822 eos
1823 1793 1914 1828 alens,
1936 1800 2032 1822 conso-

1183 1849 1251 1870 num
1279 1840 1475 1878 prandentium
1504 1839 1581 1869 audit
1608 1840 1777 1869 clamorem:
1799 1840 1878 1868 Mors
1909 1840 1941 1868 iit
1965 1839 2030 1868 olla.

1184 1888 1232 1917 Vir
1251 1888 1299 1917 Dei
1321 1896 1375 1916 non
1397 1890 1439 1916 est
1460 1887 1549 1916 iratus
1570 1887 1658 1922 cocis,
1680 1887 1807 1916 lautioris
1828 1887 1901 1916 enim
1921 1894 2032 1916 mensae
2121 1892 2124 1917 1

1183 1934 1412 1964 consuetudinem
1434 1942 1488 1963 non
1512 1934 1638 1963 hahebat.
1661 1934 1751 1962 Potuit
1772 1936 1800 1963 et
1820 1933 1925 1963 Danieli
1940 1933 1973 1963 de
1988 1941 2032 1962 re-
2121 1939 2123 1969 1

1183 1982 1234 2019 giis
1255 1982 1368 2011 ferculis
1389 1981 1547 2019 opulentior
1576 1988 1672 2010 mensa
1693 1981 1854 2015 transferri,
1877 1980 1924 2010 sed
1945 1980 2031 2010 Haba*

1183 2037 1234 2058 cuc
1256 2029 1279 2058 ei
1301 2036 1457 2058 messorum
1483 2027 1630 2064 prandium
1658 2030 1762 2065 portat,
1788 2027 1926 2062 arbitror,
1948 2027 2032 2057 rusti-

1183 2084 1299 2110 canum,
1331 2075 1448 2112 ideoque
1478 2075 1527 2103 vir
1554 2074 1769 2103 desideriorum
1796 2075 1950 2112 appellatus
1977 2078 2031 2109 est,

1183 2123 1249 2160 quia
1270 2130 1367 2159 panem
1389 2121 1516 2150 desiderii
1539 2129 1592 2150 non
1608 2121 1784 2150 manducavit
1805 2124 1832 2150 et
1850 2121 1947 2150 vinum
1968 2129 2032 2150 con-

1183 2169 1368 2206 cupiscentiae
1389 2176 1444 2197 non
1466 2168 1577 2197 bibit».

1264 2217 1307 2244 18.
1332 2216 1414 2250 Ecce,
1435 2218 1504 2252 quot
1524 2215 1653 2252 exempla
1681 2215 1792 2244 Patrum
1822 2215 1924 2244 veteris
1949 2218 2031 2244 testa·
2041 2224 2133 2243 evadent

1183 2263 1269 2292 menti
1296 2262 1448 2291 introducit
1475 2261 1509 2290 ad
1539 2262 1721 2291 abstinentiae
1752 2261 1877 2297 laudem,
1909 2270 1981 2299 quae
2008 2262 2031 2291 is
2043 2249 2133 2271 ¹³²⁰w⁰¹¹¹

1183 2313 1315 2348 tanquam
1337 2309 1484 2338 carnaliter
1506 2309 1615 2346 sapiens
1644 2309 1757 2338 trahere
1778 2312 1895 2338 conatur
1916 2309 1950 2338 ad
1971 2317 2031 2338 car—

1182 2365 1254 2387 nem.
1276 2357 1402 2386 Sentiens
1422 2359 1531 2390 autem,
1553 2363 1589 2385 ex
1611 2356 1655 2385 his
1676 2364 1748 2393 quae
1762 2356 1817 2385 iam
1831 2356 1951 2391 dixerat,
1966 2364 2031 2385 acu-

1184 2404 1218 2433 tis
1239 2404 1363 2433 eiusdem
1385 2403 1542 2440 Hieronymi
1571 2402 1667 2432 iaculis
1698 2405 1730 2432 ut
1758 2403 1887 2431 loviniani
1909 2403 2030 2440 discipu-

1184 2451 1243 2480 lum
1274 2458 1303 2480 se
1332 2457 1412 2487 posse
1443 2449 1584 2487 transfigi,
1606 2449 1685 2486 quasi
1717 2449 1844 2486 clypeum
1865 2448 2029 2478 defensionis

1183 2626 1265 2652 1111100,
1283 2625 1324 2648 sed
1341 2624 1513 2647 immunditiam
1531 2623 1671 2651 cupiditatis.
1685 2623 1748 2650 Scio,
1762 2623 1809 2645 Noe
1821 2629 1890 2645 omne
1907 2622 1982 2645 carnis
1993 2629 2030 2651 ge-

1182 2672 1236 2693 nus,
1253 2664 1317 2693 quod
1334 2663 1387 2686 cibo
1405 2666 1465 2686 esset
1482 2663 1544 2691 usui,
1561 2662 1702 2685 manducare
1719 2662 1873 2690 permissum,
1890 2661 1962 2684 Elian]
1978 2661 2030 2684 cibo

1182 2705 1257 2728 carnis
1274 2705 1398 2732 refectum,
1415 2704 1523 2726 loannem
1548 2701 1647 2724 mirabili
1671 2701 1807 2724 abstinentia
1833 2701 1964 2729 praeditum
1986 2701 2031 2723 ani-

1183 2743 1290 2772 malibus,
1308 2744 1352 2765 hoc
1368 2745 1403 2765 est
1420 2742 1513 2765 locustis
1535 2742 1558 2763 in
1576 2747 1651 2764 escam
1671 2740 1806 2763 cedentibus
1823 2747 1867 2762 non
1892 2740 1962 2763 1111550
1984 2740 2030 2768 pol-

1182 2783 1263 2806 lutum.
1282 2783 1307 2805 Et
1324 2782 1384 2810 scio,
1402 2782 1461 2804 Esau
1478 2781 1598 2803 lenticulae
1615 2780 1800 2808 concupiscentia
1817 2779 1941 2807 deceptum
1959 2782 2000 2802 etc.

1245 2820 1255 2833 ⁶
1272 2821 1339 2843 Num.
1359 2821 1379 2843 i.
1396 2826 1463 2849 seqq.
1897 2816 1905 2830 ⁷
1923 2818 1989 2840 Num.
2007 2818 2029 2840 7.

1245 2859 1254 2872 ⁸
1272 2860 1327 2888 Cap.
1346 2861 1367 2882 2.
1385 2866 1409 2882 n.
1430 2859 1463 2881 14.
1481 2865 1529 2887 seq.

1245 2898 1255 2911 ⁹
1274 2900 1343 2927 Epist.
1361 2899 1398 2921 22.
1417 2905 1438 2920 n.
1456 2898 1477 2920 8.
1495 2901 1517 2920 01
1535 2898 1561 2924 9,
1580 2896 1619 2919 ubi
1636 2899 1711 2919 tamen
1731 2899 1803 2919 textus
1825 2896 1942 2924 originalis
1960 2895 2028 2918 multa

1182 2939 1236 2962 hinc
1252 2939 1306 2961 inde
1324 2937 1445 2960 interserit.
1463 2937 1495 2959 De
1512 2937 1559 2959 Noe
1576 2937 1631 2959 vide
1647 2937 1702 2959 Gen.
1721 2936 1742 2963 9,
1760 2937 1802 2964 21;
1820 2936 1850 2959 de
1861 2935 1907 2958 Elia
1920 2935 1954 2958 111.
1970 2935 2027 2963 Reg.

1184 2978 1220 3005 19,
1238 2978 1261 3000 5.
1278 2984 1340 3006 seq.;
1357 2977 1387 3000 de
1403 2977 1476 2999 Eliseo
1493 2976 1530 2999 IV.
1547 2977 1605 3004 Reg.
1623 2975 1643 3004 4,
1663 2975 1704 3003 405
1722 2975 1752 2997 de
1769 2975 1847 2997 Daniel
1864 2976 1905 2997 cfr.
1921 2974 1979 2997 Dan.
1992 2974 2028 3001 14,

1183 3018 1221 3040 32.
1237 3023 1310 3046 seqq.;
1327 3016 1385 3039 ibid.
1401 3016 1423 3043 9,
1442 3016 1483 3038 23:
1501 3015 1541 3038 Vir
1558 3015 1727 3038 desideriorum
1740 3020 1764 3037 es
1777 3014 1827 3043 (cfr.
1841 3014 1877 3042 10,
1891 3014 1927 3036 11.
1940 3016 1961 3036 et
1974 3014 2029 3042 19.).
