2133 3317
262 217 328 245 XLII

327 296 364 318 48.
381 294 482 322 Ibidem,
500 295 552 317 cod.
570 294 655 316 21232.
673 293 772 316 membr.
790 293 811 315 in
831 293 853 315 4.
869 298 929 315 saec.
946 292 998 319 XV,
1016 294 1040 314 ut
1064 292 1110 314 iam

262 343 399 371 scripsimus
424 345 478 365 tom.
504 342 533 364 V.
559 347 613 369 pag.
636 341 720 363 XXVII
737 347 761 363 n.
777 340 800 362 6.
816 353 847 357 --
864 340 1007 368 Opusculum
1031 339 1111 366 incipit

263 391 300 413 sol.
319 390 371 413 134.
389 397 407 412 r.
425 389 468 412 sub
485 389 594 412 rubrica:
618 387 721 417 Liquum
740 387 797 415 vite,
815 387 864 409 sine
881 387 982 409 auctoris
999 386 1110 413 nomine;

262 437 346 459 desinit
363 437 398 459 sol.
418 436 475 458 441:
491 441 534 464 per
552 433 644 464 infinita
660 432 742 456 secula.
753 432 899 456 seculorum.
911 432 995 455 Amen.
1006 432 1071 459 sign.
1083 432 1110 453 T.

327 484 364 506 19.
381 482 479 510 Ibidem,
500 482 552 504 cod.
570 481 655 503 23444.
672 480 771 502 membr.
790 480 812 502 in
830 480 850 501 8.
877 485 936 502 saec.
955 479 1016 501 XIV.
1033 479 1112 501 ineun-

265 531 302 553 tis.
317 543 348 547 --
366 529 456 552 TItulus
480 528 548 551 huius
571 527 678 556 opusculi
703 529 737 549 est
755 527 792 549 fol.
814 526 864 549 177.
881 533 904 548 v.
930 526 963 548 sic
988 528 1112 548 exaratus:

265 577 349 607 Incipit
365 576 468 606 Liymtm
485 575 530 598 rite
545 574 631 605 sratm's
647 575 823 597 Bonaventure.
849 573 935 596 Desinit
960 573 998 595 sol.
1025 573 1075 595 198.
1093 578 1111 594 r.

263 627 288 646 ut
304 624 327 646 in
344 623 420 645 editis.
439 623 504 650 Sign.
522 622 547 644 U.

326 670 362 692 20.
381 669 481 696 Ibidem,
499 669 551 691 cod.
568 668 638 690 5861.
655 669 728 690 chart.
744 668 767 690 in
785 668 837 695 soh,
849 667 879 690 de
890 673 938 696 quo
949 666 1018 689 locuti
1031 672 1113 689 sumus

263 720 319 740 tom.
336 718 351 739 l.
369 722 424 744 pag.
449 716 527 738 LXVII
545 722 566 737 n.
585 715 621 737 17.
639 727 669 731 -
686 714 830 743 Opusculum
857 714 922 742 Ligni
947 714 1008 736 ritae
1033 713 1114 741 incipit

264 765 301 787 sol.
320 764 374 786 218.
391 770 409 785 r.
427 762 555 791 praemisso
573 765 662 785 tantum
673 770 678 784 x
690 762 867 785 Bonaveiitura.
881 761 967 784 Desinit
979 761 1015 783 tol.
1029 761 1081 783 229.
1094 767 1113 782 r.

263 818 304 840 per
323 810 409 833 verba:
435 809 542 839 Eccplz'cit
558 809 701 839 opusculum
717 809 803 839 fratris
822 809 885 832 Bone
903 810 1000 832 venture
1015 808 1113 838 plenum

262 858 328 882 omui
351 857 472 881 devotione
496 856 524 880 de
549 857 599 891 XII
621 856 739 886 fluctibns
765 856 840 886 Liyni.
858 857 905 879 Deo
923 855 1024 886 gratias.
1043 856 1113 879 Amio

263 904 341 929 4447.
359 905 424 933 Sign.
441 910 476 927 cc.

326 953 350 975 21
359 969 364 974 .
382 951 493 981 Neapoli,
512 951 649 974 bibliotheca
663 951 794 978 Nationalis,
807 951 860 974 cod.
872 951 909 973 Vl.
922 951 950 973 D.
962 952 1000 973 33.
1013 951 1114 974 membr.

262 1001 285 1023 in
305 1000 325 1022 4.
343 1006 402 1023 saec.
422 999 472 1021 XV.
491 999 598 1021 ineuutIs.
615 1011 646 1015 —
662 999 715 1021 Post
731 999 773 1021 alia
792 1005 863 1027 opera
882 999 920 1021 sol.
937 999 975 1021 61.
992 1005 1015 1021 v.
1033 1001 1067 1021 est
1079 1005 1114 1021 se-

264 1053 338 1076 quens
355 1046 463 1069 rubrica:
481 1045 594 1075 Sequitur
610 1045 781 1075 fascicularias
806 1045 882 1069 mirre
906 1046 1020 1075 maqistri
1035 1046 1114 1069 Rona-

264 1095 363 1117 venture
379 1099 448 1117 sacre
463 1092 553 1123 pagine
577 1093 721 1122 professoris
746 1092 864 1122 ymen-atis
887 1093 994 1117 Mtnistri
1015 1093 1114 1117 Ordinis

263 1141 382 1164 Fratrum
399 1140 533 1167 Minorum,
550 1139 704 1169 postmodum
721 1141 874 1163 sacrosancte
891 1140 996 1164 Romane
1012 1140 1114 1164 Ecclesia

263 1187 407 1215 cardinalis,
428 1187 451 1210 iii
470 1193 516 1217 quo
534 1187 561 1210 de
577 1186 626 1210 cita
643 1189 664 1210 et
679 1187 791 1217 passione
807 1189 827 1210 et
839 1187 1012 1218 glorificatione
1025 1187 1069 1211 Xti
1080 1187 1116 1211 de-

265 1237 316 1259 vote
333 1236 462 1258 tractatur.
479 1235 565 1257 Desinit
578 1234 614 1257 fol.
627 1235 664 1256 86.
676 1241 698 1256 V.
712 1235 761 1257 sine
773 1235 817 1257 ullo
831 1235 998 1257 additamento.
1010 1235 1074 1263 Siga.
1088 1236 1115 1258 V.

327 1283 366 1304 22.
383 1281 497 1308 Parisiis,
510 1281 649 1304 bibliotheca
662 1281 797 1308 NationaliS,
810 1281 863 1304 cod.
875 1281 974 1304 membr.
986 1288 1045 1305 saec.
1059 1283 1115 1305 Xlll.

266 1330 325 1358 sign.
343 1336 365 1351 n.
388 1330 474 1356 14976,
491 1329 521 1352 de
538 1335 585 1358 quo
602 1329 694 1357 egImus
711 1335 781 1357 supra
799 1335 855 1357 pag.
874 1329 903 1351 Xl
921 1336 944 1352 n.
963 1330 1000 1352 18.
1018 1342 1049 1346 —-
1069 1330 1116 1352 Fol.

265 1378 287 1399 2.
306 1384 324 1399 r.
341 1377 440 1405 legitur:
459 1376 544 1406 Incipit
565 1376 668 1406 Liqnum
690 1377 745 1404 vite,
775 1377 862 1399 omisso
887 1377 988 1400 auctoris
1013 1378 1116 1400 nomine.

266 1424 351 1446 Eadem
378 1426 513 1451 repetuntur
531 1423 552 1445 in
570 1423 616 1445 fine
641 1426 694 1451 post
718 1422 834 1452 Emplicit,
854 1424 891 1445 t'ol.
910 1424 946 1445 18.
964 1430 982 1445 r.
1000 1426 1052 1451 post
1070 1430 1115 1445 me-

265 1471 339 1494 dium.
356 1470 420 1498 Sign.
436 1471 462 1493 G.

329 1518 367 1540 23.
384 1516 485 1545 Ibidem,
504 1517 642 1540 bibliotheca
660 1517 797 1539 Mazarrinea
806 1534 812 1543 ‚
825 1517 876 1539 cod.
888 1517 933 1539 902
942 1535 948 1544 ‚
959 1517 988 1539 de
1000 1523 1048 1546 quo
1061 1517 1116 1539 vide

266 1572 326 1594 quae
343 1565 444 1588 diximus
456 1571 527 1592 supra
539 1570 593 1592 pag.
606 1565 649 1586 XX
662 1571 686 1587 n.
704 1564 752 1586 196.
764 1576 795 1580 -—
807 1564 853 1586 Fol.
871 1565 887 1586 1.
900 1570 919 1586 r.
931 1564 1013 1591 legitur
1027 1567 1078 1592 post
1090 1564 1117 1586 ti-

266 1613 355 1635 tulum:
373 1612 475 1641 Lignum
494 1611 540 1634 vite
547 1619 554 1634 :
571 1611 656 1641 Incipit
672 1612 789 1634 tractatas
806 1610 909 1634 doctoris
925 1611 1045 1640 seraphici
1056 1610 1117 1634 beati

266 1660 445 1687 Bonaeenture,
463 1659 506 1688 qni
522 1658 624 1688 Liqiwm
641 1658 685 1681 vite
701 1660 810 1682 vocatur.
829 1659 913 1681 Desinit
931 1659 967 1681 sol.
991 1659 1024 1681 13.
1041 1665 1059 1680 r.
1075 1664 1116 1686 per

266 1707 355 1730 verba:
381 1706 486 1736 Eaplicit
511 1706 612 1736 Lissuum
629 1705 674 1729 ‘cite
691 1705 794 1729 doctoris
811 1705 931 1735 seraphici
946 1705 1026 1728 sancti
1042 1705 1117 1728 Boua⁴

264 1756 376 1782 venture,
394 1753 463 1777 cuias
479 1752 625 1781 sublimitas,
646 1752 802 1776 commoditas
814 1754 835 1776 et
846 1752 938 1776 utilitas
954 1752 1016 1775 inter
1030 1754 1116 1775 cuncta

265 1808 310 1825 sua
329 1808 401 1831 opera
418 1807 467 1824 non
484 1801 595 1831 infimum
612 1800 691 1824 locum
709 1802 779 1828 tenet,
800 1800 869 1823 cuius
891 1802 913 1823 et
934 1800 1059 1830 descriptio
1079 1800 1117 1823 Ite'c

265 1850 365 1879 apparet
382 1850 403 1872 et
421 1847 538 1872 Ecclesiae
554 1847 688 1871 auctoritas
708 1847 786 1877 ipsum
808 1847 854 1871 vite
877 1847 979 1877 Liymtm
1001 1846 1117 1870 nobilissi-

266 1902 334 1918 mum
351 1895 466 1918 declarat.
484 1894 579 1918 Cunctis
598 1894 682 1924 quippe
695 1894 857 1924 prcroqaticis
875 1894 946 1917 huius
963 1893 1048 1918 Sancti
1055 1895 1117 1924 post-

266 1942 351 1966 habitis
369 1942 393 1965 in
410 1941 511 1972 speciale
529 1941 621 1971 tusique
632 1941 744 1964 arborem
761 1941 823 1964 hanc
840 1941 914 1964 eidem
926 1941 1014 1965 Sancto
1027 1940 1116 1964 tribuit.

266 1990 328 2018 Sign.
347 1990 374 2011 H.

330 2037 366 2059 24.
386 2036 485 2064 Ibide-m,
504 2036 641 2058 bibliotheca
660 2036 795 2062 Nationalis,
812 2036 864 2058 cod.
883 2036 952 2058 2975.
978 2034 1077 2058 membr.
1095 2035 1117 2057 in

267 2085 288 2106 8.
306 2090 366 2107 saec.
385 2084 446 2106 XIV.
463 2096 493 2099 —
511 2084 563 2105 Post
580 2083 623 2105 alia
640 2089 711 2111 opera
730 2083 769 2105 sol.
786 2083 838 2105 145.
855 2086 889 2105 est
905 2088 1007 2111 sequens
1024 2081 1117 2104 rubrica

267 2131 339 2159 nigris
356 2131 435 2153 litteris
453 2133 473 2152 et
492 2136 504 2152 a
523 2130 596 2158 prima
616 2136 684 2152 manu
703 2132 808 2152 exarata:
827 2129 911 2158 Incipit
919 2128 1038 2158 proloyus
1050 2128 1073 2151 in
1087 2128 1117 2151 ci-

268 2179 317 2201 tam
333 2179 355 2201 et
369 2177 549 2206 descriptionem
562 2176 659 2200 Domini
669 2176 748 2199 nostri
759 2177 810 2199 Iesu
823 2175 867 2199 ,isti
877 2175 906 2199 ab
918 2177 998 2198 eterno
1010 2176 1032 2198 et
1043 2181 1117 2204 iisque

267 2225 292 2248 in
309 2227 430 2252 eternum,
448 2223 510 2247 edita
526 2230 542 2247 a
560 2223 617 2247 bom¹
633 2223 747 2246 memorie
771 2223 848 2252 fiatre
866 2223 1034 2245 Bonaventura
1053 2227 1118 2251 yene-

269 2272 317 2295 raIi
334 2272 445 2295 Ministro
463 2271 560 2295 Ordinis
586 2271 703 2294 Fratrum
728 2270 863 2297 Minorum,
880 2269 941 2293 sicut
958 2268 1003 2292 sibi
1018 2268 1066 2298 suit
1087 2268 1117 2291 ab

268 2320 318 2350 ipso
336 2319 438 2343 Domino
457 2320 510 2342 Iesu
526 2319 574 2341 A'to
600 2318 694 2341 interna
720 2317 862 2347 inspectione
879 2316 991 2347 crucifisci
1008 2318 1058 2339 tam
1074 2315 1118 2338 mi-

268 2366 375 2390 rabiliter
393 2372 466 2396 quam
483 2365 670 2389 misericorditer
687 2364 814 2394 inspirata.
825 2364 873 2387 Xto
886 2363 997 2394 causiacus
1009 2369 1063 2386 sum
1076 2366 1119 2385 etc.

270 2414 357 2437 Desinit
374 2414 411 2436 sol.
431 2414 482 2435 1198.
500 2416 525 2435 ut
542 2413 565 2435 in
582 2412 658 2435 editis.
674 2412 761 2434 Eodem
788 2413 920 2433 charactere
943 2410 1051 2433 additur:
1070 2410 1117 2432 Pro

270 2461 387 2491 magistro
406 2460 514 2485 Gruz'do-ne
530 2460 557 2483 de
577 2459 713 2483 Vcrsaillez.
731 2459 779 2482 Alia
803 2465 887 2481 manus
912 2458 1062 2486 prosequitur
1078 2457 1119 2479 im-

270 2509 385 2531 mediate:
399 2509 463 2538 lpse,
475 2509 607 2538 presentem
625 2507 714 2530 librum
731 2506 827 2530 donavit
844 2505 947 2529 Ecclesic
963 2504 1078 2528 Meldeusi
1094 2504 1119 2527 in

269 2555 349 2586 Aprili
365 2562 429 2579 anuo
447 2555 644 2579 MCCCCLXVII.
663 2555 725 2582 sign.
745 2555 758 2576 1.

334 2603 371 2625 25.
388 2603 487 2631 Romae,
508 2602 647 2624 bibliotheca
664 2601 799 2629 Principum
810 2599 1004 2627 Barbermorum,
1017 2599 1069 2622 cod.
1080 2599 1118 2622 XI.

271 2651 293 2673 4.
312 2650 412 2673 membr.
429 2651 451 2672 iu
469 2651 489 2672 8.
509 2656 581 2677 parvo
599 2655 659 2672 saec.
680 2649 736 2671 Xlll.
753 2648 862 2671 exeuntis.
880 2660 911 2664 —
928 2647 992 2670 Initio
1009 2647 1117 2675 opusculi

270 2698 378 2720 nonnulla
396 2698 491 2724 desunt,
509 2697 563 2726 quia
582 2700 696 2719 vetustate
714 2702 815 2718 corrosa.
838 2695 925 2718 Desinit
950 2698 974 2717 ut
999 2695 1021 2717 in
1044 2694 1120 2717 editis.

270 2745 368 2767 Additur
386 2745 407 2766 in
426 2745 486 2767 tine:
504 2744 609 2774 Empticit
627 2745 745 2767 tractatus
757 2742 785 2766 de
796 2742 883 2766 arbore
894 2742 1018 2771 salutifere
1036 2741 1119 2764 Crucis

271 2798 284 2814 a
303 2791 398 2814 domiuo
416 2792 580 2814 Bouereutura
604 2790 748 2820 compositus
765 2789 797 2813 ad
814 2789 909 2813 laudem
927 2790 949 2812 et
964 2788 1068 2818 §loriam
1085 2794 1120 2810 re-

271 2837 401 2867 demptoris
418 2837 496 2861 nostri
512 2839 562 2860 Iesu
581 2837 630 2860 Xli.
648 2837 695 2860 Deo
712 2836 811 2866 qrati'as.
831 2837 892 2864 Sign.
913 2836 937 2858 D.

335 2885 371 2906 26.
391 2883 490 2912 Ibidem,
508 2883 645 2906 bibliotheca
664 2883 797 2912 Principum
816 2883 980 2909 Corsinorum,
1001 2882 1053 2904 cod.
1071 2881 1118 2903 XL.

271 2932 295 2954 E.
315 2932 336 2953 8.
354 2931 454 2953 membr.
470 2932 492 2953 in
512 2932 548 2953 sol.
574 2937 634 2953 saec.
660 2931 720 2953 XIV.
747 2930 853 2952 ineuntis.
872 2943 901 2945 —
919 2929 1063 2958 Opusculum
1085 2932 1119 2951 est

273 2978 317 3000 sub
334 2977 442 3000 rubrica:
461 2977 545 3007 Incipit
560 2979 678 3000 tractatas
696 2981 737 2999 etc.
751 2977 837 2999 Desinit
850 2980 874 2999 ut
885 2977 906 2998 in
920 2976 992 2999 editis.
1007 2976 1072 3004 Sign.
1084 2981 1117 2997 aa.

969 212 1213 243 PROLEGOMENA
1234 213 1262 242 C.
1286 213 1303 241 I.

1231 292 1268 314 27.
1287 291 1385 315 Taderti
1400 292 1424 314 in
1447 291 1555 319 Umbria,
1577 290 1716 313 bibliotheca
1737 289 1870 313 Conventus
1891 290 1914 312 S.
1936 290 2015 312 Fortu-

1168 339 1226 366 nati⁷
1244 339 1296 361 cod.
1317 338 1367 361 174.
1392 338 1492 361 membr.
1508 344 1569 361 saec.
1586 338 1650 366 XIV,
1667 337 1696 360 de
1713 343 1760 366 quo
1786 337 1878 365 egimus
1903 339 1958 359 tom.
1984 337 2012 359 V.

1168 391 1222 413 pag.
1239 386 1324 408 XXXll
1342 392 1365 408 n.
1390 386 1444 408 120.
1464 398 1494 401 —-
1514 385 1579 413 Opus
1596 385 1663 413 Ligni
1680 384 1741 408 vitae
1756 384 1837 413 incipit
1853 385 1891 407 sol.
1909 384 1962 406 ¹l0l.
1979 390 2015 406 v.:

1168 431 1262 455 Christo
1279 431 1389 462 confioeus
1400 438 1455 454 sum
1467 435 1511 454 etc.
1522 432 1608 454 Desinit
1620 432 1657 454 sol.
1674 431 1724 454 117.
1738 438 1760 454 v.
1773 434 1798 454 ut
1809 431 1888 454 editio.
1902 431 1966 459 SIgn.
1978 431 2017 454 W.

1231 479 1269 500 28.
1286 477 1387 505 Ibidem,
1404 479 1429 500 in
1445 479 1529 501 eadem
1543 478 1694 506 bibliotheca,
1712 479 1765 501 cod.
1781 478 1831 501 140.
1848 478 1946 501 membr.
1959 478 1982 500 in
1994 479 2016 501 8.

1169 530 1256 553 parvo,
1274 531 1335 547 saec.
1353 525 1413 547 XlV.
1430 537 1462 541 —
1478 525 1524 547 Fol.
1542 525 1596 548 414.
1612 531 1633 548 r.
1648 525 1692 548 sub
1708 525 1813 548 rubrica:
1830 524 1915 554 Incipit
1932 526 2017 548 tracta-

1169 573 1207 595 tus
1224 571 1252 594 de
1269 571 1344 595 Cruce
1361 571 1447 601 fratm's
1459 572 1632 595 Bonaventure.
1644 572 1731 595 Desinit
1748 573 1785 595 sol.
1802 572 1855 595 436.
1867 579 1890 595 v.
1908 575 1960 600 post
1972 578 2017 594 me-

1169 619 1242 642 dium.
1261 619 1325 647 Sign.
1343 619 1372 641 X.

1233 666 1272 688 29.
1290 666 1395 689 Tandem
1419 671 1569 688 recensemus
1586 666 1690 689 codicem
1713 666 1831 695 quendam
1848 673 1861 689 a
1883 672 2017 695 possessore

1170 713 1238 737 nobis
1255 717 1387 736 mutuatum
1411 716 1434 736 et
1450 720 1512 736 nunc
1534 714 1557 736 in
1583 714 1627 736 hoc
1643 716 1721 736 nostro
1739 713 1839 742 Collegio
1861 716 2017 742 asservatum,

1170 760 1270 783 membr.
1288 761 1310 782 in
1329 761 1366 783 iol.
1383 766 1443 783 saec.
1461 760 1519 783 Xlll.
1541 760 1651 783 exeuntiS.
1667 773 1698 776 —
1715 761 1762 782 Fol.
1785 761 1805 782 1.
1826 766 1846 782 r.
1867 763 1900 782 est
1917 766 2018 789 sequens

1169 807 1278 831 rubrica:
1296 807 1380 837 Incipit
1397 807 1454 831 liber
1471 807 1499 830 de
1516 807 1590 837 Ligmo
1607 807 1652 830 vite
1668 813 1684 830 α
1700 807 1778 837 fratre
1794 807 1963 830 Bonaventura
1976 806 2017 830 Or-

1170 855 1232 878 dinis
1244 855 1367 879 Minorum
1380 854 1494 878 Generali
1509 854 1619 878 Ministro
1630 853 1713 877 editus.
1725 854 1773 877 Xto
1786 854 1896 884 conficeris
1908 860 1963 877 sum
1974 856 2018 877 etc.

1170 903 1235 931 Opus
1252 903 1354 925 decurrit
1365 908 1439 932 usque
1451 903 1480 925 ad
1498 902 1536 924 fol.
1554 902 1592 924 20.
1609 908 1632 924 v.
1643 905 1666 924 et
1677 901 1762 924 verba:
1780 908 1825 931 quo
1837 901 1922 924 mentis
1938 902 2019 924 nostre

1170 950 1290 975 contuitus
1308 949 1455 978 illustretur,
1473 956 1557 978 parum
1574 952 1627 972 ante
1639 949 1722 977 finem;
1740 952 1814 971 cetera
1833 949 1925 971 suerunt
1938 948 2019 971 avulsa

1171 998 1234 1026 Sign.
1252 999 1276 1020 Z.

1234 1046 1261 1067 Ili
1278 1045 1371 1068 codices
1388 1046 1561 1072 repraesentant
1577 1043 1636 1066 duas
1654 1043 1772 1065 distinctas
1793 1042 1902 1069 familias,
1919 1048 2020 1071 quarum

1172 1092 1298 1115 differentia
1317 1091 1339 1114 in
1357 1097 1384 1114 eo
1402 1091 1557 1119 principaliter
1579 1090 1692 1117 consistit,
1710 1092 1735 1113 ut
1755 1089 1800 1112 iam
1818 1096 1888 1117 supra
1906 1089 2019 1118 diximus,

1171 1139 1233 1169 quod
1252 1139 1322 1161 codd.
1341 1138 1424 1161 ACW
1434 1139 1450 1160 Z
1467 1141 1489 1160 et
1501 1138 1537 1160 ed.
1552 1138 1572 1161 l.
1589 1144 1634 1160 non
1652 1139 1753 1160 referunt
1764 1137 1785 1159 in
1803 1137 1903 1159 decursu
1915 1136 2021 1165 opusculi

1172 1187 1213 1209 nisi
1231 1186 1355 1209 duodecim
1369 1191 1463 1212 versus,
1480 1185 1519 1213 qui
1539 1185 1595 1207 infra
1608 1191 1662 1213 pag.
1676 1185 1718 1212 70,
1730 1186 1781 1207 nota
1799 1185 1817 1206 1.
1835 1184 1940 1212 impressi
1954 1186 2019 1211 sunt,

1172 1233 1233 1256 unde
1250 1233 1285 1255 isti
1304 1232 1424 1255 materiam
1442 1232 1509 1261 quasi
1526 1232 1549 1254 in
1568 1232 1596 1254 '12
1615 1232 1713 1259 capitula
1726 1231 1871 1259 distinguunt
1882 1231 1932 1253 loco
1946 1230 1973 1252 48
1990 1230 2021 1253 di-

1172 1281 1320 1303 stinctionum
1339 1279 1437 1302 aliorum
1455 1279 1562 1302 codicum
1579 1281 1602 1301 et
1618 1281 1711 1301 nostrae
1728 1278 1842 1301 editionis.
1860 1278 1905 1300 Sed
1928 1278 1969 1300 ista
1986 1277 2021 1300 di-

1172 1328 1231 1350 visio
1248 1334 1293 1350 non
1312 1327 1420 1350 convenit
1437 1332 1490 1349 cum
1509 1327 1619 1354 prologo,
1634 1326 1674 1355 qui
1691 1326 1714 1348 in
1730 1324 1840 1348 omnibus
1856 1324 1976 1348 codicibus
1987 1326 2022 1347 est

1172 1376 1246 1403 idem,
1264 1378 1288 1398 ut
1305 1375 1351 1397 iam
1368 1374 1518 1397 observatum
1536 1376 1571 1396 est
1587 1373 1610 1395 in
1624 1373 1676 1395 cod.
1694 1374 1709 1395 L
1728 1372 1792 1401 (vide
1809 1378 1864 1400 pag.
1880 1372 1922 1400 70,
1940 1372 1962 1394 iu
1975 1372 2021 1394 line

1172 1425 1240 1444 notae
1261 1422 1297 1450 l.).
1316 1422 1434 1443 Praeterea
1452 1420 1482 1442 illi
1504 1421 1529 1442 12
1547 1426 1629 1442 versus
1647 1425 1688 1442 nec
1705 1419 1829 1441 sententias
1847 1419 1959 1447 partium,
1970 1418 2022 1447 qui-

1173 1469 1217 1492 bus
1233 1469 1337 1497 inscripti
1355 1471 1419 1495 sunt,
1436 1468 1579 1496 exprimunt,
1597 1473 1640 1489 nec
1659 1468 1686 1489 12
1705 1468 1792 1489 fructus
1812 1466 1943 1494 designant.
1960 1466 2022 1489 Licet

1172 1517 1242 1545 igitur
1255 1516 1376 1539 memorati
1394 1516 1487 1538 codices
1499 1515 1636 1543 antiquitate
1653 1514 1761 1536 excellant
1778 1516 1801 1536 et
1821 1514 1960 1542 plerumque
1983 1512 2021 1535 bo-

1172 1571 1228 1587 num
1247 1567 1332 1586 textum
1345 1562 1477 1590 exhibeant.
1495 1563 1553 1584 hanc
1571 1561 1678 1584 familiam
1696 1567 1743 1583 non
1754 1566 1879 1589 possumus
1891 1566 1986 1582 censere
1997 1562 2022 1582 ut

1172 1613 1384 1640 repraesentantem
1410 1611 1432 1632 S.
1459 1609 1563 1631 Doctoris
1588 1608 1732 1636 primitivum
1751 1610 1846 1630 textum.
1871 1607 1927 1629 Hinc
1952 1607 2021 1629 etiam

1172 1659 1288 1687 quaedam
1302 1657 1440 1680 mutationes
1455 1660 1477 1678 et
1487 1656 1656 1683 additamenta,
1674 1661 1734 1684 quae
1746 1654 1769 1676 in
1786 1653 1906 1677 codicibus
1917 1654 2021 1676 eiusdem

1173 1706 1271 1728 familiae
1289 1706 1413 1727 occurrunt
1431 1703 1566 1732 praesertim
1585 1703 1605 1724 in
1623 1702 1737 1730 principio
1754 1708 1849 1724 suorum
1869 1701 1896 1723 12
1915 1701 2023 1729 capitulo-

1173 1759 1240 1780 rum,
1258 1752 1279 1774 in
1298 1754 1383 1774 textum
1401 1757 1449 1773 non
1466 1752 1531 1773 erant
1547 1749 1693 1778 recipienda,
1710 1749 1765 1778 quia
1782 1755 1827 1771 non
1844 1751 1898 1771 sunt
1911 1748 1954 1771 nisi
1971 1754 2023 1771 con-

1173 1800 1307 1829 sequentiae
1323 1799 1466 1822 necessariae
1477 1797 1559 1820 mutati
1576 1797 1665 1820 numeri
1682 1797 1845 1825 capitulorum.

1237 1847 1331 1869 Collatio
1350 1846 1379 1868 29
1392 1845 1500 1868 codicum
1518 1845 1611 1873 protulit
1623 1843 1779 1867 incredibilem
1798 1843 1936 1866 variantium
1949 1842 2023 1865 lectio·

1175 1901 1231 1918 num
1251 1894 1401 1922 farraginem,
1419 1899 1490 1922 quam
1508 1893 1530 1914 in
1548 1892 1607 1914 notis
1620 1895 1690 1914 totam
1707 1892 1792 1913 referre
1804 1891 1883 1913 inutile
1900 1893 1923 1913 et
1939 1890 2023 1913 taedio-

1173 1948 1225 1964 sum
1244 1941 1331 1963 suisset.
1348 1941 1380 1962 De
1398 1940 1485 1962 ratione
1502 1939 1613 1967 seligendi
1632 1944 1670 1960 eas
1687 1940 1709 1960 et
1726 1938 1821 1961 idoneas
1841 1938 1863 1960 in
1881 1939 1967 1960 textum
1990 1942 2023 1959 re-

1173 1989 1273 2017 cipiendi
1291 1991 1312 2010 et
1330 1988 1353 2009 in
1370 1988 1429 2009 notis
1446 1986 1572 2014 referendi,
1590 1985 1644 2008 vide
1661 1991 1722 2014 quae
1740 1985 1796 2007 infra
1814 1991 1868 2013 pag.
1881 1985 1922 2013 68,
1934 1987 1988 2007 nota
2004 1985 2022 2007 l.

1173 2036 1233 2058 dicta
1251 2038 1310 2057 sunt.

1389 2127 1418 2150 11.
1436 2126 1527 2150 Codices
1544 2133 1557 2149 a
1573 2125 1639 2149 nobis
1655 2132 1698 2148 nou
1719 2124 1807 2148 collati.

1238 2223 1275 2245 30.
1292 2221 1377 2245 Assisii
1392 2222 1415 2244 in
1433 2221 1539 2248 Umbria,
1557 2220 1694 2243 bibliotheca
1712 2220 1871 2243 Communalis
1888 2220 1953 2249 (olim
1965 2219 2024 2242 Cou—

1174 2272 1258 2292 ventus
1274 2269 1345 2291 sancti
1364 2268 1499 2297 Francisci),
1517 2268 1568 2290 cod.
1587 2267 1640 2289 131.
1657 2266 1756 2289 membr.
1774 2267 1796 2288 in
1814 2267 1837 2289 8.
1848 2272 1909 2289 saec.
1921 2266 2023 2288 XIV.—

1174 2317 1196 2339 ln
1218 2316 1292 2338 indice
1310 2319 1471 2338 contentorum
1494 2317 1537 2337 hoc
1560 2315 1700 2343 opusculum
1717 2317 1808 2337 notatur
1830 2313 1874 2336 sub
1895 2320 1916 2335 n.
1934 2314 1956 2335 6.
1979 2314 2023 2336 hoc

1174 2363 1257 2385 modo:
1274 2361 1342 2385 Liber
1355 2361 1382 2384 de
1394 2362 1468 2391 Liquo
1481 2361 1564 2384 Crucis
1581 2360 1679 2384 Domini
1689 2361 1867 2388 Bonaventure,
1884 2365 1931 2382 non
1944 2360 2022 2382 tamen

1174 2408 1313 2438 completas.
1326 2408 1424 2437 Antiqua
1438 2414 1495 2430 vero
1513 2414 1594 2430 manus
1606 2407 1731 2435 praemittit
1748 2407 1811 2429 initio
1823 2407 1882 2428 hanc
1893 2405 2022 2428 rubricam:

1174 2456 1258 2486 Incipit
1276 2457 1393 2479 tractatus
1418 2455 1446 2478 de
1463 2455 1537 2484 Liqno
1565 2454 1648 2478 Crucis
1673 2454 1759 2484 fratris
1785 2454 1958 2477 Boozaventure.
1974 2452 2023 2476 Xto

1174 2503 1285 2534 conficias
1301 2509 1356 2526 sum
1374 2506 1418 2525 etc.
1434 2503 1521 2525 Desinit
1538 2503 1562 2524 in
1587 2508 1639 2530 cap.
1656 2502 1721 2525 lesus
1740 2500 1832 2524 Iudaeis
1854 2499 1978 2530 proditus,
2000 2499 2023 2522 in

1175 2552 1218 2573 hac
1235 2556 1311 2574 nostra
1329 2551 1429 2573 editione
1446 2557 1469 2572 n.
1491 2550 1524 2572 19.

1238 2598 1274 2620 31.
1292 2597 1427 2621 Audomari
1443 2597 1517 2626 (Saint
1537 2596 1615 2625 Omer)
1635 2597 1657 2618 in
1679 2596 1761 2624 Gallia,
1784 2595 1921 2618 bibliotheca
1942 2594 2024 2617 Civita-

1174 2645 1216 2672 tis,
1233 2645 1284 2668 cod.
1304 2645 1356 2667 134.
1374 2646 1445 2667 chart.
1463 2645 1486 2666 in
1504 2644 1526 2666 4.
1538 2650 1597 2666 saec.
1615 2644 1676 2666 XVI.
1693 2643 1799 2665 ineuntis.
1815 2655 1846 2659 —
1859 2643 1906 2665 Fol.
1924 2642 1977 2664 194.
1991 2648 2022 2664 r.:

1174 2692 1259 2722 Incipit
1268 2691 1387 2722 praefatio
1401 2692 1425 2714 in
1437 2693 1567 2715 tractatam
1584 2690 1611 2714 de
1628 2690 1702 2720 Liqiio
1714 2690 1766 2713 vite.
1781 2690 1828 2713 A'lo
1846 2689 1956 2719 confixus
1968 2694 2023 2711 sum

1175 2738 1248 2762 Cruci
1264 2742 1306 2761 etc.
1325 2739 1413 2761 Desinit
1431 2739 1467 2760 sol.
1486 2738 1539 2760 206.
1556 2744 1592 2760 v.:
1610 2736 1748 2767 arctior-um
1765 2736 1837 2764 actio,
1855 2735 1925 2759 decus
1942 2737 1965 2758 et
1980 2735 2024 2758 im-

1171 2786 1267 2816 perium
1281 2792 1373 2815 per...‚
1391 2786 1470 2807 ultima
1488 2784 1559 2807 verba
1577 2785 1668 2807 desunt.

1238 2834 1275 2855 32.
1292 2832 1393 2861 Ibidem,
1412 2833 1464 2855 cod.
1482 2833 1534 2854 356.
1553 2833 1624 2855 chart.
1643 2832 1663 2854 in
1683 2833 1719 2854 12,
1737 2838 1797 2854 saec
1815 2831 1874 2854 XVI.
1887 2843 1918 2847 —
1937 2831 1982 2853 Fol.
2000 2830 2022 2852 6.

1174 2887 1193 2903 r.
1211 2883 1244 2902 est
1262 2886 1361 2909 sequens
1387 2879 1491 2902 rubrica:
1519 2880 1544 2902 lu
1562 2879 1665 2908 Liymmn
1688 2878 1732 2902 vile
1757 2878 1835 2902 sancti
1859 2878 2023 2901 Boiiacentw‘e

1172 2927 1299 2958 praefatio.
1317 2927 1391 2950 Verus
1405 2926 1448 2949 Dei
1463 2926 1541 2949 cultor
1559 2930 1601 2949 etc.
1615 2926 1701 2949 Desinit
1719 2926 1755 2948 sol.
1772 2932 1802 2953 r.,
1819 2926 1842 2948 in
1859 2925 1917 2947 fine:
1933 2930 1976 2954 per
1988 2924 2022 2947 in-

1173 2974 1240 3005 finita
1258 2973 1337 2997 secula
1355 2973 1502 2996 seculorum.
1519 2976 1602 2997 Amen.
