2133 3317
527 206 724 236 OPUSCULUM
746 206 764 234 l.
787 205 957 234 SPECULUM
979 205 1186 234 DISCIPLINAE.
1208 205 1288 233 PARS
1310 205 1415 233 PRIMA.

91 286 279 319 reprehensibili
296 286 444 318 inquietant.
463 285 598 317 Surgentes
616 292 631 309 a
650 284 727 313 lecto,
753 284 834 314 ipsum
853 283 936 308 decen-

90 331 129 356 ter
146 330 274 361 operiant,
293 337 324 354 ne
343 330 412 354 velut
424 328 632 353 irrationabilium
651 327 730 352 cubile
749 327 877 351 remaneat
893 327 936 351 im-

70 393 74 399 .
92 373 204 405 paratus.
218 386 254 390 —
272 372 308 397 De
321 372 435 403 privatis
446 371 453 383 ¹
475 371 556 402 loqui,
576 371 597 395 si
615 371 654 395 cui
667 370 740 401 turpe
759 370 871 399 videtur,
885 370 936 394 tur-

92 417 148 448 pius
166 416 264 440 noverit
282 416 356 446 turpe
375 414 468 446 aliquid
487 414 520 438 ibi
538 413 667 439 committi.
686 413 725 438 Ibi
738 420 787 438 non
806 412 935 444 congruit,

91 459 133 489 ut,
152 459 224 490 quasi
242 465 297 483 mox
315 457 427 489 gelicidio
446 457 565 488 perituri,
584 456 690 481 amictus
715 456 844 481 accessorii
863 456 936 480 sarci-

91 509 148 527 nam
167 501 293 531 deferant;
312 501 346 525 ibi
358 501 498 532 Religiosus
510 507 564 525 cum
587 507 683 525 summo
696 500 794 524 silentio
813 499 838 524 et
851 498 936 530 operto

91 545 211 577 profunde
229 544 310 575 capite
328 543 400 568 debet
419 551 485 573 esse3
504 543 538 568 ibi
557 542 711 568 confabulari
729 543 754 567 et
777 542 876 573 praeter
893 549 937 566 ne-

90 588 231 614 cessitatem
249 587 296 612 hac
314 587 339 612 et
358 587 416 611 illac
440 587 521 618 capite
546 586 699 617 discooperto
727 586 848 617 respicere
874 585 937 609 Reli-

89 632 214 663 giosorum
233 637 285 655 esse
310 637 359 655 non
378 630 494 659 dixerim,
514 629 556 654 sed
583 636 740 659 scurrarum3
759 628 793 653 ibi
814 628 937 653 servanda

89 674 115 699 in
133 680 252 698 manuum
271 673 296 698 et
323 673 400 697 vestis
425 672 586 703 dispositione
607 671 740 701 honestas3
765 671 798 695 ibi
816 670 937 696 honestus

90 717 194 748 quisque
213 714 346 747 diligenti¹
372 722 447 746 opera
465 715 550 746 cavet,
579 722 609 739 ne
637 722 681 745 per
709 715 804 745 ipsum,
824 714 868 738 aut
893 721 937 745 per

89 760 142 785 eius
159 760 280 784 incuriam
298 759 389 790 aliquis
409 758 564 787 offendatur;
584 758 617 782 ibi
636 758 670 782 eis
690 757 825 782 cavendum
838 757 888 786 est,
907 764 937 782 ne

90 802 187 827 stantes
204 802 317 831 urinent,
346 802 385 826 vel
403 809 418 826 a
445 801 498 826 loco
517 801 599 825 minus
627 800 729 826 honeste
748 800 872 825 recedant.
891 800 938 824 Sed

89 852 134 870 nec
152 852 196 876 per
214 844 314 870 hortum
333 845 372 869 est
390 844 461 869 facile
480 843 644 873 urinandum,
670 844 709 868 vel
728 843 799 872 alibi,
819 843 861 867 ubi
886 843 938 867 sive

90 896 105 913 a
123 888 206 918 sociis,
221 889 272 913 sive
285 887 316 912 ab
334 887 390 912 aliis
409 887 507 918 possint
519 886 611 916 videri,
631 887 700 918 quia,
721 886 750 911 ut
768 886 805 911 ait
823 886 936 917 quidam:

94 940 108 953 ι
119 931 201 956 Multa
219 930 325 962 possunt
342 930 445 955 honeste
464 929 531 959 fieri,
555 936 617 960 quae
636 936 686 954 non
705 929 811 960 possunt
835 928 938 953 honeste

90 974 169 999 Videri
181 984 194 996 1>
202 993 207 998 .

161 1017 186 1041 2.
205 1016 241 1041 De
260 1016 367 1048 singulis
385 1016 417 1040 ad
439 1015 596 1047 disciplinam
616 1022 660 1046 per
685 1015 798 1046 singulas
827 1014 938 1040 officinas

91 1060 117 1085 et
134 1060 189 1085 loca
206 1059 377 1091 spectantibus
395 1059 436 1083 vix
457 1059 502 1083 ant
523 1066 651 1089 nunquam
670 1058 832 1089 singulariter
854 1057 939 1089 posset

68 1096 76 1101 ⁵
91 1103 207 1133 edisseri3
230 1102 262 1127 ad
280 1102 361 1127 multa
379 1102 463 1126 tamen
480 1101 567 1126 haberi
592 1100 676 1132 potest
693 1101 838 1132 disciplinae
862 1100 938 1125 consi-

91 1145 186 1171 deratio
198 1153 228 1170 ex
247 1145 388 1176 praedictis.
404 1159 440 1162 —
451 1144 483 1169 In
502 1144 573 1169 ostiis
586 1144 631 1168 aut
649 1143 816 1173 officinarum,
835 1143 880 1168 aut
895 1142 938 1167 ubi

90 1188 210 1213 Fratrum
223 1188 359 1213 communis
378 1187 417 1212 est
428 1187 566 1218 transitus,
580 1187 684 1211 maxime
697 1187 762 1211 circa
780 1186 937 1217 privatarum

90 1231 233 1260 introitum,
253 1230 317 1255 unde
335 1230 367 1255 ad
385 1231 525 1255 necessaria
543 1230 630 1255 euntes
650 1230 675 1254 et
693 1229 825 1254 redeuntes
849 1229 938 1260 respici

92 1274 216 1305 possunt,
246 1281 375 1305 nunqnam
405 1273 503 1298 honesti
534 1273 637 1298 Fratres
667 1272 761 1297 faciant
796 1272 937 1297 stationem.

91 1316 194 1347 Quando
212 1317 288 1341 etiam
309 1317 408 1341 intrant
430 1316 455 1341 et
477 1316 582 1345 exeunt,
601 1316 755 1341 officinarum
778 1315 937 1340 secretiorum

91 1360 155 1385 ostia
173 1360 231 1391 post
250 1367 275 1384 se
293 1359 425 1388 claudant,
445 1366 475 1383 ne
498 1354 702 1390 supervenientes
724 1358 835 1383 extranei
854 1358 879 1382 et
903 1358 938 1382 in-

91 1402 189 1427 trantes
206 1402 310 1427 Fratres
327 1402 458 1426 inveniant
475 1402 621 1432 imparatos.
642 1401 778 1432 Nunquam
793 1401 937 1430 extraneos,

89 1445 149 1470 licet
167 1445 314 1474 familiares,
334 1445 365 1469 ad
377 1444 530 1470 visitandum
550 1444 660 1469 officinas
673 1443 788 1468 invitent.
802 1443 937 1474 Siquando

90 1488 175 1513 tamen
193 1488 225 1513 ad
243 1487 382 1519 aliquorum
402 1487 550 1512 instantiam
574 1494 615 1512 eas
639 1486 767 1512 ostendere
790 1486 937 1517 permittan-

90 1531 145 1561 tur,
164 1531 249 1557 domos
271 1531 371 1556 tantum
393 1531 586 1560 communiores,
609 1537 658 1555 non
683 1530 751 1555 intra
770 1537 814 1561 per
838 1530 938 1561 singula

90 1575 145 1600 loca
157 1582 201 1599 seu
219 1574 325 1606 angulos
338 1573 506 1605 peragrando,
526 1573 569 1598 sed
587 1573 619 1598 ab
632 1574 702 1598 ostiis
721 1573 845 1604 expedite,
862 1580 938 1604 quan-

90 1617 145 1643 tum
172 1617 292 1642 honestas
320 1617 474 1648 permiserit,
503 1616 678 1646 ostendentes;
707 1616 826 1647 quidquid
853 1623 938 1641 eorum

90 1660 203 1692 aspectui
222 1659 369 1685 subtrahere
382 1659 514 1690 poterunt,
534 1658 687 1684 subtrahant
700 1658 725 1683 et
743 1659 867 1683 furentur.
880 1658 938 1684 Non

91 1703 130 1729 est
147 1703 255 1735 Religio,
274 1703 317 1728 ubi
335 1702 448 1728 omnihus
461 1703 544 1728 omnia
563 1702 659 1733 patent.
678 1702 710 1727 In
728 1702 788 1727 locis
805 1702 937 1727 communi-

91 1746 138 1772 bus
151 1745 169 1776 3,
188 1746 231 1771 ubi
243 1746 362 1771 Fratrum
381 1746 516 1771 occurrerit
533 1745 685 1776 frequentia,
701 1745 771 1770 nullo
790 1745 860 1770 modo
879 1744 939 1769 deti-

91 1789 169 1814 neant
181 1789 354 1814 adventantes.
367 1788 473 1814 Infirma
491 1788 552 1813 haec
564 1788 678 1819 parvulis
697 1788 837 1819 exprimens
845 1806 851 1817 ,
864 1795 937 1819 gran-

92 1832 160 1857 dium
178 1832 265 1858 oscilla
283 1839 333 1857 non
351 1832 415 1861 vito,
435 1831 478 1856 sed
496 1831 539 1856 ubi
559 1831 662 1856 humilis
691 1830 800 1862 proficit,
819 1831 938 1862 parvidu-

93 1875 184 1901 cendus
202 1874 241 1900 est
258 1875 355 1900 illusor.

381 1959 529 1984 cfflmmn
547 1959 653 1984 XXVH.

115 2046 156 2071 De
175 2045 315 2077 disciplina
335 2045 401 2071 inter
419 2046 566 2076 extraneos,
586 2046 610 2070 et
623 2045 712 2076 primo
731 2044 760 2070 cle
777 2044 915 2076 disciplina

443 2089 471 2113 in
493 2088 558 2113 villa
573 2088 591 2112 ⁴.

164 2174 188 2200 1.
207 2174 282 2200 Nunc
299 2174 431 2200 videndum
444 2174 496 2204 est,
516 2174 623 2206 qualiter
641 2174 668 2199 in
680 2174 759 2206 villa,
778 2174 882 2206 itinere,
901 2181 936 2198 ec-

52 2220 76 2239 '-
93 2217 182 2250 alesia,
202 2217 288 2249 domo,
306 2218 333 2242 in
352 2217 478 2242 locatione
496 2217 522 2242 et
546 2217 695 2242 comestione
723 2216 756 2241 sit
778 2217 849 2242 nov-is
877 2217 940 2242 Fra-

93 2260 175 2286 tribus
187 2260 253 2286 inter
271 2261 405 2286 extraneos
417 2260 614 2286 conversandum
624 2259 643 2285 ⁵.
655 2275 692 2278 —
700 2260 725 2285 Si
741 2260 839 2292 quando
849 2260 940 2285 exeunt

93 2304 206 2334 domum,
226 2304 340 2329 habenda
358 2304 397 2329 est
414 2304 450 2328 eis
468 2303 580 2329 custodia
605 2303 749 2335 disciplinae
768 2303 883 2335 respectu
900 2310 938 2328 so-

54 2372 59 2376 ,
93 2348 193 2373 ciaetatis
211 2347 236 2372 et
254 2348 304 2372 sui.
326 2347 455 2372 Societatis
476 2346 593 2372 solatium
618 2346 643 2371 et
669 2346 788 2371 honestas
810 2346 939 2377 religiosae

73 2382 79 2386 ”
94 2390 210 2416 convenit
227 2389 352 2421 dignitati.
372 2389 479 2420 Propter
497 2389 543 2414 hoc
561 2389 587 2413 in
615 2388 678 2413 villa
705 2389 835 2419 praecipue
860 2389 940 2413 senio-

95 2433 142 2463 ris,
161 2440 216 2458 cum
235 2440 283 2465 quo
301 2432 407 2462 fuerint,
427 2432 540 2464 vestig-iis
559 2439 656 2463 semper
674 2431 845 2461 inhaerentes,
865 2438 891 2456 se
908 2431 940 2456 ab

1784 205 1838 233 609

992 290 1020 308 eo
1038 283 1114 307 etiam
1133 283 1179 307 sub
1198 290 1247 308 uno
1266 283 1331 308 tecto
1349 283 1494 308 nullatenus
1513 282 1642 314 separent,
1662 283 1722 314 quin
1745 282 1776 307 ad
1795 283 1841 307 mi-

992 333 1040 350 nus
1059 326 1137 350 videri
1156 333 1254 357 semper
1272 326 1303 350 ab
1322 326 1376 357 ipso
1395 326 1470 351 libere
1490 326 1595 357 possint.

1063 369 1087 393 2.
1108 368 1140 393 Se
1154 369 1222 399 ipsos
1241 369 1324 394 autem
1344 369 1465 400 quantum
1478 369 1510 393 ad
1528 369 1785 400 circumspectionem,
1805 368 1839 393 lo-

993 411 1127 441 cutionem,
1146 411 1248 436 habitus
1272 411 1297 436 et
1316 412 1482 437 membrorum
1506 412 1692 443 dispositionem
1717 412 1743 436 in
1768 411 1840 436 disci-

992 455 1062 486 plina
1080 454 1232 479 contineant.
1257 454 1321 480 Non
1339 455 1548 486 circumspiciant
1573 455 1600 479 in
1622 455 1684 479 vicis
1710 455 1840 486 civitatis,

992 498 1021 523 ut
1040 498 1143 529 Sapiens
1157 496 1167 509 ³
1195 498 1281 528 docet;
1307 499 1425 523 avertant
1449 498 1534 523 oculos
1558 506 1633 530 suos,
1659 505 1690 523 ne
1715 498 1841 522 hauriant

991 541 1127 566 vanitates.
1146 541 1170 566 A
1189 541 1353 566 saecularium
1378 541 1583 566 collocutionibus
1602 541 1737 572 prudenter
1762 540 1841 565 absti-

992 584 1078 608 neant.
1102 584 1192 608 Manus
1219 591 1277 608 suas
1302 584 1416 615 religiose
1434 584 1592 615 componant.
1615 584 1750 615 Nunquam
1775 583 1841 608 inter

992 626 1104 652 homines
1123 627 1276 658 discooperto
1295 627 1389 658 capite,
1409 627 1447 651 vel
1466 627 1592 651 almutiati
1604 626 1612 639 ⁷
1631 627 1671 652 vel
1695 627 1758 651 alias
1781 626 1841 651 indi-

993 669 1124 700 sciplinate
1143 669 1266 694 incedant.
1286 670 1333 694 Sed
1350 677 1394 694 nec
1413 669 1576 694 saecularium
1595 670 1635 694 vel
1660 669 1840 700 Religiosorum

993 712 1078 738 domos
1097 712 1191 742 subito,
1205 712 1380 744 ignorantibus
1399 713 1446 742 eis,
1465 713 1603 742 introeant,
1624 713 1666 737 sed
1684 712 1792 737 vocando
1809 712 1841 736 ab

993 755 1070 787 ostio,
1089 756 1128 780 vel
1148 756 1284 787 pulsando,
1304 764 1347 781 seu
1360 757 1422 781 alias
1435 763 1532 787 quoquo
1545 756 1615 781 modo
1629 756 1784 787 propositum
1798 762 1841 779 seu

994 798 1149 823 voluntatem
1167 799 1320 830 ingrediendi
1339 799 1510 830 pronuntient.
1530 799 1575 824 Vir
1594 799 1724 829 eruditus,
1744 799 1780 823 ait
1797 798 1841 822 Sa-

994 841 1064 872 piens
1075 840 1093 873 ⁸,
1112 840 1179 871 foris
1196 842 1282 866 stabit.
1301 842 1348 867 Sed
1366 849 1409 867 nec
1424 843 1477 867 siue
1495 842 1596 867 ductore
1614 849 1657 873 per
1677 841 1840 866 saecularium

994 884 1078 909 domos
1097 885 1136 909 vel
1156 892 1199 915 per
1218 884 1398 916 Religiosorum
1417 885 1528 910 officinas
1547 885 1585 910 est
1604 885 1754 916 vagandum.

1273 970 1420 994 CAPrrULmu
1443 970 1562 995 XXVIII.

1224 1055 1265 1080 De
1283 1055 1421 1087 disciplina
1438 1038 1577 1080 in'itinere
1591 1054 1609 1079 ⁹.

1067 1140 1091 1166 1.
1110 1141 1135 1166 Si
1154 1141 1248 1166 fuerint
1266 1142 1336 1166 extra
1354 1141 1453 1166 domum
1465 1140 1485 1153 ¹⁰
1504 1142 1530 1166 in
1550 1142 1640 1166 itinere
1653 1142 1796 1170 constituti,
1817 1141 1842 1165 et

995 1184 1117 1216 quantum
1136 1184 1167 1209 ad
1185 1184 1330 1210 societatem
1349 1185 1374 1209 et
1392 1184 1514 1216 quantum
1533 1185 1565 1209 ad
1582 1192 1608 1210 se
1628 1184 1697 1215 ipsos
1720 1184 1790 1209 caute
1816 1191 1842 1209 se

994 1227 1084 1252 debent
1103 1226 1128 1251 ot
1146 1227 1260 1258 religiose
1279 1227 1378 1252 habere.
1397 1241 1432 1244 ——
1451 1227 1578 1257 Quantum
1592 1227 1623 1252 ad
1641 1228 1785 1252 societatem
1804 1227 1842 1252 de-

994 1270 1054 1294 bent
1073 1270 1120 1295 sibi
1138 1278 1154 1294 a
1181 1270 1340 1300 mulieribus,
1360 1278 1375 1294 a
1403 1271 1496 1295 scurris
1524 1270 1550 1295 et
1578 1270 1673 1295 ratione
1699 1270 1802 1301 periculi
1826 1277 1841 1294 a

995 1314 1107 1344 personis
1126 1313 1155 1338 de
1180 1313 1300 1338 maleficio
1324 1314 1419 1338 notatis
1444 1313 1581 1338 attendere.
1603 1314 1701 1338 Talium
1726 1320 1841 1344 persona-

995 1364 1050 1381 rum
1061 1355 1082 1368 ¹¹
1102 1357 1207 1382 societas
1226 1357 1361 1388 singularis
1380 1357 1503 1388 religiosis
1522 1357 1596 1386 viris,
1612 1357 1660 1381 nisi
1679 1356 1742 1381 forte
1756 1356 1787 1381 ad
1800 1356 1841 1381 ho-

994 1407 1048 1424 ram
1068 1407 1113 1431 pro
1138 1400 1228 1424 salutis
1247 1400 1343 1424 animae
1365 1407 1452 1429 causa,
1471 1407 1522 1424 non
1545 1400 1676 1429 convenit3
1702 1399 1792 1424 debent
1816 1407 1842 1424 se

994 1443 1078 1467 tamen
1107 1442 1242 1474 prudenter
1269 1450 1284 1467 a
1302 1443 1434 1468 consortiis
1459 1442 1600 1468 huiusmodi
1623 1450 1763 1474 segregare.
1788 1443 1842 1473 Ipsi

994 1486 1078 1510 autem
1096 1485 1200 1510 Fratres
1218 1486 1244 1510 in
1262 1485 1351 1510 itinere
1371 1493 1396 1510 se
1415 1485 1447 1510 ab
1464 1486 1569 1511 invicem
1588 1493 1638 1511 non
1659 1485 1750 1510 debent
1768 1486 1842 1510 nimis

995 1529 1149 1560 disiungere,
1168 1529 1228 1560 quin
1247 1528 1278 1553 ad
1297 1529 1378 1553 minus
1402 1528 1488 1554 mutuo
1508 1536 1534 1553 se
1553 1529 1635 1553 videre
1660 1528 1686 1553 et
1704 1528 1789 1553 audire
1808 1528 1842 1553 fa-

994 1572 1039 1596 cile
1059 1571 1164 1603 possint.
1183 1571 1241 1596 Non
1269 1571 1307 1596 est
1329 1570 1412 1596 tutum
1438 1572 1483 1596 aut
1509 1571 1597 1596 decens
1616 1571 1758 1603 Religiosis,
1781 1578 1843 1602 quos

995 1615 1110 1646 congruit
1129 1615 1200 1640 binos
1219 1615 1254 1639 ire
1266 1613 1295 1644 ¹²,
1315 1615 1422 1639 alterum
1441 1615 1473 1639 ab
1491 1614 1571 1640 altero
1593 1615 1692 1646 longius
1718 1614 1842 1646 separari,

995 1658 1102 1689 talisque
1121 1658 1247 1689 separatio
1266 1658 1300 1682 eis
1319 1658 1344 1682 in
1364 1658 1501 1689 perloulum
1520 1658 1545 1682 et
1570 1657 1755 1683 occurrentibus
1779 1657 1843 1682 cedit

994 1701 1020 1725 in
1040 1701 1193 1725 scandalum.

1066 1744 1090 1767 2.
1110 1743 1237 1773 Quantum
1255 1743 1287 1768 ad
1309 1751 1335 1768 se
1358 1743 1428 1774 ipsos
1447 1744 1537 1768 debent
1564 1744 1589 1768 in
1607 1743 1684 1773 factis
1712 1744 1737 1768 et
1761 1743 1843 1768 verbis

995 1787 1152 1817 disciplinate
1171 1794 1197 1811 se
1209 1794 1308 1818 gerere.
1327 1801 1362 1804 —
1380 1787 1411 1811 In
1430 1786 1507 1816 factis
1525 1787 1597 1811 debet
1619 1786 1750 1818 honestas,
1774 1786 1843 1811 devo-

997 1829 1032 1854 tio
1045 1829 1070 1854 et
1087 1829 1206 1854 discretio
1220 1836 1349 1860 apparere.
1368 1829 1475 1860 Propter
1493 1830 1649 1854 honestatem
1667 1829 1843 1854 dissolutiones

996 1872 1049 1897 tam
1067 1873 1197 1897 manuales
1215 1880 1288 1904 quam
1307 1873 1381 1902 alias,
1400 1880 1463 1904 quae
1476 1873 1619 1898 cursitando
1638 1873 1678 1897 vel
1696 1872 1770 1897 aliter
1786 1879 1843 1904 quo-

996 1915 1129 1940 modolibet
1141 1915 1195 1940 fieri
1211 1916 1328 1946 possunt,
1343 1915 1443 1946 penitus
1456 1916 1545 1940 vitent.
1565 1916 1646 1940 Multa
1666 1916 1730 1940 enim
1745 1923 1773 1940 ex
1785 1915 1842 1945 hoc,

995 1959 1025 1983 ut
1043 1959 1172 1989 expertum
1191 1958 1241 1988 est,
1263 1958 1462 1983 inconvenientia
1475 1960 1582 1990 possunt
1601 1959 1681 1990 sequi,
1701 1958 1842 1983 hominibus

996 2001 1151 2033 frequenter,
1177 2001 1206 2026 de
1233 2001 1322 2032 quibus
1347 2009 1396 2026 non
1428 2002 1585 2031 advertitur,
1611 2001 1754 2026 videntibus
1780 2008 1843 2033 quae

996 2045 1116 2076 aguntur.
1134 2044 1192 2070 Non
1220 2045 1279 2069 sunt
1306 2044 1408 2069 brachia
1436 2045 1581 2069 notabiliter
1609 2045 1772 2074 denudanda,
1799 2051 1844 2069 nec

995 2088 1078 2112 vestes
1108 2088 1212 2112 nimium
1242 2087 1435 2119 succingendae,
1466 2088 1506 2112 vel
1542 2088 1616 2112 aliter
1646 2087 1783 2119 irreligiose
1807 2087 1845 2112 te-

995 2131 1098 2156 nendae.
1110 2145 1144 2148 —
1165 2130 1279 2155 Ceterum
1298 2130 1330 2155 ad
1354 2131 1454 2156 devotos
1473 2131 1582 2162 pertinet
1599 2131 1703 2155 Fratres
1721 2130 1843 2160 ecclesiis,

996 2174 1094 2206 quando
1112 2174 1246 2198 transeunt
1263 2174 1333 2198 iuxta
1351 2174 1433 2205 ipsas,
1452 2181 1497 2198 nec
1515 2181 1565 2198 non
1590 2174 1615 2198 et
1633 2173 1747 2198 crucibus
1772 2173 1845 2198 devo-

995 2217 1029 2242 tis
1056 2217 1260 2242 inclinationibus
1286 2217 1450 2242 reverentiam
1473 2216 1600 2246 exhibere,
1617 2217 1762 2242 coemeteria
1786 2223 1844 2241 vero

995 2260 1088 2292 absque
1107 2259 1218 2285 oratione
1237 2267 1282 2291 pro
1300 2259 1423 2285 defunctis
1451 2260 1597 2284 nullatenus
1625 2259 1787 2291 pertransire.
1809 2273 1845 2276 —

995 2303 1168 2328 Discretionis
1180 2303 1232 2333 est,
1246 2303 1342 2334 agenda
1360 2310 1471 2334 quaeque
1484 2303 1586 2334 praevia
1604 2302 1780 2328 deliberatione
1797 2309 1844 2326 me—

996 2345 1039 2370 tiri
1058 2345 1083 2370 et
1095 2353 1145 2370 non
1158 2345 1254 2377 agenda
1272 2353 1370 2375 cavere,
1390 2346 1447 2377 quia
1470 2346 1535 2377 «qui
1553 2345 1582 2370 de
1601 2345 1686 2370 futuro
1699 2345 1761 2369 nihil
1775 2351 1843 2375 prae-

996 2387 1132 2412 meditatur
1144 2388 1170 2412 in
1182 2388 1265 2412 omnia
1277 2388 1393 2412 incautus
1405 2388 1491 2412 incidit
1502 2386 1522 2400 ¹³
1532 2398 1557 2412 >›.
1571 2387 1736 2412 Moderantius
1749 2388 1787 2412 est
1800 2395 1844 2418 per

997 2431 1100 2456 senioris
1127 2431 1257 2456 consilium
1282 2431 1352 2456 labor
1372 2431 1481 2460 itineris,
1509 2438 1540 2455 ne
1564 2431 1680 2462 spiritum
1705 2430 1842 2455 devotionis

159 2593 164 2607 ¹
184 2593 231 2616 Csr.
250 2599 320 2621 supra
338 2599 391 2621 pag.
409 2593 468 2621 608,
485 2596 538 2615 nota
557 2594 578 2614 3.

157 2623 166 2659 ’ἦ
183 2624 258 2647 Codd.
273 2624 343 2646 CDE
359 2626 381 2646 et
398 2624 451 2646 edd.
470 2624 495 2650 l,
513 2625 526 2645 2
544 2624 632 2646 addunt
649 2623 719 2651 aliis‚-
735 2623 835 2646 subinde
852 2630 894 2652 pro
910 2629 940 2646 ne

96 2661 132 2685 pm
157 2655 391 2709 zpfflflffiatissmeigas?
406 2657 506 2709 ffiefflssc
520 2661 639 2708 &zungun
657 2686 694 2708 ed.
711 2686 715 2707 1
736 2686 819 2708 omittit
834 2685 938 2708 humilis.

158 2717 167 2730 ¹
185 2718 214 2740 lta
239 2718 299 2745 AB,
324 2717 410 2746 quibus
436 2717 547 2740 consentit
571 2717 608 2740 ed.
634 2718 659 2745 2,
685 2717 835 2745 praemittens
862 2720 939 2739 tamen

98 2747 191 2776 Quarta
206 2755 265 2778 pars
283 2748 354 2772 huius
366 2748 451 2778 operis.
470 2749 519 2771 Vnt.
531 2755 584 2771 cum
602 2748 672 2771 CDE
689 2752 711 2771 et
728 2748 764 2770 ed.
786 2749 790 2770 1
820 2749 851 2771 De
869 2748 938 2771 modo

97 2779 254 2804 conversandi
270 2779 294 2802 in
311 2780 377 2803 omui
393 2779 443 2803 loco
460 2779 630 2803 saecularium.

160 2810 169 2823 ⁵
186 2811 230 2834 Csr.
247 2817 316 2840 supra
335 2817 355 2833 c.
372 2811 596 2838 8.—1n1'erius111·0
614 2810 731 2837 Societas,
747 2810 860 2833 solatiam
877 2817 902 2833 ex
924 2811 938 2832 Β

97 2847 119 2865 et
135 2843 171 2865 ed.
190 2843 204 2864 2
221 2842 382 2865 substituimus
399 2841 521 2865 Soc-temus
537 2841 657 2865 solatium.

159 2873 169 2886 ⁶
186 2874 253 2896 Eccli.
270 2874 297 2900 9,
314 2874 340 2895 7:
359 2874 406 2895 Noli
423 2874 602 2901 circumspicere
623 2873 644 2895 in
662 2873 719 2895 vicis
734 2873 839 2895 civitatis.
855 2885 886 2889 —
904 2873 940 2894 Sc-

98 2905 175 2934 quitur
192 2905 226 2927 Ps.
246 2905 303 2932 118,
321 2904 363 2927 37;
380 2905 464 2927 Averle
480 2905 559 2927 oculos
576 2911 651 2931 uioOS,
663 2910 691 2926 ne
703 2904 794 2926 videant
808 2904 940 2926 vanitatem.

161 2934 170 2948 ⁷
187 2935 232 2958 Csr.
249 2942 318 2964 supra
337 2942 391 2964 pag.
408 2936 465 2962 608,
483 2938 535 2958 nota
554 2936 575 2958 0.

99 2997 145 3021 alio
160 2965 170 2979 ⁸
188 2967 253 2989 Eccli.
271 2968 314 2995 21,
332 2968 368 2989 26.
388 2979 416 2982 -—
433 2967 545 2994 superius
563 2972 605 2994 pro
622 2972 664 2989 sea
680 2965 742 2989 alias
758 2966 811 2988 edd.
834 2967 857 2992 l,
875 2967 888 2988 ‘2
906 2965 942 2989 vel

192 3045 217 3068 S.
227 3045 317 3067 Boura.
334 3057 364 3060 —
382 3045 449 3067 Toni.
463 3045 520 3066 Vlll.

1058 2591 1068 2604 ⁹
1085 2593 1115 2614 lla
1132 2592 1176 2614 AB
1201 2594 1223 2614 et
1239 2591 1276 2614 ed.
1302 2592 1327 2619 23
1347 2591 1397 2613 Vat.
1422 2597 1474 2613 cum
1492 2591 1562 2613 CDli
1580 2594 1601 2613 ct
1618 2591 1655 2613 ed.
1685 2592 1689 2612 l
1724 2591 1757 2613 De
1773 2591 1842 2614 modo

996 2623 1154 2646 conversandi
1170 2622 1194 2645 in
1211 2622 1294 2645 itinere
1310 2622 1442 2645 constituas·
1460 2622 1485 2650 (C
1496 2623 1514 2644 l)
1531 2622 1669 2650 ctmslituti).

1059 2653 1079 2667 ¹⁰
1096 2655 1154 2677 Edd.
1176 2656 1196 2680 1,
1214 2655 1227 2676 2
1244 2653 1322 2676 vitias.

1060 2685 1077 2698 ¹¹
1097 2685 1170 2708 Codd.
1187 2685 1203 2708 C
1214 2685 1256 2707 DE
1274 2688 1296 2707 et
1312 2685 1349 2707 ed.
1368 2685 1380 2706 2
1397 2685 1504 2707 omittunt
1518 2690 1688 2713 personarum.
1704 2684 1807 2707 subinde
1824 2686 1842 2707 Α

995 2717 1113 2770 mimium
1129 2716 1232 2745 sinyulis
1249 2723 1291 2744 pro
1303 2715 1449 2745 sinyuluris,
1467 2716 1483 2738 C
1494 2716 1537 2738 DE
1554 2720 1576 2738 ct
1593 2716 1645 2738 odd.
1663 2716 1684 2742 l,
1703 2717 1715 2737 2
1734 2716 1842 2738 omittunt

996 2754 1022 2770 su
1036 2748 1090 2770 uitiis:

1060 2778 1079 2791 ¹²
1097 2779 1163 2801 Marc.
1181 2780 1208 2805 6,
1226 2778 1252 2800 7;
1270 2779 1295 2800 Et
1312 2778 1402 2800 vocavit
1421 2778 1545 2800 duodecim
1565 2780 1587 2800 ct
1604 2778 1680 2805 coepit
1697 2784 1736 2800 cos
1754 2778 1843 2800 mittere

997 2810 1064 2832 binos
1082 2813 1125 2832 cic.
1142 2809 1186 2831 Cir.
1199 2811 1253 2832 1.u‹·.
1270 2810 1308 2836 10,
1330 2810 1348 2836 i,
1361 2809 1398 2831 ubi
1417 2809 1478 2831 idem
1491 2809 1575 2831 dieitur
1587 2810 1616 2832 de
1628 2809 1771 2837 septuaginta
1785 2810 1842 2831 duo-

997 2841 1041 2863 bus
1059 2841 1183 2869 discipulis.

1062 2871 1080 2884 ¹³
1100 2873 1125 2894 Ul
1143 2872 1226 2894 dicitur
1246 2872 1268 2894 in
1291 2871 1349 2893 libro
1374 2872 1403 2893 (le
1421 2874 1523 2900 Quatuor
1541 2871 1664 2893 xirtutibus
1683 2871 1754 2899 (inter
1771 2878 1841 2899 opera

998 2904 1112 2930 Senecae,
1128 2904 1168 2925 cfr.
1195 2909 1264 2931 supra
1283 2909 1336 2931 pag.
1362 2903 1419 2929 583,
1438 2906 1490 2925 uota
1516 2903 1556 2930 9.),
1574 2910 1593 2925 ι’.
1618 2903 1647 2924 de
1665 2903 1794 2925 Prudentia.
1812 2915 1842 2919 —

999 2934 1101 2957 Subinde
1118 2935 1239 2962 respicitur
1262 2935 1363 2961 {legulae
1380 2934 1416 2956 Fr.
1434 2934 1513 2956 Minor.
1534 2940 1554 2956 c.
1572 2934 1597 2961 ὓ,
1621 2933 1659 2956 ubi
1677 2934 1794 2956 Fratribus
1811 2934 1842 2956 in-

1000 2966 1113 2993 iungitur,
1131 2966 1194 2994 quod
1211 2966 1240 2987 ila
1258 2965 1374 2991 laborent,
1390 2968 1413 2987 ul
1433 2973 1443 2985 α
1456 2969 1547 2987 sanctae
1559 2966 1668 2987 orationis
1679 2968 1702 2987 ct
1713 2965 1842 2988 dovotionis

1000 2997 1104 3025 spiritum
1123 3003 1167 3019 non
1185 2997 1329 3024 exstinguant
1342 3006 1362 3019 n.
1381 2997 1422 3019 Ρη)
1440 2996 1578 3026 vestiamini
1595 2996 1611 3019 C
1622 2997 1665 3019 DE
1680 2996 1842 3025 ‹uel-tinguant.

1718 3044 1747 3051 ..ι-ι

1868 375 1961 402 Secundo,

1868 402 1929 426 quoad
1942 408 1962 422 se

1886 428 1943 450 ¹psoa.

1859 1150 1936 1169 Divisio.

1862 1235 1927 1258 Quoad
1940 1240 1968 1253 so-

1869 1259 1964 1277 cielatem.

1890 1750 1956 1773 Quoad
1968 1754 1988 1769 se

1859 1774 1913 1816 ἓῗῗὲἒ.
1927 1773 1990 1816 ῗέρὲῗῑ

1859 1821 1902 1839 ctis.
