2133 3317
562 226 758 256 OPUSCULUM
780 227 822 255 lx.
845 226 998 256 OFFICIUM
1018 226 1061 256 DE
1083 226 1236 256 PASSIONE
1257 226 1382 255 DOMINI.
1792 228 1844 256 155

291 306 377 340 Laus,
398 305 488 334 honor
508 304 617 333 Christo
637 304 748 333 vendito

254 352 285 380 Et
305 352 364 381 sine
384 359 468 381 causa
489 351 614 388 prodito,

253 399 367 427 Mortem
388 405 469 435 passo
490 405 540 434 pro
562 397 664 434 populo

252 445 280 474 ln
301 452 401 482 aspero
421 444 552 481 patibulo.
575 444 667 472 Amen.

135 490 253 528 Antiplt.
276 491 381 520 Faciem
401 498 500 519 meam.

136 538 275 567 Psalmus
296 538 341 566 42.
365 537 457 566 ludica
477 544 536 571 me,
558 537 633 565 Deus
652 537 736 565 etc.1.

135 583 254 622 Antiplt.
276 584 380 613 Faciem
403 591 492 612 meam
512 591 567 612 non
585 582 673 612 averti
687 583 722 611 ab
736 582 944 619 increpantibus

97 634 125 661 et
144 631 362 668 conspuentibus
382 630 410 658 in
431 637 483 659 me.

432 700 610 738 Capitulum.

150 779 300 800 ecooerTs
320 778 384 799 eum
405 770 453 808 qui
475 770 557 799 talem
576 769 708 799 sustinuit
728 769 875 798 adversum
901 776 944 797 se—

162 817 311 854 metipsum
331 825 348 846 a
362 816 554 854 peccatoribus
568 816 811 845 contradictionem
821 838 828 849 ‚
842 818 875 844 ut
888 822 943 844 non

96 864 246 902 fatigemini
266 863 366 892 animis
388 863 487 892 vestris
507 863 665 892 deficientes
677 862 696 890 2.
716 867 746 897 in.
761 862 817 891 Deo
831 861 943 899 gratias.

136 913 163 943 y.
185 911 254 940 Cum
276 910 498 944 malediceretur,
512 918 566 938 non
584 909 770 938 maledicebat.
787 914 816 944 ia.
834 909 943 937 Etcum

97 961 249 996 pateretur,
270 966 324 986 non
345 956 565 986 comminabatur
576 956 595 984 ³.

135 1005 218 1042 Kyrie
238 1005 349 1034 eleison.
371 1004 480 1033 Christe
500 1003 611 1032 eleison.
633 1003 715 1040 Kyrie
736 1003 848 1032 eleison,

466 1073 577 1102 Oratio.

151 1152 237 1173 omme
258 1144 318 1173 Iesu
339 1143 462 1178 Christe,
483 1144 532 1181 qui
553 1143 624 1172 hora
643 1143 697 1172 diei
718 1143 809 1180 prima
830 1150 881 1180 pro
895 1150 944 1171 no-

164 1191 207 1220 bis
234 1190 441 1228 peccatoribus,
469 1191 554 1219 Pilato
584 1189 702 1227 praesidi
736 1191 943 1226 praesentatus,

97 1238 184 1267 ludex
204 1237 327 1266 iudicum
349 1237 530 1266 durissimum
552 1237 685 1266 iudicium
711 1236 865 1273 pertulisti:
895 1236 944 1264 tibi

97 1284 240 1314 humiliter
263 1284 468 1321 supplicamus,
496 1286 529 1313 ut
555 1283 634 1312 nobis
661 1283 770 1312 miseris
797 1282 945 1312 subvenias

98 1331 265 1366 iudicandis,
286 1339 321 1360 ne
342 1331 369 1359 iu
391 1334 519 1360 extremo
538 1330 639 1359 iudicio
652 1333 765 1359 aeterno
779 1330 945 1358 damnemur

98 1378 249 1415 supplicio,
270 1377 317 1407 sed
339 1377 394 1406 tuis
415 1376 442 1406 iii
464 1377 629 1406 caelestibus
643 1384 801 1406 mereamur
816 1376 945 1405 fidelibus

99 1424 206 1454 sociari.
227 1424 280 1461 Qui
300 1424 369 1453 vivis
390 1427 417 1453 et
438 1424 560 1461 regnas4
580 1427 631 1453 etc.

417 1502 454 1522 An
475 1501 594 1522 TERTiAM
606 1493 626 1522 ⁵.

137 1565 227 1599 Deus,
249 1564 277 1593 in
298 1564 468 1593 adiutorium
488 1571 583 1593 meum
604 1563 715 1592 intende
735 1566 787 1592 etc.

453 1634 597 1672 Hymnus.

317 1712 372 1734 ons.
393 1704 441 1742 qui
461 1704 563 1733 ductus
584 1704 666 1733 tertia

330 1751 414 1781 Fuisti
436 1751 470 1780 ad
491 1751 642 1788 supplicia,

256 1798 380 1833 Christe,
401 1798 514 1827 ferendo
534 1797 681 1827 humeris⁶

257 1845 373 1874 Crucem
395 1853 446 1882 pro
467 1844 547 1873 nobis
567 1844 684 1873 miseris.

298 1892 349 1921 Fac
369 1900 420 1921 nos
441 1891 480 1920 sic
501 1894 528 1920 te
548 1891 678 1928 diligere,

257 1938 405 1976 Vitamque
425 1941 547 1967 sanctam
569 1937 688 1972 ducere,

1156 305 1189 333 Ut
1211 313 1369 334 mercamur
1390 305 1487 341 requie

1156 351 1221 380 Frui
1243 351 1367 380 caelestis
1387 351 1501 388 patriae.

1196 398 1282 432 Laus,
1305 398 1394 426 honor
1414 398 1524 427 Christo
1544 398 1656 427 vendito

1157 444 1188 472 Et
1209 445 1268 473 sine
1289 452 1372 473 causa
1393 445 1517 481 prodito,

1157 491 1270 519 Mortem
1293 499 1373 528 passo
1394 499 1445 528 pro
1466 491 1568 528 populo

1158 537 1185 565 ln
1206 545 1304 574 aspero
1326 538 1457 574 patibulo.
1480 539 1571 567 Amen.

1039 583 1157 621 Antiplt.
1181 584 1322 613 Dominus.

1039 630 1180 659 Psalnzus
1199 631 1244 659 63.
1261 631 1380 665 Exaudi,
1395 632 1484 666 Deus,
1499 632 1651 661 orationem
1668 639 1767 666 meam,
1782 640 1846 661 cum

999 677 1133 714 deprecor
1154 680 1205 706 etc.

1040 723 1158 761 Antiplt.
1180 724 1316 753 Dominus
1337 727 1468 761 tanquam
1488 726 1548 754 ovis
1568 725 1602 753 ad
1616 725 1779 754 occisionem
1794 725 1846 754 du-

1000 772 1062 799 ctus
1082 773 1124 799 est
1144 773 1172 799 et
1192 779 1246 799 non
1268 771 1378 808 aperuit
1398 779 1429 800 os
1449 779 1542 800 suum.

1337 840 1513 877 Capitulum.

1046 910 1158 931 unisTus
1180 910 1278 939 passus
1297 906 1339 931 est
1370 911 1420 939 pro
1452 903 1546 937 nobis,
1578 904 1656 932 vobis
1687 904 1847 941 relinquens

1003 911 1042 983 O
1058 949 1234 986 exemplum,
1256 952 1288 978 ut
1308 949 1460 986 sequamini
1483 950 1597 987 vestigia
1618 950 1693 984 eius,
1715 950 1762 987 qui
1784 958 1848 987 pec-

1000 998 1092 1024 catum
1114 1003 1169 1024 non
1190 995 1268 1030 fecit,
1290 1003 1340 1024 nec
1362 996 1492 1025 inventus
1513 1000 1554 1025 est
1575 996 1655 1025 dolus
1673 997 1700 1025 in
1715 1004 1763 1026 ore
1777 997 1846 1026 eius.

1001 1047 1031 1077 ia.
1054 1042 1110 1071 Deo
1131 1042 1242 1079 gratias.

1039 1091 1066 1120 y.
1089 1089 1205 1118 Oblatus
1225 1092 1282 1123 est,
1304 1089 1369 1126 quia
1389 1089 1448 1126 ipse
1469 1089 1564 1118 voluit.
1581 1095 1610 1124 Ρρ.
1627 1091 1659 1118 Et
1673 1094 1785 1127 peccata
1799 1098 1848 1119 110-

1000 1139 1059 1165 stra
1079 1135 1137 1173 ipse
1158 1136 1287 1172 portavit.

1039 1183 1122 1220 Kyrie
1143 1183 1253 1212 eleison.
1276 1183 1385 1212 Christe
1405 1184 1516 1212 eleison.
1538 1184 1620 1220 Kyrie
1641 1184 1743 1213 eleison
1755 1184 1774 1212 ⁷.

1371 1246 1480 1274 Oratio.

1055 1315 1141 1336 OMlNE
1162 1308 1222 1336 lesu
1243 1307 1368 1342 Christe,
1390 1307 1437 1336 Fili
1461 1308 1507 1336 Dei
1531 1307 1601 1342 vivi,
1623 1308 1670 1345 qui
1699 1308 1768 1336 bora
1794 1308 1847 1337 diei

1070 1354 1152 1383 tertia
1172 1354 1206 1383 ad
1234 1354 1326 1383 crucis
1354 1357 1523 1383 tormentum
1553 1362 1603 1391 pro
1634 1354 1729 1383 mundi
1761 1355 1849 1383 salute

1001 1400 1102 1430 ductus
1122 1409 1168 1430 es:
1190 1404 1216 1430 te
1237 1401 1399 1438 suppliciter
1420 1409 1585 1436 exoramus3
1608 1404 1639 1430 ut
1653 1409 1702 1438 per
1717 1401 1848 1430 virtutem

1002 1451 1067 1477 tuae
1086 1448 1288 1477 sacratissimae
1309 1448 1443 1485 passionis
1461 1448 1554 1476 omnia
1568 1451 1680 1485 peccata
1693 1451 1788 1477 nostra
1802 1447 1848 1476 de-

1002 1495 1059 1524 leas
1073 1498 1100 1524 et
1114 1495 1148 1524 ad
1162 1498 1226 1524 tuae
1245 1495 1423 1524 beatitudinis
1443 1495 1558 1532 gloriam
1580 1495 1776 1532 sempiternam
1798 1494 1849 1523 mi-

1003 1541 1180 1570 sericorditer
1201 1549 1251 1570 nos
1272 1541 1416 1578 perducas.
1439 1541 1490 1578 Qui
1512 1541 1582 1570 vivis
1603 1545 1630 1570 et
1651 1549 1749 1579 regnas
1770 1543 1820 1570 etc.

1338 1612 1375 1632 AD
1396 1612 1512 1632 SEXTAM.

1042 1666 1132 1700 Deus,
1153 1666 1181 1694 in
1202 1665 1371 1695 adiutorium
1395 1674 1486 1695 meum
1508 1666 1619 1695 intende
1640 1669 1691 1695 etc.

1352 1736 1496 1774 Hymnus.

1205 1806 1296 1827 Bucen
1318 1807 1369 1835 pro
1390 1799 1469 1827 uobis
1490 1799 1590 1833 subiit,

1218 1845 1250 1873 Et
1271 1848 1346 1874 stans
1367 1845 1394 1873 in
1415 1845 1462 1874 illa
1482 1846 1549 1874 sitiit

1162 1892 1251 1926 Iesus,
1274 1892 1388 1921 sacratis
1408 1892 1536 1921 manibus

1161 1938 1250 1967 Clavis
1271 1938 1361 1968 fossus
1382 1938 1431 1968 et⁸
1452 1939 1577 1976 pedibus.

165 2114 173 2127 ¹
192 2115 235 2137 Pro
252 2114 286 2137 Ps.
305 2113 350 2136 42:
367 2113 449 2137 ludica
465 2120 503 2137 me
520 2113 589 2136 habet
607 2114 624 2136 D
648 2114 684 2137 Ps.
701 2115 731 2137 2:
750 2114 831 2142 Quare
847 2115 948 2144 fremue-

103 2154 161 2176 runt
177 2156 199 2175 et
218 2159 272 2175 eum
289 2153 306 2175 B
323 2151 392 2175 habet
409 2152 494 2180 antiph.
513 2152 646 2176 Astiterunt
661 2158 728 2182 reyes
746 2155 825 2176 terrae
837 2152 901 2182 [vide
913 2159 949 2176 su-

104 2196 146 2219 pra
162 2197 217 2220 pag.
235 2191 286 2214 ⁴52.
304 2194 382 2214 notam
400 2191 443 2221 7.],
465 2192 482 2213 G
501 2191 570 2214 habet
587 2192 623 2214 ΡΞ.
639 2191 794 2215 65:1ubilate
807 2192 852 2215 Deo
870 2191 948 2216 omnis

104 2230 170 2253 terra
185 2236 239 2253 curn
257 2230 344 2258 antiph.
369 2230 428 2253 Cum
445 2229 558 2253 ducerent
575 2231 651 2253 lesum
670 2229 782 2259 ligatum,
800 2230 949 2260 blasphema-

105 2267 161 2292 bant
177 2275 232 2292 eum
248 2270 270 2292 et
285 2268 392 2292 diluculo
409 2268 532 2292 ventabant
548 2270 571 2292 et
586 2269 747 2299 conspuebant
763 2269 788 2293 in
803 2276 865 2293 euni.

166 2307 176 2321 ²
193 2308 263 2331 Hebr.
284 2309 325 2335 12,
343 2309 365 2331 3.
377 2308 432 2331 Cod.
446 2309 461 2330 F
473 2309 537 2331 addit
548 2308 661 2332 Nondum
677 2308 740 2332 enim
758 2315 831 2339 usque
847 2309 880 2333 ad
894 2315 948 2332 san-

105 2346 203 2376 quinem
219 2346 338 2370 restitistis
354 2346 470 2370 adversus
484 2348 609 2376 peccatum
627 2347 691 2376 [ibid.
712 2354 736 2370 v.
757 2347 797 2377 4.].
813 2348 886 2371 Codd.
904 2349 921 2370 B
931 2348 949 2370 D

105 2385 191 2409 habent
201 2386 327 2415 capitulum
346 2385 550 2409 communicantes
569 2385 657 2410 Christi
669 2386 821 2416 passionibus
835 2386 900 2416 [vide
911 2394 950 2410 su-

104 2431 146 2453 pra
163 2431 217 2454 pag.
235 2425 287 2448 ⁴54.
306 2427 384 2447 notam
407 2424 455 2454 2.],
477 2426 495 2447 G
519 2424 612 2448 Christo
629 2425 704 2455 igitur
720 2432 791 2455 passo
809 2425 875 2455 [vide
891 2426 949 2449 infra

106 2464 135 2487 ad
151 2463 353 2493 completorium]-

166 2501 176 2515 ⁸
192 2503 224 2525 Ex
241 2503 256 2525 l.
272 2503 330 2525 Petr.
349 2503 375 2529 2,
387 2502 425 2524 23.
437 2502 510 2525 Codd.
527 2502 544 2524 B
554 2502 572 2524 D
590 2502 674 2525 liabent
685 2508 734 2531 seq.
745 2504 769 2527 ἡ.
781 2502 828 2525 br.:
840 2505 863 2527 ἡ.
876 2503 950 2533 Spiri-

105 2543 144 2565 tus
160 2541 209 2565 oris
224 2541 282 2570 mei,
295 2541 305 2552 *
317 2541 424 2565 Christus
443 2540 566 2564 Dominus.
582 2543 606 2565 51.
624 2541 712 2571 Captus
728 2543 763 2565 est
782 2548 827 2571 pro
846 2541 950 2571 peccatis

106 2580 202 2604 nostris.
219 2580 328 2604 Christus
347 2580 467 2603 Dominus.
483 2579 566 2604 Gloria
578 2580 652 2603 Patri.
669 2580 775 2610 Spiritus
791 2580 841 2604 oris
857 2580 911 2604 mei.
925 2583 948 2605 ir.

106 2619 229 2649 Proposito
246 2619 291 2643 sibi
307 2619 403 2649 yaudio.
420 2621 443 2644 ἢ.
459 2619 580 2643 Sustinuit
601 2625 709 2647 crucem,
726 2619 792 2643 omni
812 2619 950 2649 confusione

106 2660 245 2688 contempta.
259 2658 301 2681 Alii
319 2658 403 2681 habent
420 2659 482 2681 aliud
499 2664 617 2686 respons„
637 2659 673 2681 cui
699 2659 715 2681 C
737 2659 884 2681 solummodo
901 2659 950 2687 liic,

106 2698 147 2720 EF
164 2704 220 2721 vero
237 2698 306 2720 etiam
325 2698 346 2720 in
363 2698 411 2720 aliis
428 2698 491 2720 horis
508 2698 596 2720 addunt
613 2697 688 2728 Kyrie
704 2697 798 2721 eleison.
818 2698 891 2721 Pater
911 2704 951 2721 no-

107 2737 163 2760 ster.
174 2736 256 2760 Credo.
268 2736 325 2759 Cod.
344 2737 362 2759 G
380 2736 449 2759 habet
466 2739 488 2761 37.
508 2736 704 2766 Colluphizabunt
719 2736 849 2760 Dominum
865 2737 950 2767 faciem

108 2774 197 2799 velatus
207 2775 240 2804 (Ξ).
257 2777 281 2800 ἡ.
298 2775 326 2798 Et
341 2774 477 2804 spoliabant
492 2781 547 2798 enm
565 2774 698 2798 verberibus
715 2776 829 2805 fanqatus
842 2776 876 2804 (l).

169 2813 178 2826 ¹¹
196 2814 218 2836 ln
235 2814 348 2842 principio
365 2814 433 2836 huius
450 2814 559 2837 orationis
577 2820 651 2843 usque
675 2814 704 2837 ad
719 2816 886 2843 praesentatus
904 2816 950 2837 rere

108 2858 190 2875 omnes
205 2853 275 2876 codd.
291 2853 444 2881 conveniunt,
470 2853 511 2875 scd
528 2853 613 2875 deinde
637 2853 760 2881 differunt;
784 2856 861 2876 nostra
884 2854 950 2876 lectio

109 2893 184 2914 sumta
201 2894 235 2914 est
251 2898 278 2914 ex
294 2892 312 2914 A
323 2892 339 2914 Β
350 2892 379 2919 [);
397 2892 438 2914 EF
454 2897 548 2919 semper
564 2891 650 2914 habent
667 2892 725 2915 duas
743 2892 858 2915 orationes
875 2892 950 2915 diver-

109 2935 160 2958 sas;
177 2930 194 2952 Α
212 2930 294 2953 iterum
319 2931 383 2953 addit
407 2931 534 2953 orationem
551 2931 695 2954 Interveniat
711 2937 758 2960 pro
778 2930 845 2954 nobis
862 2934 906 2954 etc.
928 2934 951 2954 et

109 2968 176 2991 aliam
193 2969 221 2992 ad
239 2969 263 2993 S.
281 2969 360 2997 toan„
379 2972 403 2992 ut
419 2976 497 2997 supra.
521 2971 590 2992 Porro
608 2970 644 2993 hic
661 2973 683 2993 et
701 2971 722 2993 in
740 2970 789 2992 aliis
807 2971 869 2993 horis
886 2970 950 2993 addit

109 3008 222 3036 quosdam
240 3014 321 3031 versus
337 3009 392 3032 satis
409 3009 512 3032 insulsos.

1068 2115 1077 2127 ⁵
1093 2116 1151 2138 Ante
1168 2116 1242 2143 Deus.
1255 2115 1279 2138 in
1291 2115 1440 2138 adiutorium
1456 2115 1473 2138 C
1491 2116 1616 2143 praemittit
1627 2116 1709 2139 eadem
1725 2115 1808 2143 verba,
1826 2120 1851 2139 ut

1005 2157 1057 2177 ante
1074 2154 1190 2182 Primam3
1207 2155 1225 2176 Α
1243 2153 1312 2177 habet
1329 2153 1402 2177 Salva
1421 2160 1463 2177 nos
1476 2154 1567 2178 Christe
1578 2154 1725 2184 redemptor,
1738 2158 1763 2177 ut
1777 2161 1848 2183 supra

1006 2192 1047 2222 [ibi
1064 2194 1120 2216 haec
1137 2193 1288 2222 defeceruntJ.
1306 2193 1368 2216 idem
1387 2193 1412 2216 tit
1429 2194 1451 2215 in
1468 2200 1533 2222 seqq.
1551 2194 1621 2216 horis.

1068 2231 1078 2244 θ
1094 2232 1150 2255 Cod.
1167 2232 1185 2254 Α
1202 2232 1310 2260 praefigit
1326 2232 1350 2254 in
1360 2240 1368 2260 ,·
1386 2232 1442 2254 intra
1461 2239 1514 2255 cum
1539 2233 1612 2255 ABD
1636 2233 1798 2256 substituimus
1821 2233 1851 2256 Ut

1005 2277 1142 2294 mereamur
1169 2277 1211 2299 pro
1237 2271 1266 2294 Ut
1291 2270 1420 2294 valeamus.
1438 2283 1468 2288 —
1486 2272 1538 2294 Post
1562 2272 1675 2299 hymnum
1698 2272 1743 2294 BD
1765 2271 1850 2295 habent

1007 2310 1078 2333 alium
1095 2310 1224 2338 Psalmum,
1241 2310 1327 2333 scilicet
1344 2311 1378 2333 ΡΞ.
1397 2311 1457 2332 408:
1474 2311 1550 2338 Deus,
1568 2310 1663 2334 laudeni
1679 2317 1757 2334 meam
1773 2317 1803 2334 ne
1817 2312 1850 2334 ta·

1006 2348 1097 2377 oneris,
1122 2355 1176 2372 cum
1194 2349 1281 2377 antiph.
1297 2349 1381 2372 Loculi
1396 2351 1453 2373 sunt
1468 2349 1597 2373 adversum
1614 2356 1651 2372 nie
1668 2349 1751 2379 linqua
1767 2349 1850 2373 dolosa

1007 2389 1028 2411 et
1044 2388 1194 2411 sermonibus
1211 2387 1259 2411 odii
1275 2387 1483 2412 circumdederunt
1498 2395 1535 2412 me
1551 2390 1574 2412 et
1594 2390 1796 2418 eoepuqnaverunt
1813 2395 1850 2412 me

1006 2426 1083 2456 gratis
1101 2427 1164 2454 (vide
1180 2433 1250 2455 supra
1268 2433 1322 2455 pag.
1341 2427 1393 2449 154.
1411 2431 1487 2449 notam
1506 2428 1553 2456 1l.);
1570 2428 1588 2450 G
1605 2427 1675 2450 hahet
1691 2428 1725 2450 Ps.
1745 2428 1800 2450 122:
1813 2427 1850 2451 All

1007 2466 1028 2488 te
1046 2465 1122 2488 levavi
1138 2465 1219 2489 oculos
1235 2471 1312 2493 meos,
1338 2472 1391 2488 cum
1413 2466 1501 2493 antiph.
1522 2465 1588 2493 Vide,
1606 2465 1716 2493 Domine,
1736 2467 1758 2489 et
1777 2465 1851 2489 consi-

1007 2503 1078 2532 dera,
1096 2504 1152 2534 quia
1168 2504 1219 2527 sine
1234 2511 1309 2528 causa
1325 2505 1427 2534 flayellis
1444 2511 1526 2528 caesas
1542 2504 1580 2534 fui
1595 2506 1617 2527 et
1633 2504 1666 2527 acl
1681 2506 1781 2528 mortem
1797 2510 1849 2528 con-

1007 2542 1139 2566 demnatus.
1155 2556 1187 2559 —
1203 2543 1301 2571 Capitul.
1317 2547 1419 2566 sumtum
1437 2546 1472 2566 est
1487 2550 1515 2566 ex
1532 2545 1547 2566 l.
1565 2544 1622 2566 Petr.
1640 2545 1667 2570 2,
1684 2544 1722 2566 21.
1740 2545 1778 2566 22.

1070 2581 1078 2594 ⁷
1096 2582 1152 2605 Cod.
1169 2583 1188 2604 D
1199 2583 1249 2605 loco
1262 2582 1285 2605 K
1285 2582 1336 2612 yria
1352 2582 1437 2606 eleison
1451 2582 1519 2605 habet
1535 2589 1584 2611 seq.
1596 2584 1618 2607 ἡ.
1631 2582 1679 2605 br.:
1690 2584 1714 2607 ἡ.
1727 2583 1849 2612 Proposito

1007 2620 1052 2644 sibi
1062 2620 1163 2650 yandio,
1175 2621 1185 2632 ⁸
1198 2621 1318 2645 Sustinuit
1328 2627 1431 2645 crucem.
1443 2623 1466 2645 21.
1479 2621 1552 2645 Omni
1561 2621 1698 2651 confusione
1708 2623 1848 2651 contempta.

1007 2659 1133 2683 Sustinuit.
1148 2658 1231 2683 Gloria
1244 2659 1317 2682 Patri.
1329 2659 1452 2688 Proposito
1464 2658 1515 2682 sibi.
1527 2661 1552 2683 n.
1565 2659 1663 2683 Oblatus
1678 2661 1718 2687 est,
1733 2659 1789 2689 quia
1801 2660 1849 2689 ipse

1007 2698 1088 2721 voluit.
1104 2700 1129 2722 ἡ.
1145 2693 1240 2721 Et'non
1256 2697 1350 2727 aperuit
1367 2704 1392 2721 os
1408 2704 1488 2721 suum.
1501 2698 1542 2720 Alii
1554 2698 1623 2721 codd.
1635 2697 1777 2721 substituunt
1788 2699 1849 2721 aliud

1008 2744 1124 2765 respons.,
1149 2740 1172 2759 et
1196 2737 1290 2766 quidem
1316 2738 1356 2760 EF
1382 2743 1436 2760 cum
1460 2737 1536 2767 Kyrie
1555 2737 1650 2761 eleison.
1671 2738 1742 2761 Pater
1761 2739 1848 2761 noster.

1007 2775 1095 2804 Credo,
1113 2779 1138 2798 ut
1154 2782 1232 2804 supra.
1253 2776 1304 2798 Vat.
1329 2775 1398 2798 habet
1414 2779 1502 2798 tantum
1519 2778 1542 2800 ἲ.
1560 2776 1683 2805 Proposito
1699 2775 1744 2799 sibi
1759 2776 1847 2806 glaudio

1006 2814 1121 2838 sustinuit
1137 2820 1239 2837 cruceni.
1252 2816 1275 2839 ἡ.
1287 2814 1428 2844 confusione
1440 2816 1572 2844 conlempta
1580 2824 1589 2843 ‚·
1606 2816 1624 2838 G
1642 2815 1671 2838 ab
1682 2815 1732 2838 aliis
1742 2816 1847 2839 discedit.

1008 2854 1147 2882 Sequentem
1165 2853 1292 2876 orationem
1315 2853 1456 2876 correximus
1481 2860 1508 2876 ex
1532 2853 1645 2881 ABCD;
1670 2854 1736 2876 EFG
1762 2854 1848 2877 habent

1007 2892 1062 2914 alias
1079 2892 1149 2919 duas,
1166 2896 1188 2914 et
1205 2893 1223 2914 G
1240 2892 1325 2914 recedit
1342 2891 1371 2914 ab
1389 2892 1504 2915 omnibus.

1070 2930 1079 2943 ³
1097 2931 1125 2953 lta
1143 2931 1174 2957 D,
1187 2931 1238 2953 Vat.
1252 2931 1374 2960 fossisque,
1395 2931 1411 2954 C
1421 2931 1437 2954 F
1446 2932 1464 2953 (ι’
1480 2931 1552 2961 fossis
1563 2933 1584 2955 et
1601 2932 1630 2961 [C
1646 2931 1697 2962 ac]‚
1711 2933 1726 2954 Ε
1738 2932 1802 2962 fixus
1815 2934 1849 2960 et,

1009 2974 1031 2993 et
1048 2971 1064 2993 B
1082 2970 1149 2994 Clavi
1163 2970 1219 3000 sistis
1236 2972 1266 2994 et.
