2133 3317
818 211 1059 241 PROLEGOMENA
1080 212 1148 241 c.t

171 291 208 313 86.
226 289 338 314 Lambaci
352 290 374 312 in
392 290 494 318 Austria‚
518 289 655 312 bibliotheca
676 289 816 317 Monasterii,
835 289 888 312 cod.
911 289 948 312 86.

107 339 180 360 chart.
197 338 218 360 in
237 338 275 360 tol.
293 342 352 359 saec.
370 337 421 359 XV.
438 348 469 353 --
485 336 575 358 Titulus
592 336 695 364 opusculi
713 338 748 358 est
765 336 801 358 101.
821 336 873 358 107.
889 342 909 359 r.
926 335 948 358 in

108 385 228 413 superiore
239 384 359 412 margine:
375 382 535 412 soliloquium
552 383 720 406 Bonaventure
731 382 759 405 de
770 384 874 412 quatuor
885 388 948 405 men-

107 430 193 454 talibus
209 429 335 453 exercitiis.
351 430 410 452 Finit
427 430 464 452 tol.
482 429 534 451 141.
552 435 570 451 r.
587 435 640 451 cum
658 429 790 451 additione:
813 429 842 451 Et
862 428 897 452 sic
915 430 950 452 est

104 477 160 508 finis
177 478 293 500 tractatus
310 477 373 499 Bone
396 476 503 499 tentare.

168 523 205 545 87.
224 521 323 550 Ibidem,
340 522 392 545 cod.
414 522 463 544 111.
480 523 552 545 chart.
575 522 596 544 in
619 522 656 544 tol.
673 527 733 544 saec.
750 521 803 544 XV.
819 533 850 538 —-
866 521 948 550 Incipit

106 569 257 598 Soliloquium
275 575 329 597 pag.
347 569 400 591 342.
418 569 467 591 sine
484 569 564 591 titulo:
587 568 666 592 Flecto
682 574 761 598 qenua
777 574 830 591 mea
847 570 890 591 etc.
906 568 947 590 De-

105 616 157 639 sinit
173 621 226 644 pag.
244 615 290 638 358
307 614 400 638 verbis:
417 615 524 645 Explicit
539 617 656 639 buccatas
680 614 860 638 meditationum
881 621 946 638 vene-

105 662 188 686 rabilis
199 661 302 685 doctoris
314 663 335 685 et
347 662 477 685 cardinalis
491 663 668 690 Bonacenture,
682 663 704 685 et
714 661 851 685 intitulatur
859 667 946 692 ymaqo

103 708 148 732 vite
164 710 249 732 eterne.
265 708 377 732 Alleluia.
394 710 463 732 Anno
482 708 576 732 Domini
591 707 696 733 MCGCG.
719 708 744 731 in
770 708 794 731 L.
817 708 843 731 in
862 709 946 732 octava

103 755 180 779 sancti
195 755 261 779 Petri
275 757 297 779 et
313 756 390 779 Pauli.

165 803 201 825 88.
220 801 300 825 Leodii
314 803 338 825 in
356 802 447 830 Belgio,
464 801 601 825 bibliotheca
625 802 745 824 Seminarii
768 801 875 829 maioriS‚
891 801 944 824 cod.

104 850 126 872 6.
143 850 170 872 111.
188 850 225 872 26.
242 849 341 872 membr.
359 850 381 872 in
401 850 422 872 8.
439 856 500 872 saec.
517 849 577 872 XlV.
594 849 704 872 exeuntis.
721 860 752 865 —
769 849 814 871 Fol.
832 849 854 871 1.
873 855 892 871 r.
910 854 946 871 re-

102 902 156 919 cens
173 902 256 918 manus
272 896 375 918 notavit:
392 896 561 919 Bonaventurct
573 895 600 918 de
611 896 716 925 quatuor
732 894 851 918 ewercitiis
862 896 883 918 et
894 894 944 918 alia

101 943 178 967 varia.
195 943 281 966 Desinit
298 943 336 966 sol.
353 943 390 966 47.
407 950 444 966 v.:
463 942 505 972 qni
519 944 554 965 est
569 942 649 966 trinus
661 944 683 966 et
694 949 758 965 unus
775 941 907 966 benedictus
919 942 944 965 in

101 989 181 1013 secula
197 988 342 1013 seculorum.
359 989 441 1012 Amen.

163 1036 199 1058 89.
217 1035 318 1063 Ibidem,
336 1036 388 1058 cod.
406 1036 426 1058 6.
445 1036 471 1058 N.
491 1036 525 1058 19.
543 1035 636 1058 miscell.
654 1035 676 1057 in
694 1035 715 1057 8.
728 1040 788 1057 saec.
800 1035 851 1057 XV.
863 1035 943 1057 ineun—

99 1083 135 1106 tis.
151 1095 182 1100 —
199 1084 237 1106 Est
253 1083 332 1106 titulus
356 1083 425 1105 huius
449 1083 553 1110 opusculi
570 1082 607 1104 sol.
625 1082 662 1104 69.
681 1088 700 1104 r.
717 1082 752 1104 his
769 1081 847 1104 verbis
864 1088 943 1104 exara—

100 1133 150 1153 tus:
167 1129 250 1159 Incipit
263 1129 381 1159 proloqus
406 1130 571 1152 Bonaventure
587 1128 615 1152 de
631 1130 735 1158 quatuor
752 1128 879 1152 exercitiis.
901 1129 943 1151 De-

98 1176 150 1199 sinit
167 1176 202 1199 101.
224 1176 273 1198 111.
290 1182 328 1198 v.:
345 1175 387 1205 qui
401 1177 435 1199 est
451 1175 530 1198 trinus
546 1177 568 1198 et
584 1181 648 1198 unus
665 1174 797 1198 benedictus
814 1175 838 1198 in
860 1174 941 1198 secula

97 1222 241 1246 seculorum.
259 1222 340 1245 Amen.
358 1222 405 1245 Deo
422 1221 521 1251 qratias.
539 1222 568 1245 Et
584 1221 618 1245 sic
635 1223 669 1245 est
685 1221 739 1252 finis
757 1221 835 1244 liuius.

160 1270 197 1292 90.
216 1268 315 1296 Ibidem,
332 1269 384 1291 cod.
402 1269 423 1291 6.
441 1270 467 1291 G.
488 1269 521 1291 13.
539 1281 570 1286 —·
586 1269 632 1291 Fol.
650 1269 687 1292 38.
704 1275 722 1291 r.
740 1272 773 1291 est
790 1268 883 1291 rubrica
899 1269 941 1292 So-

97 1316 183 1345 liloquii
201 1316 236 1338 his
252 1315 346 1338 verbis:
363 1315 446 1345 Incipit
463 1315 581 1345 prologus
598 1314 764 1338 Bonacentare
785 1314 813 1337 de
836 1316 940 1344 quatuor

97 1362 224 1386 exercitiis.
241 1362 327 1385 Desinit
344 1363 382 1385 tol.
398 1362 437 1384 71.
460 1369 482 1384 v.
505 1365 529 1383 ut
551 1362 573 1384 in
597 1361 670 1384 editis.
693 1360 798 1390 Empticn
819 1361 940 1384 Bonatven-

97 1410 153 1432 tura
170 1408 198 1432 de
214 1410 317 1438 quatuor
334 1407 461 1432 exercitiis.
479 1408 602 1438 Scriptum
624 1409 658 1431 est
679 1407 744 1431 istud
762 1414 805 1437 per
828 1413 938 1430 manus...

98 1456 193 1485 (nomen
209 1455 327 1483 scriptoris
344 1458 378 1478 est
394 1455 507 1484 deletum)
524 1460 588 1478 anno
606 1454 701 1478 Domini
716 1453 842 1477 millesimo
860 1453 938 1477 0000.

97 1504 191 1530 octavo,
208 1502 233 1525 in
250 1501 354 1525 crastino
368 1503 435 1525 sante
446 1501 528 1529 Lucie,
542 1503 598 1531 post
613 1501 735 1524 meridiem
752 1502 805 1525 ante
822 1500 938 1524 decimam

96 1548 183 1572 horam
199 1547 339 1571 modernam
356 1547 535 1577 decimaquarta
551 1547 587 1571 die
603 1547 691 1571 mensis
707 1546 844 1570 decembris.

159 1596 195 1618 91.
213 1595 310 1623 Ibidem,
323 1595 375 1617 cod.
390 1595 410 1617 6.
423 1595 446 1617 F.
460 1595 495 1617 19.
508 1595 601 1617 miscell.
619 1594 640 1616 in
659 1594 679 1617 4.
697 1600 758 1616 saec.
770 1594 821 1616 XV.
832 1593 937 1616 ineuntis.

96 1655 125 1658 —
143 1642 261 1670 Opusculo
287 1642 441 1669 praemittitur
460 1640 568 1663 rubrica:
586 1640 669 1670 Incipit
686 1641 803 1663 tractatus
820 1640 938 1663 Bonaven-

96 1691 149 1713 ture
166 1688 193 1712 de
210 1690 314 1718 quatuor
331 1688 457 1712 eret-ciliis.
474 1688 552 1711 Flecto
569 1693 648 1717 qenua
665 1693 717 1711 mea
734 1690 777 1710 etc.
795 1687 883 1710 Desinit
899 1687 937 1710 sol.

96 1736 133 1758 66.
152 1742 190 1758 v.:
207 1735 248 1765 qui
264 1736 299 1758 est
315 1734 393 1758 trinus
409 1736 431 1758 et
446 1741 510 1758 unus
523 1734 654 1758 benedictus
665 1734 690 1757 in
701 1733 781 1757 secula
792 1733 936 1757 seculorum.

95 1784 177 1807 Amen.
194 1782 300 1811 Eaplicit
316 1782 484 1805 Bomtrentura
501 1781 529 1804 de
546 1783 649 1811 quatuor
666 1780 793 1804 exercitiis.

158 1830 195 1851 92.
214 1828 318 1858 Lipsiae,
336 1828 475 1851 bibliotheca
492 1828 649 1851 Universitatis
672 1828 790 1855 Paulinae,
811 1827 864 1850 cod.
883 1827 936 1850 490.

95 1877 167 1899 chart.
187 1876 208 1898 in
227 1877 264 1898 tol.
281 1882 341 1899 saec.
358 1876 410 1898 XV.
425 1887 456 1892 —
473 1875 624 1904 soliloquium
647 1875 726 1902 incipit
749 1875 787 1897 101,
810 1875 830 1896 1.
848 1881 869 1896 v.
887 1874 937 1896 sine

95 1923 160 1946 titulo
177 1926 199 1945 et
215 1922 299 1945 desinit
316 1922 353 1944 101.
372 1922 407 1944 18.
425 1928 443 1944 r.
460 1928 514 1944 cum
532 1922 574 1944 hac
592 1921 723 1944 additione:
741 1920 880 1950 Empticiunt
891 1927 936 1944 me-

94 1968 217 1992 ditationes
234 1968 325 1992 domini
340 1967 472 1991 cardinalis
488 1969 510 1990 et
526 1967 628 1990 doctoris
645 1966 703 1990 bone
723 1967 831 1990 Venture.

157 2016 194 2038 93.
211 2015 312 2043 Ibidem,
332 2015 386 2037 cod.
402 2014 456 2037 487.
473 2014 571 2036 membr.
589 2014 610 2036 in
629 2013 649 2035 4.
667 2019 726 2036 saec.
744 2013 805 2035 XlV.
824 2013 934 2035 exeuntis.

92 2076 123 2080 —-
140 2064 188 2086 Hoc
204 2063 342 2090 opusculum
369 2061 448 2089 incipit
464 2061 513 2083 sine
535 2060 627 2083 rubrica
645 2061 682 2083 tol.
698 2066 718 2082 r.
735 2066 781 2082 non
798 2062 934 2082 numerato:

93 2109 171 2133 Flecto
187 2115 265 2139 yenua
281 2114 334 2133 mea
350 2110 394 2130 etc.
418 2107 505 2130 Desinit
529 2107 593 2129 utin
614 2107 693 2133 0111113,
719 2106 801 2129 deinde
826 2106 934 2129 additur:

94 2155 199 2186 Eoeplicit
215 2155 273 2178 liber
290 2154 470 2178 meditationum
486 2154 534 2177 sitve
551 2154 688 2177 orationum
712 2153 843 2177 cardinalis
860 2154 882 2176 et
896 2153 934 2176 do-

93 2202 166 2226 ctoris
183 2202 355 2229 Boneventure,
375 2201 418 2231 qai
432 2207 519 2231 ymayo
536 2200 581 2224 vite
597 2202 676 2224 eterne
691 2200 839 2223 nominatur.

155 2249 192 2271 94.
209 2248 308 2276 Ibidem,
326 2248 378 2270 cod.
395 2247 448 2270 346.
465 2248 537 2270 chart.
553 2247 577 2269 in
595 2247 634 2269 tol.
650 2252 709 2269 saec.
722 2247 773 2269 XV.
785 2246 891 2269 ineuntis.
902 2258 933 2263 —

95 2295 244 2324 soliloquium
262 2294 341 2322 incipit
357 2295 395 2316 101.
412 2294 450 2316 93.
467 2300 484 2316 r.
502 2299 555 2316 cum
573 2294 617 2316 hoc
639 2293 718 2316 titulo:
743 2293 809 2316 Bona
832 2294 933 2316 ventura

94 2340 122 2364 de
137 2340 231 2370 speculo
248 2340 334 2364 anime.
353 2340 439 2363 Desinit
456 2340 491 2363 101.
509 2340 561 2362 116.
578 2346 612 2362 r.:
630 2339 671 2369 qui
687 2341 722 2363 est
736 2339 815 2362 trinus
831 2341 854 2363 et
868 2345 932 2362 unus

94 2387 225 2411 benedictus
242 2387 267 2410 in
283 2386 372 2411 secula.
389 2387 470 2410 Amen.
495 2387 603 2416 Sequitur
625 2393 685 2415 opus
703 2387 807 2414 Hugonis
823 2386 852 2408 de
869 2386 932 2409 Clau-

93 2436 139 2456 stro
156 2434 245 2456 animae
262 2433 291 2456 ab
308 2433 390 2456 eodem
412 2433 524 2461 scriptore
546 2436 675 2461 exaratum,
697 2436 719 2455 et
743 2435 850 2455 notatur:
873 2438 933 2455 com-

91 2480 181 2510 pletum
197 2480 241 2504 sub
257 2486 321 2504 anno
338 2480 435 2504 Domini
450 2480 603 2504 MCCGGVII.

154 2526 191 2549 95.
209 2525 321 2554 Londini,
339 2526 477 2549 bibliotheca
489 2526 585 2554 Musaei,
603 2526 656 2549 cod.
674 2527 696 2549 5.
712 2526 736 2548 C.
755 2526 785 2548 lll.
803 2525 930 2548 membran.

92 2572 114 2595 in
132 2573 170 2596 tol.
187 2579 248 2596 saec.
265 2573 316 2596 XV.
332 2585 363 2590 -
380 2574 427 2596 Fol.
444 2574 497 2596 28⁴.
513 2573 592 2602 incipit
609 2573 759 2602 Soliloquium
776 2572 820 2596 sub
838 2574 880 2595 hac
896 2579 932 2595 ru-

93 2619 171 2642 brica:
188 2619 350 2643 Meditationes
366 2619 452 2649 fratris
464 2620 630 2643 Bonaoenture
641 2619 771 2642 cardinalis
783 2618 931 2642 Albanensis.

92 2665 180 2688 Desinit
200 2666 236 2688 vel
254 2666 330 2694 potius
346 2666 423 2688 deficit
439 2672 491 2694 cap.
508 2666 530 2688 4.
548 2673 569 2688 n.
589 2667 608 2688 1.
620 2665 714 2688 verbis:
730 2665 822 2695 requies
835 2671 883 2689 non
895 2665 930 2688 de-

90 2711 189 2740 sidiosa,
207 2712 254 2735 cita
271 2712 321 2735 sine
337 2712 473 2742 defectione,
491 2713 544 2735 laus
562 2712 642 2735 divina
659 2712 708 2735 sinc
724 2712 859 2736 cessatione.

153 2759 191 2780 96.
209 2758 308 2786 Ibidem,
326 2759 376 2781 cod.
396 2759 479 2781 18318.
496 2759 606 2781 addition.
624 2759 673 2781 iure
684 2759 819 2786 emptioniS‚
832 2758 929 2781 membr.

90 2805 114 2827 in
132 2805 169 2827 sol.
186 2811 245 2827 saec.
258 2805 318 2827 XlV.
330 2817 359 2821 —-
372 2805 450 2833 lncipit
462 2805 611 2834 soliloquium
625 2805 660 2828 101.
674 2806 694 2827 2.
707 2811 726 2827 r.
737 2805 786 2828 sine
797 2806 842 2828 ullo
854 2806 930 2828 titulo:

90 2850 168 2874 Flecte
180 2857 256 2880 =qenua
269 2857 320 2874 mea
333 2854 376 2874 etc.
385 2851 470 2874 Desinit
482 2852 518 2874 tol.
533 2852 566 2874 18.
578 2858 597 2874 r.
616 2855 640 2874 ut
656 2852 679 2874 in
696 2851 771 2874 editis.
783 2852 829 2874 Fol.
849 2851 900 2874 113.
911 2858 929 2873 r.

90 2901 193 2925 notatur,
208 2899 271 2927 quod
284 2898 320 2920 1110
332 2898 403 2921 codex
415 2898 482 2921 datus
495 2899 535 2921 suit
546 2898 639 2922 cenobio
650 2900 672 2922 et
683 2899 808 2922 conventui
818 2898 841 2922 in
854 2898 930 2922 Alcen-

90 2943 151 2973 burq
168 2950 232 2967 anno
249 2944 345 2967 Domini
360 2944 483 2968 millesimo
496 2944 669 2968 GGGLA‘A'A’A'
680 2945 704 2968 in
716 2944 751 2968 die
763 2945 787 2968 S.
799 2944 927 2969 Michaelis.

1768 214 1851 243 XXXI

1069 289 1106 312 97.
1125 290 1235 319 Lovanii,
1254 291 1391 314 bibliotheca
1408 292 1577 319 [initiet-sitatis,
1599 291 1651 314 cod.
1675 292 1727 314 168.
1748 292 1847 315 membr.

1005 342 1064 359 saec.
1082 337 1132 359 XV.
1150 350 1180 354 —
1197 338 1243 361 Fol.
1259 339 1297 361 91.
1314 345 1337 361 v.
1356 339 1413 361 alius
1438 338 1556 366 libi-arim,
1581 338 1623 361 sed
1640 338 1716 367 primo
1733 344 1850 366 coaevus,

1004 383 1062 405 haec
1078 384 1176 406 advertit
1193 384 1223 407 de
1239 387 1333 407 auctore
1349 385 1470 413 opusculi:
1487 385 1566 413 Scias,
1578 390 1592 408 o
1604 384 1689 413 lector,
1707 384 1734 407 de
1750 386 1848 408 auctore

1003 429 1121 458 sequentis
1137 429 1246 460 dyutoqi‚
1264 431 1370 455 diversos
1386 431 1542 455 diversimode
1558 430 1634 461 loqui,
1651 431 1779 455 dicentibus
1792 431 1846 454 aliis

1003 475 1133 499 Iohannem
1158 477 1299 500 Ianuensem
1318 477 1414 501 Ordinis
1430 477 1621 505 Predicatorum,
1649 477 1704 501 aliis
1728 484 1784 501 vero
1806 478 1847 501 Bo-

1003 527 1060 545 nam
1077 524 1203 546 venturam
1222 523 1318 547 Ordinis
1335 524 1459 548 Minoi-um
1475 524 1614 554 compilasse
1635 523 1722 554 ipsum.
1751 524 1848 547 Verum-

1002 570 1111 598 ptamm,
1131 571 1157 592 ut
1174 569 1242 593 verbo
1260 570 1361 594 Senecae
1379 571 1497 600 (Excerpta
1519 571 1549 594 de
1565 574 1664 600 quatuor
1685 571 1809 593 virtutibus
1824 571 1846 593 11-

1003 614 1064 643 ber.,
1076 622 1096 638 c.
1108 615 1138 638 de
1156 616 1286 645 Prudentia)
1303 619 1324 640 te
1340 617 1489 645 conveniam,
1500 623 1549 640 non
1560 619 1581 640 te
1593 618 1684 640 moveat
1696 616 1793 640 dicentis
1804 623 1845 640 aa·

1002 661 1112 689 claritas,
1130 661 1171 685 sed
1188 662 1250 692 quod
1266 662 1361 686 dicatur
1378 663 1503 691 attendito,
1520 669 1563 687 nec
1579 663 1631 693 quis
1648 663 1718 687 dicat.
1736 664 1792 685 Hinc
1809 663 1845 686 fol.

1003 707 1040 730 92.
1058 714 1092 730 r.:
1109 708 1192 738 Incipit
1206 709 1324 738 protoqzts
1341 709 1366 732 in
1384 709 1473 733 librant
1490 710 1521 733 M.
1539 710 1635 733 Ioannis
1653 709 1788 737 tanuensis,
1804 709 1846 739 qui

1001 754 1119 784 dyaloyus
1136 761 1226 778 aureus
1242 755 1390 779 inscribitur.
1416 756 1494 780 Flecto
1519 763 1597 786 ,cenna
1621 763 1674 780 mea
1698 760 1740 779 etc.
1759 756 1846 779 Desinit

1001 802 1040 824 rol.
1058 802 1110 824 180.
1127 809 1149 824 v.
1168 808 1221 824 cum
1238 803 1371 826 additione:
1390 803 1493 833 Explicit
1509 803 1626 833 dyaloqus
1643 810 1732 827 aureus
1749 803 1776 826 cle
1788 809 1844 833 qua-

1001 848 1106 878 druplici
1116 849 1321 879 contemplatione,
1336 850 1477 873 interiorum
1488 850 1592 874 videlicet
1603 853 1624 874 et
1635 850 1796 879 etrier-iorum,
1811 850 1844 873 in-

1000 895 1118 925 feriorum
1134 897 1157 919 et
1172 896 1340 926 superiorum,
1358 896 1399 926 qui
1414 896 1485 920 etiam
1501 903 1517 920 a
1533 903 1581 920 non
1597 897 1679 920 multis
1696 903 1783 927 ymayo
1800 896 1845 920 rite

1000 941 1147 965 inscribitur.
1165 942 1194 966 El
1211 944 1272 966 certe
1288 945 1388 973 uterque
1404 943 1487 966 titulus
1504 943 1550 973 ipsi
1566 943 1625 967 libro
1640 949 1687 973 pro
1703 943 1787 967 merito
1804 943 1844 966 sui

1000 987 1137 1018 diqnissime
1153 989 1310 1019 appropriari
1323 991 1406 1019 potest.
1423 990 1470 1013 Deo
1487 989 1586 1019 yratias.

1063 1035 1099 1058 98.
1118 1035 1215 1063 Ibidem,
1233 1037 1286 1059 cod.
1304 1037 1356 1059 130.
1374 1038 1444 1059 chart.
1462 1043 1523 1059 saec.
1540 1037 1589 1059 XV.
1603 1049 1634 1053 —
1646 1037 1796 1066 Soliloquium
1809 1040 1844 1059 est

999 1083 1036 1105 tol.
1053 1083 1106 1105 21¹6.
1124 1089 1142 1105 r.
1160 1083 1204 1105 sul)
1221 1084 1265 1106 hoc
1282 1084 1362 1106 titulo:
1380 1083 1463 1113 Incipit
1476 1083 1594 1113 proloqus
1606 1084 1770 1107 Bonaoenlure
1781 1083 1806 1106 in
1818 1083 1843 1106 li-

999 1129 1068 1153 brum
1086 1129 1244 1160 dyaloyornm
1270 1130 1299 1153 de
1323 1132 1428 1160 quatuor
1449 1130 1575 1154 esem-cittis.
1596 1130 1683 1153 Desinit
1698 1130 1734 1152 101.
1753 1130 1805 1152 228.
1822 1136 1841 1152 r.

999 1179 1023 1199 ut
1041 1177 1062 1199 in
1079 1177 1153 1199 editis.
1171 1177 1283 1199 Additur:
1302 1177 1407 1206 Explicit
1425 1176 1483 1200 liber
1500 1177 1659 1207 dyatoqorum
1681 1177 1842 1200 Bonecenture

997 1223 1025 1246 de
1042 1225 1145 1253 quatuor
1162 1223 1288 1246 emet-cittis.
1307 1224 1352 1246 Deo
1370 1223 1468 1253 gli-atius.
1495 1224 1558 1247 Laus
1575 1224 1622 1247 Deo
1640 1225 1662 1246 et
1678 1223 1754 1246 honor
1777 1222 1840 1247 beate

996 1270 1072 1293 Marie
1094 1269 1190 1299 Virgini.

1058 1317 1096 1338 99.
1115 1316 1213 1344 Ibidem,
1231 1317 1283 1339 cod.
1301 1317 1370 1339 4615.
1388 1318 1458 1339 chart.
1477 1317 1499 1339 in
1517 1317 1554 1339 16.
1571 1323 1631 1339 saec.
1650 1317 1717 1339 XVll.
1730 1317 1840 1339 exeuntis.

995 1376 1027 1381 —-
1043 1364 1087 1386 Fol.
1107 1364 1159 1386 120.
1176 1370 1214 1386 xm:
1232 1363 1314 1393 Incipit
1332 1363 1491 1393 soliloquium
1507 1363 1533 1387 S.
1550 1363 1717 1386 Bonaventare
1737 1362 1765 1386 de
1783 1369 1840 1393 qua-

995 1413 1050 1434 tuor
1067 1410 1208 1434 mentalibus
1233 1410 1364 1439 earet-ciliis,
1388 1409 1450 1440 quod
1466 1409 1554 1433 dicitur
1570 1410 1650 1440 imaqo
1666 1410 1712 1433 cite
1728 1411 1750 1433 et
1765 1409 1838 1433 dialo-

995 1464 1040 1488 9us
1057 1464 1076 1481 s.
1094 1458 1266 1481 Bonaventure.
1284 1458 1372 1480 Desinit
1389 1457 1426 1480 tol.
1444 1457 1502 1479 264:
1523 1457 1565 1487 qui
1588 1458 1623 1480 est
1642 1456 1720 1480 trinus
1737 1458 1758 1480 et
1774 1463 1839 1480 unns

995 1505 1127 1529 benedictus
1144 1505 1167 1527 in
1184 1504 1263 1528 secula
1280 1504 1427 1528 seculorum.
1443 1505 1524 1528 Amen.

1058 1552 1110 1574 100.
1127 1551 1227 1579 Ibidem,
1245 1551 1296 1574 cod.
1315 1554 1419 1574 recenter
1430 1551 1488 1579 sign.
1503 1551 1540 1574 15.
1553 1551 1579 1573 Α.
1591 1552 1663 1573 chart.
1674 1557 1733 1574 saec.
1746 1551 1796 1573 XV.
1809 1564 1839 1567 —

994 1598 1146 1626 soliloquium
1164 1598 1243 1625 incipit
1260 1598 1296 1620 101.
1315 1597 1366 1619 105.
1384 1600 1406 1619 et
1423 1597 1506 1620 desinit
1523 1598 1559 1620 sol.
1578 1598 1630 1619 136.
1648 1604 1670 1619 v.
1689 1600 1713 1619 ut
1729 1597 1751 1619 in
1763 1597 1838 1619 editis.

995 1645 1050 1667 Hinc
1067 1644 1175 1667 additur:
1193 1644 1260 1667 Anno
1279 1642 1356 1667 t487.
1374 1642 1412 1667 49.
1428 1643 1523 1671 Martii,
1538 1649 1583 1673 per
1600 1650 1636 1666 me
1654 1644 1680 1667 F.
1700 1644 1726 1666 P.
1749 1643 1772 1666 Y.

1058 1691 1110 1713 101.
1127 1690 1224 1718 Luceni,
1242 1690 1379 1713 bibliotheca
1397 1690 1511 1719 Civitatis,
1529 1691 1579 1713 cod.
1598 1690 1665 1713 theol.
1682 1691 1754 1713 chart.
1771 1690 1793 1712 in
1814 1689 1835 1712 ll.

994 1743 1079 1765 parvo,
1096 1743 1156 1759 saec.
1173 1737 1233 1760 XlV.
1249 1737 1359 1760 exeuntis.
1375 1749 1407 1753 —
1423 1737 1469 1759 Fol.
1488 1736 1541 1759 167.
1554 1742 1585 1759 r.:
1598 1735 1682 1766 Incipit
1692 1741 1779 1766 ymago
1792 1736 1836 1759 vite

993 1786 1071 1807 eterne
1083 1785 1145 1807 Bone
1156 1785 1254 1807 venture
1266 1782 1403 1811 cardinalis,
1415 1782 1451 1806 vel
1460 1782 1590 1806 secandum
1602 1782 1725 1812 quosdam,
1738 1781 1796 1805 liber
1808 1782 1835 1806 de

993 1832 1126 1860 contemptu
1143 1829 1233 1853 mundi.
1249 1830 1333 1853 Eadem
1351 1832 1486 1858 repetuntur
1498 1829 1521 1851 in
1533 1829 1589 1856 fine,
1601 1829 1640 1858 qui
1652 1831 1686 1852 est
1697 1829 1734 1851 tol.
1747 1829 1800 1851 202.
1811 1835 1834 1851 v.

1057 1877 1107 1899 102.
1126 1876 1225 1904 Ibidem,
1242 1877 1295 1899 cod.
1313 1877 1381 1899 theol.
1398 1876 1420 1898 in
1440 1876 1460 1898 4.
1477 1882 1550 1904 parvo
1562 1882 1623 1898 saec.
1635 1876 1686 1898 XV.
1697 1877 1762 1898 —ln
1775 1881 1835 1898 mar-

992 1925 1046 1953 gine
1063 1924 1182 1952 superiore
1200 1924 1236 1946 101.
1255 1923 1292 1946 10.
1309 1929 1328 1945 r.
1354 1926 1387 1946 est
1415 1922 1507 1946 rubrica
1529 1923 1598 1945 huius
1618 1922 1722 1951 opusculi
1745 1923 1778 1945 sic
1800 1929 1835 1945 ex-

991 1977 1087 1999 pressa:
1109 1970 1197 1999 Ymaqo
1220 1969 1264 1993 vite
1286 1970 1350 1993 Bone
1368 1971 1467 1992 venture
1475 1978 1484 1998 ,·
1506 1972 1528 1992 et
1550 1970 1587 1992 101.
1609 1969 1645 1992 46.
1671 1975 1705 1992 r.:
1730 1968 1835 1999 Explicit

991 2017 1107 2041 dictamen
1125 2017 1188 2040 Bone
1203 2018 1301 2040 venture
1318 2016 1342 2039 in
1360 2015 1460 2043 librum,
1479 2015 1520 2045 qui
1530 2015 1666 2039 intitulatur
1677 2022 1764 2046 ymaqo
1781 2016 1833 2040 rite.

1054 2064 1107 2086 103.
1124 2062 1295 2092 Lucemburyi,
1313 2062 1449 2085 bibliotheca
1467 2062 1583 2089 Civitatis,
1607 2062 1659 2084 cod.
1686 2062 1722 2085 55.
1741 2063 1835 2085 miscell.

990 2111 1012 2134 in
1030 2112 1051 2133 8.
1069 2117 1129 2133 saec.
1149 2110 1199 2133 XV.
1211 2123 1241 2126 —
1254 2109 1405 2138 Soliloquium
1423 2112 1456 2132 est
1473 2109 1496 2131 in
1513 2109 1627 2137 principio
1645 2109 1762 2137 mutilum,
1781 2109 1835 2132 deti-

990 2158 1064 2180 ciente
1081 2158 1128 2180 fere
1145 2159 1191 2180 toto
1207 2156 1305 2184 prologo
1323 2162 1396 2184 usque
1413 2155 1442 2178 ad
1460 2162 1481 2178 n.
1499 2155 1520 2178 4.
1538 2158 1629 2178 nostrae
1645 2155 1761 2183 editionis,
1784 2161 1833 2178 ver-

989 2205 1049 2227 bis...
1066 2203 1112 2227 mis
1128 2205 1149 2227 et
1165 2202 1289 2233 yemitibus
1307 2203 1453 2226 incessanter
1465 2202 1594 2226 clamemus
1607 2205 1649 2225 etc.
1661 2203 1748 2226 Desinit
1763 2203 1801 2225 101.
1812 2209 1832 2226 r.

989 2258 1035 2275 non
1051 2253 1188 2274 numerato:
1207 2250 1249 2280 qui
1263 2251 1298 2273 est
1314 2249 1392 2272 trinus
1416 2251 1439 2273 et
1461 2255 1525 2272 unus
1550 2249 1682 2273 benedictus
1702 2249 1727 2272 in
1743 2249 1832 2273 secula.

989 2300 1072 2322 Amen.
1089 2296 1194 2326 Bapttcz‘c
1210 2297 1328 2320 tractatus
1346 2296 1511 2319 Benacenlure
1535 2295 1563 2319 de
1584 2297 1688 2326 quatuor
1713 2295 1831 2319 eoeercitiis

989 2344 1054 2368 utilis
1070 2345 1091 2367 et
1109 2343 1219 2371 devotus,
1237 2341 1314 2366 4476.

1053 2391 1106 2414 404.
1123 2390 1222 2418 Ibidem,
1241 2390 1293 2413 cod.
1310 2390 1363 2412 235.
1380 2391 1453 2412 chart.
1472 2389 1494 2412 in
1513 2389 1534 2412 4.
1551 2396 1609 2412 saec.
1623 2390 1674 2412 XV.
1685 2402 1716 2406 —
1728 2390 1772 2412 Fol.
1786 2396 1832 2412 non

990 2439 1110 2459 numerato
1127 2442 1145 2458 r.
1162 2436 1275 2464 opusculo
1293 2436 1461 2463 praemittitur:
1484 2435 1569 2464 Incipit
1592 2434 1661 2463 liber,
1688 2435 1730 2465 qui
1744 2435 1831 2459 dicitur

989 2489 1076 2513 ymaqo
1093 2482 1195 2506 hominis
1207 2483 1228 2505 et
1239 2482 1357 2512 dyaloyus
1368 2481 1430 2505 inter
1440 2481 1548 2505 animam
1559 2483 1581 2505 et
1591 2481 1719 2505 hominem.
1732 2483 1829 2505 Desinit:

988 2529 1030 2559 qui
1045 2531 1080 2552 est
1095 2529 1172 2552 trinus
1189 2530 1210 2552 et
1226 2535 1291 2552 unus
1308 2528 1441 2552 benedictus
1458 2529 1483 2552 in
1499 2528 1587 2552 secula.
1605 2530 1687 2552 Amen.

1052 2576 1103 2598 105.
1121 2575 1221 2604 Ibidem,
1239 2576 1291 2599 cod.
1308 2576 1361 2598 361.
1379 2577 1449 2598 chart.
1467 2576 1489 2598 in
1507 2576 1528 2598 8.
1545 2582 1606 2598 saec.
1623 2576 1674 2599 XV.
1686 2588 1716 2593 —-
1727 2576 1831 2604 Opuscu-

988 2622 1035 2645 lum
1053 2621 1132 2649 incipit
1148 2622 1185 2644 101.
1200 2627 1219 2644 r.
1236 2628 1284 2643 non
1302 2624 1422 2644 numerato
1439 2627 1450 2643 a
1469 2622 1569 2649 capitulo
1581 2622 1668 2650 primo,
1681 2622 1767 2645 omisso
1779 2628 1829 2650 pro-

988 2669 1053 2697 logo,
1071 2668 1115 2691 sub
1133 2669 1175 2691 hac
1191 2668 1299 2690 rubrica:
1317 2668 1445 2697 occupatio
1463 2668 1613 2696 devotorum,
1627 2667 1675 2691 sive
1686 2668 1713 2691 de
1725 2670 1829 2698 quatuor

987 2714 1105 2738 exercitiis
1122 2714 1289 2743 spiritualibus
1307 2715 1478 2738 Bonaoenture.
1492 2714 1511 2738 Ο
1522 2714 1604 2738 anima
1615 2721 1680 2743 mea,
1697 2715 1773 2745 diripe
1787 2722 1827 2739 ra-

986 2760 1054 2784 dium
1072 2760 1264 2784 considerationis
1281 2762 1302 2783 et
1319 2760 1470 2790 intelliqentie
1494 2760 1526 2783 ad
1550 2763 1665 2790 quatuor,
1688 2761 1776 2785 scilicet
1797 2762 1830 2785 ad

988 2807 1105 2831 interiora
1122 2810 1164 2830 etc.
1184 2807 1269 2830 Desinit
1286 2810 1310 2830 ut
1326 2807 1350 2830 in
1367 2807 1434 2830 editis
1450 2810 1472 2830 et
1489 2808 1596 2830 additur:
1614 2808 1717 2838 Empticit
1728 2815 1827 2838 opuscu-

987 2854 1050 2882 lum,
1068 2853 1131 2883 quod
1146 2854 1282 2883 appellatur
1299 2854 1421 2884 occupatio
1438 2854 1576 2878 devotorum
1594 2855 1766 2879 Bonaventure.

1050 2901 1103 2923 106.
1122 2899 1221 2928 Ibidem,
1239 2900 1290 2923 cod.
1304 2900 1358 2923 244.
1373 2900 1465 2923 miscell.
1479 2901 1501 2923 in
1514 2901 1535 2923 4.
1548 2907 1608 2924 saec.
1620 2902 1671 2924 XV.
1685 2915 1712 2917 —
1725 2902 1786 2924 Folio
1805 2903 1827 2924 1.

987 2953 1005 2969 r.
1023 2947 1121 2975 legitur:
1140 2946 1223 2976 Incipit
1239 2946 1297 2969 liber
1316 2946 1450 2971 intitulatus
1475 2947 1593 2977 ynmyinis
1616 2947 1660 2971 vile
1676 2954 1691 2971 ct
1708 2948 1827 2978 maqistro
