2133 3317
23 852 73 870 natur

10 875 87 905 aradus.

484 207 684 236 OPUSCULUM
705 208 793 235 XXIII.
816 208 967 236 LEGENDA
988 208 1102 237 SANCTI
1122 210 1295 239 FRANCISCI.
1317 211 1386 239 CAP.
1409 212 1462 240 XII.

105 286 198 315 Omnis
218 287 292 314 aetas
312 285 457 322 omnisque
478 292 563 313 sexus
591 285 757 321 properabat
778 285 869 313 virum
899 294 947 314 no-

106 340 169 362 vum
190 332 293 360 mundo
314 332 428 360 caelitus
448 331 542 360 datum
566 334 593 360 et
624 339 738 360 cernere
767 335 793 359 et
817 331 914 360 audire
927 332 945 359 ¹.

105 380 162 416 Ipse
182 386 248 407 vero
269 386 318 414 per
337 378 460 406 diversas
481 377 607 414 regiones
622 378 814 414 progrediens,
829 386 945 415 evange-

105 425 202 454 lizabat
228 424 373 458 ardenter,
397 424 518 452 Domino
546 428 716 461 cooperante
737 429 762 453 et
785 434 946 453 sermonem

104 472 292 508 confirmante
312 471 494 509 sequentibus
514 471 607 508 signis
619 472 637 499 ².
661 472 689 500 In
709 472 811 500 virtute
826 480 945 508 namque

106 518 222 547 nominis
243 518 303 546 61116
318 517 441 546 veritatis
456 526 554 554 praeco
569 518 730 547 Franciscus
744 518 869 547 eiiciebat
882 519 945 547 dae-

104 565 209 598 monia,
233 564 346 593 sanabat
366 564 506 598 infirmos,
529 569 555 593 et
569 565 643 601 quod
658 565 747 593 maius
761 568 817 599 est,
832 565 875 593 sui
891 573 946 594 ser-

104 611 191 640 monis
211 610 332 639 efficacia
352 611 552 639 obstinatorum
577 614 681 640 mentes
701 611 734 639 ad
751 612 944 648 poenitentiam

103 657 240 686 molliebat
271 657 410 694 simulque
444 658 588 686 sanitatem
620 658 784 694 corporibus
815 658 945 687 reddebat

103 706 129 733 et
150 703 295 737 cordibus,
318 704 388 732 sicut
409 704 502 740 aliqua
529 704 709 740 comprobant
736 712 852 741 operum
885 705 945 734 eius

103 750 221 787 exempli
242 750 331 787 gratia
351 750 467 779 inferius
487 750 649 778 adnotanda.

181 797 206 825 9.
230 797 257 824 10
279 797 388 825 civitate
409 797 591 825 Tuscanella³
613 805 629 825 a
654 797 740 826 milite
761 798 879 834 quodam
896 799 945 826 ho-

104 843 184 880 spitio
203 843 300 872 devote
322 846 482 880 susceptus,
505 843 592 871 filium
614 844 674 872 eius
698 844 812 873 unicum
839 853 855 873 a
875 845 945 873 nati-

103 890 185 919 vitate
206 892 379 918 contractum
395 890 426 918 ad
443 890 556 918 multam
572 890 659 926 ipsius
673 890 846 925 instantiam,
860 899 945 920 manu

102 937 238 970 allevans,
261 936 299 964 sic
320 936 412 964 subito
433 936 597 964 incolumem
621 936 753 970 reddidit,
768 940 814 971 ut,
831 937 945 966 videnti-

102 982 154 1011 bus
175 983 297 1016 cunctis,
320 982 446 1018 protinus
467 982 707 1011 consolidarentur
728 983 820 1011 omnia
848 991 945 1020 corpo-

102 1029 140 1058 ris
161 1029 300 1063 membra,
322 1032 349 1057 et
370 1036 449 1065 puer,
471 1037 555 1057 sanus
576 1029 690 1057 effectus
711 1032 737 1057 et
758 1029 852 1063 sortis,
881 1038 945 1058 600-

101 1075 190 1104 festim
211 1079 377 1112 exsurgeret
398 1075 555 1104 ambulans
576 1079 600 1103 et
621 1075 755 1104 exsiliens
776 1080 802 1104 et
817 1076 946 1105 laudan-s

103 1122 194 1150 Deum
205 1122 225 1149 4.

179 1169 207 1197 ln
229 1168 338 1197 civitate
360 1168 502 1197 Narniensi
524 1176 587 1197 cum
609 1169 791 1205 paralyticum
807 1169 945 1206 quendam

80 1232 87 1236 -
101 1215 290 1244 membrorum
312 1215 434 1243 omnium
457 1215 620 1244 destitutum
642 1215 747 1249 officio,
763 1215 840 1252 signo
855 1215 946 1244 crucis

63 1259 68 1264 “
102 1270 118 1290 a
137 1262 225 1299 capite
247 1269 336 1298 usque
356 1262 390 1290 ad
412 1261 495 1298 pedes
515 1261 548 1290 ad
570 1262 726 1290 instantiam
742 1261 875 1298 signasset
889 1262 946 1298 epi-

103 1309 192 1346 scopi,
213 1309 334 1345 perfecte
356 1309 478 1337 restituit
499 1309 608 1337 sanitati
620 1309 640 1336 ⁵.

180 1355 209 1383 In
229 1355 389 1391 episcopatu
410 1355 523 1383 Reatino
545 1363 615 1391 puer
636 1355 747 1392 quidam
763 1355 802 1383 sic
817 1355 946 1392 turgidus

74 1408 88 1423 ·-
102 1410 118 1431 a
138 1405 259 1439 quatuor
279 1402 373 1436 annis,
395 1405 426 1430 ut
447 1402 523 1430 nullo
545 1401 625 1430 modo
646 1402 759 1439 propria
780 1410 865 1431 crura
886 1409 946 1430 cer-

102 1456 168 1478 nere
189 1451 295 1485 posset,
317 1456 333 1477 a
354 1452 442 1477 matre
463 1456 526 1477 cum
549 1448 679 1485 lacrymis
700 1451 891 1485 praesentatus
911 1448 947 1477 ei-

102 1495 180 1530 dem,
202 1495 310 1529 statim,
331 1498 364 1524 ut
394 1495 437 1524 vir
468 1498 579 1524 sanctus
609 1495 698 1532 tetigit
725 1504 788 1524 eum
819 1495 946 1524 manibus

102 1542 202 1576 sacris,
224 1542 371 1570 incolumis
390 1545 432 1570 est
452 1542 574 1571 effectus.

178 1588 256 1625 Apud
277 1588 415 1617 civitatem
436 1588 580 1617 Ortensem
604 1597 675 1625 puer
696 1597 770 1618 unus
784 1589 822 1617 ita
836 1589 946 1626 conglo-

101 1638 240 1669 meratus,
261 1637 293 1663 ut
324 1637 406 1671 caput
434 1634 550 1671 pedibus
578 1637 701 1671 portaret
728 1635 889 1671 applicitum
919 1638 946 1663 et

102 1680 217 1709 haberet
246 1688 308 1709 ossa
339 1681 472 1709 nonnulla
503 1680 657 1715 confracta,
687 1681 764 1718 signo
792 1681 884 1710 crucis
912 1681 946 1709 ad

102 1730 248 1765 parentum
270 1727 462 1764 lacrymabiles
483 1735 579 1764 preces
610 1728 644 1756 ab
675 1728 770 1757 eodem
802 1730 945 1764 suscepto,

103 1774 193 1803 subito
215 1777 348 1803 extensus
368 1774 476 1803 exstitit
497 1777 524 1803 et
545 1774 617 1803 illico
638 1774 802 1803 liberatusss.

184 1822 226 1850 10.
249 1821 346 1850 Mulier
357 1821 492 1858 quaedam
508 1821 627 1850 civitatis
642 1821 758 1858 Eugubii
773 1821 867 1850 ambas
882 1829 946 1850 con-

76 1883 83 1888 ·
103 1870 204 1897 tractas
225 1871 251 1896 et
272 1867 363 1896 aridas
384 1868 489 1896 habens
510 1875 609 1896 manus
637 1868 720 1902 adeo,
741 1871 773 1896 ut
800 1868 869 1896 011111
896 1876 946 1904 per

103 1913 163 1943 illas
176 1914 293 1951 =operari
315 1914 434 1948 valeret,
456 1914 534 1951 signo
554 1914 647 1943 crucis
667 1914 701 1942 ab
726 1914 821 1942 eodem
849 1914 876 1942 in
898 1922 946 1942 no-

102 1960 175 1990 mine
196 1961 303 1990 Domini
325 1960 376 1989 sibi
398 1960 469 1989 facto
498 1964 552 1989 tam
587 1961 735 1997 perfectam
763 1960 882 1989 obtinuit
904 1969 946 1989 so-

102 2007 244 2044 spitatem,
279 2007 352 2044 quod
385 2007 477 2036 statim
509 2007 618 2036 rediens
648 2007 777 2041 domum,
812 2007 888 2036 cibos
919 2008 946 2036 in

101 2053 285 2083 ministerium
308 2054 368 2083 eius
388 2056 416 2082 et
436 2062 591 2091 pauperum
623 2054 701 2091 quasi
733 2054 820 2083 altera
850 2062 947 2083 socrus

103 2100 242 2129 Simonis⁷
262 2100 383 2137 propriis
405 2101 532 2129 manibus
553 2103 740 2137 praepararet.

182 2147 291 2176 Puellae
312 2146 419 2175 cuidam
436 2147 463 2175 in
479 2150 569 2175 castro
584 2147 691 2176 Bevanii
704 2147 715 2163 ⁸
730 2147 875 2176 oculorum
890 2147 947 2184 pri-

83 2213 88 2218 ·
104 2196 181 2222 vatae
202 2193 368 2228 luminibus,
389 2201 453 2222 cum
475 2194 503 2222 in
518 2194 659 2223 Trinitatis
673 2194 784 2222 nomine
799 2197 881 2231 sputo
896 2202 947 2223 suo

103 2242 145 2269 ter
156 2240 243 2277 ipsius
253 2240 348 2269 oculos
362 2240 503 2274 linivisset,
516 2240 607 2269 lumen
623 2240 801 2277 concupitum
817 2240 946 2269 restituit.

181 2287 278 2315 Mulier
299 2286 432 2323 quaedam
455 2287 572 2315 civitatis
593 2286 685 2315 Narnii
713 2287 858 2316 oculorum
887 2294 947 2316 cae-

89 2333 186 2362 -citate
206 2341 354 2370 percussa,
376 2334 485 2370 signum
508 2333 600 2362 crucis
619 2333 654 2362 ab
668 2333 763 2362 eodem
778 2334 946 2371 suscipiens,

104 2379 193 2409 lucem
215 2380 391 2417 recuperavit
411 2383 532 2417 optatam
544 2380 564 2408 ⁹.

1791 213 1843 241 541

1083 287 1216 316 Bononiae
1238 296 1308 324 puer
1329 289 1441 325 quidam
1462 297 1549 318 unum
1571 290 1715 318 oculorum
1740 290 1848 318 macula
1864 297 1916 318 item.
1933 303 1980 329 ρῳ

1003 333 1070 361 adeo
1092 333 1196 362 habens
1217 335 1375 369 obtectum,
1398 339 1429 364 ut
1450 336 1518 364 nihil
1541 344 1657 373 prorsus
1678 337 1771 365 videre
1786 344 1848 373 pos·
1886 326 1958 339 ⁰³⁹⁰⁰⁵⁴

1003 381 1059 413 set,
1082 388 1132 408 nec
1153 380 1246 417 aliquo
1267 381 1392 410 adiuvari
1415 383 1550 417 remedio,
1573 386 1633 420 post
1654 383 1763 420 signum
1785 391 1848 412 cru-

1003 425 1042 454 cis
1063 434 1078 454 a
1100 426 1189 462 capite
1209 435 1298 464 usque
1319 428 1353 456 ad
1375 428 1457 465 pedes
1479 437 1527 465 per
1546 437 1656 458 servum
1673 430 1780 458 Domini
1796 429 1847 458 sibi

1002 471 1104 500 factum
1120 473 1209 501 visum
1225 475 1399 510 recuperavit
1422 479 1475 503 tam
1492 475 1651 512 limpidum,
1667 479 1712 510 ut,
1728 479 1848 512 postmo-

1001 518 1067 546 dum
1088 518 1219 548 Ordinem
1241 520 1368 549 Fratrum
1390 521 1526 550 Minorum
1548 522 1706 559 ingressus,
1722 531 1750 551 se
1767 523 1846 559 longe

1002 564 1105 593 clarius
1126 565 1219 594 videre
1239 570 1375 596 assereret
1396 567 1429 596 de
1450 569 1530 596 oculo
1545 569 1624 605 prius
1639 569 1749 597 infirmo
1764 577 1847 606 quam

1001 611 1035 639 de
1056 612 1137 640 oculo
1157 620 1267 649 semper
1289 621 1363 641 sano.

1081 658 1108 686 In
1131 662 1221 687 castro
1241 660 1326 688 sancti
1348 660 1451 689 Gemini
1465 660 1488 677 ¹⁰
1509 669 1607 690 servus
1629 662 1676 690 Dei
1697 670 1713 690 a
1727 661 1846 698 quodam

1001 703 1100 732 devoto
1121 705 1180 733 viro
1201 709 1347 742 susceptus
1369 707 1503 743 hospitio,
1525 708 1605 736 cuius
1620 716 1693 736 uxor
1708 708 1846 737 01106010-

1002 750 1047 779 nio
1069 751 1233 786 vexabatur,
1256 756 1316 788 post
1337 753 1488 782 orationem
1510 754 1608 782 factam
1624 755 1651 783 in
1667 755 1769 783 virtute
1783 755 1847 783 obe-

1002 797 1120 826 dientiae
1141 798 1288 835 imperavit
1308 799 1449 834 daemoni,
1472 803 1503 829 111
1517 801 1622 835 exiret,
1638 809 1758 838 eumque
1773 804 1848 838 pote-

1003 847 1072 872 state
1092 844 1184 873 divina
1205 849 1260 873 tam
1282 846 1373 874 subito
1394 846 1541 883 effugavit,
1564 850 1594 875 ut
1623 856 1688 876 vere
1715 848 1848 877 claresce-

1003 893 1060 924 ret,
1082 891 1155 927 quod
1177 891 1347 921 obedientiae
1368 896 1478 921 sanctae
1500 893 1595 922 virtuti
1618 894 1771 930 pervicacia
1785 894 1848 923 dae-

1004 944 1116 964 monum
1138 946 1192 965 non
1215 938 1337 966 obsistat.

1082 983 1109 1011 ln
1132 984 1241 1013 civitate
1261 984 1295 1013 de
1316 985 1465 1014 Castello¹¹
1487 986 1598 1023 quidam
1627 987 1797 1016 furibundus
1821 990 1848 1016 et

1003 1037 1121 1066 nequam
1145 1030 1259 1067 spiritus
1280 1032 1418 1068 quandam
1439 1032 1567 1061 obsidens
1581 1033 1742 1067 mulierem,
1758 1042 1773 1062 a
1788 1034 1848 1062 viro

1003 1080 1096 1104 sancto
1117 1077 1287 1106 obedientiae
1313 1081 1426 1114 accepto
1454 1079 1597 1113 mandato,
1626 1079 1848 1116 indignabundus

1002 1121 1142 1156 discessit,
1164 1126 1256 1151 mente
1277 1124 1359 1152 simul
1381 1127 1408 1152 et
1429 1132 1544 1161 corpore
1566 1125 1679 1154 liberam
1708 1126 1847 1154 obsessam

1003 1168 1081 1204 prius
1101 1168 1230 1197 feminam
1252 1169 1455 1207 derelinquens.

1084 1216 1127 1243 11.
1149 1215 1243 1244 Frater
1264 1216 1376 1253 quidam
1398 1217 1557 1246 infirmitate
1574 1221 1626 1246 tam
1643 1219 1768 1247 horribili
1784 1226 1847 1255 gra-

1003 1261 1129 1296 vabatur,
1151 1265 1182 1290 ut
1203 1263 1290 1299 magis
1310 1271 1369 1292 esse
1391 1264 1501 1292 vexatio
1526 1264 1667 1293 daemonis
1694 1274 1776 1302 quam
1799 1273 1846 1293 na-

1004 1308 1101 1337 turalis
1122 1309 1268 1338 infirmitas
1289 1318 1305 1338 a
1325 1310 1454 1346 pluribus
1481 1311 1650 1340 firmaretur.
1679 1312 1745 1340 Nam
1773 1314 1847 1340 totus

1003 1363 1084 1391 saepe
1098 1355 1262 1384 allidebatur
1276 1359 1303 1384 et
1317 1357 1506 1385 volutabatur
1516 1366 1659 1394 spumans
1670 1359 1702 1392 ¹²,
1716 1358 1848 1387 membris

1003 1402 1127 1438 corporis
1148 1410 1221 1431 nunc
1243 1403 1406 1437 contractis,
1429 1412 1502 1432 nunc
1523 1405 1661 1439 extensis,
1676 1413 1750 1433 nunc
1766 1405 1849 1441 plica-

1003 1448 1053 1482 tis,
1075 1456 1149 1477 nunc
1170 1449 1266 1484 tortis,
1288 1458 1362 1478 nunc
1383 1450 1478 1487 rigidis
1496 1451 1599 1479 effectis
1613 1454 1640 1479 et
1654 1451 1740 1480 duris.
1757 1452 1848 1488 Quan-

1002 1495 1093 1532 doque
1114 1498 1188 1524 totus
1209 1499 1343 1525 extensus
1371 1500 1397 1525 et
1429 1497 1549 1533 rigidus,
1579 1498 1694 1534 pedibus
1724 1498 1849 1535 aequatis

1003 1542 1084 1578 capiti
1106 1542 1250 1571 levabatur
1272 1542 1297 1570 in
1320 1543 1423 1577 altum,
1445 1544 1616 1573 horribiliter
1638 1544 1709 1573 illico
1724 1545 1848 1581 relapsu—

1003 1596 1061 1617 rus.
1084 1589 1160 1617 Hunc
1182 1589 1220 1617 sic
1242 1589 1435 1618 miserabiliter
1456 1593 1483 1618 et
1498 1590 1737 1619 irremediabiliter
1751 1599 1848 1627 aegro-

1003 1637 1105 1663 tantem
1127 1635 1226 1671 plenus
1247 1636 1436 1664 misericordia
1457 1636 1557 1665 Christi
1580 1645 1678 1666 servus
1706 1637 1848 1666 commise-

1003 1689 1083 1716 rans,
1098 1682 1249 1710 buccellam
1266 1682 1317 1711 sibi
1334 1683 1426 1719 panis,
1441 1683 1475 1712 de
1490 1692 1545 1720 quo
1559 1683 1671 1718 edebat,
1688 1684 1846 1713 transmisit.

1003 1728 1118 1756 Tantam
1138 1736 1204 1757 vero
1225 1732 1353 1765 gustatus
1374 1729 1451 1766 panis
1472 1729 1588 1758 contulit
1602 1738 1685 1766 aegro
1699 1730 1847 1764 virtutem,

1002 1777 1034 1803 ut
1045 1774 1173 1811 deinceps
1185 1775 1269 1804 huius
1280 1775 1447 1804 infirmitatis
1460 1776 1611 1804 molestiam
1623 1784 1677 1804 non
1691 1776 1805 1805 sentiret
1814 1776 1846 1804 ¹³.

1082 1821 1109 1849 ln
1131 1822 1262 1850 comitatu
1283 1822 1365 1850 Aretii
1388 1830 1451 1851 cum
1473 1823 1571 1851 diebus
1593 1823 1721 1859 pluribus
1746 1823 1846 1851 mulier
1859 1831 1944 1858 salvatur
1955 1836 1993 1858 „213v

1003 1868 1137 1905 quaedam
1159 1868 1310 1897 laborasset
1331 1868 1358 1896 10
1380 1872 1462 1905 partu
1483 1871 1610 1906 essetque
1634 1869 1688 1897 iam
1717 1869 1847 1906 proxima
1862 1854 1994 1901 ἕξῶᾞεῗῗιῖἒῖ

1002 1915 1100 1948 morti,
1122 1915 1230 1943 nullum
1251 1915 1363 1943 omnino
1383 1915 1539 1952 desperanti
1561 1915 1595 1944 de
1619 1915 1675 1944 vita
1702 1918 1848 1952 supererat

1004 1961 1156 1990 remedium
1178 1961 1229 1989 nisi
1253 1961 1309 1990 Dei.
1331 1961 1400 1990 Cum
1422 1964 1515 1990 autem
1536 1970 1608 1999 equo
1623 1966 1719 1991 vectus
1734 1965 1848 1999 propter

1004 2008 1129 2044 corporis
1149 2008 1337 2037 infirmitatem
1359 2008 1459 2037 Christi
1482 2009 1602 2038 famulus
1617 2017 1666 2046 per
1681 2011 1774 2045 partes
1788 2008 1848 2037 illas

1004 2054 1151 2083 transitum
1173 2054 1330 2089 habuisset,
1352 2055 1481 2092 contigit,
1503 2055 1597 2084 reduci
1619 2055 1719 2083 animal
1734 2063 1783 2092 per
1797 2055 1849 2083 vil-

1004 2101 1075 2135 lam,
1096 2101 1123 2129 in
1145 2109 1201 2138 qua
1223 2101 1322 2130 mulier
1344 2102 1536 2138 torquebatur.
1560 2102 1686 2130 Homines
1702 2109 1768 2130 vero
1782 2101 1847 2135 loci,

1004 2148 1063 2177 viso
1083 2155 1170 2184 equo,
1193 2147 1237 2176 cui
1259 2148 1302 2176 vir
1333 2151 1445 2177 sanctus
1477 2148 1629 2182 insederat,
1660 2150 1848 2177 extraxerunt

1003 2194 1129 2228 frenum,
1153 2197 1183 2222 ut
1203 2198 1423 2231 superponerent
1445 2195 1571 2229 mulieri3
1592 2195 1626 2223 ad
1648 2195 1728 2224 cuius
1756 2198 1848 2223 conta-

1004 2244 1080 2270 ctum
1102 2240 1266 2275 mirificum,
1288 2241 1361 2269 omni
1383 2244 1490 2270 remoto
1504 2241 1645 2278 periculo,
1660 2241 1760 2270 mulier
1776 2241 1847 2269 illico

1004 2287 1112 2325 peperit
1132 2295 1195 2316 cum
1217 2288 1314 2316 salute.

1082 2334 1130 2363 Vir
1151 2334 1263 2371 quidam
1284 2335 1318 2363 de
1338 2335 1434 2364 Castro
1455 2335 1543 2364 Plebis
1554 2335 1578 2352 ¹4
1599 2335 1743 2372 religiosus
1763 2342 1795 2363 ac
1814 2327 1993 2369 11-οᾞ1ξ1ζῖῃῖἑῖῗζ

1004 2387 1082 2409 mens
1102 2380 1189 2409 Deum
1217 2380 1348 2409 chordam
1379 2380 1453 2417 apud
1474 2388 1519 2414 se,
1540 2388 1596 2417 qua
1623 2381 1730 2409 cinctus
1757 2374 1929 2416 fueratssRY¹⁰¹³
1947 2374 1992 2392 ⁵³¹¹·

1862 668 1915 690 11610,
1931 668 1994 687 obses>

1910 697 1936 710 53.

1869 994 1932 1012 Altera
1946 993 1977 1012 oh-

1893 1022 1951 1036 sessa.

1864 1226 1915 1247 Item.
1929 1227 1993 1244 Frater

1869 1249 1985 1268 horribiliter

1880 1275 1974 1296 aegrotus.

167 2516 175 2529 ¹
193 2516 238 2539 Csr.
255 2516 395 2545 Wadding.,
412 2517 454 2538 loc.
470 2516 521 2544 cit.,
538 2516 567 2538 ad
585 2522 620 2538 an.
640 2517 712 2543 1211,
730 2523 753 2539 n.
771 2517 791 2539 4.

167 2554 176 2567 ²
193 2555 260 2577 Marc.
283 2556 316 2583 16,
334 2556 370 2577 20.
387 2568 418 2572 —
435 2556 556 2584 Aliquanto
574 2555 667 2577 interius
684 2562 725 2583 pro
743 2555 881 2579 annotanda
898 2556 917 2578 K
928 2556 946 2577 M

106 2595 227 2617 annotata.

167 2631 177 2645 ⁸
194 2632 253 2655 Urbs
269 2633 425 2655 phaliscorurn
443 2633 591 2655 Etruscorum
607 2633 636 2655 ad
650 2633 754 2655 dextram
766 2633 829 2655 lacus
841 2632 948 2661 Volsinii,

107 2670 198 2694 ditionis
215 2672 357 2700 pontificiae,
374 2675 399 2694 ut
415 2675 478 2694 notat
495 2672 632 2700 Wadding„
648 2672 691 2694 loc.
708 2672 757 2698 cit„
774 2672 803 2694 ad
821 2678 856 2694 an.
876 2672 947 2698 1222,

107 2714 129 2731 n.
148 2710 155 2731 1
166 2726 172 2736 ,
189 2709 228 2732 ubi
240 2709 308 2732 etiam
321 2716 364 2738 pro
375 2709 448 2733 milite
459 2709 576 2732 substituit
587 2709 677 2739 equite‚·
690 2710 730 2732 csr.
742 2715 812 2737 supra
825 2715 878 2737 pag.
891 2709 947 2737 525,

107 2751 158 2770 nota
176 2749 197 2770 8.
790 2747 799 2760 ¹
815 2748 863 2770 Act.
882 2749 908 2775 3,
926 2748 947 2770 8.

171 2786 180 2799 ⁵
196 2787 240 2810 Cfr.
260 2787 398 2815 Wadding.,
415 2788 458 2810 loc.
474 2787 524 2814 cit,
541 2788 571 2810 ad
587 2793 623 2809 00.
643 2788 714 2815 1213,
736 2793 759 2809 0.
777 2787 814 2809 19.
830 2800 860 2803 —
878 2787 948 2814 Supe-

109 2825 155 2848 rius
172 2832 213 2854 pro
231 2827 258 2849 1η
275 2825 366 2849 civitate
383 2826 451 2849 codd.
474 2825 577 2849 Civitate.
600 2826 656 2848 Cod.
673 2826 689 2848 E
706 2829 804 2854 quatuor
829 2826 948 2855 sequentia

110 2864 215 2887 miracula
233 2865 322 2887 omittit.

170 2901 180 2914 ⁶
196 2902 241 2925 Csr.
258 2903 397 2931 Waddiug.,
414 2903 456 2926 loc.
474 2903 511 2926 cit.

171 2939 180 2953 ⁷
200 2941 256 2963 Vide
274 2942 348 2964 11131111.
367 2942 394 2969 8,
415 2942 449 2964 14.
466 2948 515 2971 seq.

171 2978 180 2991 ⁸
196 2979 241 3002 Csr.
257 2986 327 3008 supra
345 2986 399 3008 pag.
416 2981 474 3008 539,
491 2983 543 3003 nota
562 2981 597 3003 10.
614 2980 687 3003 Codd.
699 2980 714 3003 C
725 2981 798 3003 DGH
810 2984 832 3003 et
843 2982 897 3003 Acta
910 2980 949 3002 SS.

1004 2516 1108 2540 Mevania·
1125 2517 1149 2544 (F
1166 2516 1306 2545 Mevaniae).
1323 2516 1368 2539 Csr.
1386 2516 1524 2544 Wadding.‚
1541 2517 1584 2538 loc.
1601 2516 1651 2543 cit.,
1668 2516 1697 2538 ad
1714 2522 1751 2538 an.
1774 2517 1846 2544 1212,

1004 2561 1026 2577 n.
1044 2556 1086 2582 31,
1105 2555 1143 2577 ubi
1161 2558 1236 2582 notat,
1254 2556 1316 2584 quod
1328 2555 1460 2578 Beoanium
1477 2556 1505 2578 sit
1524 2564 1535 2575 α
1549 2555 1619 2577 Plinio
1631 2558 1653 2577 ct
1665 2555 1795 2583 Propertio,
1807 2555 1847 2584 qui

1006 2595 1049 2616 hoc
1066 2594 1153 2622 oppido
1171 2598 1237 2616 natus
1253 2597 1300 2621 est,
1318 2594 1427 2617 Mevania
1438 2602 1460 2616 υ.

1067 2631 1077 2644 ⁹
1093 2632 1139 2655 Cfr.
1156 2633 1294 2660 Wadding„
1312 2633 1354 2655 loc.
1372 2633 1422 2659 cit„
1440 2632 1469 2655 011
1486 2638 1524 2654 00.
1542 2633 1615 2659 Ι1213,
1633 2639 1653 2654 n.
1673 2633 1710 2654 19.

1068 2669 1088 2683 ¹⁰
1105 2672 1127 2693 ln
1151 2671 1285 2699 episcopatu
1308 2671 1425 2693 Narniensi
1449 2671 1521 2699 (nunc
1544 2671 1707 2699 Interamnae),
1731 2673 1755 2693 ut
1779 2672 1847 2693 refert

1006 2709 1089 2732 Thom.
1102 2716 1114 2731 a
1127 2709 1218 2738 Celano,
1231 2710 1282 2732 Vita
1295 2710 1310 2732 Ι.
1323 2716 1345 2738 p.
1358 2710 1373 2732 1,
1384 2716 1403 2732 c.
1420 2709 1456 2732 25.
1474 2709 1519 2732 Csr.
1535 2709 1673 2737 Waddiug„
1690 2710 1733 2732 loe.
1750 2709 1786 2732 cit.
1795 2726 1800 2736 ,
1817 2709 1846 2732 ad

1005 2748 1132 2775 00.1213,
1149 2749 1227 2770 1019.
1245 2754 1293 2777 seq.

1068 2786 1086 2799 ¹¹
1105 2788 1128 2809 ln
1146 2786 1238 2809 Umbria
1257 2786 1323 2815 (Cittz'i
1341 2787 1363 2809 di
1380 2786 1495 2815 Castello).

1068 2824 1087 2838 ²²
1105 2826 1183 2847 Simile
1199 2827 1296 2848 refertur
1314 2826 1382 2848 Marc.
1399 2826 1426 2854 9,
1444 2826 1481 2848 49.

1069 2863 1088 2876 ¹⁸
1104 2863 1150 2887 Csr.
1167 2864 1303 2892 Wadding.,
1321 2865 1363 2887 loc.
1380 2865 1429 2892 611Ἶ
1447 2864 1475 2887 011
1494 2870 1529 2886 an.
1551 2864 1621 2891 1224,
1633 2871 1654 2886 0.
1667 2865 1709 2892 28,
1726 2864 1766 2887 ubi
1778 2865 1846 2887 etiam

1006 2910 1027 2925 n.
1045 2903 1067 2925 3.
1083 2909 1132 2931 seq.
1149 2903 1286 2925 miraculum
1303 2906 1415 2925 narratur.

1068 2940 1087 2953 ¹⁴
1105 2942 1127 2963 10
1145 2941 1238 2964 Umbria
1258 2941 1364 2970 (Castello
1381 2941 1403 2964 di
1421 2941 1505 2970 Pieve).
1523 2941 1656 2964 Secundum
1674 2942 1756 2964 Thom.
1773 2948 1784 2963 a
1809 2942 1846 2964 Ce-

1006 2981 1070 3007 lano,
1088 2980 1138 3002 Vita
1157 2981 1171 3003 1.
1189 2987 1212 3008 p.
1230 2981 1243 3002 1.
1261 2986 1282 3003 c.
1299 2981 1339 3008 22,
1357 2980 1392 3002 vir
1409 2980 1445 3003 ille
1462 2980 1588 3003 vocabatur
1604 2981 1781 3004 Gualsredutius.
