2133 3317
1 1332 32 1352 11³¹
37 1331 88 1351 ΩΙῙΟ.

0 1417 68 1441 ,tmolus

0 1441 82 1483 ¹pigisse-io·

0 1800 81 1844 mim

547 215 743 244 OPUSCULUM
764 217 794 244 X.
818 217 902 245 VtTts
923 217 1071 246 MYSTICA.
1094 218 1354 247 ADDITAMENTUM
1376 219 1393 247 Ι.

105 298 204 328 tuum,
226 297 259 321 ut
278 293 465 330 siyizaeulum
485 301 574 330 super
595 292 749 321 braelzz'mn
768 297 851 321 tuum
867 295 891 327 ¹,
914 297 945 322 ut

105 341 131 370 in
145 340 273 369 omnibus
287 339 497 376 cogitationibus
512 339 602 368 cordis
617 340 673 373 tui,
695 339 721 367 in
738 340 866 369 omnibus
880 348 945 377 ope-

105 387 182 416 ribus
202 386 380 415 brachiorum
402 388 515 414 tuorum
539 385 604 414 mihi
622 386 728 419 taliter,
749 389 781 414 ut
802 386 893 420 vides,
909 386 945 415 si-

104 435 185 471 gnato
205 432 293 469 possis
313 432 409 460 similis
432 432 557 460 inveniri.
580 432 820 461 Conformaveram
837 435 863 461 te
878 433 945 460 ima-

103 481 157 519 gini
179 479 291 509 Deitatis
323 487 414 513 meae,
435 487 498 507 cum
521 482 547 507 te
568 486 691 507 crearem
704 479 731 512 2,
757 479 944 507 conformatus

104 535 164 558 sum
185 526 294 563 imagini
316 525 495 554 humanitatis
516 529 595 560 tuae,
611 528 642 554 ut
658 529 683 554 le
698 526 886 554 reformarem.
902 527 943 554 Tu

103 582 182 611 erg0‚
204 573 251 610 qui
273 581 326 601 non
350 572 487 601 retinuisti
510 572 626 600 formam
649 572 762 600 Deitatis
790 580 866 601 meae
895 572 942 601 tibi

102 622 262 657 impressam
285 619 311 647 in
333 622 381 647 tua
402 619 579 653 formatione,
602 619 690 647 retine
710 619 805 648 saltem
825 619 942 647 formam

102 665 279 696 humanitatis
300 669 363 693 tuae
384 665 451 693 mihi
473 665 633 701 impressam
650 665 677 693 in
692 668 739 693 tua
758 665 942 698 recreatione;

101 713 123 743 si
144 721 198 741 non
219 713 336 746 retines,
358 712 469 749 qualem
485 715 509 740 te
524 719 698 746 creaveram,
721 711 808 740 retine
830 711 943 745 saltem,

101 760 209 798 qualem
231 762 257 788 te
279 767 469 788 recreaveram
482 759 512 791 ³3
534 759 555 787 si
578 767 631 787 non
647 759 737 795 capis,
752 762 869 795 quantas
884 758 944 786 vir-

102 811 173 836 tutes
194 806 241 835 tibi
263 806 385 834 dederim
407 808 433 834 te
455 806 588 839 creand0,
609 813 675 842 cape
694 805 806 839 saltem,
826 808 944 842 quantas

101 853 128 882 in
149 853 319 882 humanitate
340 855 389 881 tua
408 852 545 881 miserias
567 855 680 889 propter
702 855 728 880 te
749 852 901 888 acceperim
917 854 943 880 te

100 899 264 933 recreando,
286 902 313 927 et
334 898 365 927 ad
388 898 524 935 potiores,
549 906 633 935 quam
654 898 687 927 ad
709 906 779 935 quas
801 901 826 926 te
842 898 943 926 forma-

100 953 193 975 veram
213 945 324 974 delicias
344 945 527 973 reformando.
542 945 608 973 Nam
630 948 777 982 propterea
799 945 882 973 homo
903 945 943 973 vi-

1792 222 1844 249 189

1002 295 1088 323 sibilis
1119 295 1208 324 factus
1236 304 1314 330 sum,
1337 299 1367 325 ut
1389 305 1404 325 a
1434 300 1459 325 te
1487 297 1563 326 visus
1593 305 1718 331 amarer,
1740 298 1787 334 qui
1817 298 1843 326 in

1002 341 1106 369 Deitate
1127 350 1186 370 mea
1209 342 1314 371 invisus
1334 346 1361 372 et
1383 343 1526 373 invisibilis
1547 344 1666 381 quodam
1688 344 1769 372 modo
1790 352 1844 372 non

1001 387 1112 416 amabar
1124 388 1144 416 4.
1177 389 1216 417 Da
1243 397 1309 426 ergo
1335 390 1489 426 praemium
1511 390 1690 419 incarnationi
1714 399 1790 419 meae
1819 393 1845 419 et

1001 433 1119 469 passioni
1142 437 1183 468 te,
1205 443 1255 471 pro
1277 444 1332 472 quo
1354 437 1513 466 incarnatus
1540 438 1622 466 simul
1651 445 1713 466 sum
1735 440 1762 466 et
1783 446 1845 474 pas—

1001 487 1057 507 sus.
1079 480 1144 508 Dedi
1169 489 1211 509 me
1234 481 1298 515 tibi,
1320 482 1354 510 da
1376 486 1401 511 te
1424 483 1500 511 milii.

1079 526 1105 553 4.
1127 526 1149 554 Ο
1170 527 1327 556 dulcissime
1349 528 1419 557 bono
1442 529 1516 558 lesu!
1540 530 1629 558 Pater
1651 530 1813 564 luminum,
1828 539 1844 559 a

1000 580 1056 608 quo
1077 576 1118 601 cst
1139 581 1221 601 omne
1241 574 1342 602 clatum
1366 576 1506 612 optimum
1521 580 1545 604 et
1560 585 1641 605 omne
1655 577 1765 606 donum
1778 585 1844 614 per-

1000 618 1146 656 feetum&
1168 620 1383 650 misericorditer
1405 623 1510 659 respice
1532 624 1674 652 humiliter
1691 624 1736 653 tibi
1759 624 1844 653 confi-

1001 668 1089 694 tentes
1109 670 1136 694 et
1158 675 1222 695 vere
1244 667 1376 702 scientes,
1397 669 1462 705 quia
1484 670 1542 698 sine
1566 673 1590 698 te
1612 671 1680 699 nihil
1696 679 1845 707 possumus

1000 712 1110 747 facerc;
1133 716 1160 741 ct
1181 713 1228 750 qui
1250 714 1347 742 dedisti
1370 718 1396 743 tc
1418 723 1468 751 pro
1489 716 1567 744 nobis
1588 717 1614 744 in
1637 718 1773 753 pretium,
1794 718 1843 751 da,

1000 762 1046 792 ut,
1068 759 1130 788 licet
1152 763 1227 788 tanto
1249 760 1338 796 pretio
1367 761 1459 790 minus
1486 762 1558 799 digni
1581 763 1683 797 simus,
1706 772 1755 792 nos
1781 767 1844 793 tuae

1000 806 1103 842 gratiae
1119 809 1173 834 tam
1190 807 1295 843 integre
1316 810 1343 835 et
1364 808 1484 844 perfecte.
1506 809 1532 837 in
1556 812 1611 838 toto
1627 810 1791 844 reddamur,
1814 814 1845 839 ut

1000 851 1161 880 conformati
1184 853 1294 890 imagini
1318 854 1452 890 passionis
1473 857 1552 889 tuae,
1574 856 1607 884 ad
1628 864 1688 885 eam
1716 866 1844 894 quoque,

1000 907 1083 935 quam
1105 899 1242 935 peccando
1262 900 1421 934 amisimus,
1437 901 1591 930 Divinitatis
1613 906 1676 931 tuae
1698 903 1844 940 imaginem

1000 945 1200 980 reformemur,
1224 950 1379 983 praestante
1402 947 1516 976 Domino
1538 952 1641 977 nostro.
1664 950 1778 978 AmenG.

774 1072 1103 1108 ADDITAMENTUM
1128 1073 1143 1108 I
1157 1067 1175 1108 ¹.

168 1200 230 1230 Quid
249 1199 377 1231 apertius?
395 1198 428 1222 Et
447 1206 503 1223 vere
523 1198 581 1223 talis
600 1199 655 1222 erat
673 1199 697 1222 in
712 1198 788 1223 oculis
806 1198 942 1223 infidelium

98 1244 123 1270 et
140 1243 284 1272 carnalium,
304 1242 346 1273 qui
364 1241 463 1266 tantum
482 1249 581 1266 carnem
600 1241 723 1266 noverunt
742 1242 842 1266 intueri.

168 1286 210 1311 20.
230 1285 298 1315 Quod
317 1285 342 1309 et
361 1292 405 1309 nos
424 1284 562 1309 manifestis
582 1284 720 1309 rationibus
743 1292 875 1315 possumus
898 1292 943 1315 ap-

99 1329 210 1361 probare,
224 1329 331 1359 primum
344 1327 441 1359 quidem
455 1334 498 1358 per
512 1326 630 1356 affectum
648 1327 841 1358 compassionis,
855 1327 942 1352 deinde

99 1379 143 1404 per
161 1370 284 1401 defectum
298 1371 440 1401 passionis.
459 1369 493 1394 Et
504 1370 562 1401 quia
575 1377 631 1394 vere
645 1369 788 1401 susceperat
801 1369 942 1395 affectiones

98 1415 206 1444 nostras,
225 1414 359 1442 videamus,
380 1413 499 1444 quomodo
518 1412 583 1437 affici
602 1411 719 1437 soleant²
745 1412 855 1437 homines
878 1413 942 1437 circa

99 1465 139 1484 eos
157 1465 218 1490 quos
236 1457 330 1486 amant,
349 1457 378 1481 ut
398 1464 441 1487 per
460 1456 547 1481 notum
561 1456 592 1480 ad
604 1455 717 1487 ignotum
731 1457 868 1480 veniamus.
882 1456 942 1485 Quis

98 1501 199 1529 nesciat,
217 1500 341 1525 homiuem
365 1500 429 1524 circa
447 1499 551 1524 amicum
571 1506 643 1523 suum
663 1499 844 1530 periclitantem
870 1506 942 1530 saepe

98 1544 169 1569 tanto
187 1543 277 1568 affectu
290 1543 315 1567 et
327 1543 409 1568 dolore
428 1543 528 1571 moveri,
548 1542 577 1566 ut
589 1543 699 1573 corporis
711 1543 749 1567 sui
766 1542 942 1567 detrimentum

98 1586 227 1612 incurrat?
245 1586 270 1610 Si
288 1585 334 1610 hoc
356 1585 469 1617 praestat
491 1585 563 1610 homo
587 1584 688 1614 homini,
713 1585 835 1616 quantum
851 1585 943 1610 Deum-

98 1629 220 1655 homiuem
239 1629 323 1653 Iesum
342 1627 417 1660 putas
435 1628 529 1653 homini
548 1628 720 1659 praestitisse?
739 1628 763 1652 Si
782 1628 810 1652 tu
830 1636 875 1659 pro
893 1635 943 1653 uno

98 1672 195 1697 homine
220 1679 264 1703 per
288 1672 484 1702 compassionem
509 1671 645 1702 periculum
670 1671 797 1702 corporale
822 1671 941 1700 incurris⁷

99 1715 157 1747 quid
175 1715 250 1746 putas
270 1714 402 1739 Dominum
422 1714 505 1738 Iesum
525 1720 569 1744 pro
589 1713 703 1738 omnibus
721 1713 862 1738 hominibus
882 1714 944 1738 tole-

98 1758 186 1783 rasse?
204 1757 295 1782 Omnes
313 1757 378 1781 enim
397 1757 435 1781 sui
453 1756 533 1785 erant,
553 1756 578 1781 et
596 1764 680 1781 omnes
698 1757 839 1781 mortaliter
851 1756 943 1781 infirmi

100 1800 179 1826 erant.
198 1800 269 1825 Certe
288 1800 415 1828 novimus,
435 1799 541 1824 Paulum
555 1799 704 1830 Apostolum
723 1799 752 1824 de
771 1807 796 1824 se
815 1800 904 1824 dixisse
918 1798 941 1824 ³:

103 1843 165 1876 Quis
183 1842 362 1873 infirmitatur,
381 1844 406 1867 et
423 1849 467 1873 eqo
486 1850 539 1866 nort
558 1842 699 1873 infirmor?
711 1842 744 1866 Et
757 1850 813 1867 vere
826 1850 943 1873 eousque

98 1884 281 1914 infirmabatur,
301 1885 337 1914 ut,
357 1885 421 1910 sicut
440 1886 492 1916 ipse
512 1885 540 1909 de
560 1892 585 1909 se
606 1884 707 1913 fatetur,
727 1885 868 1916 praesentia
892 1886 943 1910 eius

99 1928 164 1954 esset
181 1928 356 1959 despectabilis
369 1927 386 1956 ⁴,
406 1927 430 1952 et
449 1927 513 1952 sicut
532 1928 579 1952 ait:
596 1927 668 1952 Mihi
680 1927 791 1952 mztuclus
805 1928 943 1958 crucifixus

99 1972 144 2003 est,
162 1972 186 1996 et
203 1978 246 2003 eqo
266 1970 369 1995 mundo.
388 1970 496 1995 Mundus
515 1971 606 2002 quippe
626 1971 647 1995 ei
667 1970 797 1995 crucifixus
816 1971 877 2000 erat,
901 1971 943 2002 qui

99 2015 191 2044 omnia,
205 2021 267 2045 quae
281 2013 366 2038 mundi
384 2014 464 2042 erant,
484 2013 604 2044 tanquam
618 2013 716 2038 mortua
729 2013 871 2044 reputabat.
884 2013 942 2044 Ipse

1000 1206 1057 1223 vero
1086 1199 1176 1224 mundo
1205 1199 1279 1224 etiam
1308 1200 1439 1224 crucifixus
1464 1201 1530 1230 erat,
1554 1201 1611 1232 quia
1637 1201 1717 1232 ipsum
1744 1202 1846 1233 propter

1000 1242 1099 1266 crebras
1118 1243 1315 1273 compassionum
1335 1243 1408 1267 simul
1428 1243 1452 1267 et
1466 1244 1609 1274 passionum
1623 1244 1782 1269 infirmitates
1796 1252 1845 1269 cor-

1000 1292 1058 1315 pore
1071 1285 1230 1310 extenuatum
1245 1286 1269 1310 et
1282 1286 1473 1311 exterminatum
1488 1294 1542 1311 eum
1556 1287 1663 1311 mundus
1680 1287 1844 1317 abhorrebat,

1000 1327 1061 1352 nihil
1081 1329 1105 1352 in
1125 1336 1151 1352 co
1171 1329 1307 1359 inveniens,
1327 1329 1391 1360 quod
1411 1329 1548 1360 pertineret
1566 1330 1596 1354 ad
1622 1331 1712 1360 ipsum.
1738 1331 1761 1354 Si
1787 1338 1845 1362 ergo

1000 1370 1094 1395 Paulus
1122 1378 1176 1395 cum
1202 1371 1388 1396 infirmantibus
1416 1372 1603 1401 infirmabatur,
1628 1372 1653 1397 et
1678 1380 1732 1397 cum
1757 1372 1845 1397 esset⁵

1000 1421 1133 1438 conservus
1152 1414 1177 1438 et
1196 1414 1285 1443 frater,
1306 1422 1361 1439 cum
1380 1416 1505 1440 conservis
1524 1415 1549 1440 et
1567 1415 1700 1444 fratribus.
1726 1416 1785 1447 quid
1804 1416 1846 1441 be—

1000 1457 1091 1487 nignus
1110 1457 1194 1485 Iesus,
1215 1457 1335 1482 Dominus
1361 1458 1385 1482 et
1405 1458 1488 1489 pater,
1513 1466 1557 1489 pro
1580 1458 1695 1483 creatura
1720 1459 1744 1483 et
1770 1459 1846 1483 filiis?

1001 1499 1112 1524 Ardebat
1128 1500 1229 1529 Paulus,
1243 1501 1313 1531 quasi
1327 1500 1392 1525 esset
1403 1499 1412 1512 ⁶
1426 1501 1493 1525 radio
1507 1501 1566 1526 solis
1580 1509 1709 1531 accensus;
1723 1502 1844 1533 quantum

1000 1543 1081 1573 ipsum
1101 1542 1177 1567 solem
1197 1543 1272 1573 putas
1291 1544 1430 1568 exarsisse?
1448 1544 1472 1568 Si
1491 1551 1567 1575 usque
1594 1544 1624 1568 ad
1650 1544 1747 1568 tantam
1773 1544 1844 1568 infir·-

1000 1584 1112 1609 mitatem
1127 1592 1169 1616 per
1182 1585 1297 1610 affectum
1310 1586 1488 1617 compassionis
1500 1587 1642 1611 accenditur
1655 1587 1695 1618 qui
1710 1587 1843 1611 scintillam

1000 1627 1114 1652 caritatis
1132 1628 1227 1657 habuit,
1248 1629 1306 1660 quid
1325 1629 1480 1654 sentiendum
1501 1629 1575 1660 putas
1598 1629 1626 1654 de
1653 1630 1707 1661 ipsa
1731 1630 1844 1660 caritate,

1000 1671 1029 1695 de
1048 1671 1118 1695 cuius
1138 1671 1290 1702 plenitudine
1309 1679 1393 1696 omnes
1412 1672 1578 1703 acceperunt?
1591 1671 1608 1697 ⁷.

1071 1713 1113 1738 21.
1133 1714 1185 1739 Nec
1203 1714 1285 1746 aliquo
1305 1714 1375 1740 modo
1393 1715 1568 1745 dubitandum,
1589 1716 1647 1747 quin
1671 1716 1843 1740 infirmitatem

1000 1756 1025 1781 et
1044 1757 1273 1782 exterminationem
1287 1758 1396 1788 corporis
1408 1758 1625 1789 incomparabilem
1639 1758 1788 1783 sustinuerit
1801 1759 1843 1790 qui

1000 1799 1075 1823 etiam
1095 1799 1198 1823 venerat
1216 1807 1311 1824 crucem
1325 1800 1455 1830 sustinere,
1470 1800 1495 1825 ot
1508 1808 1567 1832 prae
1580 1801 1668 1826 ceteris
1680 1801 1752 1825 tanto
1765 1801 1845 1832 magis

1001 1842 1076 1866 fuerit
1094 1841 1233 1871 confectus,
1253 1843 1347 1874 quanto
1366 1844 1443 1868 maior
1462 1844 1487 1868 in
1506 1851 1533 1868 eo
1552 1844 1600 1868 fuit
1619 1845 1795 1875 compassionis
1808 1844 1845 1868 af-

1001 1885 1092 1912 fectus,
1113 1885 1154 1916 qui
1173 1892 1222 1909 non
1248 1886 1327 1910 solum
1351 1886 1431 1916 facta,
1455 1887 1496 1911 sed
1521 1886 1594 1911 etiam
1621 1887 1783 1918 cogitationes
1808 1887 1846 1911 in-

1001 1928 1089 1958 spexit.
1107 1942 1143 1944 —
1161 1928 1319 1959 Suffragatur
1338 1928 1377 1953 his
1396 1929 1534 1954 rationibus
1554 1929 1678 1954 sententia
1695 1930 1774 1961 ipsius
1799 1930 1845 1955 Do-

1001 1970 1060 1994 mini
1079 1971 1113 1995 sic
1137 1970 1241 1995 dicentis
1255 1969 1277 1995 ⁸:
1304 1971 1457 2003 Ierusalem,
1478 1972 1634 2003 Ierusalem,
1654 1972 1750 2003 quoties
1775 1972 1846 1997 volui

999 2020 1153 2045 conpressam
1172 2013 1240 2043 filios
1260 2015 1330 2045 tuos,
1350 2015 1563 2046 quemadmodum
1579 2015 1682 2047 (salluui
1708 2016 1845 2047 conyreyat

100 2156 140 2177 cfr.
157 2161 226 2183 supra
245 2161 299 2182 pag.
323 2155 380 2182 423,
405 2158 456 2177 nota
475 2155 497 2177 3.
515 2167 545 2171 -
563 2155 657 2176 inferius
678 2161 720 2182 pro
738 2156 759 2178 et
783 2154 815 2177 ad
838 2160 943 2184 pascuae

100 2193 204 2217 caelestis
221 2193 334 2217 reducere
347 2193 491 2223 paradisum
504 2193 543 2221 (ita
562 2194 578 2216 A
590 2194 607 2215 D
618 2194 642 2222 E)
662 2194 715 2216 Bon.
729 2200 782 2216 cum
794 2194 831 2216 ed.
845 2194 853 2215 1
875 2195 896 2217 el
912 2193 944 2216 (ul

96 2238 188 2261 pascua
205 2231 309 2255 caelestis
327 2231 373 2260 [ed.
395 2232 399 2253 1
421 2231 504 2254 omittit
521 2231 640 2261 caelestis]
657 2231 769 2255 reducere
783 2231 900 2262 paradisi.

162 2269 170 2283 ²
187 2270 251 2293 Cant.
269 2271 296 2298 8,
314 2271 335 2292 6.
353 2270 397 2293 Cfr.
414 2277 483 2298 supra
509 2270 594 2299 Opusc.
615 2271 652 2293 Vl.
672 2271 701 2293 de
718 2272 860 2293 Persectione
883 2271 944 2293 vitae

100 2309 129 2332 ad
146 2316 250 2336 sorores,
267 2315 286 2331 c.
304 2310 326 2331 6.
343 2316 364 2331 n.
386 2310 419 2331 11.
437 2323 467 2325 -
485 2310 580 2332 lnserius
605 2316 648 2338 pro
674 2309 827 2333 brachiorum
845 2312 943 2333 tuorum

102 2348 139 2376 (ita
158 2349 209 2376 DE)
228 2349 284 2370 alias
301 2347 393 2371 brachii
409 2348 451 2371 tui.

162 2387 171 2400 ²
188 2387 233 2411 Cfr.
250 2388 305 2410 Gen.
328 2389 345 2415 11
363 2388 401 2410 26.
418 2394 465 2416 seq.
483 2400 514 2404 —
532 2388 553 2410 ln
572 2389 614 2410 hac
631 2391 653 2410 et
669 2394 718 2416 seq.
730 2388 889 2416 propositione
901 2394 944 2416 pro

101 2426 255 2450 humanitatis
272 2428 327 2450 tuae
345 2427 387 2448 DE
404 2426 545 2449 humilitatis
563 2427 625 2449 tuae.

162 2464 172 2477 ³
189 2467 218 2488 lta
238 2467 295 2493 DE;
319 2466 375 2488 Bon.
399 2472 453 2488 cum
476 2465 512 2488 ed.
532 2466 540 2487 '1
562 2465 679 2493 recreari,
698 2466 715 2487 Α
733 2465 902 2493 recreaverint,
923 2469 944 2488 et

102 2505 170 2532 paulo
187 2505 294 2532 superius
311 2505 347 2527 ed.
367 2505 373 2526 1
396 2507 418 2526 ct
436 2505 490 2526 Bon.
508 2503 588 2528 creari
604 2510 646 2532 pro
663 2510 814 2531 crem-eram,
839 2505 857 2526 Α
882 2510 945 2527 crea-

102 2542 184 2566 verim.
212 2543 305 2566 lnserius
330 2550 372 2571 pro
397 2545 500 2573 quantas
527 2543 625 2566 virtutes
644 2543 681 2568 (ita
700 2543 752 2571 DE)
771 2543 825 2565 alias
843 2545 945 2572 quantas

102 2580 218 2605 virtutum
235 2581 336 2605 diritius.

164 2619 174 2632 ⁴
190 2621 299 2648 Gregor.‚
316 2620 366 2643 Lib.
377 2621 545 2643 Sari-amentor.
558 2621 579 2643 in
593 2621 733 2642 Praefationo
745 2620 828 2642 Natalis
840 2620 945 2642 Domini:

103 2658 129 2681 Ut
146 2659 201 2681 dum
220 2659 339 2682 visibiliter
364 2660 437 2682 Deum
463 2659 639 2688 cognoscimus,
658 2666 698 2687 per
716 2661 775 2681 bunc
794 2659 944 2681 invisibilium

825 2737 898 2760 Notae
915 2736 944 2760 ad

165 2815 172 2828 ¹
192 2816 250 2838 Vide
266 2822 336 2844 supra
354 2823 408 2844 pag.
426 2817 482 2843 169,
499 2820 576 2839 notam
595 2817 615 2838 2.
634 2817 689 2838 Bon.
706 2822 758 2838 cum
776 2817 812 2838 ed.
832 2817 840 2838 l
863 2816 885 2838 in
903 2817 946 2838 lioc

103 2847 213 2874 opusculo
225 2853 280 2870 usus
292 2850 326 2870 est
337 2848 439 2870 numeris
456 2848 621 2876 progressivis,
633 2854 693 2876 qnos
706 2848 726 2869 in
737 2848 771 2869 his
783 2847 945 2869 additamentis

103 2877 197 2906 singulis
214 2879 366 2906 paragraphis
382 2879 496 2907 praefixos
512 2879 665 2901 servavimus.

165 2908 174 2921 ²
193 2909 221 2931 lta
239 2910 296 2936 ΑΒ;
313 2910 368 2932 Bon.
387 2916 440 2932 cum
458 2911 497 2932 ed.
517 2911 522 2931 1
544 2910 628 2933 solent.

165 2939 174 2952 ³
192 2940 260 2968 Epist.
279 2941 302 2963 11.
320 2940 371 2963 Cor.
393 2942 432 2969 tt,
451 2942 488 2964 29.

166 2970 175 2982 ‘²
193 2972 261 2999 Epist.
280 2972 302 2993 tt.
320 2971 371 2994 Cor.
390 2973 432 3001 10,
449 2973 487 2994 10;
500 2972 627 2994 Praesentia
641 2975 717 2994 autem
730 2972 832 2999 corporis
849 2972 946 2999 infirma,

104 3005 125 3023 et
141 3008 217 3024 sermo
235 3003 420 3031 contemptibilis.
439 3016 467 3019 —
485 3003 592 3032 Sequitur
609 3003 656 3025 Gal.
675 3004 702 3030 G,
724 3003 756 3025 14.

999 2161 1078 2177 amore
1090 2155 1208 2183 rapiamur
1221 2155 1318 2185 [ltlissale
1332 2156 1427 2178 Roman.
1440 2155 1462 2178 in
1475 2155 1629 2179 invisibilium
1640 2162 1747 2179 amorem
1758 2155 1841 2185 rapia-

999 2193 1073 2223 mur}
1086 2194 1131 2216 Ct'r.
1147 2195 1266 2221 Boi-nard,
1285 2195 1358 2217 Sci-m.
1371 2195 1393 2217 ὓ.
1405 2195 1425 2217 in
1443 2195 1506 2217 Cant.
1520 2201 1542 2217 n.
1555 2196 1577 2217 2.
1589 2201 1653 2224 seqq.
1667 2207 1694 2211 ——
1708 2195 1749 2217 Ed.
1765 2195 1772 2217 Ἰ1
1789 2202 1842 2217 cum

1000 2233 1017 2255 Α
1034 2235 1056 2255 et
1074 2233 1128 2255 Bon.
1146 2233 1169 2255 in
1189 2232 1276 2256 Deitale
1293 2240 1346 2256 mea
1358 2233 1480 2256 invisibilis
1497 2240 1545 2257 non
1557 2233 1666 2257 amabar.
1679 2234 1774 2256 inferius
1792 2237 1844 2262 post

1000 2271 1141 2295 incarnatus
1158 2271 1244 2299 simul,
1257 2272 1292 2294 ed⁴
1308 2273 1315 2294 1
1333 2278 1386 2295 cum
1399 2273 1416 2294 A
1429 2272 1529 2295 breviter
1541 2273 1595 2300 tegit
1606 2275 1627 2296 et
1636 2279 1723 2302 passus
1736 2272 1788 2295 dedi
1800 2279 1844 2295 me.

1063 2309 1072 2322 ⁶
1090 2311 1131 2332 lac.
1151 2311 1170 2336 sl,
1190 2311 1226 2332 17.
1239 2323 1269 2327 -
1282 2310 1386 2333 Subinde
1403 2311 1524 2339 respicitur
1542 2312 1601 2333 ioan.
1620 2311 1661 2338 15,
1679 2312 1708 2334 5:
1727 2312 1784 2339 Quia
1798 2311 1846 2333 sine

1000 2355 1038 2371 me
1055 2349 1110 2371 ninil
1128 2350 1223 2377 potestIS
1241 2351 1322 2372 facore.
1340 2362 1370 2366 -—
1388 2350 1483 2372 inferius
1508 2356 1550 2378 pro
1576 2351 1598 2373 et
1621 2356 1674 2373 rere
1691 2349 1788 2373 scientes
1806 2350 1845 2377 (ita

1002 2388 1020 2410 D
1031 2389 1056 2417 E)
1074 2389 1128 2410 alias
1145 2390 1167 2411 et
1184 2395 1236 2411 vere
1253 2388 1384 2417 sentientes,
1404 2392 1425 2411 et
1438 2396 1479 2417 pro
1492 2390 1541 2412 tam
1558 2389 1648 2418 inteqre
1665 2390 1686 2412 et
1702 2389 1802 2418 perferte
1819 2388 1844 2411 in

1001 2428 1047 2449 toto
1066 2427 1103 2455 (ita
1123 2427 1175 2455 DE)
1194 2428 1250 2449 Bon.
1267 2429 1317 2450 tam
1334 2427 1436 2456 intepre,
1453 2427 1553 2457 perfecte
1564 2429 1585 2450 et
1597 2427 1693 2454 inloto,
1711 2428 1729 2449 A
1747 2429 1795 2450 tam
1809 2427 1843 2450 in·

1001 2467 1077 2495 tem-e,
1097 2466 1210 2495 perfecte,
1228 2466 1264 2488 ed.
1289 2466 1297 2488 1
1320 2467 1368 2489 tam
1386 2465 1478 2495 inteqri.

1064 2504 1073 2517 θ
1090 2505 1119 2526 lta
1134 2505 1151 2527 D
1161 2506 1188 2532 E;
1201 2506 1216 2527 F
1228 2505 1399 2534 reformemur,
1414 2505 1456 2534 qui
1468 2505 1521 2528 vivit
1533 2507 1554 2528 et
1564 2506 1657 2535 respiat.
1668 2505 1748 2528 Amen.
1763 2504 1846 2534 Empli-

1003 2542 1032 2565 ci!
1046 2543 1158 2572 planctus
1176 2544 1373 2571 Boizacunturae,·
1399 2545 1416 2566 11
1434 2544 1608 2573 reformemur,
1629 2543 1670 2573 qui
1686 2544 1744 2567 viris
1767 2545 1788 2567 et
1810 2550 1846 2567 re-

1002 2588 1062 2611 qnas
1079 2583 1121 2605 etc.
1141 2582 1244 2611 Explicit
1260 2582 1370 2612 plauctus
1383 2583 1564 2606 Hormi-autumo
1575 2582 1602 2605 (le
1616 2582 1728 2612 passione
1741 2582 1844 2606 Domini.

1002 2621 1056 2642 Bon.
1075 2627 1127 2643 rum
1145 2621 1203 2643 ed.i
1221 2624 1242 2643 ct
1259 2622 1277 2643 Α
1295 2622 1359 2649 plura
1377 2621 1441 2643 addit
1458 2622 1488 2649 (n.
1506 2621 1636 2649 153-177.)‚
1654 2628 1714 2650 quae
1731 2624 1783 2649 post
1803 2623 1846 2644 hoe

1001 2660 1139 2687 opusculum
1158 2659 1179 2681 in
1198 2660 1356 2682 additamento
1374 2660 1411 2682 Vl.
1427 2659 1570 2682 exhibemus.

960 2737 1126 2760 additamenta.

1066 2815 1075 2828 ⁵
1092 2816 1163 2838 Codd.
1182 2818 1198 2838 Α
1211 2817 1225 2837 Β
1243 2822 1298 2839 cum
1314 2815 1490 2846 infirmantibus
1506 2816 1642 2847 infirmatus
1659 2818 1722 2844 erat,
1741 2817 1797 2846 quid
1812 2816 1845 2840 lm-

1002 2846 1090 2876 niynus
1109 2848 1189 2870 lesus?
1206 2847 1234 2869 Si
1249 2846 1295 2873 sic,
1313 2848 1399 2869 omisso
1417 2847 1515 2870 subinde
1532 2847 1646 2877 Iteiiiynus
1664 2849 1738 2871 Iesus.

1065 2877 1074 2890 ὃ
1091 2878 1164 2900 (totid.
1181 2879 1197 2900 Α
1209 2879 1224 2900 Β
1243 2878 1270 2900 Si
1285 2877 1319 2901 sie
1335 2878 1440 2901 ardebat.

1020 2940 1024 2944 ι
1065 2907 1073 2921 ⁷
1092 2911 1151 2932 toan.
1170 2910 1195 2936 1,
1217 2910 1259 2932 16ε
1282 2910 1307 2931 lit
1330 2910 1358 2931 de
1381 2910 1521 2937 plenitudiue
1544 2910 1593 2932 eius
1616 2916 1657 2932 nos
1680 2916 1761 2933 omnes
1783 2916 1846 2933 acce-

1012 2946 1086 2962 umus.

1003 2947 1008 2968 Ι
1065 2970 1074 2983 ⁸
1092 2972 1167 2993 Mauo.
1186 2972 1228 2998 23,
1247 2971 1284 2994 37.

1861 538 1953 557 Alloeutio
1966 539 1991 557 ad

1874 561 1975 580 Christum.

1859 1723 1991 1742 continuatur.
