2133 3317
269 242 327 270 290
736 239 935 268 OPUSCULUM
956 239 998 268 XI.
1021 239 1183 268 APOLOGIA
1205 240 1387 270 PAUPERUM.
1409 241 1478 270 cAl’.
1501 241 1564 270 VIII.

124 327 208 347 Verbum
216 327 259 345 Am·
270 323 416 349 accrescat.
426 336 463 340 -—
472 320 525 347 Nec
537 318 560 347 ei
573 318 743 355 suffragatur
755 318 889 346 Ambrosii
902 318 1020 346 verbum
1033 318 1052 352 ¹,
1064 326 1120 355 quo

175 351 186 355 ..
241 351 244 354 Ι
1260 319 1303 348 13.
1326 320 1354 348 In
1376 320 1419 348 sui
1442 328 1554 357 quoque
1575 320 1788 349 firmamentum
1810 321 1915 350 erroris
1936 322 2024 358 perfe-
2045 329 2132 356 sapienti.

129 351 254 375 'mmxph'
270 367 381 400 definit,
397 366 467 394 idem
484 373 543 394 esse
558 365 627 393 utile
638 365 713 402 quod
728 365 890 399 honestum,
906 365 1031 402 loquitur
1047 364 1119 393 enim

2036 353 2096 374 litatus
2103 361 2110 374 a
2115 359 2133 378 fl.

129 377 189 394 catur.
1178 365 1276 395 ctionis
1306 366 1444 395 virtutum
1465 369 1493 395 et
1513 367 1693 403 possessionis
1723 375 1809 404 opum
1836 367 2133 404 septiformemversarioffl.

121 1693 196 1712 Utilitas
210 1698 251 1716 pos-

130 1722 240 1735 sessnonum⁴

270 413 303 442 de
325 413 443 442 utilitate
466 412 601 441 bonorum
622 411 845 449 spiritualium,
862 420 916 440 non
932 414 1119 440 terrenorum.

270 461 335 489 Nam
359 460 454 488 eodem
476 459 547 487 libro
559 459 585 487 2:
612 470 625 483 <t
641 458 713 487 Nihil
735 458 820 493 utile,
842 458 894 487 nisi
910 458 984 495 quod
999 458 1033 487 ad
1048 458 1120 487 vitae

269 507 343 535 illius
364 510 492 535 aeternae
514 506 602 543 prosit
623 506 756 542 gratiam,
778 505 942 540 definimus,
964 514 1018 534 non
1045 506 1121 543 quod

269 554 303 582 ad
323 553 532 582 delectationem
556 553 717 590 praesentis.
740 553 835 589 Neque
856 553 950 590 aliqua
978 553 1121 581 commoda

269 601 295 629 111
317 600 495 629 facultatibus
517 604 543 629 et
565 608 649 637 opum
673 600 759 637 copiis
780 600 992 634 constituimus,
1016 600 1062 629 sed
1079 600 1120 629 in-

268 647 413 677 commoda
444 648 512 676 haec
543 650 691 684 putamus,
713 647 734 676 si
756 655 810 675 non
833 647 1010 682 reiiciantur,
1032 655 1121 684 eaque

269 695 345 724 oneri
366 695 469 732 magis,
492 702 555 723 cum
571 694 684 728 adsunt,
702 695 881 723 aestimamus
905 702 989 731 quam
1010 694 1120 731 dispen-

268 742 328 776 dio,
351 749 414 770 cum
436 744 587 779 erogantur
602 753 629 769 ».
652 741 724 770 Idem
747 749 859 778 quoque
874 741 937 770 libri
952 744 1030 778 parte
1045 741 1119 769 alia3

269 790 307 819 sic
327 789 383 817 ait:
410 800 423 813 «
439 789 550 817 Nullum
574 788 773 817 adminiculum
793 791 935 825 praestant
955 788 1066 817 divitiae
1086 788 1120 816 ad

269 836 351 865 vitam
375 836 493 864 beatam.
516 835 595 872 Quod
616 835 757 864 evidenter
772 835 972 864 demonstravit
986 835 1120 863 Dominus

269 884 295 912 in
318 883 464 920 Evangelio
485 883 594 912 dicens:
618 883 703 911 Beati
721 891 883 920 pauperes,
906 882 1044 921 quoniam
1075 890 1120 910 ve-

268 935 364 959 strum
381 934 421 959 est
435 939 559 968 regnum
578 930 635 958 Dei.
652 930 752 964 Beati,
768 930 821 968 qui
838 938 917 958 nune
932 929 1051 958 esuritis
1066 932 1117 958 etc.

268 978 362 1015 Itaque
384 980 592 1014 paupertatem,
613 977 730 1011 famem,
752 977 891 1011 dolorem,
920 985 991 1013 quae
1019 980 1119 1013 putan-

268 1029 315 1053 tur
336 1024 433 1058 mata,
456 1033 509 1053 non
533 1024 621 1053 solum
645 1024 841 1061 impedimento
862 1032 916 1052 non
933 1031 992 1052 esse
1006 1024 1039 1052 ad
1054 1023 1118 1052 bea-

269 1075 325 1100 tam
346 1071 446 1105 vitam,
469 1071 515 1100 sed
537 1071 618 1100 etiam
641 1070 801 1099 adiumento
823 1078 897 1104 esse,
913 1070 1119 1099 evidentissime

268 1119 479 1156 pronuntiatum
501 1121 550 1147 est.
573 1118 623 1147 Sed
645 1121 672 1146 et
693 1118 739 1146 illa
767 1125 839 1154 quae
868 1117 998 1146 videntur
1025 1117 1117 1152 bona,

268 1165 392 1199 divitias,
415 1165 584 1198 satietatem,
607 1165 737 1193 laetitiam
760 1168 904 1201 expertem
928 1164 1046 1198 doloris,
1071 1164 1117 1193 de-

268 1213 430 1242 trimentum
461 1220 521 1241 esse
552 1212 584 1240 ad
616 1212 740 1240 fructum
766 1211 959 1245 beatitudinis,
981 1211 1118 1240 dominico

267 1260 438 1289 declaratum
468 1259 569 1288 iudicio
591 1259 678 1296 liquet
688 1260 708 1287 4.
732 1259 774 1288 Sic
796 1267 862 1296 ergo
883 1267 938 1287 non
961 1259 1049 1287 solum
1071 1258 1119 1287 ad-

267 1307 400 1336 miniculo
421 1315 475 1335 non
498 1310 563 1335 sunt
584 1306 615 1335 ad
637 1307 720 1334 vitam
736 1306 843 1335 beatam
861 1306 986 1342 corporis
1001 1309 1119 1334 externa

267 1355 355 1388 bona,
378 1354 425 1382 sed
447 1354 529 1382 etiam
551 1353 694 1390 dispendio
716 1356 821 1381 sunt».
841 1353 990 1390 Hucusque
1004 1352 1119 1381 Ambro-

268 1401 341 1434 sius,
363 1401 409 1438 qui
432 1404 459 1429 et
481 1400 506 1429 in
530 1400 677 1437 praedictis
699 1400 893 1436 intelligendus
915 1403 956 1428 est
982 1399 1056 1436 loqui
1085 1399 1118 1428 de

270 1448 389 1477 utilitate
410 1448 571 1476 intrinseca
593 1450 620 1476 et
641 1447 794 1484 spirituali,
814 1455 886 1484 quae
901 1447 972 1475 idem
988 1450 1029 1475 est
1044 1446 1118 1484 quod

267 1496 412 1529 honestas,
434 1503 488 1523 non
511 1498 603 1523 autem
625 1494 659 1523 de
680 1495 860 1528 extrinseca,
883 1494 917 1523 de
932 1502 987 1531 qua
1002 1494 1094 1522 Canon
1107 1493 1117 1510 ⁵

267 1543 350 1571 habet
372 1542 501 1579 intelligi,
523 1542 676 1571 secundum
699 1549 783 1578 quem
798 1541 879 1570 etiam
896 1541 1057 1578 pronuntiat
1072 1541 1118 1569 Sa-

267 1590 360 1628 piens,
382 1590 527 1618 utiliorem
549 1598 608 1618 esse
629 1589 807 1626 sapientiam
828 1598 896 1617 eum
917 1588 1038 1617 divulsis.

349 1638 392 1665 ta.
416 1637 485 1665 Sunt
506 1636 579 1665 enim
608 1636 795 1673 possessiones
817 1638 943 1664 terrenae
974 1635 1056 1664 utiles
1084 1634 1118 1663 ad

268 1684 509 1714 511516111111116111116
540 1687 674 1717 naturae,
706 1683 739 1711 ad
771 1691 856 1719 opera
878 1683 1016 1711 humanae
1038 1682 1118 1710 indu—

269 1732 367 1765 striae,
390 1731 530 1759 nonnullis
561 1731 643 1759 etiam
675 1730 709 1759 ad
741 1730 875 1758 exercitia
896 1730 1008 1758 virtutis
1029 1729 1119 1766 perfe-

267 1782 345 1813 ctae;
367 1778 414 1807 sed
436 1778 489 1806 hoc
511 1786 564 1806 non
588 1777 658 1806 inest
679 1777 718 1806 eis
733 1785 767 1806 ex
785 1785 813 1805 se
829 1777 910 1813 ipsis,
927 1776 973 1805 sed
988 1784 1024 1805 ex
1040 1779 1118 1813 parte

267 1825 381 1854 utentis.
415 1825 490 1853 Unde
520 1824 691 1861 Augustinus
722 1824 749 1852 in
782 1824 836 1852 tine
857 1823 921 1852 libri
955 1823 1034 1851 Unde
1054 1831 1118 1851 ma-

267 1873 326 1901 tum
340 1873 349 1889 ⁷
363 1882 371 1900 .-
399 1884 411 1896 «
427 1872 495 1908 Qui,
515 1871 620 1908 inquit,
636 1871 705 1900 bene
720 1871 760 1899 uti
776 1871 836 1899 vult
852 1870 1051 1907 temporalibus
1070 1870 1118 1899 bo-

268 1920 310 1949 nis
341 1928 395 1948 non
427 1919 466 1948 eis
497 1927 592 1947 amore
614 1919 802 1956 agglutinetur
834 1921 860 1947 et
889 1918 966 1946 velut
993 1917 1118 1946 membra

267 1967 350 1995 animi
373 1967 415 1995 sui
438 1967 534 2000 faciat,
556 1966 630 2003 quod
659 1966 689 1994 fit
710 1965 843 2000 amando,
876 1973 926 1999 ne,
958 1973 1021 1993 cum
1044 1972 1117 1993 rese—

267 2014 324 2043 cari
356 2014 513 2050 coeperint,
542 2021 606 2042 eum
634 2013 760 2041 cruciatu
783 2020 814 2041 ac
837 2012 899 2041 tabe
920 2012 1048 2046 foedent,
1070 2011 1118 2040 sed

267 2062 307 2090 eis
328 2064 402 2089 totus
433 2060 627 2097 superferatur
649 2064 676 2088 et
698 2060 801 2088 habere
832 2059 878 2087 illa
909 2062 993 2096 atque
1021 2067 1118 2096 regere

267 2111 382 2145 paratus
403 2107 453 2141 sit,
475 2107 602 2135 amittere
624 2115 690 2135 vero
704 2115 735 2135 ac
750 2115 804 2135 non
821 2106 937 2140 habere,
953 2106 1075 2143 paratior
1090 2118 1116 2134 ».

269 2155 337 2183 Haec
359 2154 536 2191 Augustinus.
559 2155 635 2190 Quae
656 2162 801 2190 nunquam
823 2154 942 2187 diceret,
965 2154 987 2182 si
1010 2156 1117 2190 tempo-

268 2202 336 2230 ralia
356 2202 428 2230 bona
450 2205 541 2230 essent
564 2201 655 2235 utilia,
678 2200 831 2230 secundum
854 2200 929 2237 quod
954 2200 1024 2229 idem
1050 2200 1118 2229 utile

267 2252 294 2277 et
315 2249 478 2283 honestum,
501 2249 566 2286 quia
587 2248 681 2277 nullus
696 2251 770 2276 recte
792 2248 901 2284 sapiens
922 2247 1043 2284 paratior
1059 2255 1118 2276 esse

267 2296 348 2325 debet
377 2296 546 2324 honestatem
578 2295 705 2324 amittere
733 2303 816 2332 quam
846 2302 966 2323 servare.
1000 2295 1117 2323 Multum

267 2342 352 2380 igitur
373 2351 389 2370 a
410 2350 476 2371 vera
497 2342 630 2379 sapientia
650 2342 756 2371 discors
777 2342 830 2370 suit
850 2342 897 2379 qui
927 2342 954 2370 in
981 2345 1118 2378 tempora-

267 2390 340 2419 libus
362 2390 496 2419 Ecclesiae
517 2390 596 2418 bonis
617 2390 764 2418 honestum
779 2389 813 2417 ab
832 2389 891 2417 utili
908 2397 962 2417 non
978 2389 1116 2418 dIscrevit.

1178 413 1298 450 assignat
1326 413 1552 450 germanitatem,
1573 414 1682 448 dicens,
1704 414 1779 451 quod
1798 425 1811 439 (ι
1827 414 1960 444 Dominus
1982 424 2026 444 vo-

2037 399 2113 420 ductae*

1178 460 1245 494 luit,
1267 460 1410 489 ministros
1431 461 1566 489 Ecclesiae
1588 461 1678 497 ipsum
1701 461 1821 497 perfecte
1840 462 1917 499 sequi
1933 462 2026 491 1101611-
2067 497 2070 500 ,

1178 509 1219 535 tes
1241 507 1344 535 habere
1375 507 1447 535 hona
1478 508 1635 536 communia
1666 508 1777 536 mobilia
1805 510 1832 537 et
1859 508 2025 544 immobilia,

1178 554 1268 590 primo
1291 558 1404 591 propter
1426 555 1570 583 cautelam
1592 554 1785 592 futurorum,
1808 556 1883 592 quod
1898 559 1939 584 est
1960 564 2042 593 pru-.

1178 600 1301 634 dentiae;
1317 600 1454 634 secundo,
1470 604 1585 637 propter
1599 601 1837 630 sustentationem
1853 602 2027 631 ministran-

1179 647 1270 682 tium,
1292 647 1366 684 quod
1388 651 1430 676 est
1450 648 1587 683 iustitiae;
1609 648 1707 683 tertio,
1724 648 1750 676 in
1765 652 2027 678 sustentamentum

1178 694 1338 731 eyentiuin,
1361 694 1435 731 quod
1457 697 1499 723 est
1520 694 1744 728 miscricordiae3
1767 699 1877 732 quarto,
1907 696 1934 724 in
1962 705 2027 725 mu-

1179 745 1246 770 tuae
1267 742 1403 770 caritatis
1424 742 1659 776 nutrimentum;
1682 742 1797 779 quinto,
1813 746 1927 780 propter
1949 743 2027 782 quie-

1179 792 1231 816 tem
1254 789 1514 822 ministrantium,·
1536 792 1632 823 sexto,
1654 789 1682 817 in
1705 789 1834 818 aliorum
1864 790 2027 827 eateniptum

1177 839 1205 864 et
1233 835 1418 873 lctryitionem
1449 835 1720 874 eleemosynae-unu
1751 837 1883 873 septimo,
1913 840 2027 874 propter

1180 881 1412 919 conformitatem
1436 883 1476 911 att
1490 882 1638 911 caelestem
1654 883 1789 918 curiam,
1806 884 1886 913 cuius
1901 887 1942 913 est
1953 893 2027 922 par-

1178 930 1309 966 ticipatio
1325 930 1356 958 in
1370 929 1402 957 itl
1416 929 1513 967 ipsum
1526 930 1536 945 8
1552 942 1578 958 n.
1602 930 1643 958 Ex
1658 930 1761 967 quibus
1775 930 1904 959 omnibus
1919 932 2026 968 arguit,

1177 977 1250 1014 quod
1273 977 1376 1005 habere
1399 977 1584 1013 possessiones
1606 977 1805 1006 ecclesiasticas
1830 977 2026 1014 perfectionem

1177 1032 1231 1052 non
1254 1023 1369 1057 minuit,
1392 1023 1439 1052 sed
1461 1026 1644 1052 consummat.

1258 1071 1302 1099 tlt.
1325 1071 1499 1108 Quamquam
1530 1074 1623 1099 autem
1652 1071 1857 1108 praedictarum
1886 1071 2025 1100 rationum
2046 1078 2133 1101 Ratiocittu

2038 1103 2078 1121 eius
2086 1105 2112 1122 est
2118 1106 2133 1124 af.

1176 1118 1350 1154 aggregatio,
1372 1118 1602 1154 superficietenus
1617 1118 1802 1152 considerata,
1819 1118 1918 1147 efficax
1935 1118 2025 1147 videa-
2037 1126 2082 1145 ficax
2098 1129 2133 1148 eim.

1178 1167 1223 1193 tur
1245 1168 1272 1193 et
1293 1164 1355 1201 pia3
1378 1165 1399 1193 si
1422 1168 1512 1193 tamen
1535 1165 1702 1193 discutiatur
1727 1165 1860 1199 interius,
1888 1164 2025 1203 inefficax

1177 1211 1318 1240 invenitur
1339 1215 1366 1239 et
1388 1211 1489 1249 impia.
1514 1212 1564 1240 Pro
1586 1220 1618 1241 eo
1634 1212 1759 1241 videlicet
1774 1215 1816 1241 est
1830 1212 1935 1249 impia,
1950 1212 2024 1250 quia,

1176 1258 1197 1286 si
1221 1258 1364 1286 mobilium
1387 1261 1414 1286 et
1434 1258 1618 1287 immobilium
1641 1259 1796 1288 communis
1810 1259 1947 1296 possessio
1962 1267 2025 1296 per-

1175 1305 1320 1334 fectionem
1342 1313 1396 1333 non
1418 1305 1563 1339 diminuit,
1579 1305 1625 1334 sed
1642 1306 1734 1342 potius
1749 1306 1884 1343 complet;
1907 1306 1954 1343 qui
1970 1314 2024 1335 non

1176 1352 1268 1381 valent
1289 1360 1339 1380 nec
1362 1352 1459 1380 volunt
1480 1353 1548 1381 haec
1568 1353 1708 1389 possidere
1723 1354 1896 1388 communia,
1911 1353 2025 1390 perfecti

1175 1407 1235 1428 esse
1256 1408 1310 1428 non
1334 1403 1457 1436 possunt.
1481 1400 1611 1436 Insuper,
1634 1408 1697 1429 cum
1713 1400 1841 1429 Christus
1859 1404 1886 1429 et
1906 1400 2025 1438 Apostoli

1175 1446 1334 1475 huiusmodi
1350 1447 1536 1483 possessiones
1556 1447 1713 1476 immobiles
1734 1456 1787 1476 non
1804 1447 1968 1482 habuerint,
1984 1455 2026 1477 se-

1176 1493 1289 1530 quitur,
1322 1493 1396 1530 quod
1428 1497 1635 1522 consummatae
1666 1494 1842 1531 perfectionis
1863 1494 2025 1531 exemplum

1176 1549 1230 1569 non
1252 1541 1354 1569 effulsit
1376 1541 1403 1569 in
1425 1541 1472 1569 eis.
1497 1540 1634 1579 lneffiectx
1666 1549 1748 1575 vero,
1770 1541 1836 1578 quia
1856 1541 1957 1570 eisdem
1981 1550 2025 1570 ra-

1176 1588 1298 1616 tionibus
1319 1591 1409 1624 potest
1430 1588 1511 1616 etiam
1534 1588 1635 1625 aliquis
1666 1588 1752 1617 laicus
1784 1591 1923 1617 uxoratus
1954 1588 2025 1617 bona

1176 1643 1227 1663 sua
1259 1635 1395 1669 retinere,
1430 1635 1570 1669 videlicet,
1592 1638 1624 1663 ut
1644 1635 1813 1672 prudenter,
1835 1635 1922 1670 iuste,
1945 1636 2025 1665 mise-

1176 1682 1323 1711 ricorditer
1344 1686 1371 1711 et
1393 1682 1535 1711 caritative
1568 1682 1791 1711 ministrantibus
1822 1682 1932 1711 Christo
1960 1683 2025 1712 sub-

1176 1729 1283 1763 veniat,
1305 1729 1338 1757 ad
1361 1729 1472 1758 illorum
1504 1729 1626 1766 quietem
1649 1732 1676 1758 et
1697 1730 1815 1758 aliorum
1848 1730 2024 1766 exemplum,

1176 1776 1330 1805 secundum
1359 1776 1577 1805 conformitatem
1606 1776 1640 1805 ad
1669 1777 1829 1805 civitatem⁹
1858 1785 2024 1814 supernam,

1176 1824 1203 1852 in
1225 1832 1281 1861 qua
1302 1827 1343 1853 est
1367 1824 1580 1853 communicatio
1612 1824 1688 1861 larga
1719 1824 1865 1853 bonorum.
1892 1825 1944 1853 Aut
1976 1825 2025 1862 igi-

1175 1874 1222 1899 tur
1243 1871 1305 1900 talis
1332 1872 1385 1900 erit
1414 1871 1568 1908 perfectus,
1596 1874 1646 1900 aut
1672 1871 1795 1908 praefata
1822 1871 1893 1900 ratio
1921 1872 2025 1901 nullius

1175 1918 1313 1947 efficaciae
1335 1926 1395 1947 esse
1416 1918 1599 1947 convincitur.
1622 1936 1658 1938 —
1680 1919 1818 1955 Amplius,
1846 1919 1917 1947 sicut
1938 1919 2024 1948 eccle-

1176 1966 1285 1994 siastica
1317 1966 1388 1994 bona
1410 1965 1479 1994 bene
1501 1965 1645 1995 utentibus
1667 1969 1732 1994 sunt
1754 1966 1870 1995 materia
1891 1974 2025 1995 exercen-

1175 2013 1274 2041 darum
1296 2013 1450 2047 virtutum,
1473 2013 1511 2041 sic
1533 2013 1615 2042 etiam
1637 2013 1816 2042 abutentibus
1838 2016 1903 2042 sunt
1921 2013 2025 2042 somen-

1175 2063 1235 2088 tum
1257 2060 1470 2089 multiformium
1500 2060 1735 2096 perversitatum,
1760 2063 1857 2096 utpote
1878 2060 2025 2089 iniustitia-

1176 2116 1239 2135 rum
1251 2110 1278 2136 et
1289 2107 1473 2144 impietatum,
1495 2107 1698 2141 carnalitatum,
1714 2107 1930 2141 contentionum,
1942 2108 2025 2136 simo-

1176 2154 1302 2187 niarum,
1317 2153 1498 2182 ambitionum
1515 2158 1542 2182 et
1557 2153 1738 2182 schismatum
1752 2154 1790 2188 ¹⁰;
1812 2161 1862 2182 nec
1877 2157 1968 2183 tamen
1983 2154 2025 2183 in—

1175 2200 1241 2229 ferri
1264 2202 1354 2237 potest
1376 2203 1489 2237 propter
1518 2200 1677 2229 huiusmodi
1700 2200 1836 2234 abusum,
1858 2201 1932 2238 quod
1953 2201 2025 2230 bona

1175 2246 1335 2275 huiusmodi
1348 2247 1451 2275 habere
1466 2247 1501 2276 sit
1515 2247 1647 2284 impium:
1662 2247 1722 2284 pari
1738 2247 1844 2276 ratione
1858 2247 1954 2276 inferri
1969 2257 2024 2277 non

1175 2294 1291 2331 poterit,
1324 2294 1398 2331 quod
1419 2297 1533 2331 propter
1564 2294 1664 2323 bonam
1685 2294 1916 2331 dispensationem
1944 2299 2024 2324 uten-

1175 2341 1243 2370 tium
1266 2349 1298 2370 ea
1320 2341 1422 2370 habere
1444 2342 1479 2370 sit
1500 2342 1653 2378 perfectum
1675 2342 1702 2370 in
1725 2350 1755 2370 se
1776 2345 1803 2371 et
1824 2342 1965 2377 absolute,
1981 2343 2024 2372 vel

1176 2389 1325 2426 perfectius
1346 2397 1429 2425 quam
1452 2397 1555 2418 carere.

332 2540 339 2552 ¹
359 2541 418 2563 Vide
436 2546 506 2568 supra
525 2547 547 2562 11.
564 2540 585 2562 9.

332 2579 340 2592 2
358 2580 418 2602 Libr.
438 2581 452 2601 l.
470 2580 498 2602 de
516 2579 602 2602 Officiis
620 2579 791 2606 ministrorum,
809 2586 829 2602 c.
848 2580 870 2602 9.
886 2586 908 2601 n.
927 2580 964 2602 28.

331 2618 340 2631 ³
357 2619 419 2641 Libr.
447 2620 469 2641 ll.
492 2625 511 2641 c.
536 2619 557 2641 ft.
580 2625 602 2641 n.
630 2619 662 2641 15.
686 2622 707 2641 et
730 2625 748 2640 6.
773 2619 794 2641 5.
818 2625 840 2641 n.
867 2619 901 2641 16.
927 2620 1045 2647 Allegatur
1063 2620 1117 2641 Luc.

269 2659 295 2686 6,
313 2659 350 2680 20.
368 2665 416 2687 seq.

331 2697 340 2709 ⁴
359 2698 444 2720 Tertiis
462 2698 579 2725 originalis
596 2698 675 2720 addit:
691 2706 703 2718 «
714 2704 767 2720 cum
780 2698 864 2720 dicitur
876 2697 944 2727 [Luc.
957 2698 983 2724 6,
996 2698 1034 2720 24.
1046 2697 1116 2727 seq.]:

273 2736 318 2758 Vae
335 2735 399 2759 vvobis
417 2736 544 2759 ‹liz-itibus!
561 2736 615 2766 quia
635 2736 722 2760 habetis
740 2736 924 2760 consolationem
944 2738 1055 2760 resti-[tm.
1071 2737 1118 2760 Vae

268 2774 350 2798 vobis!
368 2775 410 2805 qui
425 2776 530 2799 saturati
553 2776 620 2804 eslt's,
646 2775 702 2806 quia
727 2775 844 2799 esurietis.
867 2777 894 2798 Et
911 2776 954 2798 illis
971 2777 1011 2805 qui
1029 2776 1116 2803 rident,

269 2814 322 2842 quia
341 2814 452 2842 lugebunt
464 2824 485 2837 n.
503 2815 614 2843 Superius
632 2822 674 2843 pro
692 2815 859 2838 detrimentum
884 2822 933 2838 esse
959 2818 1032 2838 textus
1049 2815 1117 2843 origi-

269 2853 326 2875 nalis
343 2852 482 2877 detrimento
500 2860 560 2879 esse.
579 2855 619 2883 qui
637 2855 705 2876 etiam
723 2855 818 2876 inferius
833 2854 931 2877 vocibus
943 2855 1044 2877 f’aelerna
1056 2853 1117 2877 bona

269 2892 375 2919 praefigit
392 2893 441 2914 aul.

333 2930 341 2942 ⁵
360 2931 433 2959 Supra
452 2938 474 2953 11.
491 2932 513 2953 9.
530 2932 649 2960 allegatus.
666 2945 696 2948 —
713 2933 822 2961 Sequitur
840 2933 913 2955 Eccle.
930 2932 957 2960 7,
979 2933 1021 2955 12:
1038 2932 1117 2955 UtiHOr

270 2972 304 2992 est
320 2971 431 2998 sapientia
450 2977 502 2993 cum
521 2971 615 2994 divitiis.
632 2985 661 2987 —
679 2972 722 2994 Pro
744 2971 876 2995 secundum
901 2978 971 3002 quem
996 2972 1012 2995 C
1037 2977 1116 2995 secuit-

269 3009 326 3032 dum
344 3016 424 3039 quant.
443 3010 499 3032 Edd.
517 3011 611 3037 legunt:
630 3011 670 3039 qui
687 3010 749 3039 [Vat.
768 3015 790 3033 et
807 3011 843 3033 ed.
863 3012 870 3033 vl
893 3010 966 3041 quod]
984 3011 1041 3033 etin
1053 3017 1118 3039 prae-

269 3049 336 3071 dictis
353 3049 506 3076 intelligendis
523 3050 651 3078 loquitur...
668 3056 713 3072 nou
731 3054 808 3072 autem
826 3051 855 3073 de
872 3051 1010 3079 extrinseca,
1023 3050 1052 3073 de
1070 3056 1115 3079 qua

1174 2547 1220 2563 11011
1238 2540 1287 2570 [ed.
1306 2541 1314 2562 rl
1337 2540 1364 2563 de
1381 2546 1428 2570 qua
1446 2546 1522 2563 canon
1533 2549 1542 2567 ;
1554 2540 1592 2562 ed.
1609 2541 1622 2562 2
1641 2539 1668 2562 cle
1679 2546 1726 2569 qua
1739 2546 1766 2562 ea
1778 2539 1838 2569 nort]
1851 2539 1935 2562 habent
1951 2540 1996 2569 [ed.
2010 2540 2018 2562 l

1174 2579 1254 2609 habet]
1272 2580 1377 2608 intelligi,
1395 2579 1525 2602 secundum
1543 2579 1606 2608 quod
1625 2579 1692 2601 etiam
1712 2579 1846 2607 pronuntiat
1862 2583 1906 2602 etc.

1238 2618 1247 2632 ⁵
1264 2619 1317 2641 Vnt.
1335 2622 1357 2641 et
1373 2619 1410 2641 ed.
1428 2620 1440 2640 2
1458 2620 1479 2642 et
1496 2619 1691 2641 sustentamenta.

1238 2657 1247 2671 ⁷
1266 2658 1354 2680 Scilicet
1370 2658 1432 2680 Libr.
1451 2659 1465 2680 l.
1482 2658 1512 2680 de
1529 2657 1578 2679 Lib.
1595 2657 1649 2679 Arb.
1669 2657 1701 2682 (in
1718 2664 1779 2686 quo,
1804 2660 1866 2680 mota
1887 2657 2023 2686 quaestione

1176 2697 1241 2720 Unde
1258 2696 1363 2725 nicilum,
1381 2697 1518 2724 explicatur,
1535 2696 1590 2725 qnid
1604 2696 1632 2718 sit
1644 2696 1703 2718 male
1715 2702 1784 2723 agere
1797 2696 1850 2724 etc.)
1863 2702 1882 2718 6.
1896 2696 1932 2718 15.
1945 2703 1965 2718 11.
1979 2696 2021 2719 33:

1175 2737 1210 2758 llle
1228 2740 1316 2763 autem,
1335 2736 1373 2765 qui
1392 2739 1453 2758 recte
1471 2737 1505 2758 his
1517 2735 1608 2765 [rebus]
1621 2735 1703 2763 utitur,
1716 2735 1821 2757 ostendat
1837 2735 1944 2764 quidem,
1962 2734 2021 2757 bona

1174 2782 1237 2803 esse,
1256 2776 1296 2798 sed
1314 2782 1360 2797 non
1378 2775 1434 2801 sibi,
1452 2781 1497 2797 non
1515 2776 1576 2797 enim
1594 2781 1647 2797 eum
1665 2774 1752 2797 bonum
1765 2775 1914 2797 melioremve
1927 2774 2022 2801 faciunt,

1174 2815 1213 2837 sed
1232 2814 1262 2836 ab
1279 2821 1306 2837 eo
1325 2815 1401 2842 potius
1419 2814 1491 2841 1iunt3
1509 2817 1530 2836 61
1549 2814 1600 2836 idco
1619 2820 1664 2836 non
1680 2814 1713 2836 eis
1725 2820 1803 2836 amore
1816 2813 1972 2841 agglutinetur
1984 2819 2022 2835 ne-

1174 2861 1220 2883 que
1238 2855 1301 2876 velut
1319 2853 1447 2876 membra...
1465 2860 1559 2881 regere,
1572 2860 1625 2876 cum
1638 2860 1698 2881 opus
1715 2857 1761 2881 est,
1778 2858 1873 2882 paratus
1885 2857 1907 2876 et
1918 2853 2021 2876 amittere

1174 2899 1201 2915 ac
1218 2899 1264 2915 non
1281 2892 1379 2921 habere,
1397 2893 1504 2921 paratior.

1236 2931 1245 2944 ⁸
1264 2933 1344 2954 psalm.
1364 2932 1417 2958 121,
1435 2932 1456 2954 3.
1473 2944 1504 2948 —
1522 2932 1633 2960 Superius
1652 2934 1703 2960 post
1720 2931 1819 2961 quietem
1838 2931 1884 2959 (ed.
1902 2932 1915 2953 2
1933 2930 2021 2961 quieta·

1174 2971 1263 2997 dinem.)
1282 2977 1307 2994 ex
1327 2972 1343 2993 Α
1354 2971 1423 2994 BCG
1441 2971 1603 2999 supplevimus
1620 2970 1819 2994 ministrantium.

1237 3009 1246 3022 ⁹
1264 3011 1318 3033 Fide
1336 3012 1351 3032 Α
1364 3010 1433 3032 BCG
1450 3010 1584 3033 addidimus
1600 3010 1633 3033 ad
1648 3010 1772 3034 civitatem.

1237 3048 1256 3061 ¹⁰
1274 3050 1325 3071 Vat.
1343 3050 1425 3072 omittit
1443 3049 1643 3072 contentionum...
1659 3049 1824 3073 schismatum.

2037 1149 2075 1173 pia.

2041 1219 2102 1244 lmpia.

2040 1549 2110 1569 ineffica

2040 1926 2082 1946 Alia
2093 1931 2109 1945 τε
2120 1938 2123 1944 .
