2133 3317
264 241 321 270 [426
482 238 679 268 OPUSCULUM
701 237 767 265 XVI.
790 235 965 265 EXPOSITIO
986 235 1090 264 SUPER
1110 235 1266 264 REGULAM
1288 236 1443 265 FRATRUM
1463 236 1626 265 MINORUM.
1648 236 1717 265 CAP.
1739 236 1803 265 VIII.

269 319 390 348 Ordinis
403 316 614 356 yabernatione
635 318 662 344 et
683 314 888 351 pertinentibus
908 314 943 342 ad
964 314 1049 343 totius
1064 314 1117 342 Or-

265 366 337 395 dinis
360 364 527 393 immobilem
560 365 672 391 statum.
707 362 734 390 In
761 362 843 390 tertia
873 361 965 398 agitur
997 361 1031 390 de
1058 370 1117 389 ere-

1253 314 1280 342 li.
1303 314 1355 343 Pro
1376 315 1457 343 tertIa
1489 317 1567 352 parte
1588 314 1699 344 subdit:
1724 315 1758 343 Et
1779 323 1880 344 cavere
1907 315 2021 350 debent,
2049 323 2130 349 reru-sn.

1175 360 1308 395 Ministri,
1335 369 1370 389 ne
1391 361 1573 390 irascantur.
1595 362 1637 389 lra
1658 362 1730 390 enim
1757 365 1798 390 est
1820 362 1931 391 habitus
1959 370 2022 391 cum
2034 348 2130 390 iiffissiii*

119 565 193 584 Primae
207 569 248 587 par-

128 589 152 607 tis
165 588 239 607 divisio.

131 799 200 821 Primo,
213 803 256 822 pec-

119 824 203 842 catorum
210 827 256 846 pon-

119 846 199 865 deratio.

121 1552 214 1574 Secundo,
225 1557 254 1571 eo-

132 1581 174 1595 rum
189 1581 252 1595 corre-

265 413 376 441 ctione¹
400 411 530 440 atioram
552 418 571 437 a
597 417 687 443 casa,
710 408 894 445 praedicando
927 408 1043 437 verbum
1077 408 1117 437 di-

265 460 370 488 vinum.

344 506 434 534 PrIma
466 512 531 541 pars
562 504 646 532 habet
677 506 742 532 tres.
766 503 856 531 Primo
888 502 961 531 enim
993 502 1118 539 tangitur

265 556 442 591 peccatorum
478 551 570 580 debita
600 550 771 587 ponderatio.
804 549 930 578 Secundo
965 549 1117 578 eorundem

265 600 392 629 ordinata
413 598 565 632 correctio,
587 597 642 626 ibi:
672 597 733 634 Ipsi
756 605 824 625 vero
856 596 995 625 Ministri.
1025 597 1118 625 Tertio

264 647 395 676 subditur
409 645 600 674 Ministrorum
623 644 737 681 propria
751 644 923 678 informatio,
945 643 997 672 ibi:
1021 644 1055 672 Et
1069 652 1118 672 ca-

265 702 330 723 vere
352 693 458 722 debent.

345 743 373 770 2.
395 741 466 769 Dicit
481 748 562 777 ergo:
586 740 619 769 Si
639 740 692 778 qai
705 740 866 772 Fratrum,
888 738 1048 776 instiyante
1062 738 1118 767 ini-

265 788 356 822 mico;
371 790 476 825 quanto
491 787 562 816 enim
585 786 686 824 aliquis
704 786 795 814 maius
821 785 904 814 habet
919 785 1043 814 studiUm
1059 793 1119 821 per—

266 835 402 869 fectum2,
431 838 507 863 tanto
535 834 697 863 fortioribus
726 836 823 862 contra
848 840 912 861 eum
942 831 1118 860 machinatur

266 883 388 917 insidiis;
411 882 576 911 mortaliter
601 880 804 919 peccaverint,
834 879 909 917 quod
934 879 966 907 fit
994 879 1020 907 in
1044 879 1118 907 omni

266 930 425 959 voluntaria
453 929 674 966 transgressione
696 927 835 965 praecepti
865 927 933 964 legis
954 926 1064 955 divinae
1092 929 1119 955 et

265 977 435 1014 disciplinae.
460 977 520 1005 Pro
534 976 593 1005 iltis
611 975 753 1013 peccatis,
769 975 804 1003 <le
818 973 924 1013 quibas
946 973 1119 1002 ordinatum

265 1023 357 1062 faerit
380 1024 455 1052 inter
477 1024 616 1057 Fratres,
639 1025 671 1051 at
693 1024 872 1050 recurratur
900 1021 940 1049 ad
967 1020 1043 1049 solos
1065 1020 1118 1048 Mi-

266 1072 378 1100 nistros
396 1070 610 1109 provinciales,
633 1070 713 1098 iuxta
734 1069 808 1106 quod
826 1068 959 1097 Dominus
982 1068 1118 1096 maiorum

265 1119 475 1149 daemoniorum
502 1118 663 1146 eiectionem
692 1117 751 1145 suis
779 1116 921 1145 miraculis
950 1115 1118 1149 reservavit,

266 1167 338 1195 sicut
369 1168 444 1202 patet
476 1164 603 1193 Matthaei
626 1164 734 1193 decimo
766 1163 883 1200 septimo
895 1163 914 1190 3.
954 1163 1120 1190 Tcneantar

264 1212 413 1251 praedicti
434 1213 557 1240 Fratres
586 1212 626 1240 art
647 1220 693 1239 eos
721 1219 888 1244 recurrere,
911 1218 1001 1248 quam
1033 1209 1119 1237 citius

262 1263 417 1298 poterant,
436 1259 498 1287 sinc
513 1267 607 1287 mora.
624 1259 677 1287 Hoc
692 1258 725 1287 de
741 1257 857 1286 notoriis
872 1260 980 1285 tantum
1001 1256 1120 1293 peccatis

266 1307 447 1344 intelligitur,
470 1306 536 1343 quia
557 1313 629 1343 quae
651 1308 758 1334 secreta
779 1308 844 1333 sunt
865 1313 919 1333 non
942 1307 1007 1333 sunt
1029 1304 1120 1341 publi-

266 1355 352 1384 canda
363 1356 383 1382 ⁴².
406 1354 525 1383 Gravius
546 1354 618 1382 enim
642 1355 684 1382 est
709 1356 867 1389 peccatum,
890 1351 963 1389 quod
986 1352 1013 1380 in
1042 1359 1120 1380 scan-

266 1402 359 1431 dalum
382 1401 500 1430 aliorum
524 1400 633 1438 publice
649 1403 837 1437 perpetratur,
859 1407 942 1436 quam
965 1399 1120 1434 occultum,

266 1450 366 1479 ceteris
389 1449 519 1486 paribus;
542 1451 568 1477 et
590 1448 651 1477 ideo
672 1447 844 1484 puniendum
868 1450 910 1476 est
930 1447 1052 1484 gravius.

347 1497 372 1525 3.
396 1496 528 1533 Sequitur
553 1494 722 1524 secundum:
746 1494 809 1531 Ipsi
835 1503 903 1523 ‘uero
926 1493 1072 1528 Ministri,
1094 1493 1122 1522 si

268 1543 432 1582 presbyteri
462 1546 552 1576 sunm
583 1542 657 1579 quod
691 1542 857 1579 regulariter
879 1545 920 1571 est
951 1541 1119 1575 tenendum,

268 1599 331 1621 cum
354 1591 474 1620 habeant
502 1598 599 1619 curam
621 1590 794 1623 animarum,
820 1592 847 1618 et
875 1597 924 1626 per
947 1596 1120 1625 consequens

267 1639 386 1667 debeant
406 1638 506 1666 vultus
526 1646 665 1674 pecorum
685 1645 811 1665 sacram
831 1644 1000 1673 cognoscere
1012 1636 1022 1653 ⁵
1044 1639 1072 1664 et
1093 1636 1120 1664 in

268 1686 321 1715 fide
336 1693 366 1714 ac
382 1685 509 1714 moribus
530 1684 668 1713 ordinare.
689 1683 762 1712 Istud
778 1687 870 1712 autem
886 1683 990 1712 dictum
1007 1686 1048 1711 est
1070 1691 1121 1719 pro

267 1733 379 1761 Ordinis
407 1732 557 1769 principi0,
584 1732 611 1760 in
633 1740 689 1768 quo
703 1733 763 1759 erat
785 1731 886 1767 inipso
909 1731 1009 1759 raritas
1031 1738 1121 1759 sacer-

268 1780 381 1814 dotum,
403 1779 526 1808 maxime
548 1779 614 1816 quia
635 1781 748 1807 sanctus
769 1778 933 1806 Franciscus
954 1786 989 1806 ex
1012 1777 1122 1805 humili-

267 1830 323 1856 tate
345 1826 469 1864 legitur⁶
492 1825 677 1855 sacerdotium
705 1825 824 1862 fugisse,
853 1825 925 1854 siout
954 1827 981 1853 et
1009 1827 1122 1853 sanctus

268 1873 440 1902 Benedictus.
466 1873 537 1901 Cum
560 1872 768 1901 misericordia
790 1871 950 1909 iniungant
979 1871 1037 1900 illis
1057 1880 1122 1908 poe-

267 1921 430 1949 nitentiam.
463 1920 534 1949 Cum
563 1919 787 1953 misericordia,
816 1919 923 1956 inquit,
951 1926 985 1947 ne
1014 1918 1123 1947 eveniat

269 1968 343 2005 quod
365 1968 468 1997 dicitur
484 1967 633 1996 Ezechielis
654 1967 797 2004 trigesimo
812 1969 914 2003 quarto
926 1966 953 1994 7;
971 1966 1044 1995 Cam
1067 1974 1122 1994 au-

267 2015 397 2044 steritate
418 2014 611 2052 imperabatis
626 2014 667 2042 eis
681 2017 708 2042 et
721 2022 789 2042 cam
807 2013 954 2051 potentia,
970 2017 995 2042 et
1009 2013 1121 2050 disper-

267 2071 319 2091 sae
338 2065 409 2090 sant
430 2070 494 2090 oves
515 2070 609 2095 meae,
631 2070 662 2089 eo
684 2061 762 2099 quod
782 2069 840 2089 non
866 2064 935 2089 esset
953 2064 1068 2097 pastor.
1083 2077 1121 2081 ——

269 2109 302 2138 Si
322 2118 390 2137 vero
407 2108 574 2146 presbyteri
599 2117 659 2136 non
679 2111 765 2141 sant,
787 2107 907 2145 inittnyi
925 2106 1042 2144 faciant
1067 2116 1121 2144 per

269 2157 357 2190 alios,
372 2156 536 2184 sacerdotes
554 2155 688 2189 Ordinis,
704 2155 779 2183 sicat
793 2155 835 2183 eis
848 2155 1009 2183 secandum
1029 2155 1120 2183 Deam

269 2204 374 2232 metius
395 2203 541 2232 videbitur
566 2203 709 2240 expedire.

1175 415 1291 436 assensu
1306 408 1384 436 liberi
1407 408 1515 436 arbitrii
1531 409 1559 437 in
1578 409 1798 437 malevolentIam
1810 409 1830 437 ⁸.
1846 409 1900 438 Hoc
1922 409 2024 438 idcirco

1175 455 1305 489 dixerim,
1318 455 1384 492 quia
1395 455 1484 484 vitare
1499 464 1594 484 omnes
1602 456 1756 492 passiones
1766 456 1957 493 sztrreptitias
1969 457 2026 485 irae

1175 510 1230 530 non
1252 505 1293 531 est
1316 502 1342 530 in
1365 502 1484 531 hominis
1513 505 1655 538 potestate.
1679 502 1786 531 Sufficit
1813 506 1905 532 autem
1928 503 2026 532 volun-

1176 549 1239 577 tatis
1255 549 1449 577 rectitudinem
1465 549 1606 578 custodire
1627 552 1654 578 et
1668 551 1761 578 motus
1781 550 1940 578 huiusmodi
1957 550 2026 578 irra-

1176 596 1291 625 tionales
1322 596 1392 625 citra
1420 604 1585 625 consensum
1617 596 1736 625 viriliter
1771 597 1919 631 cohibere,
1953 597 2026 626 Psal-

1175 652 1238 672 mus
1250 644 1277 671 ⁹:
1294 643 1468 672 Irascimini
1481 647 1505 672 et
1520 643 1606 672 nolite
1615 652 1745 680 peecare.
1760 661 1795 665 ——
1810 645 1844 672 Et
1855 644 2026 673 conturben-

1176 694 1240 725 tur,
1262 691 1288 719 id
1304 693 1346 719 est
1367 691 1522 720 turbulenti
1538 694 1565 719 et
1580 691 1719 719 terribiles
1737 691 1894 720 efficiantur
1909 691 2027 721 subditis

1175 738 1249 773 suis;
1268 741 1389 776 propter
1407 741 1563 775 peccatam
1584 738 1729 772 alicuius,
1751 739 1823 777 qaia
1844 739 1894 767 ira
1915 742 1940 767 et
1960 747 2027 768 con-

1176 786 1305 815 turbatio
1333 786 1365 814 in
1393 794 1423 814 se
1454 789 1480 814 et
1500 786 1531 814 in
1562 785 1631 814 aliis
1658 786 1824 823 impediunt
1854 786 2025 821 caritatem,

1176 841 1247 870 quae
1268 836 1310 862 est
1338 832 1394 861 vita
1422 832 1527 866 eordis3
1550 833 1657 869 primae
1684 833 1791 861 Ioannis
1812 833 1894 861 tertio
1909 833 1947 861 ¹⁰:
1971 833 2029 869 Qui

1176 880 1237 909 odit
1256 879 1385 918 fratrem
1407 888 1496 908 sumn
1522 878 1670 908 homicida
1691 883 1740 907 est.
1762 880 1820 908 Non
1848 882 1941 908 autem
1963 888 2027 916 pro-

1176 928 1253 957 hibet
1275 928 1345 956 iram
1368 935 1418 964 per
1438 927 1550 961 zetum,
1566 934 1637 964 quae
1660 927 1750 955 virtus
1771 929 1812 956 est
1830 927 1985 956 necessaria
1999 927 2027 956 in

1176 975 1298 1012 peccatis
1319 974 1499 1011 corrigendis.

1489 1068 1609 1100 (CAPUT
1629 1068 1715 1100 11111.)

1194 1152 1233 1177 ΒΕ
1251 1159 1388 1177 ELECTIONE
1406 1151 1549 1176 GENERALIS
1564 1151 1686 1176 Mmrsrru
1702 1158 1778 1175 11111115
1794 1151 2009 1181 FRATERNITATIS,

1383 1202 1414 1219 ET
1434 1202 1465 1219 nu
1485 1194 1611 1219 CAPiTtJLo
1630 1194 1815 1219 Pnurncosrns.

1248 1285 1365 1309 Universi
1384 1284 1488 1308 Fratres
1507 1291 1585 1308 unum
1605 1284 1633 1308 de
1646 1283 1780 1308 Fratribus
1798 1283 1872 1308 istius
1890 1283 2028 1315 Religionis

1177 1328 1312 1353 teneantur
1331 1335 1428 1359 semper
1447 1327 1538 1352 habere
1557 1327 1698 1358 generalem
1721 1326 1866 1360 Ministrum
1885 1326 1910 1351 et
1929 1334 2029 1351 servum

1177 1372 1257 1397 totius
1285 1370 1456 1395 fraternitatis
1475 1370 1500 1395 et
1519 1371 1540 1394 ei
1566 1370 1700 1394 teneantur
1718 1369 1825 1394 firmiter
1850 1370 1956 1395 obedire.
1976 1369 2028 1399 Quo

1177 1414 1319 1444 decedente,
1338 1414 1423 1439 electio
1443 1414 1591 1438 successoris
1605 1413 1651 1437 fiat
1669 1420 1683 1437 a
1696 1412 1821 1437 Ministris
1834 1412 2028 1444 provincialibus

1177 1458 1202 1483 et
1217 1457 1367 1483 Custodibus
1387 1458 1412 1482 in
1427 1457 1543 1488 Capitulo
1561 1456 1733 1486 Pentecostes,
1753 1457 1778 1481 in
1796 1463 1844 1488 quo
1864 1456 2028 1487 provinciales

1177 1502 1288 1526 Ministri
1307 1501 1442 1526 teneantur
1460 1508 1556 1531 semper
1572 1501 1674 1525 insimul
1693 1501 1835 1530 convenire,
1854 1500 2000 1531 ubicumque
2013 1507 2028 1525 a

1177 1544 1288 1576 generali
1307 1544 1424 1569 Ministro
1444 1543 1520 1568 fuerit
1537 1543 1717 1573 constitutum,
1738 1543 1763 1568 et
1781 1543 1827 1568 hoc
1846 1543 1921 1568 semel
1939 1543 1966 1567 in
1982 1542 2029 1568 tri-

1177 1587 1224 1611 bus
1244 1587 1331 1616 anuis,
1352 1587 1391 1611 vel
1411 1586 1442 1611 ad
1455 1587 1530 1611 alium
1551 1586 1685 1610 terminum
1705 1585 1823 1617 majorem
1836 1585 1876 1610 vel
1894 1586 2027 1616 minorem,

1179 1629 1244 1655 sicut
1263 1637 1278 1654 a
1297 1630 1425 1661 praedicto
1444 1629 1561 1654 Ministro
1582 1629 1658 1653 fuerit
1676 1628 1827 1654 ordinatum.
1848 1628 1882 1653 Et
1906 1629 1928 1653 si
1945 1629 2028 1660 aliquo

1178 1674 1289 1705 tempore
1308 1673 1444 1705 appareret
1462 1673 1623 1697 universitati
1642 1672 1815 1698 Ministrorum
1838 1672 2028 1704 provincialium

1178 1717 1203 1742 et
1223 1717 1371 1746 Custodum,
1393 1716 1547 1747 praedictum
1567 1716 1711 1741 Ministrum
1725 1723 1774 1741 nou
1793 1723 1846 1741 esse
1865 1716 2028 1741 sufficientem

1178 1761 1210 1785 ad
1229 1760 1359 1785 servitium
1372 1760 1397 1785 et
1415 1767 1568 1785 communem
1588 1760 1724 1785 utilitatem
1743 1759 1875 1790 Fratrum,
1895 1759 2029 1784 teneantur

1178 1804 1299 1836 praedicti
1319 1803 1436 1833 Fratres,
1456 1804 1546 1835 quibus
1565 1803 1650 1828 electio
1670 1802 1730 1828 data
1748 1802 1800 1834 est,
1819 1804 1845 1827 in
1863 1803 1962 1828 nomine
1979 1803 2030 1828 Do-

1178 1848 1240 1872 mini
1259 1848 1337 1872 alium
1358 1847 1405 1872 sibi
1424 1847 1514 1878 eligere
1532 1847 1557 1871 in
1572 1846 1714 1871 Custodem.
1732 1846 1795 1871 Post
1814 1846 1958 1878 Capitulum
1970 1853 2029 1871 vero

1178 1891 1341 1916 Pente-costes
1360 1890 1471 1915 Ministri
1484 1890 1509 1915 et
1529 1890 1649 1915 Custodes
1668 1890 1766 1921 possint
1782 1890 1889 1921 singuli,
1909 1890 1930 1915 si
1948 1889 2030 1914 volue-

1179 1934 1231 1959 rint
1250 1934 1275 1959 et
1294 1935 1329 1959 eis
1349 1934 1462 1965 expedire
1486 1933 1625 1963 videbitur,
1645 1933 1729 1958 eodem
1747 1940 1812 1958 anuo
1830 1933 1857 1957 in
1876 1933 1927 1957 suis
1949 1932 2030 1958 custo-

1178 1978 1225 2002 diis
1245 1977 1320 2002 semel
1339 1977 1442 2002 Fratres
1462 1984 1519 2002 suos
1538 1977 1569 2001 ad
1589 1977 1733 2008 Capitulum
1752 1984 1894 2002 convocare.

1511 2066 1694 2095 EXPOSITIO.

1262 2154 1285 2181 t.
1315 2153 1450 2181 Universi
1464 2153 1587 2181 Fratres
1607 2161 1701 2181 anam
1717 2152 1751 2180 de
1765 2151 1926 2180 Fratribus
1941 2152 2028 2180 istius

1177 2200 1343 2238 Religionis.
1357 2200 1403 2229 Hic
1414 2200 1534 2229 secundo
1544 2200 1565 2216 ¹¹
1578 2199 1740 2236 providetur
1751 2199 1885 2228 adversus
1899 2207 2026 2228 occasum

334 2385 341 2398 ¹
361 2386 401 2409 Ed.
423 2387 428 2407 1
451 2385 607 2413 correctione,
626 2385 662 2407 cui
680 2385 699 2407 G
716 2384 781 2407 addit
797 2386 820 2407 et
835 2385 984 2407 retractwne.

334 2425 343 2438 2
361 2425 419 2449 Cod.
435 2426 452 2447 B
462 2424 627 2454 perfectionis,
646 2424 663 2446 1)
675 2423 707 2447 ud
720 2424 869 2453 profectum,
884 2424 923 2452 qui
941 2424 1010 2446 etiam
1023 2423 1122 2446 subinde

271 2468 323 2494 post
340 2464 495 2488 machinatur
512 2464 576 2486 addit
592 2462 706 2492 antiquus
723 2462 805 2486 hostis.

333 2502 343 2516 ⁸
363 2505 426 2526 vers.
443 2503 476 2526 14.
498 2510 575 2532 seqq„
596 2502 636 2525 ubi
649 2505 754 2524 narratur
766 2503 854 2524 curatio
867 2502 932 2530 pueri
950 2502 1042 2524 lunatici
1055 2508 1067 2524 a
1081 2502 1123 2524 Do-

271 2544 333 2566 mino
352 2544 422 2571 sacta,
440 2549 511 2571 quarn
529 2542 635 2570 discipuli
648 2541 678 2564 ob
691 2541 806 2563 modicam
820 2542 890 2564 fidem
903 2547 948 2564 non
961 2541 1121 2569 impetrarunt.

273 2595 302 2599 -——
320 2583 373 2605 Vat.
389 2583 473 2605 omittit
489 2581 619 2605 mutorum.

334 2621 344 2634 ⁴²
361 2622 460 2649 Gregor.
477 2622 514 2643 tx.
540 2621 562 2643 in
579 2620 748 2643 Constitutione
775 2619 826 2648 Quo
852 2619 959 2649 etonqati
975 2620 1025 2649 (cfr.
1052 2626 1122 2648 supra

272 2667 327 2689 pag.
345 2661 402 2688 395,
414 2664 466 2683 nota
484 2660 528 2689 9.),
547 2660 576 2683 ad
589 2666 660 2689 quam
678 2660 746 2682 etiam
762 2659 878 2687 Expositio
890 2663 992 2688 quatuor
1006 2659 1123 2687 Magistro-

272 2706 324 2722 rum
342 2700 366 2722 in
384 2706 403 2722 c.
420 2699 443 2722 7.
468 2700 577 2727 recurrit,
604 2699 742 2721 declaravit:
768 2698 913 2721 Praedictum
936 2698 1063 2726 capitulum
1092 2699 1123 2721 ad

272 2738 399 2768 manifesta
417 2742 507 2761 tantum
524 2741 546 2760 et
555 2737 653 2768 publica
668 2738 789 2765 pertinere.
802 2750 833 2754 —
844 2738 887 2760 Pro
905 2737 1046 2767 intelliqitur
1058 2737 1094 2760 ed.
1108 2738 1117 2759 ¹1

273 2777 338 2801 debet
354 2777 467 2807 intetlz'yi,
487 2781 510 2800 et
526 2778 621 2800 inferius
634 2779 801 2807 perpetratum
818 2778 854 2800 est
869 2783 911 2805 pro
926 2778 1091 2806 peissetrutar.

337 2817 346 2830 ⁵
364 2818 430 2840 Prov.
449 2818 478 2839 27
486 2835 492 2844 ,
506 2818 548 2840 ⁴23:
560 2817 687 2845 DiIIgenter
698 2822 800 2845 agnosce
811 2817 902 2838 vultum
915 2816 1005 2844 pecoris
1017 2816 1050 2838 tui
1062 2819 1124 2838 tuos-

274 2863 320 2885 que
337 2863 421 2885 greges
438 2857 568 2879 considera.
585 2869 616 2873 —
633 2856 748 2884 Expositio
766 2859 866 2884 quatuor
882 2855 1045 2883 blagistrorum
1062 2855 1085 2877 in
1103 2861 1123 2877 c.

274 2896 301 2918 7:
319 2896 349 2918 Ex
367 2897 410 2918 hoc
427 2896 491 2924 quod
509 2896 604 2923 dicitur,
622 2896 687 2924 quod
700 2901 748 2925 pro
762 2894 866 2925 peccatis
883 2894 982 2918 debeant
997 2900 1124 2918 recarrere

274 2934 306 2957 act
322 2934 458 2962 Ministros,
477 2936 557 2957 volunt
574 2935 669 2964 quidam
693 2937 806 2963 astruere,
824 2934 888 2963 quod
906 2940 932 2956 ex
950 2935 1036 2962 Regula
1056 2934 1123 2956 detur

275 2974 382 2996 ministris
399 2980 454 2996 cura
472 2974 601 2996 animarum
615 2975 731 3001 Fratrum;
750 2980 776 2996 ex
794 2975 837 2996 hoc
848 2974 992 3002 vero,quod
1005 2973 1123 3002 sequitur:

275 3013 370 3042 inianui
384 3013 476 3042 fociant
489 3019 534 3042 per
551 3013 624 3040 ulios,
644 3013 778 3036 sacerdotes
796 3012 904 3041 Ordinis,
923 3015 1037 3040 arguunt,
1059 3012 1123 3041 quod

275 3053 369 3076 Ministri
381 3052 466 3075 habent
478 3053 635 3075 auctoritatem
649 3059 728 3075 curam
741 3053 877 3080 delegandi,
888 3053 947 3076 sicut
959 3052 1122 3075 absolutiones.

1243 2382 1253 2396 ⁶
1271 2383 1314 2406 Cfr.
1333 2383 1416 2405 Thom.
1434 2389 1446 2404 a
1463 2382 1558 2410 Gaiano,
1577 2382 1627 2404 Vita
1646 2383 1661 2404 1.
1675 2388 1696 2410 p.
1714 2382 1728 2404 1.
1747 2387 1767 2403 c.
1780 2381 1822 2408 30,
1840 2381 1879 2403 ubi
1899 2381 1983 2403 dieitur
1999 2380 2028 2403 de

1180 2423 1201 2445 S.
1220 2423 1353 2449 Francisco,
1371 2422 1410 2451 qui
1430 2422 1482 2444 tecit
1499 2421 1645 2450 praesepium
1664 2427 1707 2449 pro
1725 2420 1879 2443 celebratione
1892 2420 1976 2442 Natalis
1987 2420 2029 2442 Do-

1180 2462 1248 2485 mini:
1271 2462 1377 2485 induitur
1392 2462 1490 2484 Sanctus
1516 2461 1555 2483 Dei
1580 2461 1676 2483 leviticis
1701 2461 1855 2487 ornamentis,
1879 2461 1933 2489 (11113
1959 2459 2028 2483 levita

1179 2505 1227 2524 erat
1245 2504 1287 2524 etc..

1242 2539 1250 2553 ⁷
1270 2541 1336 2563 Veis
1356 2540 1377 2563 4.
1397 2547 1445 2569 seq.

1242 2579 1251 2592 Β
1270 2581 1299 2602 Ex
1318 2579 1396 2603 verbis
1413 2579 1514 2607 Rabani,
1532 2580 1556 2602 ll.
1574 2579 1595 2601 in
1613 2580 1689 2601 Matth.
1706 2578 1732 2606 5,
1750 2579 1791 2600 22:
1811 2577 1906 2605 Omnis,
1923 2577 1965 2607 qui
1979 2577 2029 2600 ira-

1180 2620 1256 2643 scitur
1272 2619 1348 2649 fratrz'
1363 2625 1419 2647 suo,
1437 2625 1494 2642 reus
1505 2618 1550 2641 era
1567 2617 1665 2645 iudicio,
1684 2618 1749 2646 quod
1769 2617 1803 2639 his
1820 2625 1830 2637 α
1842 2617 1933 2645 aperuit
1953 2617 2028 2639 Domi-

1180 2666 1236 2686 nus,
1254 2665 1346 2681 omnem
1365 2659 1471 2687 iniquum
1489 2660 1578 2680 motum
1596 2657 1624 2679 ad
1643 2657 1775 2679 nocendum
1792 2656 1852 2678 tratri
1870 2656 1892 2678 in
1910 2655 2027 2678 homicidii

1181 2705 1267 2727 genere
1292 2698 1445 2726 computari»
1470 2697 1533 2719 Alex.
1549 2697 1611 2724 Hal„
1630 2697 1693 2718 Sum.
1711 2702 1734 2724 p.
1753 2697 1776 2718 ll.
1794 2703 1818 2725 q.
1835 2696 1888 2718 440.
1913 2702 1943 2717 rn.
1963 2695 1983 2723 1,
2006 2698 2028 2717 et

1180 2738 1279 2764 Albert.,
1297 2738 1362 2760 Sum.
1382 2743 1404 2765 p.
1423 2737 1447 2759 11.
1463 2744 1485 2765 q.
1505 2737 1557 2758 119.
1575 2743 1605 2758 111,
1625 2737 1649 2764 l,
1667 2736 1724 2758 iram
1736 2735 1860 2758 definiunt:
1879 2735 1911 2757 lra
1928 2737 1962 2757 est
1979 2740 2028 2757 nio-

1180 2780 1217 2800 tus
1235 2777 1310 2799 malus
1326 2777 1356 2799 ad
1373 2776 1511 2798 nocendum.
1530 2775 1574 2798 Cfr.
1592 2776 1700 2803 G1·egor.,
1718 2775 1745 2797 V.
1764 2775 1840 2796 llloral.
1858 2780 1878 2796 c.
1895 2774 1932 2796 45.
1950 2780 1971 2795 n.
1989 2773 2028 2796 78.

1180 2823 1254 2845 seqq„
1264 2816 1303 2838 ubi
1317 2816 1384 2838 etiam
1398 2815 1547 2843 distinguitur
1560 2815 1590 2836 ira
1601 2821 1632 2837 cea·
1642 2813 1788 2843 impatientia
1800 2813 1829 2835 ab
1842 2813 1874 2835 ira
1887 2819 1918 2836 θεῖ
1928 2812 1986 2840 zato,
1998 2812 2027 2835 de

1180 2862 1227 2885 quo
1241 2856 1308 2883 paulo
1321 2855 1423 2877 interius.
1436 2855 1496 2877 Vide
1508 2854 1576 2876 etiam
1588 2854 1687 2881 Bonav.,
1700 2854 1733 2875 111.
1745 2854 1807 2875 Sent.
1819 2853 1841 2875 d.
1855 2853 1891 2875 15.
1904 2859 1924 2874 a.
1936 2853 1958 2874 2.
1970 2858 1993 2880 q.
2005 2852 2026 2874 3.

1243 2892 1253 2906 ⁹
1272 2894 1354 2916 Psalm.
1371 2893 1397 2920 4,
1415 2893 1437 2916 5.
1453 2905 1485 2910 —
1503 2893 1615 2921 Superius
1632 2898 1674 2920 pro
1695 2891 1849 2915 irrationales
1867 2890 1928 2914 citra
1948 2890 1992 2920 (ita
2009 2890 2026 2912 Α

1181 2934 1225 2955 DF
1243 2936 1267 2956 et
1283 2933 1321 2955 ed.
1342 2933 1361 2962 t)
1380 2933 1432 2955 Vat.
1449 2931 1602 2955 rafionabz'tes
1620 2931 1692 2955 circa.

1243 2972 1263 2985 ¹⁰
1280 2973 1346 2995 Yet-s.
1365 2972 1401 2994 45.

1244 3011 1262 3024 ¹¹
1281 3012 1324 3034 Cfr.
1342 3017 1413 3039 supra
1429 3017 1450 3034 c.
1466 3011 1490 3033 7.
1507 3017 1528 3033 n.
1548 3011 1569 3033 t.
1582 3023 1613 3027 —
1625 3010 1719 3033 Inferius
1730 3016 1773 3038 pro
1782 3008 1964 3039 praefationem
1982 3007 2026 3037 (ita

1180 3051 1199 3073 D
1215 3054 1237 3073 et
1254 3051 1291 3073 ed.
1311 3051 1332 3079 1)
1352 3051 1403 3073 Vat.
1417 3049 1592 3080 perfectionem.

2042 2185 2101 2204 Tertii
2108 2185 2116 2204 14
2126 2183 2133 2204 i

2066 2211 2116 2233 porta
