2133 3317
148 500 227 524 Figurae
236 500 269 519 ha-

137 529 179 542 rum
199 524 269 543 utilita-

137 549 183 566 tum.

153 1252 262 1294 Chssggsto-

149 1815 259 1839 Chrysosto-

181 1844 229 1858 mue.

285 227 341 257 302

285 306 333 343 qui
355 308 382 335 et
403 305 431 334 in
453 305 497 334 his
518 306 645 341 patenter
666 303 800 338 ostendit,
826 303 901 341 quod
928 303 997 332 nihil
1026 306 1134 332 tantum

284 353 371 382 valuit
392 353 425 381 ad
446 351 616 381 dilatandum
638 351 739 380 Christi
762 350 940 387 Evangelium
962 359 1046 388 quam
1070 358 1134 388 per-

284 400 372 429 fectus
394 401 570 436 contemptus
591 406 686 427 rerum
708 397 922 427 mundanarum.

363 446 409 475 23.
421 446 490 474 Cum
502 445 587 482 igitur
602 444 760 473 voluntaria
774 447 801 473 et
816 444 964 481 penuriosa
975 447 1133 482 paupertas,

285 494 356 523 sicut
377 501 414 522 ex
434 492 582 530 praedictis
600 493 607 508 ¹
630 492 736 526 elucet,
768 491 876 520 valores
903 491 1134 529 incomparabiles

284 543 405 577 quatuor
426 539 528 568 habeat
548 539 714 576 triplicatos3
736 541 812 568 recte
832 538 994 576 designatur
1015 547 1068 568 non
1091 547 1134 568 so-

283 587 341 616 lum
365 594 414 624 per
443 594 536 615 unam
567 586 753 623 evangelicam
784 585 1003 623 margaritam,
1035 594 1133 615 verum

283 634 364 663 etiam
386 641 436 670 per
458 633 610 661 duodecim
630 633 691 661 illas
711 632 910 670 praefulgidas,
925 633 956 661 in
967 632 1063 670 portis
1083 641 1134 662 no-

282 689 335 709 vae
366 680 527 709 Ierusalem
555 679 751 708 descendentis
782 679 815 708 de
846 679 924 708 caelo
956 688 1007 716 pro
1034 688 1134 717 magno

283 727 326 756 sui
348 727 442 756 valore
462 726 590 764 miraque
611 726 799 763 pulcritudine
828 727 946 763 positas,
976 726 1079 764 quibus
1107 729 1135 756 et

282 774 394 803 nomina
423 773 569 802 duodecim
601 781 756 810 pauperum
789 773 903 810 spiritu,
938 774 1132 810 Apostolorum

283 821 395 855 scilicet,
417 820 444 849 in
467 820 653 849 fundamentis
672 820 803 849 collocata
818 819 1001 857 respondent,
1020 828 1069 849 seu
1084 828 1134 857 per

282 867 433 897 duodecim
454 867 590 905 pretiosos
612 867 724 904 lapides
738 867 769 895 in
785 867 879 905 typico
893 867 1051 901 rationali,
1066 875 1134 904 qua-

281 915 400 952 druplici
422 914 595 943 ordinatione
616 913 774 948 distinctos,
797 922 852 951 quo
867 922 995 943 summus
1010 914 1134 943 Pontifex

281 965 376 991 noster
391 961 541 990 adornatus
555 961 694 998 apparuit,
706 961 826 998 quando,
837 964 869 989 ut
883 968 933 989 nos
944 961 1135 990 reconciliaret

282 1009 364 1043 Patri,
379 1008 472 1038 nudus
492 1008 521 1036 in
535 1016 619 1037 cruce
634 1007 771 1045 pependit.
787 1008 836 1036 Cui
852 1008 934 1037 etiam
950 1008 1094 1036 rationali
1108 1011 1134 1037 et

281 1055 531 1094 superhumerale,
543 1055 704 1092 exemplum
717 1055 820 1084 scilicet
831 1054 977 1084 duodecim
994 1055 1134 1092 Apostolo-

281 1111 345 1132 rum
374 1106 505 1140 tanquam
535 1102 607 1130 vitta
638 1101 832 1139 hyacinthina
847 1101 857 1117 ²
889 1101 1012 1131 caritatis
1033 1102 1134 1131 affectu

282 1151 437 1188 copulatur.
460 1150 506 1178 Est
527 1149 600 1178 enim
616 1148 775 1178 huiusmodi
791 1149 963 1186 paupertatis
978 1149 1134 1185 pretiositas

281 1206 337 1226 non
358 1200 465 1225 tantum
486 1196 654 1233 multiplex,
676 1196 724 1225 sed
745 1199 771 1224 et
792 1204 905 1233 insigna
935 1199 963 1224 et
994 1196 1133 1232 incompa-

282 1244 377 1273 rabilis
398 1243 471 1272 omni
488 1243 650 1281 pretiositati
667 1246 804 1277 terrenae,
816 1246 849 1271 ut
862 1243 900 1271 ait
918 1242 1133 1279 Chrysostomus

282 1299 366 1328 super
378 1291 547 1319 Matthaeum
559 1290 672 1318 homilia
683 1289 894 1326 quadragesima
906 1289 1020 1318 sexta3:
1040 1300 1053 1314 (ι
1062 1288 1133 1326 Quid

281 1341 390 1372 autem,
412 1337 435 1366 si
456 1337 519 1374 quis
540 1337 588 1365 tibi
604 1339 772 1374 proponeret
786 1336 877 1365 facere
895 1336 1008 1365 foenum
1029 1344 1132 1365 aurum

281 1388 309 1414 et
329 1392 410 1422 posse
431 1392 526 1413 omnes
540 1383 672 1421 pecunias
688 1386 719 1412 ut
733 1383 844 1412 foenum
861 1386 1060 1412 contemnere?
1075 1383 1132 1412 Non

281 1432 379 1469 utique
400 1432 453 1460 hoc
474 1431 630 1468 susciperes
650 1431 738 1468 magis
759 1433 786 1459 et
800 1430 879 1459 valde
900 1430 1050 1459 decenter?
1072 1430 1132 1459 Ete-

281 1479 339 1508 nim
361 1479 486 1507 homines
507 1479 560 1507 hoc
581 1478 679 1515 utique
694 1478 816 1506 maxime
831 1477 1000 1506 attraxisset.
1017 1477 1042 1506 Si
1058 1477 1132 1506 enim

282 1526 420 1560 viderent,
435 1526 546 1554 foenum
562 1533 664 1554 aurum
687 1524 773 1559 effici,
796 1524 1024 1561 concupiscerent
1039 1527 1066 1553 et
1080 1525 1132 1561 ipsi

281 1573 352 1602 hanc
373 1573 522 1607 virtutem,
544 1575 575 1601 ut
597 1572 705 1606 Simon,
727 1575 754 1601 et
782 1575 934 1609 augeretur
964 1572 1062 1608 utique
1093 1572 1132 1601 eis

280 1620 463 1657 pecuniarum
485 1619 593 1656 cupido.
617 1619 642 1647 Si
664 1622 758 1647 autem
780 1618 906 1647 viderent
921 1626 1017 1647 omnes
1031 1621 1063 1647 ut
1076 1618 1132 1647 foe-

282 1675 350 1695 num
372 1675 474 1695 aurum
496 1666 693 1703 despicientes,
716 1665 780 1694 olim
802 1665 899 1702 utique
921 1665 955 1694 ab
976 1666 1028 1694 hac
1043 1665 1132 1702 aegri-

281 1714 377 1743 tudine
398 1714 471 1742 eruti
493 1716 585 1742 essent
600 1725 626 1741 ».

361 1761 406 1789 24.
431 1760 502 1789 idem
519 1768 631 1797 quoque
646 1759 758 1788 homilia
773 1759 871 1788 ultima
885 1761 912 1788 4:
935 1771 948 1784 «
964 1759 989 1788 Si
1005 1759 1068 1797 quis
1083 1759 1131 1788 tibi

280 1807 468 1845 principatum
482 1810 509 1836 et
519 1807 613 1836 civiles
628 1809 776 1843 potestates
791 1809 818 1835 et
828 1806 938 1835 divitias
952 1810 979 1835 et
992 1807 1130 1836 lasciviam

280 1857 457 1892 proponeret,
478 1854 576 1883 deinde
604 1856 795 1890 paupertatem
821 1860 941 1890 ponens,
969 1853 1130 1882 electionem

279 1901 358 1930 daret
372 1901 497 1938 accipere
518 1900 715 1938 quodcumque
729 1900 829 1934 velles3
845 1900 916 1929 hanc
931 1900 1074 1929 confestim
1090 1908 1131 1928 ra-

280 1956 369 1986 peres,
385 1948 406 1977 si
429 1951 519 1977 tamen
541 1955 721 1985 cognosceres
742 1948 803 1977 eius
824 1947 1049 1985 pulcritudinem.
1066 1948 1130 1976 Mihi

279 1995 353 2024 enim
368 1998 517 2032 paupertas
529 1995 636 2032 puellae
648 1995 756 2024 cuidam
772 1995 885 2032 pulcrae
900 1998 927 2024 et
942 1995 1081 2032 speciosae
1095 1995 1131 2024 si-

279 2042 353 2071 milis
367 2050 427 2071 osse
447 2042 566 2071 videtur.
582 2042 650 2071 Cum
665 2042 717 2071 hac
732 2042 803 2071 Elias
818 2042 961 2077 educatus,
977 2045 1074 2080 raptus
1089 2045 1131 2072 est

280 2089 361 2118 beata
375 2089 421 2117 illa
436 2089 565 2126 rapina⁵‚
581 2097 644 2118 cum
661 2089 713 2118 hac
729 2089 833 2118 Eliseus
854 2089 970 2123 claruit,
993 2097 1057 2118 cum
1078 2090 1130 2118 hac

280 2136 402 2170 Ioannes,
414 2143 479 2164 cum
493 2136 544 2164 hac
559 2135 678 2172 Apostoli
693 2143 797 2164 omnes.
814 2135 865 2164 Sed
877 2138 905 2164 et
918 2136 1005 2172 ipsam
1021 2136 1130 2172 puellae

279 2183 364 2211 huius
375 2182 592 2219 pulcritudinem
606 2183 774 2211 intueamur.
791 2182 896 2211 Etenim
908 2183 1006 2212 oculus
1017 2183 1077 2212 eius
1088 2186 1130 2212 est

279 2237 369 2266 purus
389 2231 417 2257 et
437 2229 611 2266 praeclarus,
633 2229 703 2257 nihil
723 2228 829 2257 habens
850 2229 1062 2264 turbulentum,
1081 2229 1129 2258 sed

278 2279 457 2309 mansuetus,
479 2275 663 2312 tranquillus,
684 2275 868 2309 delectabilis,
894 2275 927 2304 ad
958 2284 1054 2305 omnes
1085 2284 1128 2305 re-

279 2323 409 2360 spiciens,
431 2322 520 2357 mitis,
537 2322 663 2357 humilis,
678 2322 787 2351 nullum
803 2322 865 2351 odio
880 2322 999 2357 habens,
1019 2323 1128 2352 nullum

278 2369 444 2404 avertens⁶;
466 2377 496 2398 os
516 2369 555 2398 illi
577 2372 604 2398 et
624 2369 719 2406 lingua
740 2377 806 2398 sana
826 2372 882 2404 est,
904 2370 1035 2399 continua
1066 2378 1129 2407 gra-

279 2416 382 2446 tiarum
403 2417 510 2445 actione
524 2416 605 2453 plena
619 2419 646 2445 et
660 2416 850 2446 benedictione
864 2419 891 2445 et
905 2417 1020 2446 mitibus
1035 2417 1128 2446 verbis

343 2562 349 2576 ¹
367 2562 434 2584 Num.
458 2563 489 2585 13.
508 2568 574 2591 seqq.
590 2574 622 2579 —
640 2562 743 2585 Subinde
761 2563 915 2591 respiciuntur
935 2564 1012 2586 matth.
1033 2564 1071 2591 13,
1091 2564 1127 2586 46.

280 2601 328 2630 (cfr.
346 2607 415 2629 supra
434 2607 487 2629 pag.
506 2601 559 2629 298,
577 2604 630 2623 nota
647 2601 693 2630 7.);
711 2602 782 2629 Apoc.
802 2602 841 2630 21,
860 2602 882 2624 3.
895 2603 931 2624 21.
949 2602 1045 2631 14.(cs1·.
1057 2609 1127 2631 supra

278 2646 331 2668 pag.
350 2641 408 2667 293,
426 2643 478 2663 nota
500 2640 541 2669 l.);
559 2641 628 2663 Exod.
647 2641 688 2669 28,
711 2640 743 2663 17.
761 2647 826 2670 seqq.
846 2641 894 2669 (cfr.
913 2648 982 2669 supra
1002 2648 1055 2670 pag.
1069 2642 1127 2670 292,

278 2681 331 2702 nota
348 2679 370 2701 7.
387 2680 454 2708 seq).

341 2717 350 2730 2
368 2718 437 2741 Exod.
456 2719 498 2745 28,
516 2719 553 2741 28.
570 2718 615 2741 Csr.
633 2725 702 2747 supra
721 2725 776 2747 pag.
794 2720 853 2747 293,
872 2722 923 2742 nota
942 2720 964 2742 3.
982 2723 1004 2742 et
1021 2720 1042 2742 4.

341 2755 350 2768 ³
367 2757 427 2779 Alias
446 2757 483 2779 47.
500 2764 522 2779 n.
540 2757 561 2779 4.
578 2758 709 2786 Respicitur
726 2758 775 2780 Act.
793 2758 818 2786 8,
837 2759 874 2780 18,
892 2764 941 2787 seq.
966 2759 996 2781 de
1019 2759 1126 2787 Simone;

278 2802 321 2824 pro
338 2797 365 2819 ut
381 2795 466 2819 Simon
483 2797 533 2819 Vat.
551 2800 574 2819 et
590 2797 627 2819 ed.
645 2798 658 2819 2
676 2804 729 2820 cum
748 2798 784 2820 ed.
806 2798 811 2820 1
834 2804 958 2826 perperam
976 2800 1002 2822 ul
1019 2799 1053 2822 sic
1077 2805 1127 2822 uzo-

277 2837 380 2858 veretur.

340 2873 349 2885 ⁴
367 2874 420 2896 Sive
437 2875 520 2897 Homil.
538 2875 575 2897 90.
594 2876 658 2903 (alias
676 2876 723 2905 91.)
741 2883 764 2898 n.
781 2877 802 2898 3.
827 2883 875 2906 seq.
899 2877 984 2900 Textus
1007 2878 1126 2906 originalis

278 2913 330 2936 hinc
348 2914 400 2936 inde
417 2914 483 2942 plura
499 2915 621 2937 interserit.

341 2951 350 2964 ⁵
367 2953 497 2981 Respicitur
515 2954 551 2976 lV.
568 2955 627 2982 Reg.
644 2955 670 2981 2,
690 2955 726 2977 ll.
744 2961 809 2984 seqq.
826 2955 872 2978 Csr.
891 2962 961 2984 supra
987 2962 1042 2985 pag.
1067 2957 1124 2985 293,

276 2994 330 3014 uota
349 2991 371 3014 5.
388 2994 410 3014 et
427 2998 480 3020 pag.
499 2993 552 3019 299,
568 2996 622 3015 nota
641 2994 662 3020 8,
680 2993 719 3016 ubi
737 2994 805 3016 etiam
823 2994 852 3016 de
870 2995 942 3017 Eliseo
959 2997 981 3017 et
997 2996 1088 3018 Ioanne.

341 3029 350 3042 θ
368 3029 455 3053 Clarius
476 3037 556 3054 recens
581 3032 657 3054 versio
679 3032 798 3055 nemiuem
822 3039 938 3056 aversans
959 3031 1048 3062 (οὐδένα
1068 3028 1124 3055 ἀπο-

766 225 964 254 OPUSCULUM
985 225 1027 254 XI.
1050 224 1212 254 APOLOGIA
1233 225 1415 255 PAUPERUM.
1438 226 1506 255 CAP.
1528 227 1570 255 IX.

1192 306 1219 333 et
1240 304 1438 334 amicabilibus.
1461 305 1486 333 Si
1509 308 1602 334 autem
1624 305 1665 334 vis
1686 307 1713 334 et
1734 305 1941 342 proportionem
1956 313 2040 335 mem-

1192 350 1309 379 brorum
1331 351 1391 380 eius
1412 351 1522 386 videre,
1544 352 1626 389 longa
1647 355 1688 380 est
1709 355 1736 381 et
1756 352 1877 381 multum
1901 352 2037 381 excelsior

1192 405 1275 434 quam
1297 398 1559 435 superabundantia.
1582 398 1609 427 Si
1630 401 1723 427 autem
1745 398 1857 436 fugiunt
1870 406 1930 427 eam
1946 399 2040 434 multi,

1192 451 1226 473 ne
1240 444 1360 478 mireris,
1375 444 1477 473 etenim
1491 447 1519 473 et
1533 445 1600 473 alias
1615 445 1733 474 virtutes
1747 445 1858 482 fugiunt
1872 445 2039 482 insipientes.

1191 507 1230 512 -
1251 491 1302 520 Sed
1323 491 1498 520 contumeliis
1516 491 1646 526 afficitur,
1668 492 1720 526 ais,
1737 500 1843 529 pauper
1858 500 1874 521 a
1887 492 2041 522 divitibus?

1192 538 1299 566 Rursus
1321 538 1389 566 mihi
1412 538 1519 575 inopiae
1541 538 1650 567 laudem
1671 538 1755 573 dicis,
1784 539 1914 576 quoniam
1942 539 2039 569 beatus

1191 588 1232 613 est
1260 585 1308 622 qui
1340 585 1491 614 convitium
1513 585 1627 622 patitur.
1651 585 1703 614 Sed
1731 586 1783 614 hoc
1812 585 1886 615 ferre
1912 586 2040 616 admonet

1191 632 1291 669 inopia.
1314 648 1351 653 —
1373 632 1425 661 Sed
1445 633 1534 661 esurit
1554 640 1671 669 pauper,
1691 632 1750 661 ais?
1772 633 1803 661 Et
1822 633 1923 662 Paulus
1936 633 2041 663 esurie-

1191 679 1238 708 bat
1259 682 1286 708 et
1307 679 1333 707 in
1357 679 1427 708 fame
1449 682 1509 708 erat
1521 679 1539 707 ⁷.
1562 696 1601 700 —-
1621 679 1673 708 Sed
1700 687 1755 708 non
1783 680 1867 709 habet
1895 680 2041 717 requiem?

1193 725 1289 764 Neque
1310 726 1406 754 Filius
1427 724 1554 754 hominis
1575 725 1713 761 habebat,
1735 726 1787 755 ubi
1807 730 1897 764 caput
1917 727 2040 756 reclina-

1192 777 1275 802 ret».
1298 773 1326 801 In
1349 773 1393 802 his
1414 781 1547 810 expresse
1567 773 1689 802 declarat
1704 773 1741 803 Os
1755 782 1889 809 aureum,
1904 774 1979 811 quod
1995 782 2041 803 vo-

1192 820 1313 849 luntaria
1334 828 1430 849 rerum
1451 820 1543 856 inopia
1563 828 1618 848 non
1640 820 1731 849 solum
1752 823 1793 849 est
1807 829 1922 858 magnae
1936 821 2039 858 pretio-

1192 866 1294 901 sitatis,
1317 866 1364 895 sed
1385 866 1468 895 etiam
1489 866 1576 895 mirae
1594 866 1816 904 pulcritudinis.

1271 914 1316 942 25.
1340 913 1386 942 Est
1406 913 1504 948 etiam,
1527 916 1554 942 et
1575 913 1649 950 quod
1670 914 1734 951 plus
1755 917 1812 949 est,
1834 922 1949 952 magnae
1970 923 2041 952 opu-

1193 960 1296 989 lentiae
1318 964 1345 989 et
1366 959 1503 994 lionoris,
1526 961 1598 989 sicut
1619 960 1691 989 idem
1713 961 1755 989 vir
1777 965 1889 990 sanctus
1903 962 1941 991 ait
1955 970 2040 999 super

1191 1007 1359 1036 Matthaeum
1382 1007 1495 1036 homilia
1515 1007 1728 1045 quadragesima
1742 1008 1897 1045 septimass:
1917 1020 1931 1034 α
1947 1009 2041 1038 Anima

1191 1054 1295 1091 inopis,
1318 1054 1407 1091 inopis
1428 1054 1539 1092 quidem
1554 1055 1720 1090 voluntarii,
1735 1055 1822 1092 fulget
1836 1056 1912 1085 velut
1925 1064 2040 1091 aurum,

1191 1101 1317 1138 splendet
1338 1104 1370 1130 ut
1391 1102 1543 1139 margarita
1574 1102 1700 1139 fulgens,
1733 1102 1855 1131 florescit
1885 1105 1978 1132 autem
2008 1106 2041 1132 ut

1191 1156 1262 1177 rosa.
1284 1148 1342 1177 Non
1364 1148 1436 1177 enim
1459 1152 1500 1177 est
1521 1149 1576 1177 illic
1597 1149 1685 1183 tinea,
1707 1157 1761 1178 non
1784 1152 1825 1178 est
1846 1149 1901 1179 illic
1916 1149 1971 1185 fur,
1985 1158 2041 1179 non

1191 1196 1346 1225 sollicitudo
1367 1196 1439 1225 vitae
1461 1196 1546 1225 huius
1567 1196 1758 1233 negotiorum,
1780 1197 1828 1226 sed
1855 1197 1928 1226 sicut
1955 1197 2041 1235 Ange-

1191 1242 1235 1271 lus
1256 1242 1293 1271 ita
1314 1245 1505 1271 conversatur.
1528 1243 1575 1272 Vis
1595 1243 1702 1272 animae
1724 1243 1883 1273 huiusmodi
1905 1244 2041 1281 pulcritu-

1190 1289 1282 1318 dinem
1304 1289 1413 1324 videre,
1435 1290 1477 1319 vis
1509 1290 1617 1327 inopiae
1647 1290 1757 1319 divitias
1787 1290 1950 1320 addiscere?
1980 1291 2039 1321 Non

1190 1335 1314 1365 subiacet
1335 1336 1530 1370 daemonibus,
1553 1344 1608 1365 non
1629 1336 1733 1365 assistit
1760 1337 1835 1374 regi,
1864 1337 1911 1366 sed
1939 1337 2041 1367 assistit

1190 1383 1261 1417 Deo;
1284 1391 1339 1411 non
1360 1383 1460 1411 militat
1481 1391 1546 1412 cum
1567 1383 1742 1418 hominibus,
1772 1384 1820 1413 sed
1848 1384 1947 1413 militat
1975 1393 2038 1414 cum

1190 1430 1313 1467 Angelis3
1336 1438 1390 1458 non
1413 1430 1496 1459 habet
1517 1438 1596 1459 arcas
1616 1430 1686 1459 duas
1707 1431 1750 1460 vel
1772 1434 1829 1460 tres
1856 1432 1900 1460 vel
1928 1432 2040 1469 viginti,

1190 1477 1237 1506 sed
1259 1477 1340 1506 talem
1362 1477 1575 1512 abundantiam,
1598 1481 1630 1506 ut
1657 1478 1733 1507 hunc
1760 1479 1896 1507 mundum
1928 1479 2041 1508 univer-

1190 1532 1251 1553 sum
1274 1524 1344 1553 nihil
1365 1532 1425 1553 esse
1445 1525 1586 1559 aestimet;
1608 1533 1663 1553 non
1685 1525 1769 1554 habet
1791 1526 1971 1561 thesaurum,
1993 1526 2040 1555 sed

1190 1572 1313 1606 caelum;
1336 1580 1389 1600 non
1411 1571 1515 1609 indiget
1536 1572 1639 1606 servis,
1661 1572 1748 1609 magis
1769 1575 1863 1602 autem
1884 1573 1968 1602 habet
1983 1581 2040 1602 ser-

1190 1627 1238 1648 vos
1260 1619 1400 1656 passiones
1421 1622 1448 1647 et
1469 1618 1663 1656 cogitationes,
1686 1627 1757 1656 quae
1778 1628 1877 1657 regum
1898 1620 2041 1649 dominan-

1190 1668 1253 1699 tur3
1275 1673 1393 1702 regnum
1414 1669 1507 1695 autem
1530 1669 1556 1694 et
1577 1674 1680 1695 aurum
1701 1668 1729 1695 et
1749 1666 1841 1695 omnia
1862 1667 1926 1695 talia
1944 1675 2040 1705 quem-

1189 1712 1338 1741 admodum
1359 1720 1513 1749 puerorum
1536 1713 1656 1742 ludibria
1676 1713 1783 1742 deridet
1811 1716 1838 1743 et
1869 1714 1941 1743 sicut
1965 1717 2040 1743 rotas

1190 1762 1217 1788 et
1237 1759 1321 1796 pilam
1343 1759 1411 1788 haec
1442 1760 1535 1788 omnia
1565 1760 1691 1789 aestimat
1722 1768 1782 1790 esse
1813 1761 2037 1799 contemptibilia.

1189 1806 1274 1835 Habet
1296 1806 1369 1835 enim
1391 1807 1528 1835 mundum
1541 1807 1561 1841 ⁹,
1581 1815 1664 1844 quem
1686 1816 1777 1845 neque
1808 1808 1903 1837 videre
1933 1809 1981 1846 qui
2009 1809 2037 1838 in

1189 1853 1233 1882 his
1254 1853 1355 1882 ludunt
1376 1856 1499 1891 possunt.
1523 1854 1594 1890 Quid
1615 1854 1700 1891 igitur
1722 1863 1846 1892 paupere
1867 1855 1919 1884 hoc
1939 1855 2039 1885 melius

1189 1903 1230 1929 est
1251 1903 1396 1937 unquam?
1419 1901 1608 1930 Pavimentum
1629 1901 1749 1938 denique
1770 1902 1854 1931 habet
1875 1902 1997 1937 caelum;
2017 1901 2038 1931 si

1188 1950 1281 1977 autem
1303 1948 1493 1985 pavimentum
1514 1948 1568 1977 tale
1589 1950 1646 1983 est,
1665 1949 1792 1986 excogita
1806 1951 1918 1978 tectum.
1935 1965 1972 1970 -
1988 1949 2040 1978 Sed

1187 2003 1242 2023 non
1255 1994 1338 2023 hahet
1349 2002 1436 2032 equos
1451 1998 1477 2024 et
1492 2003 1602 2024 currus.
1615 1995 1686 2032 Quid
1700 1998 1794 2025 autem
1809 1996 1833 2025 ei
1848 1996 1892 2025 his
1905 2004 1976 2033 opus
1990 1998 2039 2031 est,

1188 2041 1237 2078 qui
1258 2049 1344 2078 supra
1364 2041 1454 2070 nubes
1470 2042 1531 2071 vehi
1547 2042 1628 2071 debet
1642 2045 1667 2071 el
1681 2051 1740 2071 esse
1755 2051 1822 2071 cum
1840 2042 1954 2072 Christo
1966 2042 1990 2060 ¹⁰
2001 2055 2015 2069 2›
2026 2043 2040 2071 f>

1188 2088 1337 2125 Hucusque
1349 2089 1462 2117 loannes
1473 2088 1511 2117 Os
1525 2097 1642 2118 aureum
1658 2089 1759 2126 ignitis,
1771 2089 1890 2127 fulgidis,
1903 2090 2040 2127 pondero—

1188 2136 1224 2164 sis
1239 2138 1266 2164 et
1280 2135 1409 2172 pretiosis
1430 2136 1547 2172 eloquiis
1569 2136 1741 2165 voluntariae
1759 2137 1946 2174 paupertatis,
1968 2144 2040 2174 quae

1186 2182 1331 2219 penuriam
1347 2190 1443 2211 rerum
1459 2183 1543 2211 habet
1556 2191 1708 2218 annexam,
1723 2183 1913 2212 admirabilem
1928 2183 2039 2212 celsitu-

1186 2229 1295 2263 dinem,
1316 2229 1533 2266 pulcritudinem
1556 2229 1813 2267 pretiositatemque
1834 2230 2015 2260 commendat.

1265 2276 1310 2305 26.
1333 2276 1403 2313 Quia
1426 2280 1517 2305 tamen
1539 2277 1607 2306 haec
1628 2285 1682 2306 non
1704 2277 1866 2306 revelantur
1886 2277 1983 2306 mundi
1998 2285 2038 2306 sa-

1185 2322 1338 2359 pientibus,
1360 2323 1441 2352 iuxta
1454 2323 1523 2352 illud
1539 2323 1647 2352 Domini
1662 2324 1690 2352 in
1705 2324 1842 2353 lilatthaeo
1854 2325 1894 2353 ¹¹:
1910 2324 2036 2354 Abscon-

1185 2370 1256 2398 aisti
1276 2368 1346 2398 haec
1367 2378 1386 2398 a
1406 2369 1588 2407 sapientibus
1608 2374 1634 2399 et
1650 2371 1848 2408 prudentibus
1875 2375 1902 2400 et
1927 2372 2037 2401 revela-

1185 2417 1224 2446 sti
1243 2425 1277 2446 ea
1294 2417 1451 2455 parvulis,·
1479 2425 1534 2446 non
1562 2421 1759 2455 proponuntur
1787 2419 1961 2455 carnalibus,
1989 2420 2036 2449 sed

1185 2562 1355 2594 στρεφόμενος),
1373 2566 1390 2587 Α
1402 2565 1418 2587 Β
1435 2563 1531 2587 nullum
1548 2563 1679 2587 actvm-tens.
1693 2564 1796 2587 Subinde
1808 2571 1851 2593 pro
1869 2564 1965 2588 milibus
1982 2566 2035 2589 edd.

1184 2603 1253 2626 etiam
1271 2608 1351 2626 contra
1370 2607 1456 2626 textum
1474 2603 1612 2631 originalem
1628 2602 1733 2626 nulibus.

1248 2642 1256 2655 ⁷
1274 2643 1342 2671 Epist.
1361 2644 1385 2665 ll.
1402 2642 1454 2666 Cor.
1475 2643 1480 2664 1
1492 2644 1496 2664 l
1508 2660 1513 2670 ,
1531 2643 1568 2665 27.
1580 2656 1611 2659 —
1623 2642 1726 2665 Subinde
1743 2643 1855 2671 allegatur
1869 2644 1946 2666 Matth.
1959 2644 1985 2672 8,
1998 2644 2035 2666 20.

1247 2680 1256 2693 s
1274 2682 1335 2704 Alias
1353 2681 1390 2704 48.
1407 2688 1429 2704 n.
1449 2681 1468 2703 4.
1487 2681 1559 2704 Codd.
1583 2684 1605 2704 et
1627 2682 1681 2704 edd.
1704 2682 1804 2710 allegant
1827 2688 1899 2712 super
1922 2683 2035 2705 loannem

1184 2720 1265 2743 homil.
1283 2719 1327 2743 47.
1346 2720 1411 2749 (alias
1430 2721 1487 2749 46.),
1507 2721 1529 2743 in
1546 2727 1592 2749 qua
1610 2727 1634 2743 n.
1654 2721 1676 2743 ὅ.
1698 2721 1727 2743 de
1750 2724 1885 2749 contemptu
1901 2721 2034 2744 divitiarum

1183 2760 1278 2788 quidem
1296 2760 1386 2788 agitur,
1403 2760 1445 2782 sed
1462 2760 1559 2788 allegata
1576 2760 1688 2782 sententia
1710 2766 1757 2783 non
1780 2760 1885 2783 habetur.
1906 2761 2036 2789 Respicitur

1182 2800 1237 2822 Luc.
1259 2800 1298 2826 12,
1317 2800 1362 2822 33:
1380 2800 1429 2828 Quo
1448 2800 1484 2822 fur
1501 2806 1547 2822 non
1565 2800 1700 2828 appropiat,
1715 2806 1792 2829 neque
1810 2800 1868 2822 tinea
1887 2800 2034 2828 corrrumpit.

1184 2839 1269 2861 Textus
1287 2838 1404 2867 originalis
1422 2839 1475 2861 hinc
1492 2839 1547 2861 inde
1564 2845 1639 2867 pauca
1653 2839 1774 2862 interserit.

1246 2876 1255 2889 ⁹
1272 2878 1393 2900 Recentior
1409 2878 1485 2900 versio
1502 2879 1616 2901 ornatum
1629 2876 1742 2908 (κόσμον).
1756 2879 1851 2901 inferius
1862 2879 1881 2901 G
1893 2879 1959 2907 legit:
1973 2878 2035 2907 Quid

1183 2916 1258 2947 igitur
1271 2923 1380 2947 paupere
1397 2917 1440 2941 hoc
1457 2919 1491 2941 est
1507 2917 1613 2941 melius?
1630 2917 1701 2941 Nihil.
1721 2917 1886 2942 Pavimentum
1903 2922 1946 2941 etc.

1246 2956 1265 2971 10
1282 2957 1337 2979 Phil.
1356 2958 1381 2985 i,
1399 2958 1436 2979 23.

1245 2994 1264 3008 ¹¹
1282 2995 1339 3024 Cap.
1358 2997 1399 3025 11,
1417 2996 1454 3019 25.
1472 3008 1503 3023 —-,-
1522 2996 1573 3019 Duo
1596 3003 1661 3026 seqq.
1684 2997 1727 3019 loci
1750 3000 1803 3020 sunt
1825 2998 1901 3020 Mattli.
1918 2997 1945 3024 7,
1968 2997 1989 3019 6.
2012 3000 2034 3020 et

1183 3034 1254 3062 Apoc.
1273 3035 1299 3062 2,
1321 3035 1354 3057 17.

2056 500 2120 522 Obiecti
2125 509 2133 526 e

2095 2284 2118 2304 Dc
2127 2283 2133 2303 i

2049 2307 2095 2327 haec
2099 2313 2118 2334 nt
2127 2313 2133 2327 ri

2048 2336 2118 2355 ponent
2123 2336 2133 2351 ,a

2048 2355 2124 2374 ualibus'
