2133 3317
0 644 81 689 iffi?

544 217 740 246 OPUSCULUM
760 218 791 246 X.
814 219 899 247 VITlS
920 219 1070 247 MYSTICA.
1091 220 1353 249 ADDITAMENTUM
1374 220 1415 249 VI.

106 303 222 329 percussa
240 296 344 325 fuerint,
358 295 441 320 videat
453 295 554 320 illarum
567 295 676 320 fidelium
689 295 820 320 mulierum
833 296 952 320 lamenta-

105 340 198 368 tiones,
217 345 279 369 quae
298 338 484 363 dilectissimum
503 337 529 362 et
547 338 716 363 dulcissimum
735 338 819 362 Iesum
844 338 875 362 ad
895 345 953 369 pas-

105 382 180 407 sionis
197 382 278 406 locum
288 381 401 410 euntem,
420 388 476 406 cum
489 381 536 405 sibi
548 387 644 406 crucem
657 381 788 410 baiularet,
809 381 883 406 etiam
896 389 951 406 cum

103 425 270 449 dulcissimam
297 423 435 455 exspiraret
453 424 570 453 animam,
594 430 644 449 non
669 423 839 448 deseruerunt.
862 423 952 449 Videat

103 467 233 499 praecipue
252 466 321 491 illam
341 466 401 491 tunc
418 466 559 497 despectam
579 466 764 497 mulierculam,
784 473 850 491 nunc
866 466 951 490 mundi

102 509 245 538 Dominam,
264 509 370 534 Matrem
389 509 488 534 Domini
507 508 565 534 boni
576 509 648 538 Iesu,
668 516 742 540 quam
752 508 841 533 acutus
859 509 950 534 doloris

102 552 200 584 gladius
218 552 326 577 animam
345 552 397 576 eius
424 551 599 583 pertransierit
612 551 629 576 ¹.
647 551 738 576 Videat
763 551 840 576 totius
865 551 951 576 mundi

102 594 241 620 machinam
259 594 403 619 fabricatori
421 601 465 619 suo
483 594 687 625 compatientem,
708 594 774 618 tetra
793 594 898 625 caligine
915 594 950 618 in—

102 638 222 663 volutam.
240 637 343 666 Videat,
362 638 476 669 inquam,
495 637 556 662 haec
573 637 598 662 et
611 637 697 662 tantae
710 637 848 662 turbationi
861 637 950 661 sereni-

101 680 179 705 tatem
199 680 288 705 tertiae
306 680 353 705 diei
365 680 390 705 et
402 680 556 711 insperatam
568 680 691 705 laetitiam
703 680 854 705 laetissimae
867 687 950 705 resur-

100 723 219 748 rectionis
244 723 363 748 annectat
390 723 557 755 recogitetque
584 723 745 754 propensius,
775 730 830 748 cum
855 722 950 754 quanta

100 765 264 791 exsultatione
283 765 438 797 susceperint
457 766 589 791 Dominum
609 766 794 797 resurgentem,
808 773 880 796 quem
893 772 948 790 cum

100 808 196 840 ingenti
213 808 319 833 tristitia
338 808 453 833 viderant
470 809 623 834 morientem.
642 808 717 837 Vide,
737 815 792 833 cum
805 808 900 839 quanta
914 809 949 832 iu-

99 851 227 877 cunditate
245 852 470 883 recompensaverit
494 852 520 876 in
544 851 725 876 resurrectione
749 851 877 882 discipulis
903 851 950 876 tri-

101 894 236 919 stissimam
254 895 325 919 illam
343 894 368 919 et
387 894 571 919 sanctissimam
582 894 705 919 extremae
718 894 875 919 comestionis
889 901 948 918 suae

99 944 211 967 coenam,
230 938 255 962 in
274 945 323 969 qua
341 936 438 962 dixerat
450 937 472 961 ²:
491 937 555 962 Non
574 937 660 961 bibam
679 938 770 962 amodo
789 937 819 962 de
842 944 949 968 ymera-

100 979 168 1004 tione
191 980 263 1011 vitis,
288 979 364 1004 donec
389 979 475 1004 bibam
498 979 573 1004 illam
597 979 725 1004 vobiscum
747 986 848 1004 novam.
871 979 947 1009 Ecce,

98 1022 148 1048 iam
166 1029 233 1047 nunc
250 1022 386 1047 resurrexit
403 1022 429 1046 111
447 1022 528 1054 gloria
546 1022 605 1047 vitis·
622 1029 684 1047 vera
697 1019 720 1053 ³,
734 1022 837 1053 pulcher
861 1022 947 1051 Iesus,

99 1065 251 1097 comeditque
269 1065 295 1090 et
312 1065 376 1090 bibit
393 1073 449 1091 cum
468 1065 559 1090 eisdem
578 1065 706 1096 discipulis
725 1073 780 1090 cum
796 1066 885 1097 gaudio
899 1073 948 1090 ma-

99 1109 163 1133 ximo
191 1108 350 1139 proculdubio
378 1115 451 1139 seque
478 1107 652 1133 dubitantibus
679 1108 804 1140 aliquibus
832 1108 948 1140 praebuit

98 1151 230 1176 videndum
250 1151 345 1182 pariter
364 1151 389 1176 et
407 1151 569 1183 tangendum.

171 1193 230 1218 171.
249 1193 274 1218 N
276 1201 302 1219 00
314 1194 387 1225 putet
399 1194 543 1225 quisquam,
557 1194 622 1225 quod
635 1194 771 1219 resurrexit
784 1194 816 1219 ad
828 1195 945 1226 gaudium

0 1247 49 1265 tensa
59 1244 84 1263 aa
100 1237 159 1263 solis
170 1237 308 1268 discipulis,
320 1237 394 1262 immo
407 1237 432 1262 et
445 1237 580 1262 resurrexit
592 1237 663 1262 nobis
675 1237 701 1262 et
713 1237 760 1262 toti
777 1237 875 1267 mundo,
890 1237 948 1262 bea-

0 1274 19 1312 'mi
32 1273 84 1288 mun·

4 1305 10 1312 ι

99 1279 198 1305 tificans
217 1287 314 1309 omnes,
334 1280 387 1311 qui,
407 1280 521 1311 quamvis
539 1287 589 1305 non
607 1280 718 1308 videant,
733 1280 837 1305 credunt
850 1280 945 1311 tamen,

99 1323 184 1354 ipsum
195 1330 305 1354 passum
318 1322 398 1352 fuisse
405 1323 515 1354 propter
527 1322 620 1347 delicta
631 1324 723 1348 uestra
743 1324 767 1348 et
778 1324 947 1349 resurrexisse

94 1366 203 1396 propter
216 1365 428 1396 justificationem
446 1366 563 1390 nostram
574 1367 592 1395 ⁴,
618 1365 706 1390 docens
731 1372 789 1394 uos,
816 1366 945 1397 quoniam,

97 1408 121 1433 si
132 1408 196 1433 socii
206 1407 286 1433 effecti
297 1407 423 1438 fuerimus
431 1408 580 1439 passionis,
593 1408 689 1433 crimus
702 1409 726 1433 et
737 1408 946 1438 resurrectionis;

98 1450 123 1476 et
134 1451 164 1475 ut
181 1458 231 1476 non
244 1451 398 1480 dubitemus,
412 1450 528 1476 mortalia
540 1458 644 1482 corpora
656 1443 744 1476 nostra
757 1451 945 1476 resurrectionis

97 1494 178 1526 gloria
195 1494 365 1523 sublimanda,
385 1501 440 1519 cum
459 1493 535 1525 caput
553 1493 668 1519 nostrum
686 1495 768 1518 morte
794 1494 945 1525 turpissima

97 1535 308 1562 condemnatum⁵
326 1537 490 1561 resurrexisse
508 1536 691 1562 crediderimus.
717 1536 797 1565 Nam,
825 1537 892 1562 sicui
917 1537 945 1562 iri

96 1578 184 1605 Adam
202 1586 288 1605 omsnes
305 1580 467 1611 moriuntur,
487 1579 524 1604 ita
542 1581 566 1605 et
584 1580 611 1604 in
633 1579 736 1605 Christo
756 1587 842 1605 omues
866 1579 945 1610 vivifi-

96 1622 231 1648 cabuntur.
250 1622 392 1647 Primitiae
416 1623 483 1647 enim
507 1623 666 1647 morientium
694 1622 830 1653 Christus,·
855 1623 945 1648 deinde

97 1665 125 1690 hi
142 1665 188 1696 qui
205 1666 267 1690 sunt
288 1664 401 1697 Christi,
419 1665 448 1690 in
467 1666 577 1691 adventu
594 1666 663 1696 eius,
682 1666 725 1697 qui
749 1665 781 1690 ad
805 1666 944 1697 exemplum

97 1707 191 1733 Christi
203 1708 358 1740 resurgentis
370 1708 402 1733 ad
414 1708 520 1740 gloriam
532 1708 601 1733 ultra
614 1715 662 1733 non
676 1708 791 1734 morituri
803 1708 944 1740 resurgent.

167 1750 228 1776 172.
246 1751 293 1776 Est
311 1751 337 1776 et
355 1751 468 1776 ascensio
487 1751 586 1777 Domini
604 1751 692 1782 optimi
709 1751 768 1776 Iesu
792 1758 899 1783 granum
918 1752 944 1776 in

96 1793 168 1819 botro
185 1794 362 1825 redemptionis
375 1801 419 1825 per
437 1794 579 1825 passionem
597 1794 689 1824 factae3
702 1794 772 1819 dulce
785 1794 870 1826 utique
888 1802 944 1826 gra-

95 1844 169 1867 num,
180 1837 316 1868 plurimum
325 1837 351 1862 in
364 1844 390 1862 se
402 1837 532 1862 continens
544 1837 680 1863 dulcedinis
688 1856 694 1866 ‚
711 1837 804 1863 faciens
825 1837 944 1869 gaudium

95 1880 170 1906 caelis
188 1880 214 1905 et
231 1880 316 1906 terris.
334 1880 395 1910 Quis
414 1881 480 1905 enim
498 1880 595 1905 dubitet
622 1881 742 1912 gaudium
766 1888 885 1912 magnum
909 1880 944 1906 fa-

95 1922 163 1948 ctum
181 1922 322 1954 discipuIiS‚
341 1930 397 1948 cum
416 1930 471 1948 eum
491 1930 563 1954 quem
581 1923 610 1948 ut
628 1923 752 1948 hominem
767 1923 883 1948 viderant
895 1930 944 1948 mo-

94 1965 212 1996 rientem,
231 1965 261 1991 ut
279 1966 373 1995 Deum,
391 1966 466 1991 immo
484 1973 571 1991 verum
590 1965 669 1991 Deum
688 1966 805 1991 viderunt
827 1965 943 1991 caelestia

95 2008 286 2040 penetrantem?
304 2008 412 2034 Stabant
430 2009 519 2033 animis
541 2009 616 2033 simul
643 2009 768 2040 oculisque
795 2009 821 2034 in
848 2009 942 2034 caelum

95 2051 197 2081 erectis,
215 2051 292 2076 animi
311 2052 350 2076 sui
367 2051 485 2083 gaudium
503 2058 553 2077 non
572 2051 712 2083 capientes,
731 2052 774 2077 sed
788 2052 814 2076 in
832 2059 890 2077 voce
908 2052 943 2077 iu-

94 2093 221 2120 bilationis
239 2094 308 2119 eunti
321 2094 426 2120 Domino
438 2094 606 2126 gratulantes.
624 2094 769 2120 Exsultavit
782 2094 942 2126 proculdubio

95 2137 120 2162 et
137 2137 246 2167 caelum,
266 2144 350 2162 omnes
369 2137 483 2163 videlicet
495 2137 649 2169 Angelorum
663 2137 732 2163 chori
745 2138 885 2169 purpurato
898 2144 943 2162 suo

94 2179 200 2205 Domino
218 2180 319 2205 nostrae
330 2181 413 2205 carnis
425 2180 513 2206 trabea
525 2180 535 2194 ⁶
554 2180 710 2206 occurrentes
729 2181 754 2205 et
770 2187 826 2206 cum
845 2188 942 2205 summa

94 2222 168 2248 laude
186 2230 310 2248 summum
328 2223 492 2255 suscipientes
510 2223 638 2249 victorem.
651 2223 743 2253 Quodsi
755 2224 781 2248 in
794 2224 868 2248 unius
881 2223 942 2248 iusti

95 2266 147 2291 sive
163 2266 284 2298 Martyris
301 2266 398 2291 animae
416 2266 526 2291 adventu
549 2267 629 2292 omnis
652 2266 806 2298 Angelorum
831 2265 942 2291 exsultat

95 2308 198 2339 chorus3
217 2308 338 2340 quantum
357 2309 433 2340 putas
450 2309 476 2333 in
495 2309 631 2340 singularis
650 2309 688 2334 sui
711 2309 875 2340 Imperatoris
897 2309 942 2334 ad-

94 2351 172 2376 ventu
189 2352 299 2377 omnium
316 2351 430 2377 ordinum
443 2352 548 2383 spiritus
560 2352 717 2377 exsultasse?
734 2351 851 2377 Humano
863 2351 941 2383 igitur

95 2394 227 2420 -ntellectn
244 2394 319 2420 huius
335 2394 416 2419 laudis
435 2394 460 2420 et
478 2395 562 2426 gaudii
580 2394 746 2426 magnitudini
760 2394 940 2424 succumbente,

157 2625 166 2639 ¹
183 2626 313 2655 Respicitur
329 2627 384 2649 Luc.
402 2628 429 2655 2,
446 2627 491 2650 35:
508 2627 534 2650 Et
551 2630 613 2650 tuam
626 2627 699 2655 ipsius
710 2627 812 2650 animam
824 2629 940 2655 pertrans-

96 2656 137 2680 ibit
154 2658 252 2686 gladius.
268 2670 300 2675 —
316 2658 429 2686 Superius
445 2664 488 2687 pro
505 2657 637 2688 despectam
654 2659 693 2687 (na
710 2658 737 2687 Α)
755 2659 812 2681 Bon.
827 2664 880 2681 cum
903 2658 940 2680 ed.

97 2689 105 2710 ⁴
126 2690 320 2755 gpgctigtltcffl'ffi,
338 2720 375 2743 29.
388 2732 418 2736 -
430 2720 542 2748 Superius
553 2726 596 2748 pro
611 2720 773 2744 tristissimam
785 2720 824 2748 (ita
836 2721 863 2749 Α)
876 2720 913 2742 ed.
928 2720 935 2742 1

96 2754 117 2773 et
132 2751 346 2811 Bgnlozzzftllfzgmi'.
361 2794 393 2799 —
409 2782 442 2805 De
458 2789 525 2811 seqq.
541 2783 580 2805 cfr.
599 2783 653 2805 Luc.
670 2782 712 2810 24,
729 2782 768 2805 36.
785 2788 850 2811 seqq.

156 2813 167 2826 ⁴
184 2813 250 2836 Rom.
268 2813 295 2841 4,
313 2813 356 2841 25,
373 2816 426 2842 post
441 2819 513 2842 quem
530 2814 554 2836 ll.
570 2813 623 2837 Cor.
641 2814 668 2841 i,
684 2813 712 2841 7,
729 2815 770 2836 011.
788 2814 854 2836 Rom.
872 2813 898 2842 6,
916 2813 938 2836 5.

157 2843 166 2857 ⁵
183 2845 236 2873 Sap.
254 2845 280 2872 2,
297 2845 336 2867 20.
352 2857 383 2862 -
400 2844 504 2867 Subinde
520 2845 631 2873 allegatur
649 2845 662 2867 l.
680 2844 731 2867 Cor.
750 2844 792 2872 ⁴5,
810 2845 847 2867 22.
864 2850 914 2873 seq.

157 2874 167 2888 ⁶
183 2876 217 2898 Du
235 2875 326 2904 Cange,
342 2876 483 2899 Glossarium
500 2878 556 2898 etc.:
576 2875 667 2899 Trabea
683 2882 758 2904 genus
771 2878 806 2898 est
817 2875 888 2898 vestis
899 2875 940 2897 im-

95 2906 200 2934 perialis,
211 2912 257 2936 qua
268 2907 310 2930 soli
324 2907 476 2935 imperatores
487 2907 634 2930 utebantur...
644 2907 706 2930 unde
718 2907 799 2935 legitur
811 2906 938 2936 [Fulgent.,

96 2937 169 2961 Serm.
188 2938 209 2960 3.
227 2938 257 2961 de
273 2938 298 2960 S.
314 2938 444 2966 Stephano,
461 2944 485 2961 n.
502 2938 548 2967 4.],
565 2939 630 2967 quod
641 2938 753 2961 Dominus
766 2941 843 2961 noster
854 2938 896 2960 ruit
906 2937 940 2960 in-

95 2967 167 2992 dutus
184 2968 266 2992 trabea
282 2969 377 2997 carnis,
397 2969 419 2992 id
436 2972 471 2992 est
486 2972 550 2992 veste
566 2970 643 2998 regia,
660 2970 734 2993 carnis
746 2968 833 2992 trabea.
843 2969 889 2993 Csr.
900 2969 939 2992 lsi-

96 2999 159 3029 dor.,
175 3000 317 3028 Etymolog.,
334 3000 396 3023 ΧΙΧ.
413 3006 432 3023 c.
450 3000 488 3023 24.
504 3007 528 3024 n.
545 3001 568 3024 8.

1799 223 1855 251 227

1007 297 1160 328 gaudeamus
1179 298 1204 322 et
1222 305 1267 323 nos
1295 298 1320 323 et
1344 298 1496 324 dulcedinem
1521 299 1595 324 huius
1619 300 1693 331 grani
1715 299 1856 331 recolendo,

1008 340 1167 369 admirando,
1195 341 1319 372 diligendo
1348 349 1490 371 sumamus,
1519 342 1674 367 exsultantes
1704 342 1730 366 in
1761 342 1856 373 Spiritu

1008 382 1108 411 sancto,
1129 390 1173 413 pro
1192 390 1219 408 eo
1238 384 1302 414 quod
1327 385 1409 409 carnis
1433 385 1534 410 nostrae
1558 385 1639 415 portio
1663 385 1689 409 in
1714 385 1856 411 dulcissimo

1008 424 1112 449 Domino
1131 425 1189 450 Iesu
1207 426 1233 450 in
1252 433 1362 451 summae
1391 427 1523 452 Trinitatis
1548 427 1638 453 throno
1661 427 1714 452 tam
1738 428 1855 453 excellen-

1007 466 1102 491 tissime
1121 467 1155 491 sit
1172 467 1305 497 collocata3
1326 468 1456 493 tendentes
1474 471 1570 495 animos
1594 470 1708 499 nostros,
1733 470 1856 501 quantum

1007 515 1151 539 possumus,
1172 510 1229 540 post
1252 511 1333 541 ipsum
1359 512 1383 535 et
1406 512 1431 536 in
1454 513 1549 543 ipsum,
1575 513 1623 544 ipsi
1648 513 1674 537 in
1699 512 1854 538 humilitatis

1006 551 1103 582 spiritu
1116 553 1124 567 ⁷
1144 552 1328 583 supplicantes,
1348 554 1471 584 quatenus
1490 562 1535 579 nos
1548 555 1605 586 post
1618 563 1643 580 se
1657 555 1756 580 trahere
1769 555 1855 587 digne-

1007 593 1062 623 tur,
1082 594 1111 618 ut
1129 594 1155 618 in
1174 594 1249 619 odore
1268 597 1458 626 unquentorum
1486 597 1566 628 ipsius
1590 599 1734 630 currentes,
1760 598 1787 623 in
1810 598 1855 623 illa

1006 636 1125 667 cellaria,
1144 638 1171 662 in
1189 637 1258 662 illam
1279 645 1420 669 supremam
1433 640 1578 670 apothecam
1592 641 1747 671 aromatum,
1767 642 1791 666 in
1810 641 1855 666 illa

1006 679 1125 705 interiora
1144 680 1232 705 sancta
1251 681 1394 706 sanctorum
1412 689 1551 707 mereamur
1564 683 1700 710 introduci.
1721 692 1768 715 quo
1787 685 1854 715 ipse,

1005 723 1082 753 caput
1100 723 1213 748 nostrum
1233 724 1382 754 praecessit,
1402 724 1480 749 dulcis
1500 725 1616 750 Christus
1634 727 1713 751 Iesus.

1078 765 1137 790 173.
1158 766 1277 795 Quintum
1301 767 1366 792 botri
1388 768 1469 792 nostri
1492 775 1599 799 granum
1624 769 1712 794 missio
1738 769 1854 801 spiritus

1004 808 1088 832 sancti
1105 809 1152 833 est.
1172 809 1232 838 Quis
1251 810 1336 834 vinum
1356 810 1559 835 iucundissimum
1579 811 1653 836 huius
1672 813 1744 843 grani
1770 813 1854 837 valeat

1005 850 1146 881 explicare?
1171 852 1279 883 Vinum,
1298 853 1414 884 inquam,
1434 853 1487 882 vel,
1507 854 1528 878 si
1548 854 1605 884 plus
1619 855 1713 885 placet,
1732 857 1853 880 mustum.

1005 893 1113 925 Accepto
1132 895 1196 919 enim
1210 895 1241 919 ab
1261 895 1389 926 Apostolis
1407 895 1432 920 et
1444 896 1484 920 his
1497 897 1539 927 qui
1552 897 1624 921 erant
1641 904 1696 922 cum
1710 898 1755 927 eis,
1769 906 1855 930 exspe-

1004 936 1132 962 ctantibus
1150 938 1245 968 Spiritu
1265 938 1365 967 sancto,
1385 938 1500 963 inebriati
1520 940 1590 968 sunt,
1611 941 1790 965 eructaverunt
1804 949 1854 966 ver-

1005 979 1065 1004 bum
1083 980 1177 1005 bonum
1189 981 1213 1011 Β,
1233 980 1403 1011 loquebantur
1420 981 1503 1006 variis
1522 982 1618 1013 linquis
1641 983 1777 1014 magnalia
1794 984 1852 1008 Dei.

1003 1022 1070 1047 Ante
1080 1023 1169 1048 timore
1179 1023 1325 1052 absconditi,
1336 1031 1401 1048 nunc
1412 1024 1573 1049 occurrerunt
1583 1024 1649 1050 foras
1659 1033 1703 1050 nec
1713 1026 1851 1051 timuerunt

1004 1072 1094 1096 aquam
1114 1066 1199 1097 populi
1218 1066 1360 1096 frementis,
1380 1067 1494 1092 caritatis
1513 1068 1569 1099 igne
1589 1069 1708 1093 succensi.
1721 1068 1789 1093 Tunc
1808 1076 1853 1100 pro

1004 1108 1071 1133 certo
1089 1109 1255 1140 experientes,
1276 1116 1361 1134 verum
1384 1117 1436 1135 esse
1455 1110 1520 1141 quod
1539 1110 1659 1142 scriptum
1673 1111 1711 1135 est
1724 1108 1746 1135 ⁹:
1760 1110 1853 1142 Aquae

1002 1151 1100 1176 multae
1118 1159 1170 1176 non
1185 1153 1327 1183 potuerunt
1346 1153 1505 1184 exstinquere
1523 1154 1669 1184 caritatem,
1694 1155 1718 1178 ei
1741 1154 1852 1184 fiumina

1003 1201 1055 1219 mm
1074 1194 1180 1219 obruent
1197 1195 1281 1220 illam.
1300 1195 1434 1220 Irrue-runt
1454 1197 1518 1221 enim
1537 1197 1562 1221 in
1588 1204 1629 1222 eos
1655 1196 1758 1221 flumina
1782 1197 1852 1228 pote-

1004 1237 1112 1267 statum,
1132 1237 1259 1263 fluxerunt
1277 1246 1355 1270 aquae
1375 1239 1508 1270 populosae
1528 1239 1709 1269 multitudinis,
1726 1239 1852 1264 flaverunt

1003 1280 1071 1305 venti
1089 1281 1308 1306 comminationum
1327 1282 1504 1313 verberumque
1524 1283 1660 1313 procellae;
1674 1282 1699 1307 et
1714 1283 1780 1314 ignis
1793 1283 1853 1307 cari-

1002 1323 1064 1348 tatis
1082 1330 1132 1348 non
1151 1324 1302 1354 exstinctus,
1322 1325 1395 1350 immo
1409 1325 1434 1350 et
1446 1326 1535 1350 auctus
1550 1326 1597 1350 est.
1611 1325 1692 1350 Ibant
1703 1325 1771 1350 enim
1783 1324 1852 1357 Apo-

1002 1365 1063 1391 stoli
1079 1366 1220 1397 yaucierties
1240 1375 1256 1392 a
1272 1369 1406 1399 conspectu
1418 1368 1534 1399 concilii,
1549 1368 1672 1399 quoniam
1685 1367 1758 1399 (liqui
1771 1368 1852 1393 habiti

1002 1410 1064 1434 suni
1076 1416 1128 1440 pro
1147 1410 1249 1435 nomine
1271 1409 1370 1435 Christi
1387 1411 1568 1436 coutumeliam
1587 1411 1648 1442 pati
1662 1409 1688 1435 ¹⁰.
1708 1411 1755 1436 Est
1777 1411 1852 1436 etiam

1001 1452 1102 1482 auctus,
1128 1453 1242 1484 pluribus
1268 1461 1312 1484 per
1336 1461 1420 1478 eorum
1443 1454 1652 1484 praedicationem
1677 1454 1801 1485 accensis,
1827 1454 1852 1478 et

1001 1495 1086 1520 eadem
1108 1503 1157 1527 qna
1176 1496 1224 1527 ipsi
1242 1497 1364 1521 ardebant
1388 1497 1541 1522 iucunditate
1566 1498 1697 1522 succensis.
1723 1497 1769 1522 Sed
1793 1496 1852 1528 quid

1001 1538 1102 1563 aiebant
1119 1539 1220 1569 Iudaei,
1239 1540 1349 1565 omnium
1375 1540 1494 1565 bonorum
1518 1540 1657 1565 increduli?
1685 1540 1790 1571 Musto,
1816 1540 1851 1564 in-

1001 1581 1105 1612 quiunt,
1117 1582 1191 1612 pleni
1209 1584 1270 1607 sunt
1282 1581 1310 1606 ¹¹.
1330 1583 1478 1608 Mentientes
1497 1583 1522 1608 et
1540 1583 1685 1615 ignorantes
1704 1590 1790 1608 verum
1815 1582 1852 1607 di-

1001 1624 1099 1649 xerunt.
1118 1624 1209 1650 Musio
1229 1625 1320 1657 quippe
1338 1625 1381 1651 illo
1400 1625 1553 1651 nobilissimo
1566 1625 1682 1651 caritatis
1698 1625 1757 1655 Dei,
1776 1626 1850 1650 immo

1000 1667 1105 1692 caritate
1125 1668 1175 1693 Deo
1194 1668 1284 1699 repleti
1302 1668 1389 1698 erant,
1408 1668 1579 1694 inflammante
1598 1669 1630 1693 ad
1649 1675 1771 1698 amorem,
1794 1675 1852 1693 con-

1001 1710 1110 1736 fortante
1128 1711 1197 1742 ipsos
1216 1711 1303 1737 contra
1322 1711 1444 1736 timorem.
1472 1711 1542 1737 Unde
1570 1712 1635 1736 sicut
1663 1711 1773 1736 mustum
1800 1717 1851 1736 11οο

1001 1754 1112 1785 patitur,
1132 1762 1157 1779 se
1176 1754 1296 1779 contineri
1315 1762 1330 1779 a
1348 1762 1421 1784 vase,
1440 1755 1489 1779 nisi
1516 1755 1626 1780 foramen
1654 1754 1757 1783 habeat,
1785 1753 1850 1778 unde

1001 1797 1161 1828 prorumpat3
1181 1798 1216 1822 sic
1236 1797 1267 1822 ab
1285 1797 1390 1823 istorum
1403 1798 1475 1823 corde
1488 1805 1532 1829 per
1545 1805 1588 1823 ora
1601 1805 1685 1823 eorum
1699 1805 1724 1822 se
1736 1796 1848 1822 mustum

1001 1840 1081 1865 sancti
1105 1840 1214 1871 Spiritus
1233 1839 1417 1870 manifestavit,
1438 1840 1597 1872 loquentium
1616 1840 1750 1872 maynaiia
1768 1839 1820 1865 Dei
1830 1838 1849 1852 ¹²

1000 1889 1055 1908 cum
1074 1883 1137 1907 mira
1156 1883 1304 1914 eloquentia.
1324 1882 1381 1908 Non
1401 1883 1466 1908 enim
1484 1883 1601 1914 impedit,
1622 1884 1664 1908 sed
1682 1884 1781 1915 expedit
1799 1883 1849 1908 lin-

1000 1932 1075 1957 guam
1093 1925 1200 1950 haustus
1219 1925 1295 1950 musti
1315 1925 1402 1955 huius,
1422 1926 1451 1950 ut
1469 1926 1531 1950 illud
1551 1926 1673 1957 poeticum
1699 1934 1785 1952 verum
1811 1928 1850 1952 in-

1000 1968 1116 1993 veniatur
1128 1966 1161 1993 ¹²³:

1132 2058 1234 2081 Fecundi
1250 2058 1332 2080 calices
1348 2063 1419 2086 quen]
1435 2064 1481 2080 non
1499 2059 1574 2081 secere
1590 2058 1718 2081 disertum?

1069 2136 1198 2161 Fecundus
1212 2143 1269 2161 vero
1288 2136 1352 2161 calix
1371 2136 1469 2161 Domini
1488 2136 1513 2161 et
1526 2136 1669 2167 praeclarus
1681 2137 1849 2162 inebriaverat

999 2186 1039 2205 eos
1051 2179 1078 2209 ²⁴,
1092 2179 1168 2210 quia,
1183 2179 1247 2204 sicut
1259 2178 1296 2204 ait
1308 2179 1453 2210 Apostolus,
1468 2179 1565 2204 caritas
1578 2179 1629 2204 Dei
1641 2178 1738 2209 diffusa
1751 2181 1807 2205 erat
1817 2180 1847 2205 im

999 2221 1114 2248 cordibus
1126 2229 1223 2247 eorum.
1235 2236 1271 2240 —-
1283 2222 1329 2247 Sed
1348 2222 1464 2247 videntur
1482 2222 1565 2247 verbis
1584 2222 1677 2248 nostris
1690 2223 1766 2248 verba
1778 2223 1848 2248 Petri

998 2265 1129 2295 contraire,
1140 2265 1183 2296 qui
1194 2265 1288 2290 haustu
1297 2264 1374 2289 musti
1383 2265 1440 2290 novi
1453 2265 1534 2290 audax
1547 2265 1637 2295 factus,
1646 2266 1696 2290 iam
1706 2273 1755 2291 non
1768 2266 1847 2291 solum

998 2315 1048 2334 non
1066 2308 1151 2333 timuit
1168 2308 1245 2333 verba
1262 2308 1373 2333 mulieris
1392 2308 1549 2339 cuiusquam,
1568 2308 1598 2333 ut
1615 2308 1674 2333 ante
1692 2308 1725 2339 ²⁵,
1747 2308 1788 2334 sed
1804 2316 1848 2334 nec

998 2351 1074 2376 verba
1093 2351 1242 2382 principum.
1260 2351 1308 2375 Hic
1326 2357 1384 2382 ergo
1403 2351 1519 2376 obiiciens
1538 2358 1563 2376 se
1582 2351 1607 2376 in
1627 2351 1747 2381 medium,
1770 2352 1846 2381 dixit,

998 2394 1132 2425 discipulos
1151 2393 1231 2419 ebrios
1244 2400 1294 2419 non
1307 2400 1359 2418 esse
1372 2400 1387 2418 a
1399 2394 1465 2418 vino.
1478 2393 1524 2418 Sed
1537 2393 1667 2418 audiamus
1680 2393 1756 2418 verba
1768 2394 1846 2425 ipsius

1060 2625 1069 2638 ⁷
1087 2626 1143 2648 Dan.
1161 2626 1188 2654 3,
1206 2626 1248 2653 39,
1266 2628 1318 2654 post
1334 2631 1404 2654 quem
1421 2624 1484 2648 Cant.
1504 2626 1529 2652 l,
1542 2626 1563 2648 3.
1577 2625 1626 2654 (cfr.
1638 2631 1708 2654 supra
1720 2631 1774 2654 pag.
1787 2626 1844 2653 216,

997 2657 1167 2710 Ποιᾶῡὸὶζὲωηι.
1186 2687 1228 2714 44,
1246 2688 1268 2710 2.
1285 2690 1308 2710 et
1325 2687 1408 2710 deinde
1425 2688 1474 2710 Act.
1492 2688 1519 2716 2,
1538 2688 1575 2710 11.

1059 2717 1069 2731 ⁹
1086 2719 1150 2741 Cant.
1168 2720 1195 2746 S,
1211 2718 1235 2741 7.
1250 2731 1282 2735 —
1298 2718 1402 2741 Subinde
1424 2719 1546 2747 respicitur
1568 2719 1645 2741 Matth.
1662 2718 1690 2747 7,
1707 2718 1752 2741 25:
1771 2719 1844 2741 Vene-

996 2753 1049 2773 runt
1065 2750 1175 2778 flumina,
1192 2753 1214 2772 et
1230 2751 1344 2772 flaverunt
1360 2749 1422 2772 venti
1439 2752 1461 2772 el.
1477 2750 1594 2773 irruerunt
1616 2749 1639 2772 in
1661 2750 1758 2772 domum
1776 2750 1844 2777 illam,

996 2784 1018 2804 et
1034 2787 1081 2804 non
1097 2781 1188 2804 cecidit.
1660 2780 1679 2793 ²⁰
1695 2781 1744 2804 Act.
1761 2781 1788 2808 5,
1806 2781 1843 2803 4rl.

1059 2811 1079 2856 ἒξ
1096 2813 1143 2866 23.
1157 2813 1182 2866 22,
1196 2812 1232 2866 1431
1244 2824 1274 2828 -
1286 2812 1381 2834 lnrerius
1393 2818 1436 2840 pro
1447 2811 1547 2835 caritate
1558 2812 1605 2835 Deo
1617 2812 1675 2835 Bon.
1686 2811 1785 2836 caritate
1794 2812 1843 2835 Dei.

1059 2873 1079 2887 ¹³
1095 2860 1189 2904 Hor-ah:
1203 2875 1217 2897 l.
1235 2860 1306 2902 epist.
1322 2874 1388 2902 epist.
1406 2874 1428 2897 5.
1445 2880 1469 2897 v.
1487 2874 1525 2897 ⁴9.

1059 2905 1078 2918 ¹⁴
1096 2906 1179 2942 psalm:
1196 2906 1239 2933 22,
1256 2905 1284 2928 5:
1307 2904 1370 2928 Calix
1388 2911 1454 2928 meus
1478 2905 1594 2928 inebrians
1617 2912 1688 2935 quam
1711 2906 1844 2934 praeclarus

996 2938 1045 2960 est!
1059 2937 1301 2996 ἱΕ-Οῗιῗᾳῗῖἱῑιῗῑῖι.8ἕὲῐῖ
1312 2936 1349 2990 6591.
1364 2937 1431 2997 ξὲᾳᾳ.
1447 2981 1478 2984 -
1495 2968 1591 2992 lnrerius
1610 2974 1653 2997 pro
1669 2966 1741 2991 verba
1754 2967 1843 2998 princi·

993 3005 1054 3029 pum
1070 2999 1088 3022 A
1105 2999 1204 3023 verbera
1218 3004 1364 3029 prmczpum.

1883 779 1911 798 De
1923 784 1981 803 grano

1894 803 1966 826 quinto.

1862 2230 1949 2257 Obiectio
1958 2230 1995 2250 nol-

1899 2259 1916 2272 v1
1919 2255 1956 2273 tur.
