<?xml version="1.0" encoding="UTF-8"?>
<!DOCTYPE html PUBLIC "-//W3C//DTD XHTML 1.0 Transitional//EN"
    "http://www.w3.org/TR/xhtml1/DTD/xhtml1-transitional.dtd">
<html xmlns="http://www.w3.org/1999/xhtml" xml:lang="en" lang="en">
 <head>
  <title>
</title>
<meta http-equiv="Content-Type" content="text/html;charset=utf-8" />
  <meta name='ocr-system' content='tesseract 3.04.00' />
  <meta name='ocr-capabilities' content='ocr_page ocr_carea ocr_par ocr_line ocrx_word'/>
</head>
<body>
  <div class='ocr_page' id='page_1' title='image "./doctorisseraphic08bona_0742.png"; bbox 0 0 2133 3317; ppageno 0'>
   <div class='ocr_carea' id='block_1_1' title="bbox 148 726 288 816">
    <p class='ocr_par' dir='ltr' id='par_1_1' title="bbox 148 726 288 816">
     <span class='ocr_line' id='line_1_1' title="bbox 148 726 288 749; baseline 0 -4"><span class='ocrx_word' id='word_1_1' title='bbox 148 727 168 745; x_wconf 86' lang='grc'>111</span> <span class='ocrx_word' id='word_1_2' title='bbox 176 726 246 749; x_wconf 83' lang='lat' dir='ltr'>verbis,</span> <span class='ocrx_word' id='word_1_3' title='bbox 257 727 288 745; x_wconf 38' lang='lat' dir='ltr'>dur</span> 
     </span>
     <span class='ocr_line' id='line_1_2' title="bbox 172 751 253 774; baseline -0.012 -5"><span class='ocrx_word' id='word_1_4' title='bbox 172 751 253 774; x_wconf 75' lang='lat' dir='ltr'>pliciter.</span> 
     </span>
     <span class='ocr_line' id='line_1_3' title="bbox 154 774 271 798; baseline 0 -6"><span class='ocrx_word' id='word_1_5' title='bbox 154 774 219 798; x_wconf 79' lang='lat' dir='ltr'>Quoad</span> <span class='ocrx_word' id='word_1_6' title='bbox 232 779 271 792; x_wconf 77' lang='lat' dir='ltr'>ma·</span> 
     </span>
     <span class='ocr_line' id='line_1_4' title="bbox 176 797 249 816; baseline 0 0"><span class='ocrx_word' id='word_1_7' title='bbox 176 797 249 816; x_wconf 79' lang='lat' dir='ltr'>teriam.</span> 
     </span>
    </p>
   </div>
   <div class='ocr_carea' id='block_1_2' title="bbox 163 1677 270 1719">
    <p class='ocr_par' dir='ltr' id='par_1_2' title="bbox 163 1677 270 1719">
     <span class='ocr_line' id='line_1_5' title="bbox 163 1677 270 1700; baseline 0 -5"><span class='ocrx_word' id='word_1_8' title='bbox 163 1677 229 1700; x_wconf 75' lang='lat' dir='ltr'>Quoad</span> <span class='ocrx_word' id='word_1_9' title='bbox 242 1682 270 1695; x_wconf 90' lang='lat' dir='ltr'>so-</span> 
     </span>
     <span class='ocr_line' id='line_1_6' title="bbox 191 1706 241 1719; baseline 0.02 -1"><span class='ocrx_word' id='word_1_10' title='bbox 191 1706 241 1719; x_wconf 79' lang='lat' dir='ltr'>uum.</span> 
     </span>
    </p>
   </div>
   <div class='ocr_carea' id='block_1_3' title="bbox 297 216 353 244">
    <p class='ocr_par' dir='ltr' id='par_1_3' title="bbox 297 216 353 244">
     <span class='ocr_line' id='line_1_7' title="bbox 297 216 353 244; baseline 0 -1"><span class='ocrx_word' id='word_1_11' title='bbox 297 216 353 244; x_wconf 83' lang='lat'>610</span> 
     </span>
    </p>
   </div>
   <div class='ocr_carea' id='block_1_4' title="bbox 294 292 1148 1318">
    <p class='ocr_par' dir='ltr' id='par_1_4' title="bbox 294 292 1147 669">
     <span class='ocr_line' id='line_1_8' title="bbox 294 292 1146 326; baseline -0.002 -7"><span class='ocrx_word' id='word_1_12' title='bbox 294 294 447 326; x_wconf 77' lang='lat' dir='ltr'>exstinguat.</span> <span class='ocrx_word' id='word_1_13' title='bbox 466 293 596 318; x_wconf 78' lang='lat' dir='ltr'>Audienda</span> <span class='ocrx_word' id='word_1_14' title='bbox 621 293 659 318; x_wconf 87' lang='lat' dir='ltr'>est</span> <span class='ocrx_word' id='word_1_15' title='bbox 682 293 760 317; x_wconf 84' lang='lat' dir='ltr'>Missa</span> <span class='ocrx_word' id='word_1_16' title='bbox 785 292 934 324; x_wconf 89' lang='lat' dir='ltr'>sanctaeque</span> <span class='ocrx_word' id='word_1_17' title='bbox 965 292 1146 318; x_wconf 73' lang='lat' dir='ltr'>exhortationis</span> 
     </span>
     <span class='ocr_line' id='line_1_9' title="bbox 295 336 1146 368; baseline -0.001 -6"><span class='ocrx_word' id='word_1_18' title='bbox 295 344 340 368; x_wconf 88' lang='lat' dir='ltr'>pro</span> <span class='ocrx_word' id='word_1_19' title='bbox 368 337 473 368; x_wconf 86' lang='lat' dir='ltr'>populo,</span> <span class='ocrx_word' id='word_1_20' title='bbox 503 337 524 361; x_wconf 91' lang='lat' dir='ltr'>si</span> <span class='ocrx_word' id='word_1_21' title='bbox 542 336 656 365; x_wconf 85' lang='lat' dir='ltr'>affuerit,</span> <span class='ocrx_word' id='word_1_22' title='bbox 685 343 765 361; x_wconf 87' lang='lat' dir='ltr'>sermo</span> <span class='ocrx_word' id='word_1_23' title='bbox 783 336 888 361; x_wconf 84' lang='lat' dir='ltr'>flendus.</span> <span class='ocrx_word' id='word_1_24' title='bbox 916 336 950 361; x_wconf 87' lang='lat' dir='ltr'>Et</span> <span class='ocrx_word' id='word_1_25' title='bbox 972 336 1032 361; x_wconf 87' lang='lat' dir='ltr'>ante</span> <span class='ocrx_word' id='word_1_26' title='bbox 1063 337 1146 361; x_wconf 90' lang='lat' dir='ltr'>omnia</span> 
     </span>
     <span class='ocr_line' id='line_1_10' title="bbox 296 378 1144 411; baseline -0.001 -7"><span class='ocrx_word' id='word_1_27' title='bbox 296 387 393 411; x_wconf 82' lang='lat' dir='ltr'>semper</span> <span class='ocrx_word' id='word_1_28' title='bbox 410 379 534 411; x_wconf 83' lang='lat' dir='ltr'>imprimis</span> <span class='ocrx_word' id='word_1_29' title='bbox 550 378 557 391; x_wconf 86' lang='lat'>¹</span> <span class='ocrx_word' id='word_1_30' title='bbox 572 379 650 404; x_wconf 90' lang='lat' dir='ltr'>divini</span> <span class='ocrx_word' id='word_1_31' title='bbox 663 386 768 410; x_wconf 86' lang='lat' dir='ltr'>pensum</span> <span class='ocrx_word' id='word_1_32' title='bbox 781 378 861 404; x_wconf 87' lang='lat' dir='ltr'>Officii</span> <span class='ocrx_word' id='word_1_33' title='bbox 877 379 964 404; x_wconf 86' lang='lat' dir='ltr'>devote</span> <span class='ocrx_word' id='word_1_34' title='bbox 987 379 1144 409; x_wconf 86' lang='lat' dir='ltr'>solvendum,</span> 
     </span>
     <span class='ocr_line' id='line_1_11' title="bbox 296 421 1147 454; baseline -0.001 -7"><span class='ocrx_word' id='word_1_35' title='bbox 296 430 326 448; x_wconf 90' lang='lat' dir='ltr'>ne</span> <span class='ocrx_word' id='word_1_36' title='bbox 345 422 449 447; x_wconf 84' lang='lat' dir='ltr'>Fratres</span> <span class='ocrx_word' id='word_1_37' title='bbox 468 430 492 447; x_wconf 89' lang='lat' dir='ltr'>se</span> <span class='ocrx_word' id='word_1_38' title='bbox 511 423 592 454; x_wconf 80' lang='lat' dir='ltr'>magis</span> <span class='ocrx_word' id='word_1_39' title='bbox 611 429 725 447; x_wconf 82' lang='lat' dir='ltr'>cursores</span> <span class='ocrx_word' id='word_1_40' title='bbox 748 429 823 453; x_wconf 89' lang='lat' dir='ltr'>quam</span> <span class='ocrx_word' id='word_1_41' title='bbox 850 422 988 453; x_wconf 82' lang='lat' dir='ltr'>Religiosos</span> <span class='ocrx_word' id='word_1_42' title='bbox 1014 421 1147 447; x_wconf 79' lang='lat' dir='ltr'>exhibeant</span> 
     </span>
     <span class='ocr_line' id='line_1_12' title="bbox 296 465 1146 497; baseline 0 -7"><span class='ocrx_word' id='word_1_43' title='bbox 296 465 321 490; x_wconf 87' lang='lat' dir='ltr'>et</span> <span class='ocrx_word' id='word_1_44' title='bbox 339 465 426 490; x_wconf 87' lang='lat' dir='ltr'>contra</span> <span class='ocrx_word' id='word_1_45' title='bbox 450 465 586 497; x_wconf 81' lang='lat' dir='ltr'>Religionis</span> <span class='ocrx_word' id='word_1_46' title='bbox 612 465 768 496; x_wconf 88' lang='lat' dir='ltr'>propositum</span> <span class='ocrx_word' id='word_1_47' title='bbox 796 465 825 489; x_wconf 84' lang='lat' dir='ltr'>de</span> <span class='ocrx_word' id='word_1_48' title='bbox 844 466 980 490; x_wconf 87' lang='lat' dir='ltr'>accessorio</span> <span class='ocrx_word' id='word_1_49' title='bbox 1009 465 1146 496; x_wconf 82' lang='lat' dir='ltr'>principale</span> 
     </span>
     <span class='ocr_line' id='line_1_13' title="bbox 295 508 1147 534; baseline 0 -1"><span class='ocrx_word' id='word_1_50' title='bbox 295 508 375 533; x_wconf 87' lang='lat' dir='ltr'>facere</span> <span class='ocrx_word' id='word_1_51' title='bbox 394 508 583 534; x_wconf 73' lang='lat' dir='ltr'>convincantur.</span> <span class='ocrx_word' id='word_1_52' title='bbox 603 508 634 533; x_wconf 91' lang='lat' dir='ltr'>In</span> <span class='ocrx_word' id='word_1_53' title='bbox 659 508 849 534; x_wconf 77' lang='lat' dir='ltr'>solemnioribus</span> <span class='ocrx_word' id='word_1_54' title='bbox 872 508 944 533; x_wconf 84' lang='lat' dir='ltr'>festis</span> <span class='ocrx_word' id='word_1_55' title='bbox 963 508 1002 533; x_wconf 88' lang='lat' dir='ltr'>est</span> <span class='ocrx_word' id='word_1_56' title='bbox 1020 508 1052 533; x_wconf 86' lang='lat' dir='ltr'>ab</span> <span class='ocrx_word' id='word_1_57' title='bbox 1076 509 1147 533; x_wconf 83' lang='lat' dir='ltr'>itine-</span> 
     </span>
     <span class='ocr_line' id='line_1_14' title="bbox 295 551 1147 583; baseline 0 -7"><span class='ocrx_word' id='word_1_58' title='bbox 295 551 391 576; x_wconf 87' lang='lat' dir='ltr'>ratione</span> <span class='ocrx_word' id='word_1_59' title='bbox 410 551 565 576; x_wconf 88' lang='lat' dir='ltr'>cessandum.</span> <span class='ocrx_word' id='word_1_60' title='bbox 580 551 695 576; x_wconf 78' lang='lat' dir='ltr'>Cavenda</span> <span class='ocrx_word' id='word_1_61' title='bbox 715 551 753 576; x_wconf 86' lang='lat' dir='ltr'>est</span> <span class='ocrx_word' id='word_1_62' title='bbox 766 558 810 582; x_wconf 81' lang='lat' dir='ltr'>per</span> <span class='ocrx_word' id='word_1_63' title='bbox 822 552 878 576; x_wconf 84' lang='lat' dir='ltr'>vias</span> <span class='ocrx_word' id='word_1_64' title='bbox 890 551 1006 576; x_wconf 83' lang='lat' dir='ltr'>dormitio</span> <span class='ocrx_word' id='word_1_65' title='bbox 1025 551 1147 583; x_wconf 84' lang='lat' dir='ltr'>tanquam</span> 
     </span>
     <span class='ocr_line' id='line_1_15' title="bbox 294 594 1147 626; baseline 0 -7"><span class='ocrx_word' id='word_1_66' title='bbox 294 595 433 626; x_wconf 85' lang='lat' dir='ltr'>periculosa</span> <span class='ocrx_word' id='word_1_67' title='bbox 452 594 477 619; x_wconf 88' lang='lat' dir='ltr'>et</span> <span class='ocrx_word' id='word_1_68' title='bbox 500 595 628 625; x_wconf 79' lang='lat' dir='ltr'>indecens,</span> <span class='ocrx_word' id='word_1_69' title='bbox 654 602 698 619; x_wconf 86' lang='lat' dir='ltr'>nec</span> <span class='ocrx_word' id='word_1_70' title='bbox 718 594 756 619; x_wconf 90' lang='lat' dir='ltr'>est</span> <span class='ocrx_word' id='word_1_71' title='bbox 775 594 860 624; x_wconf 88' lang='lat' dir='ltr'>tarde,</span> <span class='ocrx_word' id='word_1_72' title='bbox 888 595 928 620; x_wconf 88' lang='lat' dir='ltr'>vel</span> <span class='ocrx_word' id='word_1_73' title='bbox 947 595 1015 626; x_wconf 89' lang='lat' dir='ltr'>apud</span> <span class='ocrx_word' id='word_1_74' title='bbox 1042 594 1147 620; x_wconf 86' lang='lat' dir='ltr'>infames</span> 
     </span>
     <span class='ocr_line' id='line_1_16' title="bbox 294 637 619 669; baseline 0 -7"><span class='ocrx_word' id='word_1_75' title='bbox 294 637 472 669; x_wconf 89' lang='lat' dir='ltr'>hospitandum</span> <span class='ocrx_word' id='word_1_76' title='bbox 491 645 619 669; x_wconf 75' lang='lat' dir='ltr'>personas.</span> 
     </span>
    </p>

    <p class='ocr_par' dir='ltr' id='par_1_5' title="bbox 294 680 1148 1318">
     <span class='ocr_line' id='line_1_17' title="bbox 364 680 1147 712; baseline 0.001 -7"><span class='ocrx_word' id='word_1_77' title='bbox 364 681 389 705; x_wconf 81' lang='lat'>3.</span> <span class='ocrx_word' id='word_1_78' title='bbox 410 681 573 712; x_wconf 82' lang='lat' dir='ltr'>Disciplinam</span> <span class='ocrx_word' id='word_1_79' title='bbox 601 681 737 706; x_wconf 77' lang='lat' dir='ltr'>verborum</span> <span class='ocrx_word' id='word_1_80' title='bbox 765 680 855 706; x_wconf 85' lang='lat' dir='ltr'>debent</span> <span class='ocrx_word' id='word_1_81' title='bbox 882 680 1012 706; x_wconf 85' lang='lat' dir='ltr'>attendere</span> <span class='ocrx_word' id='word_1_82' title='bbox 1040 681 1093 706; x_wconf 86' lang='lat' dir='ltr'>tam</span> <span class='ocrx_word' id='word_1_83' title='bbox 1121 682 1147 706; x_wconf 90' lang='lat' dir='ltr'>iu</span> 
     </span>
     <span class='ocr_line' id='line_1_18' title="bbox 294 724 1147 756; baseline 0.001 -7"><span class='ocrx_word' id='word_1_84' title='bbox 294 725 406 749; x_wconf 68' lang='lat' dir='ltr'>niceteria</span> <span class='ocrx_word' id='word_1_85' title='bbox 424 732 499 756; x_wconf 85' lang='lat' dir='ltr'>quam</span> <span class='ocrx_word' id='word_1_86' title='bbox 518 725 544 750; x_wconf 90' lang='lat' dir='ltr'>in</span> <span class='ocrx_word' id='word_1_87' title='bbox 556 732 628 750; x_wconf 76' lang='lat' dir='ltr'>sono.</span> <span class='ocrx_word' id='word_1_88' title='bbox 648 725 673 749; x_wconf 85' lang='lat' dir='ltr'>Si</span> <span class='ocrx_word' id='word_1_89' title='bbox 686 724 840 750; x_wconf 68' lang='lat' dir='ltr'>occurrerint</span> <span class='ocrx_word' id='word_1_90' title='bbox 857 724 982 755; x_wconf 88' lang='lat' dir='ltr'>homines,</span> <span class='ocrx_word' id='word_1_91' title='bbox 1001 725 1093 750; x_wconf 85' lang='lat' dir='ltr'>debent</span> <span class='ocrx_word' id='word_1_92' title='bbox 1106 732 1147 750; x_wconf 91' lang='lat' dir='ltr'>eos</span> 
     </span>
     <span class='ocr_line' id='line_1_19' title="bbox 294 768 1146 798; baseline 0.001 -6"><span class='ocrx_word' id='word_1_93' title='bbox 294 768 423 793; x_wconf 89' lang='lat' dir='ltr'>humiliter</span> <span class='ocrx_word' id='word_1_94' title='bbox 451 768 570 793; x_wconf 87' lang='lat' dir='ltr'>salutare.</span> <span class='ocrx_word' id='word_1_95' title='bbox 597 768 726 793; x_wconf 87' lang='lat' dir='ltr'>Seniorum</span> <span class='ocrx_word' id='word_1_96' title='bbox 754 768 802 793; x_wconf 89' lang='lat' dir='ltr'>erit</span> <span class='ocrx_word' id='word_1_97' title='bbox 820 768 1027 793; x_wconf 85' lang='lat' dir='ltr'>coitinerantibus</span> <span class='ocrx_word' id='word_1_98' title='bbox 1055 768 1080 793; x_wconf 89' lang='lat' dir='ltr'>et</span> <span class='ocrx_word' id='word_1_99' title='bbox 1098 768 1146 798; x_wconf 89' lang='lat' dir='ltr'>his,</span> 
     </span>
     <span class='ocr_line' id='line_1_20' title="bbox 294 811 1147 843; baseline 0 -7"><span class='ocrx_word' id='word_1_100' title='bbox 294 819 350 836; x_wconf 90' lang='lat' dir='ltr'>cum</span> <span class='ocrx_word' id='word_1_101' title='bbox 369 812 459 843; x_wconf 89' lang='lat' dir='ltr'>quibus</span> <span class='ocrx_word' id='word_1_102' title='bbox 479 812 612 843; x_wconf 88' lang='lat' dir='ltr'>aliqnando</span> <span class='ocrx_word' id='word_1_103' title='bbox 637 812 705 843; x_wconf 91' lang='lat' dir='ltr'>loqui</span> <span class='ocrx_word' id='word_1_104' title='bbox 724 811 869 843; x_wconf 87' lang='lat' dir='ltr'>contigerit,</span> <span class='ocrx_word' id='word_1_105' title='bbox 895 812 990 843; x_wconf 88' lang='lat' dir='ltr'>aliquid</span> <span class='ocrx_word' id='word_1_106' title='bbox 1008 812 1039 837; x_wconf 85' lang='lat' dir='ltr'>ad</span> <span class='ocrx_word' id='word_1_107' title='bbox 1064 812 1147 837; x_wconf 88' lang='lat' dir='ltr'>aedifi-</span> 
     </span>
     <span class='ocr_line' id='line_1_21' title="bbox 294 855 1147 887; baseline 0.001 -8"><span class='ocrx_word' id='word_1_108' title='bbox 294 855 415 880; x_wconf 89' lang='lat' dir='ltr'>cationem</span> <span class='ocrx_word' id='word_1_109' title='bbox 429 855 469 880; x_wconf 89' lang='lat' dir='ltr'>vel</span> <span class='ocrx_word' id='word_1_110' title='bbox 487 855 681 880; x_wconf 70' lang='lat' dir='ltr'>consolationem</span> <span class='ocrx_word' id='word_1_111' title='bbox 698 862 848 886; x_wconf 78' lang='lat' dir='ltr'>proponere,</span> <span class='ocrx_word' id='word_1_112' title='bbox 869 855 999 887; x_wconf 74' lang='lat' dir='ltr'>peccantes</span> <span class='ocrx_word' id='word_1_113' title='bbox 1018 856 1044 880; x_wconf 93' lang='lat' dir='ltr'>in</span> <span class='ocrx_word' id='word_1_114' title='bbox 1063 862 1147 880; x_wconf 88' lang='lat' dir='ltr'>eorum</span> 
     </span>
     <span class='ocr_line' id='line_1_22' title="bbox 295 897 1147 929; baseline 0 -6"><span class='ocrx_word' id='word_1_115' title='bbox 295 898 438 929; x_wconf 85' lang='lat' dir='ltr'>praesentia</span> <span class='ocrx_word' id='word_1_116' title='bbox 456 905 507 923; x_wconf 90' lang='lat' dir='ltr'>non</span> <span class='ocrx_word' id='word_1_117' title='bbox 525 898 615 929; x_wconf 76' lang='lat' dir='ltr'>rigide,</span> <span class='ocrx_word' id='word_1_118' title='bbox 636 898 679 923; x_wconf 89' lang='lat' dir='ltr'>sed</span> <span class='ocrx_word' id='word_1_119' title='bbox 692 905 747 923; x_wconf 88' lang='lat' dir='ltr'>cum</span> <span class='ocrx_word' id='word_1_120' title='bbox 763 898 885 923; x_wconf 85' lang='lat' dir='ltr'>modestia</span> <span class='ocrx_word' id='word_1_121' title='bbox 898 898 923 923; x_wconf 91' lang='lat' dir='ltr'>et</span> <span class='ocrx_word' id='word_1_122' title='bbox 941 897 1084 923; x_wconf 84' lang='lat' dir='ltr'>humilitate</span> <span class='ocrx_word' id='word_1_123' title='bbox 1097 905 1147 923; x_wconf 91' lang='lat' dir='ltr'>cor-</span> 
     </span>
     <span class='ocr_line' id='line_1_23' title="bbox 295 941 1147 973; baseline 0.001 -8"><span class='ocrx_word' id='word_1_124' title='bbox 295 942 375 972; x_wconf 86' lang='lat' dir='ltr'>ripere</span> <span class='ocrx_word' id='word_1_125' title='bbox 394 941 419 966; x_wconf 88' lang='lat' dir='ltr'>et</span> <span class='ocrx_word' id='word_1_126' title='bbox 438 941 469 966; x_wconf 85' lang='lat' dir='ltr'>ad</span> <span class='ocrx_word' id='word_1_127' title='bbox 494 942 586 967; x_wconf 88' lang='lat' dir='ltr'>bonum</span> <span class='ocrx_word' id='word_1_128' title='bbox 612 949 656 973; x_wconf 91' lang='lat' dir='ltr'>per</span> <span class='ocrx_word' id='word_1_129' title='bbox 674 941 785 967; x_wconf 89' lang='lat' dir='ltr'>rationes</span> <span class='ocrx_word' id='word_1_130' title='bbox 810 941 835 966; x_wconf 92' lang='lat' dir='ltr'>et</span> <span class='ocrx_word' id='word_1_131' title='bbox 854 942 949 966; x_wconf 84' lang='lat' dir='ltr'>dulcem</span> <span class='ocrx_word' id='word_1_132' title='bbox 972 941 1147 966; x_wconf 78' lang='lat' dir='ltr'>allocutionem</span> 
     </span>
     <span class='ocr_line' id='line_1_24' title="bbox 295 984 1147 1017; baseline 0 -8"><span class='ocrx_word' id='word_1_133' title='bbox 295 985 423 1014; x_wconf 76' lang='lat' dir='ltr'>inducere,</span> <span class='ocrx_word' id='word_1_134' title='bbox 443 985 468 1010; x_wconf 89' lang='lat' dir='ltr'>et</span> <span class='ocrx_word' id='word_1_135' title='bbox 497 986 531 1010; x_wconf 87' lang='lat' dir='ltr'>sic</span> <span class='ocrx_word' id='word_1_136' title='bbox 544 985 650 1017; x_wconf 89' lang='lat' dir='ltr'>quodam</span> <span class='ocrx_word' id='word_1_137' title='bbox 673 985 744 1010; x_wconf 90' lang='lat' dir='ltr'>modo</span> <span class='ocrx_word' id='word_1_138' title='bbox 770 986 840 1010; x_wconf 77' lang='lat' dir='ltr'>omni</span> <span class='ocrx_word' id='word_1_139' title='bbox 868 986 1002 1010; x_wconf 68' lang='lat' dir='ltr'>erectim-ae</span> <span class='ocrx_word' id='word_1_140' title='bbox 1032 984 1147 1009; x_wconf 88' lang='lat' dir='ltr'>sanctum</span> 
     </span>
     <span class='ocr_line' id='line_1_25' title="bbox 295 1026 1147 1059; baseline 0 -7"><span class='ocrx_word' id='word_1_141' title='bbox 295 1027 470 1059; x_wconf 69' lang='lat' dir='ltr'>.Evctnycliztm</span> <span class='ocrx_word' id='word_1_142' title='bbox 484 1027 640 1058; x_wconf 73' lang='lat' dir='ltr'>praedicare</span> <span class='ocrx_word' id='word_1_143' title='bbox 654 1026 672 1051; x_wconf 82' lang='lat'>².</span> <span class='ocrx_word' id='word_1_144' title='bbox 692 1027 798 1052; x_wconf 84' lang='lat' dir='ltr'>Sanctus</span> <span class='ocrx_word' id='word_1_145' title='bbox 816 1027 950 1059; x_wconf 86' lang='lat' dir='ltr'>Philippus</span> <span class='ocrx_word' id='word_1_146' title='bbox 969 1027 1109 1052; x_wconf 88' lang='lat' dir='ltr'>eunuchum</span> <span class='ocrx_word' id='word_1_147' title='bbox 1121 1027 1147 1051; x_wconf 90' lang='lat' dir='ltr'>in</span> 
     </span>
     <span class='ocr_line' id='line_1_26' title="bbox 294 1070 1148 1102; baseline -0.001 -7"><span class='ocrx_word' id='word_1_148' title='bbox 294 1071 382 1095; x_wconf 88' lang='lat' dir='ltr'>itinere</span> <span class='ocrx_word' id='word_1_149' title='bbox 402 1071 555 1102; x_wconf 75' lang='lat' dir='ltr'>baptizavit3</span> <span class='ocrx_word' id='word_1_150' title='bbox 575 1071 663 1095; x_wconf 86' lang='lat' dir='ltr'>beatus</span> <span class='ocrx_word' id='word_1_151' title='bbox 683 1071 809 1095; x_wconf 89' lang='lat' dir='ltr'>Martinus</span> <span class='ocrx_word' id='word_1_152' title='bbox 828 1071 952 1095; x_wconf 87' lang='lat' dir='ltr'>latronem</span> <span class='ocrx_word' id='word_1_153' title='bbox 972 1078 1054 1095; x_wconf 90' lang='lat' dir='ltr'>secum</span> <span class='ocrx_word' id='word_1_154' title='bbox 1077 1070 1148 1094; x_wconf 90' lang='lat' dir='ltr'>itine-</span> 
     </span>
     <span class='ocr_line' id='line_1_27' title="bbox 294 1113 1147 1143; baseline 0 -5"><span class='ocrx_word' id='word_1_155' title='bbox 294 1114 392 1139; x_wconf 78' lang='lat' dir='ltr'>rantem</span> <span class='ocrx_word' id='word_1_156' title='bbox 411 1114 543 1140; x_wconf 83' lang='lat' dir='ltr'>convertit.</span> <span class='ocrx_word' id='word_1_157' title='bbox 566 1114 591 1138; x_wconf 84' lang='lat' dir='ltr'>Si</span> <span class='ocrx_word' id='word_1_158' title='bbox 609 1122 668 1139; x_wconf 88' lang='lat' dir='ltr'>vero</span> <span class='ocrx_word' id='word_1_159' title='bbox 692 1122 742 1139; x_wconf 90' lang='lat' dir='ltr'>non</span> <span class='ocrx_word' id='word_1_160' title='bbox 761 1114 879 1139; x_wconf 83' lang='lat' dir='ltr'>affuerint</span> <span class='ocrx_word' id='word_1_161' title='bbox 898 1114 1021 1143; x_wconf 87' lang='lat' dir='ltr'>homines,</span> <span class='ocrx_word' id='word_1_162' title='bbox 1048 1113 1077 1138; x_wconf 89' lang='lat' dir='ltr'>de</span> <span class='ocrx_word' id='word_1_163' title='bbox 1096 1113 1147 1138; x_wconf 86' lang='lat' dir='ltr'>Deo</span> 
     </span>
     <span class='ocr_line' id='line_1_28' title="bbox 294 1156 1148 1189; baseline -0.001 -7"><span class='ocrx_word' id='word_1_164' title='bbox 294 1158 370 1183; x_wconf 83' lang='lat' dir='ltr'>verba</span> <span class='ocrx_word' id='word_1_165' title='bbox 388 1158 507 1182; x_wconf 80' lang='lat' dir='ltr'>Fratrum</span> <span class='ocrx_word' id='word_1_166' title='bbox 530 1158 646 1183; x_wconf 86' lang='lat' dir='ltr'>convenit</span> <span class='ocrx_word' id='word_1_167' title='bbox 664 1165 731 1188; x_wconf 82' lang='grc' dir='ltr'>055ος</span> <span class='ocrx_word' id='word_1_168' title='bbox 756 1158 809 1189; x_wconf 86' lang='lat' dir='ltr'>ipse</span> <span class='ocrx_word' id='word_1_169' title='bbox 835 1165 943 1189; x_wconf 85' lang='lat' dir='ltr'>namque</span> <span class='ocrx_word' id='word_1_170' title='bbox 970 1156 1148 1182; x_wconf 85' lang='lat' dir='ltr'>itinerantibus</span> 
     </span>
     <span class='ocr_line' id='line_1_29' title="bbox 295 1201 1148 1233; baseline 0 -7"><span class='ocrx_word' id='word_1_171' title='bbox 295 1201 319 1226; x_wconf 86' lang='lat' dir='ltr'>et</span> <span class='ocrx_word' id='word_1_172' title='bbox 338 1202 497 1232; x_wconf 69' lang='lat' dir='ltr'>loquentibus</span> <span class='ocrx_word' id='word_1_173' title='bbox 516 1202 545 1226; x_wconf 88' lang='lat' dir='ltr'>de</span> <span class='ocrx_word' id='word_1_174' title='bbox 565 1209 590 1226; x_wconf 87' lang='lat' dir='ltr'>se</span> <span class='ocrx_word' id='word_1_175' title='bbox 609 1202 737 1233; x_wconf 85' lang='lat' dir='ltr'>discipulis</span> <span class='ocrx_word' id='word_1_176' title='bbox 756 1201 924 1226; x_wconf 67' lang='lat' dir='ltr'>itinerationis</span> <span class='ocrx_word' id='word_1_177' title='bbox 943 1201 1024 1226; x_wconf 82' lang='lat' dir='ltr'>factus</span> <span class='ocrx_word' id='word_1_178' title='bbox 1048 1201 1086 1226; x_wconf 86' lang='lat' dir='ltr'>est</span> <span class='ocrx_word' id='word_1_179' title='bbox 1108 1208 1148 1226; x_wconf 86' lang='grc'>00-</span> 
     </span>
     <span class='ocr_line' id='line_1_30' title="bbox 295 1243 1147 1276; baseline 0 -8"><span class='ocrx_word' id='word_1_180' title='bbox 295 1252 346 1269; x_wconf 84' lang='lat' dir='ltr'>mes</span> <span class='ocrx_word' id='word_1_181' title='bbox 357 1243 375 1268; x_wconf 71' lang='lat'>⁸.</span> <span class='ocrx_word' id='word_1_182' title='bbox 395 1245 464 1269; x_wconf 84' lang='lat' dir='ltr'>Tunc</span> <span class='ocrx_word' id='word_1_183' title='bbox 477 1245 589 1276; x_wconf 81' lang='lat' dir='ltr'>exempla</span> <span class='ocrx_word' id='word_1_184' title='bbox 607 1245 727 1274; x_wconf 87' lang='lat' dir='ltr'>Patrum,</span> <span class='ocrx_word' id='word_1_185' title='bbox 748 1245 787 1270; x_wconf 90' lang='lat' dir='ltr'>vel</span> <span class='ocrx_word' id='word_1_186' title='bbox 806 1245 856 1269; x_wconf 87' lang='lat' dir='ltr'>alia</span> <span class='ocrx_word' id='word_1_187' title='bbox 869 1245 971 1276; x_wconf 82' lang='lat' dir='ltr'>quaevis</span> <span class='ocrx_word' id='word_1_188' title='bbox 990 1244 1066 1273; x_wconf 84' lang='lat' dir='ltr'>bona,</span> <span class='ocrx_word' id='word_1_189' title='bbox 1085 1251 1147 1275; x_wconf 90' lang='lat' dir='ltr'>quae</span> 
     </span>
     <span class='ocr_line' id='line_1_31' title="bbox 295 1288 1146 1318; baseline -0.001 -5"><span class='ocrx_word' id='word_1_190' title='bbox 295 1288 333 1313; x_wconf 86' lang='lat' dir='ltr'>vel</span> <span class='ocrx_word' id='word_1_191' title='bbox 353 1288 490 1313; x_wconf 81' lang='lat' dir='ltr'>accendant</span> <span class='ocrx_word' id='word_1_192' title='bbox 508 1288 638 1318; x_wconf 86' lang='lat' dir='ltr'>affectum,</span> <span class='ocrx_word' id='word_1_193' title='bbox 657 1289 697 1313; x_wconf 87' lang='lat' dir='ltr'>vel</span> <span class='ocrx_word' id='word_1_194' title='bbox 721 1288 810 1313; x_wconf 88' lang='lat' dir='ltr'>saltem</span> <span class='ocrx_word' id='word_1_195' title='bbox 829 1288 959 1313; x_wconf 84' lang='lat' dir='ltr'>instruant</span> <span class='ocrx_word' id='word_1_196' title='bbox 977 1288 1146 1317; x_wconf 88' lang='lat' dir='ltr'>intellectum,</span> 
     </span>
    </p>
   </div>
   <div class='ocr_carea' id='block_1_5' title="bbox 295 1331 1158 1370">
    <p class='ocr_par' dir='ltr' id='par_1_6' title="bbox 295 1331 1158 1370">
     <span class='ocr_line' id='line_1_32' title="bbox 295 1331 1158 1370; baseline 0 -15"><span class='ocrx_word' id='word_1_197' title='bbox 295 1331 355 1356; x_wconf 88' lang='lat' dir='ltr'>sunt</span> <span class='ocrx_word' id='word_1_198' title='bbox 374 1331 405 1355; x_wconf 85' lang='lat' dir='ltr'>ad</span> <span class='ocrx_word' id='word_1_199' title='bbox 423 1331 517 1356; x_wconf 86' lang='lat' dir='ltr'>laboris</span> <span class='ocrx_word' id='word_1_200' title='bbox 537 1332 721 1357; x_wconf 85' lang='lat' dir='ltr'>alleviationem</span> <span class='ocrx_word' id='word_1_201' title='bbox 744 1331 879 1356; x_wconf 84' lang='lat' dir='ltr'>narranda.</span> <span class='ocrx_word' id='word_1_202' title='bbox 900 1332 1083 1362; x_wconf 85' lang='lat' dir='ltr'>Turpissimum</span> <span class='ocrx_word' id='word_1_203' title='bbox 1108 1331 1158 1370; x_wconf 57' lang='grc'>0517</span> 
     </span>
    </p>
   </div>
   <div class='ocr_carea' id='block_1_6' title="bbox 292 1374 1146 2185">
    <p class='ocr_par' dir='ltr' id='par_1_7' title="bbox 294 1374 1146 1622">
     <span class='ocr_line' id='line_1_33' title="bbox 294 1374 1146 1406; baseline 0 -7"><span class='ocrx_word' id='word_1_204' title='bbox 294 1375 388 1400; x_wconf 81' lang='lat' dir='ltr'>nescire</span> <span class='ocrx_word' id='word_1_205' title='bbox 406 1375 507 1406; x_wconf 89' lang='lat' dir='ltr'>tempus</span> <span class='ocrx_word' id='word_1_206' title='bbox 525 1376 573 1400; x_wconf 87' lang='lat' dir='ltr'>nisi</span> <span class='ocrx_word' id='word_1_207' title='bbox 592 1375 689 1400; x_wconf 84' lang='lat' dir='ltr'>frivolis</span> <span class='ocrx_word' id='word_1_208' title='bbox 708 1375 734 1400; x_wconf 85' lang='lat' dir='ltr'>et</span> <span class='ocrx_word' id='word_1_209' title='bbox 752 1375 874 1400; x_wconf 86' lang='lat' dir='ltr'>fabulosis</span> <span class='ocrx_word' id='word_1_210' title='bbox 897 1375 1086 1400; x_wconf 85' lang='lat' dir='ltr'>narrationibus</span> <span class='ocrx_word' id='word_1_211' title='bbox 1108 1374 1146 1399; x_wconf 89' lang='lat' dir='ltr'>de-</span> 
     </span>
     <span class='ocr_line' id='line_1_34' title="bbox 294 1418 1146 1450; baseline 0 -7"><span class='ocrx_word' id='word_1_212' title='bbox 294 1418 382 1443; x_wconf 82' lang='lat' dir='ltr'>tinere.</span> <span class='ocrx_word' id='word_1_213' title='bbox 406 1428 418 1440; x_wconf 83' lang='lat'>«</span> <span class='ocrx_word' id='word_1_214' title='bbox 431 1418 483 1443; x_wconf 73' lang='lat' dir='ltr'>Vae</span> <span class='ocrx_word' id='word_1_215' title='bbox 497 1418 638 1443; x_wconf 84' lang='lat' dir='ltr'>tacentibus</span> <span class='ocrx_word' id='word_1_216' title='bbox 657 1419 685 1443; x_wconf 86' lang='lat' dir='ltr'>de</span> <span class='ocrx_word' id='word_1_217' title='bbox 705 1419 742 1448; x_wconf 89' lang='lat' dir='ltr'>te,</span> <span class='ocrx_word' id='word_1_218' title='bbox 756 1419 874 1444; x_wconf 81' lang='lat' dir='ltr'>Domine!</span> <span class='ocrx_word' id='word_1_219' title='bbox 895 1419 1010 1450; x_wconf 87' lang='lat' dir='ltr'>quoniam</span> <span class='ocrx_word' id='word_1_220' title='bbox 1030 1418 1146 1450; x_wconf 84' lang='lat' dir='ltr'>loquaces</span> 
     </span>
     <span class='ocr_line' id='line_1_35' title="bbox 295 1460 1146 1493; baseline 0.001 -8"><span class='ocrx_word' id='word_1_221' title='bbox 295 1461 358 1486; x_wconf 88' lang='lat' dir='ltr'>muti</span> <span class='ocrx_word' id='word_1_222' title='bbox 377 1462 437 1486; x_wconf 85' lang='lat' dir='ltr'>sunt</span> <span class='ocrx_word' id='word_1_223' title='bbox 451 1460 460 1474; x_wconf 71' lang='lat'>⁴</span> <span class='ocrx_word' id='word_1_224' title='bbox 474 1472 498 1487; x_wconf 80' lang='lat'>».</span> <span class='ocrx_word' id='word_1_225' title='bbox 518 1462 604 1487; x_wconf 80' lang='lat' dir='ltr'>Solent</span> <span class='ocrx_word' id='word_1_226' title='bbox 622 1462 726 1486; x_wconf 83' lang='lat' dir='ltr'>Fratres</span> <span class='ocrx_word' id='word_1_227' title='bbox 748 1462 864 1491; x_wconf 83' lang='lat' dir='ltr'>litanias,</span> <span class='ocrx_word' id='word_1_228' title='bbox 885 1462 995 1493; x_wconf 84' lang='lat' dir='ltr'>psalmos</span> <span class='ocrx_word' id='word_1_229' title='bbox 1021 1461 1146 1492; x_wconf 91' lang='lat' dir='ltr'>poeniten-</span> 
     </span>
     <span class='ocr_line' id='line_1_36' title="bbox 294 1504 1145 1536; baseline 0 -7"><span class='ocrx_word' id='word_1_230' title='bbox 294 1504 379 1534; x_wconf 76' lang='lat' dir='ltr'>tiales,</span> <span class='ocrx_word' id='word_1_231' title='bbox 400 1504 524 1530; x_wconf 84' lang='lat' dir='ltr'>canticum</span> <span class='ocrx_word' id='word_1_232' title='bbox 543 1505 667 1536; x_wconf 83' lang='lat' dir='ltr'>graduum</span> <span class='ocrx_word' id='word_1_233' title='bbox 687 1505 712 1530; x_wconf 90' lang='lat' dir='ltr'>et</span> <span class='ocrx_word' id='word_1_234' title='bbox 732 1505 830 1534; x_wconf 81' lang='lat' dir='ltr'>similia,</span> <span class='ocrx_word' id='word_1_235' title='bbox 850 1505 895 1529; x_wconf 89' lang='lat' dir='ltr'>aut</span> <span class='ocrx_word' id='word_1_236' title='bbox 914 1505 997 1534; x_wconf 87' lang='lat' dir='ltr'>simul,</span> <span class='ocrx_word' id='word_1_237' title='bbox 1017 1504 1061 1529; x_wconf 88' lang='lat' dir='ltr'>ant</span> <span class='ocrx_word' id='word_1_238' title='bbox 1075 1504 1145 1536; x_wconf 83' lang='lat' dir='ltr'>quili-</span> 
     </span>
     <span class='ocr_line' id='line_1_37' title="bbox 294 1547 1144 1580; baseline -0.001 -7"><span class='ocrx_word' id='word_1_239' title='bbox 294 1547 336 1573; x_wconf 86' lang='lat' dir='ltr'>bet</span> <span class='ocrx_word' id='word_1_240' title='bbox 364 1548 527 1580; x_wconf 78' lang='lat' dir='ltr'>singulariter</span> <span class='ocrx_word' id='word_1_241' title='bbox 555 1548 726 1580; x_wconf 83' lang='lat' dir='ltr'>srequeutare,</span> <span class='ocrx_word' id='word_1_242' title='bbox 751 1548 776 1573; x_wconf 91' lang='lat' dir='ltr'>et</span> <span class='ocrx_word' id='word_1_243' title='bbox 804 1548 910 1573; x_wconf 77' lang='lat' dir='ltr'>maxime</span> <span class='ocrx_word' id='word_1_244' title='bbox 929 1548 987 1572; x_wconf 85' lang='lat' dir='ltr'>anto</span> <span class='ocrx_word' id='word_1_245' title='bbox 1015 1548 1144 1577; x_wconf 82' lang='lat' dir='ltr'>Tertiam,</span> 
     </span>
     <span class='ocr_line' id='line_1_38' title="bbox 294 1591 949 1622; baseline -0.002 -6"><span class='ocrx_word' id='word_1_246' title='bbox 294 1591 339 1616; x_wconf 85' lang='lat' dir='ltr'>aut</span> <span class='ocrx_word' id='word_1_247' title='bbox 358 1591 423 1616; x_wconf 83' lang='lat' dir='ltr'>corte</span> <span class='ocrx_word' id='word_1_248' title='bbox 443 1592 469 1616; x_wconf 96' lang='grc'>111</span> <span class='ocrx_word' id='word_1_249' title='bbox 488 1591 583 1616; x_wconf 83' lang='grc'>50110115</span> <span class='ocrx_word' id='word_1_250' title='bbox 602 1591 807 1616; x_wconf 84' lang='lat' dir='ltr'>meditationibus</span> <span class='ocrx_word' id='word_1_251' title='bbox 826 1591 949 1622; x_wconf 90' lang='lat' dir='ltr'>occupari.</span> 
     </span>
    </p>

    <p class='ocr_par' dir='ltr' id='par_1_8' title="bbox 292 1633 1146 2185">
     <span class='ocr_line' id='line_1_39' title="bbox 364 1633 1145 1666; baseline -0.001 -7"><span class='ocrx_word' id='word_1_252' title='bbox 364 1635 389 1659; x_wconf 87' lang='lat'>4.</span> <span class='ocrx_word' id='word_1_253' title='bbox 409 1635 531 1666; x_wconf 86' lang='lat' dir='ltr'>Denique,</span> <span class='ocrx_word' id='word_1_254' title='bbox 552 1634 649 1666; x_wconf 83' lang='lat' dir='ltr'>quoties</span> <span class='ocrx_word' id='word_1_255' title='bbox 667 1634 769 1659; x_wconf 86' lang='lat' dir='ltr'>mutuae</span> <span class='ocrx_word' id='word_1_256' title='bbox 787 1634 928 1659; x_wconf 81' lang='lat' dir='ltr'>collationis</span> <span class='ocrx_word' id='word_1_257' title='bbox 950 1634 1122 1659; x_wconf 83' lang='lat' dir='ltr'>interveniunt</span> <span class='ocrx_word' id='word_1_258' title='bbox 1136 1633 1145 1646; x_wconf 79' lang='lat'><strong>⁵</strong></span> 
     </span>
     <span class='ocr_line' id='line_1_40' title="bbox 294 1677 1146 1707; baseline 0 -5"><span class='ocrx_word' id='word_1_259' title='bbox 294 1678 383 1707; x_wconf 80' lang='lat' dir='ltr'>verba,</span> <span class='ocrx_word' id='word_1_260' title='bbox 403 1686 495 1703; x_wconf 80' lang='lat' dir='ltr'>sonum</span> <span class='ocrx_word' id='word_1_261' title='bbox 514 1678 613 1703; x_wconf 89' lang='lat' dir='ltr'>omnino</span> <span class='ocrx_word' id='word_1_262' title='bbox 633 1677 702 1702; x_wconf 90' lang='lat' dir='ltr'>decet</span> <span class='ocrx_word' id='word_1_263' title='bbox 727 1685 780 1702; x_wconf 91' lang='lat' dir='ltr'>esse</span> <span class='ocrx_word' id='word_1_264' title='bbox 799 1678 941 1702; x_wconf 79' lang='lat' dir='ltr'>demissum.</span> <span class='ocrx_word' id='word_1_265' title='bbox 966 1677 1074 1702; x_wconf 78' lang='lat' dir='ltr'>Proinde</span> <span class='ocrx_word' id='word_1_266' title='bbox 1098 1677 1146 1702; x_wconf 89' lang='lat' dir='ltr'>ela-</span> 
     </span>
     <span class='ocr_line' id='line_1_41' title="bbox 293 1720 1146 1752; baseline -0.001 -7"><span class='ocrx_word' id='word_1_267' title='bbox 293 1729 388 1746; x_wconf 85' lang='lat' dir='ltr'>mosam</span> <span class='ocrx_word' id='word_1_268' title='bbox 406 1721 568 1751; x_wconf 87' lang='lat' dir='ltr'>locutionem,</span> <span class='ocrx_word' id='word_1_269' title='bbox 588 1728 650 1752; x_wconf 83' lang='lat' dir='ltr'>quae</span> <span class='ocrx_word' id='word_1_270' title='bbox 670 1728 798 1752; x_wconf 83' lang='lat' dir='ltr'>nunquam</span> <span class='ocrx_word' id='word_1_271' title='bbox 814 1721 957 1751; x_wconf 78' lang='lat' dir='ltr'>religiosam</span> <span class='ocrx_word' id='word_1_272' title='bbox 976 1720 1046 1745; x_wconf 88' lang='lat' dir='ltr'>decet</span> <span class='ocrx_word' id='word_1_273' title='bbox 1064 1727 1146 1751; x_wconf 87' lang='lat' dir='ltr'>perso-</span> 
     </span>
     <span class='ocr_line' id='line_1_42' title="bbox 292 1762 1145 1795; baseline -0.001 -7"><span class='ocrx_word' id='word_1_274' title='bbox 292 1771 363 1793; x_wconf 85' lang='lat' dir='ltr'>nam,</span> <span class='ocrx_word' id='word_1_275' title='bbox 384 1764 484 1795; x_wconf 87' lang='lat' dir='ltr'>penitus</span> <span class='ocrx_word' id='word_1_276' title='bbox 503 1763 598 1793; x_wconf 86' lang='lat' dir='ltr'>vitent,</span> <span class='ocrx_word' id='word_1_277' title='bbox 618 1764 723 1788; x_wconf 81' lang='lat' dir='ltr'>maxime</span> <span class='ocrx_word' id='word_1_278' title='bbox 741 1763 808 1788; x_wconf 88' lang='lat' dir='ltr'>inter</span> <span class='ocrx_word' id='word_1_279' title='bbox 827 1763 922 1787; x_wconf 84' lang='lat' dir='ltr'>fruteta</span> <span class='ocrx_word' id='word_1_280' title='bbox 941 1762 966 1787; x_wconf 90' lang='lat' dir='ltr'>et</span> <span class='ocrx_word' id='word_1_281' title='bbox 984 1770 1086 1787; x_wconf 88' lang='lat' dir='ltr'>nemora</span> <span class='ocrx_word' id='word_1_282' title='bbox 1099 1763 1145 1787; x_wconf 75' lang='lat' dir='ltr'>exi-</span> 
     </span>
     <span class='ocr_line' id='line_1_43' title="bbox 294 1804 1146 1838; baseline -0.002 -6"><span class='ocrx_word' id='word_1_283' title='bbox 294 1808 401 1838; x_wconf 71' lang='lat' dir='ltr'>stentes,</span> <span class='ocrx_word' id='word_1_284' title='bbox 422 1807 554 1838; x_wconf 83' lang='lat' dir='ltr'>siquidem,</span> <span class='ocrx_word' id='word_1_285' title='bbox 574 1807 644 1832; x_wconf 79' lang='lat' dir='ltr'>iuxta</span> <span class='ocrx_word' id='word_1_286' title='bbox 662 1807 767 1838; x_wconf 78' lang='lat' dir='ltr'>vulgare</span> <span class='ocrx_word' id='word_1_287' title='bbox 790 1806 947 1837; x_wconf 85' lang='lat' dir='ltr'>proverbium</span> <span class='ocrx_word' id='word_1_288' title='bbox 959 1804 981 1835; x_wconf 80' lang='lat'>¹³,</span> <span class='ocrx_word' id='word_1_289' title='bbox 1004 1813 1091 1830; x_wconf 88' lang='lat' dir='ltr'>nemus</span> <span class='ocrx_word' id='word_1_290' title='bbox 1104 1813 1146 1830; x_wconf 88' lang='grc'>011-</span> 
     </span>
     <span class='ocr_line' id='line_1_44' title="bbox 293 1849 1145 1882; baseline -0.002 -7"><span class='ocrx_word' id='word_1_291' title='bbox 293 1858 345 1880; x_wconf 88' lang='lat' dir='ltr'>res,</span> <span class='ocrx_word' id='word_1_292' title='bbox 368 1851 392 1876; x_wconf 86' lang='lat' dir='ltr'>et</span> <span class='ocrx_word' id='word_1_293' title='bbox 411 1858 513 1882; x_wconf 87' lang='lat' dir='ltr'>campus</span> <span class='ocrx_word' id='word_1_294' title='bbox 536 1858 579 1875; x_wconf 85' lang='lat' dir='ltr'>seu</span> <span class='ocrx_word' id='word_1_295' title='bbox 602 1850 720 1882; x_wconf 83' lang='lat' dir='ltr'>planities</span> <span class='ocrx_word' id='word_1_296' title='bbox 742 1850 825 1875; x_wconf 94' lang='grc'>0011105</span> <span class='ocrx_word' id='word_1_297' title='bbox 845 1849 936 1874; x_wconf 87' lang='lat' dir='ltr'>habere</span> <span class='ocrx_word' id='word_1_298' title='bbox 958 1849 1083 1874; x_wconf 87' lang='lat' dir='ltr'>dicuutur.</span> <span class='ocrx_word' id='word_1_299' title='bbox 1106 1849 1145 1874; x_wconf 83' lang='lat' dir='ltr'>Ab</span> 
     </span>
     <span class='ocr_line' id='line_1_45' title="bbox 293 1892 1145 1925; baseline -0.002 -6"><span class='ocrx_word' id='word_1_300' title='bbox 293 1894 408 1920; x_wconf 84' lang='lat' dir='ltr'>omnibus</span> <span class='ocrx_word' id='word_1_301' title='bbox 427 1901 497 1925; x_wconf 75' lang='lat' dir='ltr'>ergo,</span> <span class='ocrx_word' id='word_1_302' title='bbox 518 1901 580 1925; x_wconf 88' lang='lat' dir='ltr'>quae</span> <span class='ocrx_word' id='word_1_303' title='bbox 604 1901 686 1919; x_wconf 85' lang='lat' dir='ltr'>coram</span> <span class='ocrx_word' id='word_1_304' title='bbox 706 1893 875 1918; x_wconf 86' lang='lat' dir='ltr'>saecularibus</span> <span class='ocrx_word' id='word_1_305' title='bbox 894 1892 973 1917; x_wconf 81' lang='lat' dir='ltr'>dicere</span> <span class='ocrx_word' id='word_1_306' title='bbox 991 1892 1093 1924; x_wconf 87' lang='lat' dir='ltr'>nolunt,</span> <span class='ocrx_word' id='word_1_307' title='bbox 1119 1893 1145 1917; x_wconf 92' lang='lat' dir='ltr'>in</span> 
     </span>
     <span class='ocr_line' id='line_1_46' title="bbox 293 1936 1145 1966; baseline -0.004 -3"><span class='ocrx_word' id='word_1_308' title='bbox 293 1938 353 1964; x_wconf 87' lang='lat' dir='ltr'>locis</span> <span class='ocrx_word' id='word_1_309' title='bbox 372 1938 482 1963; x_wconf 87' lang='lat' dir='ltr'>dumosis</span> <span class='ocrx_word' id='word_1_310' title='bbox 501 1938 526 1962; x_wconf 90' lang='lat' dir='ltr'>et</span> <span class='ocrx_word' id='word_1_311' title='bbox 552 1938 690 1962; x_wconf 79' lang='lat' dir='ltr'>nemorosis</span> <span class='ocrx_word' id='word_1_312' title='bbox 709 1937 808 1962; x_wconf 90' lang='lat' dir='ltr'>omnino</span> <span class='ocrx_word' id='word_1_313' title='bbox 834 1936 993 1966; x_wconf 85' lang='lat' dir='ltr'>abstineant,</span> <span class='ocrx_word' id='word_1_314' title='bbox 1013 1937 1063 1961; x_wconf 88' lang='lat' dir='ltr'>nisi</span> <span class='ocrx_word' id='word_1_315' title='bbox 1080 1936 1145 1962; x_wconf 83' lang='lat' dir='ltr'>forte</span> 
     </span>
     <span class='ocr_line' id='line_1_47' title="bbox 293 1980 1145 2013; baseline -0.001 -7"><span class='ocrx_word' id='word_1_316' title='bbox 293 1981 387 2013; x_wconf 86' lang='lat' dir='ltr'>aliquid</span> <span class='ocrx_word' id='word_1_317' title='bbox 406 1982 477 2012; x_wconf 86' lang='lat' dir='ltr'>quasi</span> <span class='ocrx_word' id='word_1_318' title='bbox 497 1981 543 2006; x_wconf 88' lang='lat' dir='ltr'>sub</span> <span class='ocrx_word' id='word_1_319' title='bbox 562 1981 661 2006; x_wconf 80' lang='lat' dir='ltr'>silentio</span> <span class='ocrx_word' id='word_1_320' title='bbox 686 1981 711 2005; x_wconf 87' lang='lat' dir='ltr'>et</span> <span class='ocrx_word' id='word_1_321' title='bbox 730 1980 828 2005; x_wconf 87' lang='lat' dir='ltr'>Latinis</span> <span class='ocrx_word' id='word_1_322' title='bbox 852 1980 934 2005; x_wconf 87' lang='lat' dir='ltr'>verbis</span> <span class='ocrx_word' id='word_1_323' title='bbox 959 1980 1038 2005; x_wconf 88' lang='lat' dir='ltr'>dicere</span> <span class='ocrx_word' id='word_1_324' title='bbox 1056 1981 1145 2005; x_wconf 88' lang='lat' dir='ltr'>velint.</span> 
     </span>
     <span class='ocr_line' id='line_1_48' title="bbox 293 2023 1146 2055; baseline 0 -7"><span class='ocrx_word' id='word_1_325' title='bbox 293 2024 448 2049; x_wconf 84' lang='lat' dir='ltr'>Miserabiles</span> <span class='ocrx_word' id='word_1_326' title='bbox 466 2024 622 2049; x_wconf 83' lang='lat' dir='ltr'>confusiones</span> <span class='ocrx_word' id='word_1_327' title='bbox 641 2023 790 2055; x_wconf 84' lang='lat' dir='ltr'>quibusdam</span> <span class='ocrx_word' id='word_1_328' title='bbox 809 2024 891 2048; x_wconf 88' lang='lat' dir='ltr'>minus</span> <span class='ocrx_word' id='word_1_329' title='bbox 911 2023 991 2048; x_wconf 79' lang='lat' dir='ltr'>cautis</span> <span class='ocrx_word' id='word_1_330' title='bbox 1010 2023 1104 2054; x_wconf 87' lang='lat' dir='ltr'>plurios</span> <span class='ocrx_word' id='word_1_331' title='bbox 1117 2031 1146 2048; x_wconf 82' lang='lat' dir='ltr'>ex</span> 
     </span>
     <span class='ocr_line' id='line_1_49' title="bbox 293 2066 1146 2095; baseline -0.001 -3"><span class='ocrx_word' id='word_1_332' title='bbox 293 2067 339 2092; x_wconf 88' lang='grc'>1100</span> <span class='ocrx_word' id='word_1_333' title='bbox 357 2067 474 2092; x_wconf 83' lang='lat' dir='ltr'>accidisse</span> <span class='ocrx_word' id='word_1_334' title='bbox 492 2067 617 2091; x_wconf 85' lang='lat' dir='ltr'>feruntur.</span> <span class='ocrx_word' id='word_1_335' title='bbox 630 2066 688 2092; x_wconf 85' lang='lat' dir='ltr'>Non</span> <span class='ocrx_word' id='word_1_336' title='bbox 707 2066 810 2091; x_wconf 86' lang='lat' dir='ltr'>cantent</span> <span class='ocrx_word' id='word_1_337' title='bbox 827 2067 853 2091; x_wconf 90' lang='lat' dir='ltr'>in</span> <span class='ocrx_word' id='word_1_338' title='bbox 875 2067 978 2095; x_wconf 89' lang='lat' dir='ltr'>itinere,</span> <span class='ocrx_word' id='word_1_339' title='bbox 997 2067 1103 2091; x_wconf 85' lang='lat' dir='ltr'>maxime</span> <span class='ocrx_word' id='word_1_340' title='bbox 1119 2067 1146 2091; x_wconf 89' lang='grc'>111</span> 
     </span>
     <span class='ocr_line' id='line_1_50' title="bbox 293 2109 1146 2141; baseline 0 -7"><span class='ocrx_word' id='word_1_341' title='bbox 293 2110 369 2135; x_wconf 85' lang='lat' dir='ltr'>cantu</span> <span class='ocrx_word' id='word_1_342' title='bbox 389 2110 554 2135; x_wconf 82' lang='lat' dir='ltr'>saecularium</span> <span class='ocrx_word' id='word_1_343' title='bbox 566 2110 710 2135; x_wconf 85' lang='lat' dir='ltr'>cantionum</span> <span class='ocrx_word' id='word_1_344' title='bbox 729 2110 826 2141; x_wconf 88' lang='lat' dir='ltr'>aliqua,</span> <span class='ocrx_word' id='word_1_345' title='bbox 845 2109 905 2134; x_wconf 85' lang='lat' dir='ltr'>licet</span> <span class='ocrx_word' id='word_1_346' title='bbox 918 2109 994 2139; x_wconf 85' lang='lat' dir='ltr'>bona,</span> <span class='ocrx_word' id='word_1_347' title='bbox 1014 2116 1070 2134; x_wconf 90' lang='lat' dir='ltr'>cum</span> <span class='ocrx_word' id='word_1_348' title='bbox 1088 2109 1146 2134; x_wconf 86' lang='lat' dir='ltr'>laici</span> 
     </span>
     <span class='ocr_line' id='line_1_51' title="bbox 293 2152 1145 2185; baseline -0.001 -7"><span class='ocrx_word' id='word_1_349' title='bbox 293 2160 343 2178; x_wconf 88' lang='lat' dir='ltr'>non</span> <span class='ocrx_word' id='word_1_350' title='bbox 355 2154 502 2185; x_wconf 81' lang='lat' dir='ltr'>intelligant</span> <span class='ocrx_word' id='word_1_351' title='bbox 514 2154 563 2178; x_wconf 90' lang='lat' dir='ltr'>nisi</span> <span class='ocrx_word' id='word_1_352' title='bbox 582 2160 678 2178; x_wconf 91' lang='lat' dir='ltr'>sonum.</span> <span class='ocrx_word' id='word_1_353' title='bbox 691 2153 726 2177; x_wconf 89' lang='lat' dir='ltr'>Et</span> <span class='ocrx_word' id='word_1_354' title='bbox 739 2153 838 2184; x_wconf 85' lang='lat' dir='ltr'>praeter</span> <span class='ocrx_word' id='word_1_355' title='bbox 851 2152 911 2177; x_wconf 89' lang='lat' dir='ltr'>haec</span> <span class='ocrx_word' id='word_1_356' title='bbox 930 2152 1083 2183; x_wconf 76' lang='lat' dir='ltr'>Religiosum</span> <span class='ocrx_word' id='word_1_357' title='bbox 1094 2160 1145 2178; x_wconf 89' lang='lat' dir='ltr'>non</span> 
     </span>
    </p>
   </div>
   <div class='ocr_carea' id='block_1_7' title="bbox 258 2195 1145 2230">
    <p class='ocr_par' dir='ltr' id='par_1_9' title="bbox 258 2195 1145 2230">
     <span class='ocr_line' id='line_1_52' title="bbox 258 2195 1145 2230; baseline -0.001 -9"><span class='ocrx_word' id='word_1_358' title='bbox 258 2204 261 2205; x_wconf 51' lang='lat'><em>⁷</em></span> <span class='ocrx_word' id='word_1_359' title='bbox 293 2195 382 2221; x_wconf 87' lang='lat' dir='ltr'>decet⁷</span> <span class='ocrx_word' id='word_1_360' title='bbox 401 2197 427 2221; x_wconf 90' lang='lat' dir='ltr'>in</span> <span class='ocrx_word' id='word_1_361' title='bbox 446 2197 521 2230; x_wconf 82' lang='lat' dir='ltr'>cantu</span> <span class='ocrx_word' id='word_1_362' title='bbox 541 2196 736 2221; x_wconf 78' lang='lat' dir='ltr'>extraordinarie</span> <span class='ocrx_word' id='word_1_363' title='bbox 755 2203 839 2221; x_wconf 86' lang='lat' dir='ltr'>vocem</span> <span class='ocrx_word' id='word_1_364' title='bbox 858 2195 952 2220; x_wconf 85' lang='lat' dir='ltr'>efferre.</span> <span class='ocrx_word' id='word_1_365' title='bbox 973 2196 998 2220; x_wconf 84' lang='lat' dir='ltr'>Si</span> <span class='ocrx_word' id='word_1_366' title='bbox 1017 2196 1059 2226; x_wconf 90' lang='lat' dir='ltr'>qui</span> <span class='ocrx_word' id='word_1_367' title='bbox 1080 2195 1145 2220; x_wconf 87' lang='lat' dir='ltr'>forte</span> 
     </span>
    </p>
   </div>
   <div class='ocr_carea' id='block_1_8' title="bbox 293 2238 1145 2357">
    <p class='ocr_par' dir='ltr' id='par_1_10' title="bbox 293 2238 1145 2357">
     <span class='ocr_line' id='line_1_53' title="bbox 293 2238 1145 2270; baseline -0.001 -6"><span class='ocrx_word' id='word_1_368' title='bbox 293 2239 483 2269; x_wconf 87' lang='lat' dir='ltr'>dissolutiones,</span> <span class='ocrx_word' id='word_1_369' title='bbox 503 2239 548 2264; x_wconf 86' lang='lat' dir='ltr'>aut</span> <span class='ocrx_word' id='word_1_370' title='bbox 562 2239 684 2264; x_wconf 88' lang='lat' dir='ltr'>clamosas</span> <span class='ocrx_word' id='word_1_371' title='bbox 702 2239 897 2270; x_wconf 82' lang='lat' dir='ltr'>disputationes,</span> <span class='ocrx_word' id='word_1_372' title='bbox 919 2238 1053 2264; x_wconf 86' lang='lat' dir='ltr'>verborum</span> <span class='ocrx_word' id='word_1_373' title='bbox 1071 2239 1145 2263; x_wconf 84' lang='lat' dir='ltr'>alter-</span> 
     </span>
     <span class='ocr_line' id='line_1_54' title="bbox 293 2282 1145 2314; baseline -0.001 -7"><span class='ocrx_word' id='word_1_374' title='bbox 293 2283 403 2308; x_wconf 78' lang='lat' dir='ltr'>cationes</span> <span class='ocrx_word' id='word_1_375' title='bbox 421 2283 462 2307; x_wconf 89' lang='lat' dir='ltr'>vel</span> <span class='ocrx_word' id='word_1_376' title='bbox 480 2283 542 2312; x_wconf 80' lang='lat' dir='ltr'>alia,</span> <span class='ocrx_word' id='word_1_377' title='bbox 562 2290 624 2314; x_wconf 83' lang='lat' dir='ltr'>quae</span> <span class='ocrx_word' id='word_1_378' title='bbox 644 2282 785 2308; x_wconf 84' lang='lat' dir='ltr'>offensionis</span> <span class='ocrx_word' id='word_1_379' title='bbox 798 2282 929 2307; x_wconf 83' lang='lat' dir='ltr'>materiam</span> <span class='ocrx_word' id='word_1_380' title='bbox 948 2282 1073 2307; x_wconf 85' lang='lat' dir='ltr'>extraneis</span> <span class='ocrx_word' id='word_1_381' title='bbox 1085 2282 1145 2307; x_wconf 84' lang='lat' dir='ltr'>dare</span> 
     </span>
     <span class='ocr_line' id='line_1_55' title="bbox 294 2325 1144 2357; baseline -0.001 -6"><span class='ocrx_word' id='word_1_382' title='bbox 294 2326 415 2357; x_wconf 80' lang='lat' dir='ltr'>possunt,</span> <span class='ocrx_word' id='word_1_383' title='bbox 434 2326 515 2351; x_wconf 83' lang='lat' dir='ltr'>vitare</span> <span class='ocrx_word' id='word_1_384' title='bbox 533 2325 600 2351; x_wconf 88' lang='lat' dir='ltr'>iuter</span> <span class='ocrx_word' id='word_1_385' title='bbox 621 2325 734 2351; x_wconf 89' lang='lat' dir='ltr'>homines</span> <span class='ocrx_word' id='word_1_386' title='bbox 756 2325 902 2357; x_wconf 72' lang='lat' dir='ltr'>negligunt,</span> <span class='ocrx_word' id='word_1_387' title='bbox 926 2332 1084 2356; x_wconf 87' lang='lat' dir='ltr'>nequaquam</span> <span class='ocrx_word' id='word_1_388' title='bbox 1103 2332 1144 2350; x_wconf 89' lang='lat' dir='ltr'>eos</span> 
     </span>
    </p>
   </div>
   <div class='ocr_carea' id='block_1_9' title="bbox 1174 293 1178 2348">
    <p class='ocr_par' dir='ltr' id='par_1_11' title="bbox 1174 293 1178 2348">
     <span class='ocr_line' id='line_1_56' title="bbox 1174 293 1178 2348; baseline 0 0"><span class='ocrx_word' id='word_1_389' title='bbox 1174 293 1178 2348; x_wconf 95' lang='lat' dir='ltr'> </span> 
     </span>
    </p>
   </div>
   <div class='ocr_carea' id='block_1_10' title="bbox 730 213 1624 244">
    <p class='ocr_par' dir='ltr' id='par_1_12' title="bbox 730 213 1624 244">
     <span class='ocr_line' id='line_1_57' title="bbox 730 213 1624 244; baseline 0.001 -2"><span class='ocrx_word' id='word_1_390' title='bbox 730 213 928 243; x_wconf 84' lang='lat' dir='ltr'>OPUSCULUM</span> <span class='ocrx_word' id='word_1_391' title='bbox 950 213 968 242; x_wconf 93' lang='grc' dir='ltr'>Ι.</span> <span class='ocrx_word' id='word_1_392' title='bbox 990 213 1162 243; x_wconf 88' lang='lat' dir='ltr'>SPECULUM</span> <span class='ocrx_word' id='word_1_393' title='bbox 1183 214 1394 244; x_wconf 68' lang='lat' dir='ltr'>DISCIPLlNAE.</span> <span class='ocrx_word' id='word_1_394' title='bbox 1416 215 1495 244; x_wconf 76' lang='lat' dir='ltr'>PARS</span> <span class='ocrx_word' id='word_1_395' title='bbox 1517 215 1624 244; x_wconf 71' lang='lat' dir='ltr'>PRIMA.</span> 
     </span>
    </p>
   </div>
   <div class='ocr_carea' id='block_1_11' title="bbox 1202 293 2056 455">
    <p class='ocr_par' dir='ltr' id='par_1_13' title="bbox 1202 293 2056 455">
     <span class='ocr_line' id='line_1_58' title="bbox 1202 293 2054 326; baseline 0.002 -8"><span class='ocrx_word' id='word_1_396' title='bbox 1202 293 1333 319; x_wconf 86' lang='lat' dir='ltr'>timoratos</span> <span class='ocrx_word' id='word_1_397' title='bbox 1352 294 1470 325; x_wconf 78' lang='lat' dir='ltr'>dixerim,</span> <span class='ocrx_word' id='word_1_398' title='bbox 1490 294 1534 319; x_wconf 90' lang='lat' dir='ltr'>aut</span> <span class='ocrx_word' id='word_1_399' title='bbox 1553 294 1632 319; x_wconf 84' lang='lat' dir='ltr'>zelum</span> <span class='ocrx_word' id='word_1_400' title='bbox 1651 294 1787 326; x_wconf 83' lang='lat' dir='ltr'>Religionis</span> <span class='ocrx_word' id='word_1_401' title='bbox 1806 294 1905 320; x_wconf 84' lang='lat' dir='ltr'>habere.</span> <span class='ocrx_word' id='word_1_402' title='bbox 1925 294 1971 325; x_wconf 82' lang='lat' dir='ltr'>Qui</span> <span class='ocrx_word' id='word_1_403' title='bbox 1990 295 2054 320; x_wconf 86' lang='lat' dir='ltr'>Reli-</span> 
     </span>
     <span class='ocr_line' id='line_1_59' title="bbox 1202 337 2056 370; baseline 0.002 -8"><span class='ocrx_word' id='word_1_404' title='bbox 1202 337 1283 368; x_wconf 82' lang='lat' dir='ltr'>gionis</span> <span class='ocrx_word' id='word_1_405' title='bbox 1303 345 1361 362; x_wconf 86' lang='lat' dir='ltr'>suae</span> <span class='ocrx_word' id='word_1_406' title='bbox 1381 337 1497 362; x_wconf 87' lang='lat' dir='ltr'>scandalo</span> <span class='ocrx_word' id='word_1_407' title='bbox 1519 345 1569 363; x_wconf 92' lang='lat' dir='ltr'>non</span> <span class='ocrx_word' id='word_1_408' title='bbox 1588 338 1695 363; x_wconf 89' lang='lat' dir='ltr'>occurrit</span> <span class='ocrx_word' id='word_1_409' title='bbox 1713 337 1801 363; x_wconf 88' lang='lat' dir='ltr'>honori</span> <span class='ocrx_word' id='word_1_410' title='bbox 1820 339 1921 370; x_wconf 87' lang='lat' dir='ltr'>proprio</span> <span class='ocrx_word' id='word_1_411' title='bbox 1944 339 2056 364; x_wconf 85' lang='lat' dir='ltr'>detrahit</span> 
     </span>
     <span class='ocr_line' id='line_1_60' title="bbox 1203 379 2054 413; baseline 0.004 -9"><span class='ocrx_word' id='word_1_412' title='bbox 1203 379 1229 404; x_wconf 89' lang='lat' dir='ltr'>et</span> <span class='ocrx_word' id='word_1_413' title='bbox 1247 380 1332 405; x_wconf 86' lang='lat' dir='ltr'>saluti.</span> <span class='ocrx_word' id='word_1_414' title='bbox 1353 380 1399 410; x_wconf 82' lang='lat' dir='ltr'>Qui</span> <span class='ocrx_word' id='word_1_415' title='bbox 1418 380 1498 405; x_wconf 88' lang='lat' dir='ltr'>fidelis</span> <span class='ocrx_word' id='word_1_416' title='bbox 1516 380 1653 412; x_wconf 84' lang='lat' dir='ltr'>Religionis</span> <span class='ocrx_word' id='word_1_417' title='bbox 1672 380 1711 405; x_wconf 85' lang='lat' dir='ltr'>est</span> <span class='ocrx_word' id='word_1_418' title='bbox 1738 380 1806 406; x_wconf 88' lang='lat' dir='ltr'>filius</span> <span class='ocrx_word' id='word_1_419' title='bbox 1828 388 1984 413; x_wconf 84' lang='lat' dir='ltr'>nequaquam</span> <span class='ocrx_word' id='word_1_420' title='bbox 2002 382 2054 407; x_wconf 88' lang='lat' dir='ltr'>eius</span> 
     </span>
     <span class='ocr_line' id='line_1_61' title="bbox 1204 423 1533 455; baseline 0.003 -7"><span class='ocrx_word' id='word_1_421' title='bbox 1204 423 1348 448; x_wconf 86' lang='lat' dir='ltr'>scandalum</span> <span class='ocrx_word' id='word_1_422' title='bbox 1367 424 1439 455; x_wconf 86' lang='lat' dir='ltr'>parvi</span> <span class='ocrx_word' id='word_1_423' title='bbox 1458 423 1533 449; x_wconf 86' lang='lat' dir='ltr'>ducit.</span> 
     </span>
    </p>
   </div>
   <div class='ocr_carea' id='block_1_12' title="bbox 1425 509 1828 626">
    <p class='ocr_par' dir='ltr' id='par_1_14' title="bbox 1425 509 1828 626">
     <span class='ocr_line' id='line_1_62' title="bbox 1501 509 1759 535; baseline 0 -1"><span class='ocrx_word' id='word_1_424' title='bbox 1501 509 1650 534; x_wconf 78' lang='lat' dir='ltr'>CAPITULUM</span> <span class='ocrx_word' id='word_1_425' title='bbox 1668 510 1759 535; x_wconf 86' lang='lat' dir='ltr'>XXIX.</span> 
     </span>
     <span class='ocr_line' id='line_1_63' title="bbox 1425 595 1828 626; baseline 0 -6"><span class='ocrx_word' id='word_1_426' title='bbox 1425 596 1465 620; x_wconf 82' lang='lat' dir='ltr'>Dc</span> <span class='ocrx_word' id='word_1_427' title='bbox 1484 595 1623 626; x_wconf 74' lang='lat' dir='ltr'>disciplina</span> <span class='ocrx_word' id='word_1_428' title='bbox 1641 596 1669 620; x_wconf 75' lang='lat' dir='ltr'>‘in</span> <span class='ocrx_word' id='word_1_429' title='bbox 1688 595 1799 621; x_wconf 78' lang='lat' dir='ltr'>ecclesiis</span> <span class='ocrx_word' id='word_1_430' title='bbox 1810 595 1828 620; x_wconf 73' lang='lat'>⁵.</span> 
     </span>
    </p>
   </div>
   <div class='ocr_carea' id='block_1_13' title="bbox 1202 682 2058 2054">
    <p class='ocr_par' dir='ltr' id='par_1_15' title="bbox 1203 682 2057 1491">
     <span class='ocr_line' id='line_1_64' title="bbox 1277 682 2055 714; baseline 0.001 -7"><span class='ocrx_word' id='word_1_431' title='bbox 1277 682 1301 708; x_wconf 88' lang='lat'>1.</span> <span class='ocrx_word' id='word_1_432' title='bbox 1320 682 1497 708; x_wconf 83' lang='lat' dir='ltr'>Pervenientes</span> <span class='ocrx_word' id='word_1_433' title='bbox 1511 682 1542 707; x_wconf 87' lang='lat' dir='ltr'>ad</span> <span class='ocrx_word' id='word_1_434' title='bbox 1558 682 1739 714; x_wconf 82' lang='lat' dir='ltr'>Religiosorum</span> <span class='ocrx_word' id='word_1_435' title='bbox 1752 682 1793 707; x_wconf 90' lang='lat' dir='ltr'>vel</span> <span class='ocrx_word' id='word_1_436' title='bbox 1812 683 1976 708; x_wconf 87' lang='lat' dir='ltr'>saecularium</span> <span class='ocrx_word' id='word_1_437' title='bbox 1989 683 2055 713; x_wconf 89' lang='lat' dir='ltr'>loca,</span> 
     </span>
     <span class='ocr_line' id='line_1_65' title="bbox 1204 725 2056 758; baseline 0.001 -7"><span class='ocrx_word' id='word_1_438' title='bbox 1204 734 1259 751; x_wconf 89' lang='lat' dir='ltr'>cum</span> <span class='ocrx_word' id='word_1_439' title='bbox 1278 726 1311 751; x_wconf 86' lang='lat' dir='ltr'>ad</span> <span class='ocrx_word' id='word_1_440' title='bbox 1329 726 1471 755; x_wconf 87' lang='lat' dir='ltr'>eeclesiam,</span> <span class='ocrx_word' id='word_1_441' title='bbox 1491 726 1551 750; x_wconf 87' lang='lat' dir='ltr'>siin</span> <span class='ocrx_word' id='word_1_442' title='bbox 1569 726 1621 750; x_wconf 91' lang='lat' dir='ltr'>loco</span> <span class='ocrx_word' id='word_1_443' title='bbox 1644 725 1733 755; x_wconf 81' lang='lat' dir='ltr'>fuerit,</span> <span class='ocrx_word' id='word_1_444' title='bbox 1752 725 1871 755; x_wconf 87' lang='lat' dir='ltr'>veniunt,</span> <span class='ocrx_word' id='word_1_445' title='bbox 1891 726 1918 751; x_wconf 88' lang='lat' dir='ltr'>in</span> <span class='ocrx_word' id='word_1_446' title='bbox 1939 726 2056 758; x_wconf 84' lang='lat' dir='ltr'>ingressu</span> 
     </span>
     <span class='ocr_line' id='line_1_66' title="bbox 1204 767 2056 795; baseline 0.001 -1"><span class='ocrx_word' id='word_1_447' title='bbox 1204 770 1321 795; x_wconf 87' lang='lat' dir='ltr'>ecelesiae</span> <span class='ocrx_word' id='word_1_448' title='bbox 1345 769 1417 794; x_wconf 89' lang='lat' dir='ltr'>illum</span> <span class='ocrx_word' id='word_1_449' title='bbox 1446 776 1527 794; x_wconf 88' lang='lat' dir='ltr'>secum</span> <span class='ocrx_word' id='word_1_450' title='bbox 1547 769 1697 793; x_wconf 86' lang='lat' dir='ltr'>versiculum</span> <span class='ocrx_word' id='word_1_451' title='bbox 1716 767 1918 794; x_wconf 79' lang='lat' dir='ltr'>memorantes⁹:</span> <span class='ocrx_word' id='word_1_452' title='bbox 1935 769 2056 795; x_wconf 77' lang='lat' dir='ltr'>lntroibo</span> 
     </span>
     <span class='ocr_line' id='line_1_67' title="bbox 1204 811 2057 843; baseline 0 -6"><span class='ocrx_word' id='word_1_453' title='bbox 1204 812 1233 837; x_wconf 69' lang='lat' dir='ltr'>in</span> <span class='ocrx_word' id='word_1_454' title='bbox 1251 812 1356 837; x_wconf 71' lang='lat' dir='ltr'>(lonium</span> <span class='ocrx_word' id='word_1_455' title='bbox 1374 813 1459 843; x_wconf 71' lang='lat' dir='ltr'>tuam,</span> <span class='ocrx_word' id='word_1_456' title='bbox 1480 811 1594 836; x_wconf 77' lang='lat' dir='ltr'>adorabo</span> <span class='ocrx_word' id='word_1_457' title='bbox 1608 812 1643 836; x_wconf 77' lang='lat' dir='ltr'>acl</span> <span class='ocrx_word' id='word_1_458' title='bbox 1662 811 1783 843; x_wconf 71' lang='lat' dir='ltr'>templum</span> <span class='ocrx_word' id='word_1_459' title='bbox 1799 813 1918 837; x_wconf 75' lang='lat' dir='ltr'>sanctum</span> <span class='ocrx_word' id='word_1_460' title='bbox 1937 813 2009 837; x_wconf 70' lang='lat' dir='ltr'>tuum</span> <span class='ocrx_word' id='word_1_461' title='bbox 2027 812 2057 837; x_wconf 74' lang='lat' dir='ltr'>in</span> 
     </span>
     <span class='ocr_line' id='line_1_68' title="bbox 1205 855 2056 887; baseline 0 -7"><span class='ocrx_word' id='word_1_462' title='bbox 1205 856 1296 880; x_wconf 76' lang='lat' dir='ltr'>timore</span> <span class='ocrx_word' id='word_1_463' title='bbox 1315 857 1374 887; x_wconf 75' lang='grc'>1110,</span> <span class='ocrx_word' id='word_1_464' title='bbox 1394 855 1419 880; x_wconf 88' lang='lat' dir='ltr'>et</span> <span class='ocrx_word' id='word_1_465' title='bbox 1446 855 1541 880; x_wconf 89' lang='lat' dir='ltr'>nudato</span> <span class='ocrx_word' id='word_1_466' title='bbox 1566 855 1661 886; x_wconf 86' lang='lat' dir='ltr'>capite,</span> <span class='ocrx_word' id='word_1_467' title='bbox 1691 856 1790 887; x_wconf 84' lang='lat' dir='ltr'>signum</span> <span class='ocrx_word' id='word_1_468' title='bbox 1818 855 1898 881; x_wconf 90' lang='lat' dir='ltr'>crucis</span> <span class='ocrx_word' id='word_1_469' title='bbox 1926 863 2002 887; x_wconf 87' lang='lat' dir='ltr'>super</span> <span class='ocrx_word' id='word_1_470' title='bbox 2030 863 2056 880; x_wconf 88' lang='lat' dir='ltr'>se</span> 
     </span>
     <span class='ocr_line' id='line_1_69' title="bbox 1204 898 2057 928; baseline 0 -4"><span class='ocrx_word' id='word_1_471' title='bbox 1204 906 1260 924; x_wconf 89' lang='lat' dir='ltr'>cum</span> <span class='ocrx_word' id='word_1_472' title='bbox 1279 898 1419 924; x_wconf 87' lang='lat' dir='ltr'>reverentia</span> <span class='ocrx_word' id='word_1_473' title='bbox 1438 898 1571 928; x_wconf 86' lang='lat' dir='ltr'>facientes,</span> <span class='ocrx_word' id='word_1_474' title='bbox 1590 898 1649 924; x_wconf 87' lang='lat' dir='ltr'>ante</span> <span class='ocrx_word' id='word_1_475' title='bbox 1668 898 1748 923; x_wconf 87' lang='lat' dir='ltr'>altare</span> <span class='ocrx_word' id='word_1_476' title='bbox 1761 899 1802 924; x_wconf 86' lang='lat' dir='ltr'>vel</span> <span class='ocrx_word' id='word_1_477' title='bbox 1820 899 1846 923; x_wconf 90' lang='lat' dir='ltr'>in</span> <span class='ocrx_word' id='word_1_478' title='bbox 1865 899 1913 924; x_wconf 91' lang='lat' dir='ltr'>alio</span> <span class='ocrx_word' id='word_1_479' title='bbox 1931 899 1984 924; x_wconf 88' lang='lat' dir='ltr'>loco</span> <span class='ocrx_word' id='word_1_480' title='bbox 2003 905 2057 924; x_wconf 89' lang='lat' dir='ltr'>ora-</span> 
     </span>
     <span class='ocr_line' id='line_1_70' title="bbox 1205 942 2056 973; baseline 0.001 -7"><span class='ocrx_word' id='word_1_481' title='bbox 1205 942 1267 967; x_wconf 90' lang='lat' dir='ltr'>tioni</span> <span class='ocrx_word' id='word_1_482' title='bbox 1285 949 1408 973; x_wconf 81' lang='lat' dir='ltr'>congruo,</span> <span class='ocrx_word' id='word_1_483' title='bbox 1428 942 1460 966; x_wconf 88' lang='lat' dir='ltr'>ad</span> <span class='ocrx_word' id='word_1_484' title='bbox 1473 949 1545 973; x_wconf 85' lang='lat' dir='ltr'>quom</span> <span class='ocrx_word' id='word_1_485' title='bbox 1559 942 1722 967; x_wconf 83' lang='lat' dir='ltr'>declinaverit</span> <span class='ocrx_word' id='word_1_486' title='bbox 1740 943 1835 971; x_wconf 89' lang='lat' dir='ltr'>senior,</span> <span class='ocrx_word' id='word_1_487' title='bbox 1856 942 2014 973; x_wconf 86' lang='lat' dir='ltr'>prosternere</span> <span class='ocrx_word' id='word_1_488' title='bbox 2030 949 2056 967; x_wconf 87' lang='lat' dir='ltr'>se</span> 
     </span>
     <span class='ocr_line' id='line_1_71' title="bbox 1204 984 2054 1016; baseline 0.001 -7"><span class='ocrx_word' id='word_1_489' title='bbox 1204 985 1334 1010; x_wconf 89' lang='lat' dir='ltr'>humiliter</span> <span class='ocrx_word' id='word_1_490' title='bbox 1361 984 1465 1015; x_wconf 64' lang='lat' dir='ltr'>debent,</span> <span class='ocrx_word' id='word_1_491' title='bbox 1496 985 1551 1014; x_wconf 87' lang='lat' dir='ltr'>ubi,</span> <span class='ocrx_word' id='word_1_492' title='bbox 1583 985 1705 1016; x_wconf 89' lang='lat' dir='ltr'>quantum</span> <span class='ocrx_word' id='word_1_493' title='bbox 1734 985 1801 1009; x_wconf 87' lang='lat' dir='ltr'>Deus</span> <span class='ocrx_word' id='word_1_494' title='bbox 1829 984 1942 1014; x_wconf 87' lang='lat' dir='ltr'>dederit,</span> <span class='ocrx_word' id='word_1_495' title='bbox 1967 984 2054 1010; x_wconf 86' lang='lat' dir='ltr'>devote</span> 
     </span>
     <span class='ocr_line' id='line_1_72' title="bbox 1204 1027 2056 1060; baseline -0.001 -7"><span class='ocrx_word' id='word_1_496' title='bbox 1204 1028 1320 1057; x_wconf 87' lang='lat' dir='ltr'>orantes,</span> <span class='ocrx_word' id='word_1_497' title='bbox 1334 1028 1430 1059; x_wconf 84' lang='lat' dir='ltr'>pariter</span> <span class='ocrx_word' id='word_1_498' title='bbox 1441 1027 1462 1040; x_wconf 87' lang='lat'>¹⁰</span> <span class='ocrx_word' id='word_1_499' title='bbox 1481 1028 1513 1053; x_wconf 88' lang='lat' dir='ltr'>ab</span> <span class='ocrx_word' id='word_1_500' title='bbox 1536 1027 1647 1053; x_wconf 86' lang='lat' dir='ltr'>oratione</span> <span class='ocrx_word' id='word_1_501' title='bbox 1667 1028 1812 1059; x_wconf 77' lang='lat' dir='ltr'>surgentes,</span> <span class='ocrx_word' id='word_1_502' title='bbox 1832 1028 1962 1060; x_wconf 85' lang='lat' dir='ltr'>procedere</span> <span class='ocrx_word' id='word_1_503' title='bbox 1990 1027 2056 1059; x_wconf 89' lang='lat' dir='ltr'>pote-</span> 
     </span>
     <span class='ocr_line' id='line_1_73' title="bbox 1204 1071 2056 1103; baseline 0 -7"><span class='ocrx_word' id='word_1_504' title='bbox 1204 1072 1266 1097; x_wconf 89' lang='lat' dir='ltr'>runt</span> <span class='ocrx_word' id='word_1_505' title='bbox 1284 1072 1316 1096; x_wconf 86' lang='lat' dir='ltr'>ad</span> <span class='ocrx_word' id='word_1_506' title='bbox 1334 1079 1363 1096; x_wconf 89' lang='lat' dir='ltr'>ea</span> <span class='ocrx_word' id='word_1_507' title='bbox 1381 1079 1444 1103; x_wconf 88' lang='lat' dir='ltr'>quae</span> <span class='ocrx_word' id='word_1_508' title='bbox 1456 1079 1555 1097; x_wconf 88' lang='grc'>11000550</span> <span class='ocrx_word' id='word_1_509' title='bbox 1574 1071 1709 1096; x_wconf 85' lang='lat' dir='ltr'>habuerint</span> <span class='ocrx_word' id='word_1_510' title='bbox 1725 1071 1796 1096; x_wconf 85' lang='lat' dir='ltr'>iuxta</span> <span class='ocrx_word' id='word_1_511' title='bbox 1815 1072 1972 1103; x_wconf 88' lang='lat' dir='ltr'>propositum</span> <span class='ocrx_word' id='word_1_512' title='bbox 1991 1079 2056 1096; x_wconf 83' lang='lat' dir='ltr'>exse-</span> 
     </span>
     <span class='ocr_line' id='line_1_74' title="bbox 1204 1114 2057 1146; baseline 0.001 -7"><span class='ocrx_word' id='word_1_513' title='bbox 1204 1115 1310 1146; x_wconf 85' lang='lat' dir='ltr'>quenda.</span> <span class='ocrx_word' id='word_1_514' title='bbox 1329 1115 1464 1140; x_wconf 84' lang='lat' dir='ltr'>Ecclesiam</span> <span class='ocrx_word' id='word_1_515' title='bbox 1487 1122 1594 1146; x_wconf 86' lang='lat' dir='ltr'>namque</span> <span class='ocrx_word' id='word_1_516' title='bbox 1618 1114 1682 1140; x_wconf 87' lang='lat' dir='ltr'>sicut</span> <span class='ocrx_word' id='word_1_517' title='bbox 1700 1115 1837 1146; x_wconf 82' lang='lat' dir='ltr'>evangelici</span> <span class='ocrx_word' id='word_1_518' title='bbox 1854 1115 1879 1140; x_wconf 90' lang='lat' dir='ltr'>et</span> <span class='ocrx_word' id='word_1_519' title='bbox 1897 1114 2057 1140; x_wconf 87' lang='lat' dir='ltr'>ecclesiastici</span> 
     </span>
     <span class='ocr_line' id='line_1_75' title="bbox 1204 1158 2056 1189; baseline 0.001 -7"><span class='ocrx_word' id='word_1_520' title='bbox 1204 1158 1266 1188; x_wconf 87' lang='lat' dir='ltr'>viri,</span> <span class='ocrx_word' id='word_1_521' title='bbox 1286 1165 1384 1189; x_wconf 88' lang='lat' dir='ltr'>semper</span> <span class='ocrx_word' id='word_1_522' title='bbox 1403 1159 1485 1189; x_wconf 89' lang='lat' dir='ltr'>prius,</span> <span class='ocrx_word' id='word_1_523' title='bbox 1506 1159 1527 1183; x_wconf 90' lang='lat' dir='ltr'>si</span> <span class='ocrx_word' id='word_1_524' title='bbox 1552 1158 1676 1184; x_wconf 88' lang='lat' dir='ltr'>commode</span> <span class='ocrx_word' id='word_1_525' title='bbox 1695 1165 1843 1189; x_wconf 87' lang='lat' dir='ltr'>possumus,</span> <span class='ocrx_word' id='word_1_526' title='bbox 1866 1158 1970 1183; x_wconf 88' lang='lat' dir='ltr'>visitare</span> <span class='ocrx_word' id='word_1_527' title='bbox 1988 1158 2056 1184; x_wconf 88' lang='lat' dir='ltr'>debe-</span> 
     </span>
     <span class='ocr_line' id='line_1_76' title="bbox 1204 1201 2054 1233; baseline 0.001 -7"><span class='ocrx_word' id='word_1_528' title='bbox 1204 1209 1271 1230; x_wconf 89' lang='lat' dir='ltr'>mus,</span> <span class='ocrx_word' id='word_1_529' title='bbox 1291 1202 1435 1226; x_wconf 87' lang='lat' dir='ltr'>sanctornm</span> <span class='ocrx_word' id='word_1_530' title='bbox 1453 1201 1571 1231; x_wconf 87' lang='lat' dir='ltr'>Patrum,</span> <span class='ocrx_word' id='word_1_531' title='bbox 1585 1202 1686 1233; x_wconf 91' lang='lat' dir='ltr'>quinos</span> <span class='ocrx_word' id='word_1_532' title='bbox 1704 1202 1731 1226; x_wconf 90' lang='lat' dir='ltr'>in</span> <span class='ocrx_word' id='word_1_533' title='bbox 1743 1201 1835 1227; x_wconf 88' lang='lat' dir='ltr'>Ordine</span> <span class='ocrx_word' id='word_1_534' title='bbox 1851 1201 2054 1233; x_wconf 87' lang='lat' dir='ltr'>praecesserunt,</span> 
     </span>
     <span class='ocr_line' id='line_1_77' title="bbox 1204 1245 2056 1276; baseline 0.001 -7"><span class='ocrx_word' id='word_1_535' title='bbox 1204 1245 1279 1270; x_wconf 88' lang='lat' dir='ltr'>immo</span> <span class='ocrx_word' id='word_1_536' title='bbox 1299 1245 1378 1276; x_wconf 87' lang='lat' dir='ltr'>ipsius</span> <span class='ocrx_word' id='word_1_537' title='bbox 1397 1245 1536 1270; x_wconf 80' lang='lat' dir='ltr'>Salvator-is</span> <span class='ocrx_word' id='word_1_538' title='bbox 1549 1245 1672 1276; x_wconf 84' lang='lat' dir='ltr'>exemplo,</span> <span class='ocrx_word' id='word_1_539' title='bbox 1692 1252 1764 1276; x_wconf 90' lang='lat' dir='ltr'>quem</span> <span class='ocrx_word' id='word_1_540' title='bbox 1783 1245 1872 1270; x_wconf 86' lang='lat' dir='ltr'>beatus</span> <span class='ocrx_word' id='word_1_541' title='bbox 1891 1245 2056 1276; x_wconf 81' lang='lat' dir='ltr'>Evangelista</span> 
     </span>
     <span class='ocr_line' id='line_1_78' title="bbox 1204 1287 2056 1320; baseline 0 -7"><span class='ocrx_word' id='word_1_542' title='bbox 1204 1287 1379 1313; x_wconf 71' lang='grc'>1111011110011511</span> <span class='ocrx_word' id='word_1_543' title='bbox 1409 1288 1547 1313; x_wconf 87' lang='lat' dir='ltr'>Ierusalem</span> <span class='ocrx_word' id='word_1_544' title='bbox 1575 1287 1703 1313; x_wconf 87' lang='lat' dir='ltr'>civitatem</span> <span class='ocrx_word' id='word_1_545' title='bbox 1721 1289 1863 1320; x_wconf 83' lang='lat' dir='ltr'>ingressum</span> <span class='ocrx_word' id='word_1_546' title='bbox 1893 1288 1970 1313; x_wconf 86' lang='lat' dir='ltr'>refert</span> <span class='ocrx_word' id='word_1_547' title='bbox 1992 1288 2056 1314; x_wconf 87' lang='lat' dir='ltr'>tem-</span> 
     </span>
     <span class='ocr_line' id='line_1_79' title="bbox 1204 1331 2053 1362; baseline 0.001 -6"><span class='ocrx_word' id='word_1_548' title='bbox 1204 1332 1272 1362; x_wconf 87' lang='lat' dir='ltr'>plum</span> <span class='ocrx_word' id='word_1_549' title='bbox 1294 1331 1393 1357; x_wconf 88' lang='lat' dir='ltr'>Domini</span> <span class='ocrx_word' id='word_1_550' title='bbox 1412 1331 1510 1356; x_wconf 86' lang='lat' dir='ltr'>adiisse.</span> <span class='ocrx_word' id='word_1_551' title='bbox 1536 1331 1615 1362; x_wconf 83' lang='lat' dir='ltr'>Super</span> <span class='ocrx_word' id='word_1_552' title='bbox 1640 1339 1713 1362; x_wconf 86' lang='lat' dir='ltr'>quem</span> <span class='ocrx_word' id='word_1_553' title='bbox 1731 1331 1812 1356; x_wconf 88' lang='lat' dir='ltr'>locum</span> <span class='ocrx_word' id='word_1_554' title='bbox 1837 1331 1896 1356; x_wconf 87' lang='lat' dir='ltr'>dicit</span> <span class='ocrx_word' id='word_1_555' title='bbox 1914 1331 2053 1362; x_wconf 82' lang='lat' dir='ltr'>expositor,</span> 
     </span>
     <span class='ocr_line' id='line_1_80' title="bbox 1203 1374 2055 1406; baseline 0 -7"><span class='ocrx_word' id='word_1_556' title='bbox 1203 1374 1269 1405; x_wconf 87' lang='lat' dir='ltr'>quod</span> <span class='ocrx_word' id='word_1_557' title='bbox 1295 1375 1450 1406; x_wconf 77' lang='lat' dir='ltr'>«ingressus</span> <span class='ocrx_word' id='word_1_558' title='bbox 1474 1374 1562 1399; x_wconf 87' lang='lat' dir='ltr'>urbem</span> <span class='ocrx_word' id='word_1_559' title='bbox 1582 1374 1661 1405; x_wconf 89' lang='lat' dir='ltr'>primo</span> <span class='ocrx_word' id='word_1_560' title='bbox 1684 1374 1807 1405; x_wconf 81' lang='lat' dir='ltr'>templum</span> <span class='ocrx_word' id='word_1_561' title='bbox 1826 1374 1901 1404; x_wconf 86' lang='lat' dir='ltr'>adiit,</span> <span class='ocrx_word' id='word_1_562' title='bbox 1927 1374 1989 1399; x_wconf 84' lang='lat' dir='ltr'>dans</span> <span class='ocrx_word' id='word_1_563' title='bbox 2008 1374 2055 1400; x_wconf 85' lang='lat' dir='ltr'>for-</span> 
     </span>
     <span class='ocr_line' id='line_1_81' title="bbox 1203 1417 2054 1449; baseline 0 -7"><span class='ocrx_word' id='word_1_564' title='bbox 1203 1425 1269 1442; x_wconf 88' lang='lat' dir='ltr'>mam</span> <span class='ocrx_word' id='word_1_565' title='bbox 1288 1417 1434 1449; x_wconf 78' lang='lat' dir='ltr'>Religiosis,</span> <span class='ocrx_word' id='word_1_566' title='bbox 1453 1418 1496 1447; x_wconf 91' lang='lat' dir='ltr'>ut,</span> <span class='ocrx_word' id='word_1_567' title='bbox 1514 1425 1611 1449; x_wconf 86' lang='lat' dir='ltr'>quoquo</span> <span class='ocrx_word' id='word_1_568' title='bbox 1624 1418 1702 1447; x_wconf 91' lang='lat' dir='ltr'>imus,</span> <span class='ocrx_word' id='word_1_569' title='bbox 1716 1418 1796 1449; x_wconf 89' lang='lat' dir='ltr'>primo</span> <span class='ocrx_word' id='word_1_570' title='bbox 1809 1417 1908 1442; x_wconf 88' lang='lat' dir='ltr'>domum</span> <span class='ocrx_word' id='word_1_571' title='bbox 1921 1417 2054 1447; x_wconf 87' lang='lat' dir='ltr'>orationis,</span> 
     </span>
     <span class='ocr_line' id='line_1_82' title="bbox 1203 1461 1523 1491; baseline 0 -6"><span class='ocrx_word' id='word_1_572' title='bbox 1203 1461 1225 1485; x_wconf 91' lang='lat' dir='ltr'>si</span> <span class='ocrx_word' id='word_1_573' title='bbox 1243 1461 1277 1486; x_wconf 87' lang='lat' dir='ltr'>ibi</span> <span class='ocrx_word' id='word_1_574' title='bbox 1296 1461 1348 1491; x_wconf 85' lang='lat' dir='ltr'>est,</span> <span class='ocrx_word' id='word_1_575' title='bbox 1367 1461 1523 1486; x_wconf 82' lang='lat' dir='ltr'>adeamus».</span> 
     </span>
    </p>

    <p class='ocr_par' dir='ltr' id='par_1_16' title="bbox 1202 1502 2058 2054">
     <span class='ocr_line' id='line_1_83' title="bbox 1275 1502 2055 1529; baseline 0.001 -1"><span class='ocrx_word' id='word_1_576' title='bbox 1275 1504 1299 1528; x_wconf 83' lang='lat'>2.</span> <span class='ocrx_word' id='word_1_577' title='bbox 1316 1504 1451 1529; x_wconf 85' lang='lat' dir='ltr'>Missarum</span> <span class='ocrx_word' id='word_1_578' title='bbox 1471 1504 1545 1528; x_wconf 88' lang='lat' dir='ltr'>etiam</span> <span class='ocrx_word' id='word_1_579' title='bbox 1559 1502 1581 1516; x_wconf 79' lang='lat'>¹²</span> <span class='ocrx_word' id='word_1_580' title='bbox 1601 1504 1727 1529; x_wconf 88' lang='lat' dir='ltr'>solemniis</span> <span class='ocrx_word' id='word_1_581' title='bbox 1740 1504 1780 1528; x_wconf 87' lang='lat' dir='ltr'>vel</span> <span class='ocrx_word' id='word_1_582' title='bbox 1794 1504 1857 1528; x_wconf 89' lang='lat' dir='ltr'>alias</span> <span class='ocrx_word' id='word_1_583' title='bbox 1870 1504 1953 1529; x_wconf 89' lang='lat' dir='ltr'>divino</span> <span class='ocrx_word' id='word_1_584' title='bbox 1969 1503 2055 1529; x_wconf 82' lang='lat' dir='ltr'>Officio</span> 
     </span>
     <span class='ocr_line' id='line_1_84' title="bbox 1202 1546 2055 1578; baseline 0 -6"><span class='ocrx_word' id='word_1_585' title='bbox 1202 1554 1258 1572; x_wconf 88' lang='lat' dir='ltr'>eum</span> <span class='ocrx_word' id='word_1_586' title='bbox 1277 1547 1402 1572; x_wconf 81' lang='lat' dir='ltr'>extraneis</span> <span class='ocrx_word' id='word_1_587' title='bbox 1420 1547 1582 1577; x_wconf 78' lang='lat' dir='ltr'>assistentes,</span> <span class='ocrx_word' id='word_1_588' title='bbox 1601 1547 1693 1578; x_wconf 76' lang='lat' dir='ltr'>gerant</span> <span class='ocrx_word' id='word_1_589' title='bbox 1712 1555 1738 1572; x_wconf 89' lang='lat' dir='ltr'>se</span> <span class='ocrx_word' id='word_1_590' title='bbox 1757 1547 1889 1572; x_wconf 68' lang='lat' dir='ltr'>humiliter</span> <span class='ocrx_word' id='word_1_591' title='bbox 1907 1546 1933 1572; x_wconf 88' lang='lat' dir='ltr'>et</span> <span class='ocrx_word' id='word_1_592' title='bbox 1945 1547 2055 1572; x_wconf 73' lang='lat' dir='ltr'>honeste.</span> 
     </span>
     <span class='ocr_line' id='line_1_85' title="bbox 1203 1590 2057 1622; baseline 0 -7"><span class='ocrx_word' id='word_1_593' title='bbox 1203 1590 1261 1616; x_wconf 85' lang='lat' dir='ltr'>Non</span> <span class='ocrx_word' id='word_1_594' title='bbox 1280 1590 1350 1615; x_wconf 86' lang='lat' dir='ltr'>stent</span> <span class='ocrx_word' id='word_1_595' title='bbox 1368 1591 1395 1615; x_wconf 91' lang='lat' dir='ltr'>in</span> <span class='ocrx_word' id='word_1_596' title='bbox 1414 1591 1514 1615; x_wconf 89' lang='lat' dir='ltr'>sedibus</span> <span class='ocrx_word' id='word_1_597' title='bbox 1528 1591 1580 1615; x_wconf 86' lang='lat' dir='ltr'>suis</span> <span class='ocrx_word' id='word_1_598' title='bbox 1599 1590 1669 1615; x_wconf 87' lang='lat' dir='ltr'>velut</span> <span class='ocrx_word' id='word_1_599' title='bbox 1687 1590 1831 1622; x_wconf 83' lang='lat' dir='ltr'>magnates,</span> <span class='ocrx_word' id='word_1_600' title='bbox 1851 1590 1980 1622; x_wconf 84' lang='lat' dir='ltr'>autquasi</span> <span class='ocrx_word' id='word_1_601' title='bbox 2000 1590 2057 1615; x_wconf 88' lang='lat' dir='ltr'>laici</span> 
     </span>
     <span class='ocr_line' id='line_1_86' title="bbox 1202 1634 2056 1664; baseline 0 -6"><span class='ocrx_word' id='word_1_602' title='bbox 1202 1634 1278 1664; x_wconf 86' lang='lat' dir='ltr'>lassi,</span> <span class='ocrx_word' id='word_1_603' title='bbox 1298 1634 1327 1658; x_wconf 88' lang='lat' dir='ltr'>de</span> <span class='ocrx_word' id='word_1_604' title='bbox 1347 1634 1426 1659; x_wconf 84' lang='lat' dir='ltr'>officio</span> <span class='ocrx_word' id='word_1_605' title='bbox 1445 1641 1494 1659; x_wconf 89' lang='lat' dir='ltr'>non</span> <span class='ocrx_word' id='word_1_606' title='bbox 1513 1634 1645 1664; x_wconf 89' lang='lat' dir='ltr'>curantes,</span> <span class='ocrx_word' id='word_1_607' title='bbox 1670 1634 1713 1658; x_wconf 90' lang='lat' dir='ltr'>sed</span> <span class='ocrx_word' id='word_1_608' title='bbox 1738 1634 1770 1658; x_wconf 91' lang='lat' dir='ltr'>ad</span> <span class='ocrx_word' id='word_1_609' title='bbox 1788 1634 1894 1664; x_wconf 87' lang='lat' dir='ltr'>librum,</span> <span class='ocrx_word' id='word_1_610' title='bbox 1914 1635 1935 1659; x_wconf 88' lang='lat' dir='ltr'>si</span> <span class='ocrx_word' id='word_1_611' title='bbox 1957 1641 2056 1658; x_wconf 89' lang='lat' dir='ltr'>necesse</span> 
     </span>
     <span class='ocr_line' id='line_1_87' title="bbox 1203 1676 2058 1708; baseline -0.001 -6"><span class='ocrx_word' id='word_1_612' title='bbox 1203 1677 1279 1702; x_wconf 83' lang='lat' dir='ltr'>fuerit</span> <span class='ocrx_word' id='word_1_613' title='bbox 1291 1677 1317 1702; x_wconf 88' lang='lat' dir='ltr'>et</span> <span class='ocrx_word' id='word_1_614' title='bbox 1329 1677 1432 1702; x_wconf 87' lang='lat' dir='ltr'>honeste</span> <span class='ocrx_word' id='word_1_615' title='bbox 1446 1677 1574 1708; x_wconf 89' lang='lat' dir='ltr'>potuerint</span> <span class='ocrx_word' id='word_1_616' title='bbox 1587 1677 1713 1706; x_wconf 80' lang='lat' dir='ltr'>accedere,</span> <span class='ocrx_word' id='word_1_617' title='bbox 1733 1676 1885 1707; x_wconf 80' lang='lat' dir='ltr'>officianteS,</span> <span class='ocrx_word' id='word_1_618' title='bbox 1904 1684 1960 1702; x_wconf 85' lang='lat' dir='ltr'>cum</span> <span class='ocrx_word' id='word_1_619' title='bbox 1978 1676 2058 1702; x_wconf 86' lang='lat' dir='ltr'>matu-</span> 
     </span>
     <span class='ocr_line' id='line_1_88' title="bbox 1203 1719 2057 1752; baseline 0 -7"><span class='ocrx_word' id='word_1_620' title='bbox 1203 1720 1282 1745; x_wconf 87' lang='lat' dir='ltr'>ritate</span> <span class='ocrx_word' id='word_1_621' title='bbox 1301 1720 1386 1745; x_wconf 83' lang='lat' dir='ltr'>tamen</span> <span class='ocrx_word' id='word_1_622' title='bbox 1404 1728 1433 1745; x_wconf 85' lang='lat' dir='ltr'>ac</span> <span class='ocrx_word' id='word_1_623' title='bbox 1451 1720 1572 1745; x_wconf 89' lang='lat' dir='ltr'>modestia</span> <span class='ocrx_word' id='word_1_624' title='bbox 1597 1720 1650 1745; x_wconf 88' lang='lat' dir='ltr'>tam</span> <span class='ocrx_word' id='word_1_625' title='bbox 1669 1721 1695 1745; x_wconf 90' lang='grc'>111</span> <span class='ocrx_word' id='word_1_626' title='bbox 1714 1727 1772 1745; x_wconf 88' lang='lat' dir='ltr'>voce</span> <span class='ocrx_word' id='word_1_627' title='bbox 1800 1728 1874 1752; x_wconf 84' lang='lat' dir='ltr'>quam</span> <span class='ocrx_word' id='word_1_628' title='bbox 1893 1720 1919 1745; x_wconf 88' lang='lat' dir='ltr'>in</span> <span class='ocrx_word' id='word_1_629' title='bbox 1943 1719 2057 1751; x_wconf 81' lang='lat' dir='ltr'>gestibus</span> 
     </span>
     <span class='ocr_line' id='line_1_89' title="bbox 1203 1763 2055 1794; baseline -0.001 -6"><span class='ocrx_word' id='word_1_630' title='bbox 1203 1763 1336 1789; x_wconf 86' lang='lat' dir='ltr'>observata</span> <span class='ocrx_word' id='word_1_631' title='bbox 1367 1764 1495 1788; x_wconf 83' lang='lat' dir='ltr'>humiliter</span> <span class='ocrx_word' id='word_1_632' title='bbox 1526 1763 1621 1788; x_wconf 86' lang='lat' dir='ltr'>iuvent.</span> <span class='ocrx_word' id='word_1_633' title='bbox 1650 1763 1742 1793; x_wconf 75' lang='lat' dir='ltr'>Quodsi</span> <span class='ocrx_word' id='word_1_634' title='bbox 1776 1763 1880 1794; x_wconf 86' lang='lat' dir='ltr'>propter</span> <span class='ocrx_word' id='word_1_635' title='bbox 1912 1763 2055 1788; x_wconf 86' lang='lat' dir='ltr'>evitandum</span> 
     </span>
     <span class='ocr_line' id='line_1_90' title="bbox 1203 1805 2057 1835; baseline -0.001 -4"><span class='ocrx_word' id='word_1_636' title='bbox 1203 1806 1343 1831; x_wconf 79' lang='lat' dir='ltr'>discursum</span> <span class='ocrx_word' id='word_1_637' title='bbox 1356 1806 1388 1831; x_wconf 87' lang='lat' dir='ltr'>ad</span> <span class='ocrx_word' id='word_1_638' title='bbox 1400 1806 1493 1831; x_wconf 87' lang='lat' dir='ltr'>librum</span> <span class='ocrx_word' id='word_1_639' title='bbox 1505 1814 1556 1831; x_wconf 89' lang='lat' dir='ltr'>nou</span> <span class='ocrx_word' id='word_1_640' title='bbox 1570 1806 1687 1831; x_wconf 85' lang='lat' dir='ltr'>duxerint</span> <span class='ocrx_word' id='word_1_641' title='bbox 1706 1805 1881 1835; x_wconf 86' lang='lat' dir='ltr'>accedendum,</span> <span class='ocrx_word' id='word_1_642' title='bbox 1895 1805 2057 1830; x_wconf 89' lang='lat' dir='ltr'>nihilominus</span> 
     </span>
     <span class='ocr_line' id='line_1_91' title="bbox 1203 1848 2055 1881; baseline 0 -8"><span class='ocrx_word' id='word_1_643' title='bbox 1203 1849 1288 1874; x_wconf 88' lang='lat' dir='ltr'>tamen</span> <span class='ocrx_word' id='word_1_644' title='bbox 1307 1850 1460 1879; x_wconf 89' lang='lat' dir='ltr'>communia,</span> <span class='ocrx_word' id='word_1_645' title='bbox 1480 1857 1543 1881; x_wconf 88' lang='lat' dir='ltr'>quae</span> <span class='ocrx_word' id='word_1_646' title='bbox 1561 1849 1694 1879; x_wconf 87' lang='lat' dir='ltr'>noverint,</span> <span class='ocrx_word' id='word_1_647' title='bbox 1720 1848 1840 1880; x_wconf 83' lang='lat' dir='ltr'>poterunt</span> <span class='ocrx_word' id='word_1_648' title='bbox 1858 1856 1914 1873; x_wconf 89' lang='lat' dir='ltr'>cum</span> <span class='ocrx_word' id='word_1_649' title='bbox 1939 1848 1996 1873; x_wconf 87' lang='lat' dir='ltr'>aliis</span> <span class='ocrx_word' id='word_1_650' title='bbox 2013 1848 2055 1874; x_wconf 90' lang='lat' dir='ltr'>ho-</span> 
     </span>
     <span class='ocr_line' id='line_1_92' title="bbox 1202 1891 2054 1918; baseline -0.001 -1"><span class='ocrx_word' id='word_1_651' title='bbox 1202 1893 1272 1917; x_wconf 87' lang='lat' dir='ltr'>neste</span> <span class='ocrx_word' id='word_1_652' title='bbox 1291 1894 1343 1918; x_wconf 88' lang='lat' dir='ltr'>sine</span> <span class='ocrx_word' id='word_1_653' title='bbox 1362 1894 1439 1917; x_wconf 86' lang='lat' dir='ltr'>nimia</span> <span class='ocrx_word' id='word_1_654' title='bbox 1457 1894 1524 1918; x_wconf 88' lang='lat' dir='ltr'>vocis</span> <span class='ocrx_word' id='word_1_655' title='bbox 1543 1892 1694 1917; x_wconf 75' lang='lat' dir='ltr'>exaltatione</span> <span class='ocrx_word' id='word_1_656' title='bbox 1707 1892 1818 1917; x_wconf 87' lang='lat' dir='ltr'>cantare.</span> <span class='ocrx_word' id='word_1_657' title='bbox 1837 1891 1877 1916; x_wconf 80' lang='lat' dir='ltr'>Ad</span> <span class='ocrx_word' id='word_1_658' title='bbox 1902 1891 2054 1917; x_wconf 87' lang='lat' dir='ltr'>cantandum</span> 
     </span>
     <span class='ocr_line' id='line_1_93' title="bbox 1202 1935 2058 1967; baseline -0.001 -6"><span class='ocrx_word' id='word_1_659' title='bbox 1202 1936 1286 1961; x_wconf 85' lang='lat' dir='ltr'>autem</span> <span class='ocrx_word' id='word_1_660' title='bbox 1306 1936 1400 1967; x_wconf 87' lang='lat' dir='ltr'>aliquid</span> <span class='ocrx_word' id='word_1_661' title='bbox 1419 1936 1603 1967; x_wconf 86' lang='lat' dir='ltr'>sequestratum</span> <span class='ocrx_word' id='word_1_662' title='bbox 1615 1935 1644 1966; x_wconf 75' lang='lat'>¹³,</span> <span class='ocrx_word' id='word_1_663' title='bbox 1664 1935 1729 1960; x_wconf 89' lang='lat' dir='ltr'>sieut</span> <span class='ocrx_word' id='word_1_664' title='bbox 1747 1936 1786 1960; x_wconf 86' lang='lat' dir='ltr'>est</span> <span class='ocrx_word' id='word_1_665' title='bbox 1799 1935 1915 1967; x_wconf 68' lang='lat' dir='ltr'>alleluia,</span> <span class='ocrx_word' id='word_1_666' title='bbox 1929 1942 2058 1966; x_wconf 86' lang='lat' dir='ltr'>responso-</span> 
     </span>
     <span class='ocr_line' id='line_1_94' title="bbox 1202 1978 2056 2011; baseline -0.001 -7"><span class='ocrx_word' id='word_1_667' title='bbox 1202 1981 1281 2009; x_wconf 89' lang='lat' dir='ltr'>rium,</span> <span class='ocrx_word' id='word_1_668' title='bbox 1301 1980 1340 2005; x_wconf 89' lang='lat' dir='ltr'>vel</span> <span class='ocrx_word' id='word_1_669' title='bbox 1354 1979 1422 2004; x_wconf 86' lang='lat' dir='ltr'>aliud</span> <span class='ocrx_word' id='word_1_670' title='bbox 1435 1979 1574 2011; x_wconf 88' lang='lat' dir='ltr'>quodlibet,</span> <span class='ocrx_word' id='word_1_671' title='bbox 1593 1987 1751 2011; x_wconf 84' lang='lat' dir='ltr'>nequaquam</span> <span class='ocrx_word' id='word_1_672' title='bbox 1764 1986 1819 2003; x_wconf 91' lang='lat' dir='ltr'>cum</span> <span class='ocrx_word' id='word_1_673' title='bbox 1839 1978 2008 2003; x_wconf 89' lang='lat' dir='ltr'>saecularibus</span> <span class='ocrx_word' id='word_1_674' title='bbox 2031 1986 2056 2004; x_wconf 90' lang='lat' dir='ltr'>se</span> 
     </span>
     <span class='ocr_line' id='line_1_95' title="bbox 1202 2022 1821 2054; baseline -0.002 -6"><span class='ocrx_word' id='word_1_675' title='bbox 1202 2023 1356 2053; x_wconf 87' lang='lat' dir='ltr'>combinent,</span> <span class='ocrx_word' id='word_1_676' title='bbox 1376 2023 1397 2047; x_wconf 89' lang='lat' dir='ltr'>si</span> <span class='ocrx_word' id='word_1_677' title='bbox 1415 2023 1496 2047; x_wconf 87' lang='lat' dir='ltr'>vitare</span> <span class='ocrx_word' id='word_1_678' title='bbox 1521 2022 1641 2054; x_wconf 86' lang='lat' dir='ltr'>poterunt</span> <span class='ocrx_word' id='word_1_679' title='bbox 1659 2022 1722 2047; x_wconf 89' lang='lat' dir='ltr'>bono</span> <span class='ocrx_word' id='word_1_680' title='bbox 1742 2022 1821 2047; x_wconf 88' lang='lat' dir='ltr'>modo.</span> 
     </span>
    </p>
   </div>
   <div class='ocr_carea' id='block_1_14' title="bbox 1273 2065 2133 2138">
    <p class='ocr_par' dir='ltr' id='par_1_17' title="bbox 1273 2065 2133 2138">
     <span class='ocr_line' id='line_1_96' title="bbox 1273 2065 2133 2138; baseline 0 -47"><span class='ocrx_word' id='word_1_681' title='bbox 1273 2066 1298 2091; x_wconf 83' lang='lat'>3.</span> <span class='ocrx_word' id='word_1_682' title='bbox 1318 2066 1386 2091; x_wconf 84' lang='lat' dir='ltr'>Tunc</span> <span class='ocrx_word' id='word_1_683' title='bbox 1399 2066 1487 2096; x_wconf 86' lang='lat' dir='ltr'>etiam,</span> <span class='ocrx_word' id='word_1_684' title='bbox 1500 2074 1550 2091; x_wconf 86' lang='lat' dir='ltr'>non</span> <span class='ocrx_word' id='word_1_685' title='bbox 1569 2066 1649 2091; x_wconf 82' lang='lat' dir='ltr'>solum</span> <span class='ocrx_word' id='word_1_686' title='bbox 1662 2067 1689 2090; x_wconf 89' lang='grc'>111</span> <span class='ocrx_word' id='word_1_687' title='bbox 1707 2066 1856 2097; x_wconf 87' lang='lat' dir='ltr'>praedictis,</span> <span class='ocrx_word' id='word_1_688' title='bbox 1874 2073 1962 2090; x_wconf 87' lang='lat' dir='ltr'>verum</span> <span class='ocrx_word' id='word_1_689' title='bbox 1980 2065 2055 2090; x_wconf 86' lang='lat' dir='ltr'>etiam</span> <span class='ocrx_word' id='word_1_690' title='bbox 2066 2067 2133 2138; x_wconf 49' lang='grc' dir='ltr'>(Ζὲιιιίιέβ</span> 
     </span>
    </p>
   </div>
   <div class='ocr_carea' id='block_1_15' title="bbox 1201 2108 2057 2356">
    <p class='ocr_par' dir='ltr' id='par_1_18' title="bbox 1201 2108 2057 2356">
     <span class='ocr_line' id='line_1_97' title="bbox 1201 2108 2056 2140; baseline -0.001 -6"><span class='ocrx_word' id='word_1_691' title='bbox 1201 2110 1227 2134; x_wconf 89' lang='grc'>111</span> <span class='ocrx_word' id='word_1_692' title='bbox 1260 2109 1364 2134; x_wconf 85' lang='lat' dir='ltr'>honesto</span> <span class='ocrx_word' id='word_1_693' title='bbox 1394 2117 1419 2133; x_wconf 86' lang='lat' dir='ltr'>se</span> <span class='ocrx_word' id='word_1_694' title='bbox 1448 2109 1555 2134; x_wconf 88' lang='lat' dir='ltr'>habendi</span> <span class='ocrx_word' id='word_1_695' title='bbox 1584 2109 1655 2134; x_wconf 92' lang='lat' dir='ltr'>modo</span> <span class='ocrx_word' id='word_1_696' title='bbox 1689 2109 1812 2140; x_wconf 87' lang='lat' dir='ltr'>qnantum</span> <span class='ocrx_word' id='word_1_697' title='bbox 1840 2108 1872 2133; x_wconf 85' lang='lat' dir='ltr'>ad</span> <span class='ocrx_word' id='word_1_698' title='bbox 1898 2108 2056 2140; x_wconf 86' lang='lat' dir='ltr'>disciplinam</span> 
     </span>
     <span class='ocr_line' id='line_1_98' title="bbox 1202 2150 2055 2183; baseline -0.001 -6"><span class='ocrx_word' id='word_1_699' title='bbox 1202 2153 1345 2183; x_wconf 72' lang='lat' dir='ltr'>aspiciendi</span> <span class='ocrx_word' id='word_1_700' title='bbox 1351 2171 1358 2183; x_wconf 89' lang='lat'>,</span> <span class='ocrx_word' id='word_1_701' title='bbox 1388 2152 1524 2183; x_wconf 72' lang='lat' dir='ltr'>loquendi,</span> <span class='ocrx_word' id='word_1_702' title='bbox 1556 2151 1673 2183; x_wconf 74' lang='lat' dir='ltr'>habitus,</span> <span class='ocrx_word' id='word_1_703' title='bbox 1698 2150 1888 2181; x_wconf 76' lang='lat' dir='ltr'>uniformitatis</span> <span class='ocrx_word' id='word_1_704' title='bbox 1915 2151 2055 2176; x_wconf 87' lang='lat' dir='ltr'>honestatis</span> 
     </span>
     <span class='ocr_line' id='line_1_99' title="bbox 1202 2195 2057 2227; baseline -0.001 -7"><span class='ocrx_word' id='word_1_705' title='bbox 1202 2196 1314 2221; x_wconf 85' lang='lat' dir='ltr'>custodia</span> <span class='ocrx_word' id='word_1_706' title='bbox 1333 2196 1372 2220; x_wconf 83' lang='lat' dir='ltr'>est</span> <span class='ocrx_word' id='word_1_707' title='bbox 1389 2195 1512 2221; x_wconf 87' lang='lat' dir='ltr'>habenda.</span> <span class='ocrx_word' id='word_1_708' title='bbox 1530 2195 1734 2226; x_wconf 85' lang='lat' dir='ltr'>Reprehensibile</span> <span class='ocrx_word' id='word_1_709' title='bbox 1752 2195 1791 2220; x_wconf 87' lang='lat' dir='ltr'>est</span> <span class='ocrx_word' id='word_1_710' title='bbox 1808 2195 1844 2220; x_wconf 91' lang='lat' dir='ltr'>ibi</span> <span class='ocrx_word' id='word_1_711' title='bbox 1862 2195 1934 2227; x_wconf 84' lang='lat' dir='ltr'>vagis</span> <span class='ocrx_word' id='word_1_712' title='bbox 1953 2195 2057 2220; x_wconf 76' lang='lat' dir='ltr'>circum-</span> 
     </span>
     <span class='ocr_line' id='line_1_100' title="bbox 1201 2238 2055 2270; baseline 0 -7"><span class='ocrx_word' id='word_1_713' title='bbox 1201 2239 1299 2270; x_wconf 74' lang='lat' dir='ltr'>spicere</span> <span class='ocrx_word' id='word_1_714' title='bbox 1318 2239 1415 2268; x_wconf 77' lang='lat' dir='ltr'>oculis,</span> <span class='ocrx_word' id='word_1_715' title='bbox 1434 2240 1482 2263; x_wconf 79' lang='lat' dir='ltr'>aui</span> <span class='ocrx_word' id='word_1_716' title='bbox 1499 2238 1726 2269; x_wconf 76' lang='lat' dir='ltr'>collocutionibus,</span> <span class='ocrx_word' id='word_1_717' title='bbox 1746 2238 1806 2263; x_wconf 89' lang='lat' dir='ltr'>dum</span> <span class='ocrx_word' id='word_1_718' title='bbox 1829 2238 1923 2263; x_wconf 85' lang='lat' dir='ltr'>Missae</span> <span class='ocrx_word' id='word_1_719' title='bbox 1948 2238 2055 2263; x_wconf 86' lang='lat' dir='ltr'>officium</span> 
     </span>
     <span class='ocr_line' id='line_1_101' title="bbox 1201 2281 2056 2313; baseline 0 -7"><span class='ocrx_word' id='word_1_720' title='bbox 1201 2281 1351 2311; x_wconf 88' lang='lat' dir='ltr'>celebratur,</span> <span class='ocrx_word' id='word_1_721' title='bbox 1363 2281 1507 2313; x_wconf 77' lang='lat' dir='ltr'>intendere,</span> <span class='ocrx_word' id='word_1_722' title='bbox 1527 2281 1592 2312; x_wconf 87' lang='lat' dir='ltr'>quod</span> <span class='ocrx_word' id='word_1_723' title='bbox 1610 2281 1671 2306; x_wconf 90' lang='lat' dir='ltr'>tunc</span> <span class='ocrx_word' id='word_1_724' title='bbox 1683 2282 1758 2307; x_wconf 85' lang='lat' dir='ltr'>etiam</span> <span class='ocrx_word' id='word_1_725' title='bbox 1772 2281 1942 2306; x_wconf 85' lang='lat' dir='ltr'>saecularibus</span> <span class='ocrx_word' id='word_1_726' title='bbox 1961 2281 2056 2306; x_wconf 87' lang='lat' dir='ltr'>clericis</span> 
     </span>
     <span class='ocr_line' id='line_1_102' title="bbox 1201 2323 2057 2356; baseline 0.001 -7"><span class='ocrx_word' id='word_1_727' title='bbox 1201 2325 1241 2349; x_wconf 91' lang='lat' dir='ltr'>ius</span> <span class='ocrx_word' id='word_1_728' title='bbox 1259 2325 1404 2350; x_wconf 85' lang='lat' dir='ltr'>canonicum</span> <span class='ocrx_word' id='word_1_729' title='bbox 1416 2323 1437 2336; x_wconf 68' lang='lat'>¹⁴</span> <span class='ocrx_word' id='word_1_730' title='bbox 1459 2324 1600 2354; x_wconf 82' lang='lat' dir='ltr'>interdicit,</span> <span class='ocrx_word' id='word_1_731' title='bbox 1625 2324 1671 2349; x_wconf 90' lang='lat' dir='ltr'>aut</span> <span class='ocrx_word' id='word_1_732' title='bbox 1689 2325 1798 2356; x_wconf 85' lang='lat' dir='ltr'>aliquam</span> <span class='ocrx_word' id='word_1_733' title='bbox 1817 2324 1934 2356; x_wconf 83' lang='lat' dir='ltr'>respectu</span> <span class='ocrx_word' id='word_1_734' title='bbox 1952 2324 2057 2350; x_wconf 72' lang='lat' dir='ltr'>habitus</span> 
     </span>
    </p>
   </div>
   <div class='ocr_carea' id='block_1_16' title="bbox 918 2405 1437 2409">
    <p class='ocr_par' dir='ltr' id='par_1_19' title="bbox 918 2405 1437 2409">
     <span class='ocr_line' id='line_1_103' title="bbox 918 2405 1437 2409; baseline 0 0"><span class='ocrx_word' id='word_1_735' title='bbox 918 2405 1437 2409; x_wconf 95' lang='lat' dir='ltr'> </span> 
     </span>
    </p>
   </div>
   <div class='ocr_carea' id='block_1_17' title="bbox 294 2460 1145 2742">
    <p class='ocr_par' dir='ltr' id='par_1_20' title="bbox 294 2460 1145 2522">
     <span class='ocr_line' id='line_1_104' title="bbox 358 2460 1145 2490; baseline 0 -7"><span class='ocrx_word' id='word_1_736' title='bbox 358 2460 366 2473; x_wconf 88' lang='lat'><strong>¹</strong></span> <span class='ocrx_word' id='word_1_737' title='bbox 386 2461 425 2483; x_wconf 84' lang='lat' dir='ltr'>Ed.</span> <span class='ocrx_word' id='word_1_738' title='bbox 443 2462 456 2483; x_wconf 99' lang='grc'>2</span> <span class='ocrx_word' id='word_1_739' title='bbox 475 2461 559 2483; x_wconf 78' lang='lat' dir='ltr'>omittit</span> <span class='ocrx_word' id='word_1_740' title='bbox 581 2460 712 2490; x_wconf 72' lang='lat' dir='ltr'>imprimis,</span> <span class='ocrx_word' id='word_1_741' title='bbox 730 2460 847 2483; x_wconf 75' lang='lat' dir='ltr'>substituit</span> <span class='ocrx_word' id='word_1_742' title='bbox 870 2460 970 2483; x_wconf 86' lang='lat' dir='ltr'>subinde</span> <span class='ocrx_word' id='word_1_743' title='bbox 991 2467 1034 2484; x_wconf 71' lang='lat' dir='ltr'>&#39;nec</span> <span class='ocrx_word' id='word_1_744' title='bbox 1056 2467 1098 2489; x_wconf 86' lang='lat' dir='ltr'>pro</span> <span class='ocrx_word' id='word_1_745' title='bbox 1115 2467 1145 2484; x_wconf 81' lang='lat' dir='ltr'>ne</span> 
     </span>
     <span class='ocr_line' id='line_1_105' title="bbox 294 2492 975 2522; baseline 0.001 -8"><span class='ocrx_word' id='word_1_746' title='bbox 294 2495 316 2514; x_wconf 85' lang='lat' dir='ltr'>et</span> <span class='ocrx_word' id='word_1_747' title='bbox 334 2492 433 2515; x_wconf 63' lang='lat' dir='ltr'>vocibus</span> <span class='ocrx_word' id='word_1_748' title='bbox 451 2492 577 2522; x_wconf 65' lang='lat' dir='ltr'>Reliffl&#39;onss</span> <span class='ocrx_word' id='word_1_749' title='bbox 593 2492 744 2521; x_wconf 74' lang='lat' dir='ltr'>propositum</span> <span class='ocrx_word' id='word_1_750' title='bbox 762 2492 869 2520; x_wconf 73' lang='lat' dir='ltr'>praefigit</span> <span class='ocrx_word' id='word_1_751' title='bbox 887 2492 975 2515; x_wconf 74' lang='lat' dir='ltr'>curius.</span> 
     </span>
    </p>

    <p class='ocr_par' dir='ltr' id='par_1_21' title="bbox 295 2523 1145 2742">
     <span class='ocr_line' id='line_1_106' title="bbox 358 2523 1142 2551; baseline 0 -5"><span class='ocrx_word' id='word_1_752' title='bbox 358 2523 366 2535; x_wconf 75' lang='lat'><strong>²</strong></span> <span class='ocrx_word' id='word_1_753' title='bbox 384 2524 452 2546; x_wconf 75' lang='lat' dir='ltr'>Marc.</span> <span class='ocrx_word' id='word_1_754' title='bbox 474 2525 510 2550; x_wconf 78' lang='grc'>16,</span> <span class='ocrx_word' id='word_1_755' title='bbox 539 2525 576 2546; x_wconf 74' lang='lat'>15:</span> <span class='ocrx_word' id='word_1_756' title='bbox 600 2524 732 2546; x_wconf 65' lang='lat' dir='ltr'>Praedicare</span> <span class='ocrx_word' id='word_1_757' title='bbox 755 2524 904 2551; x_wconf 64' lang='lat' dir='ltr'>Evangeliuui</span> <span class='ocrx_word' id='word_1_758' title='bbox 928 2524 990 2546; x_wconf 77' lang='lat' dir='ltr'>ouini</span> <span class='ocrx_word' id='word_1_759' title='bbox 1013 2526 1142 2546; x_wconf 74' lang='lat' dir='ltr'>creaturae.</span> 
     </span>
     <span class='ocr_line' id='line_1_107' title="bbox 296 2555 1143 2584; baseline 0.001 -7"><span class='ocrx_word' id='word_1_760' title='bbox 296 2555 337 2577; x_wconf 78' lang='lat' dir='ltr'>Pro</span> <span class='ocrx_word' id='word_1_761' title='bbox 355 2557 463 2578; x_wconf 73' lang='lat' dir='ltr'>sanctum</span> <span class='ocrx_word' id='word_1_762' title='bbox 484 2555 641 2584; x_wconf 60' lang='lat' dir='ltr'>Erunyrlium</span> <span class='ocrx_word' id='word_1_763' title='bbox 661 2556 677 2577; x_wconf 69' lang='lat' dir='ltr'>A</span> <span class='ocrx_word' id='word_1_764' title='bbox 696 2559 718 2578; x_wconf 87' lang='lat' dir='ltr'>et</span> <span class='ocrx_word' id='word_1_765' title='bbox 735 2555 772 2577; x_wconf 76' lang='lat' dir='ltr'>ed.</span> <span class='ocrx_word' id='word_1_766' title='bbox 794 2556 807 2577; x_wconf 75' lang='lat'>2</span> <span class='ocrx_word' id='word_1_767' title='bbox 825 2555 957 2578; x_wconf 74' lang='lat' dir='ltr'>secundnm</span> <span class='ocrx_word' id='word_1_768' title='bbox 978 2555 1143 2584; x_wconf 72' lang='lat' dir='ltr'>Ernnyellum.</span> 
     </span>
     <span class='ocr_line' id='line_1_108' title="bbox 295 2586 1145 2616; baseline 0.001 -8"><span class='ocrx_word' id='word_1_769' title='bbox 295 2599 325 2602; x_wconf 98' lang='lat'><strong>—</strong></span> <span class='ocrx_word' id='word_1_770' title='bbox 342 2586 446 2609; x_wconf 76' lang='lat' dir='ltr'>Subinde</span> <span class='ocrx_word' id='word_1_771' title='bbox 463 2587 583 2614; x_wconf 78' lang='lat' dir='ltr'>respicitur</span> <span class='ocrx_word' id='word_1_772' title='bbox 601 2588 649 2608; x_wconf 72' lang='lat' dir='ltr'>Aci..</span> <span class='ocrx_word' id='word_1_773' title='bbox 667 2588 692 2614; x_wconf 79' lang='lat'>8,</span> <span class='ocrx_word' id='word_1_774' title='bbox 712 2587 747 2608; x_wconf 71' lang='lat'>38,</span> <span class='ocrx_word' id='word_1_775' title='bbox 765 2587 803 2611; x_wconf 80' lang='lat' dir='ltr'>(de</span> <span class='ocrx_word' id='word_1_776' title='bbox 827 2586 942 2614; x_wconf 81' lang='lat' dir='ltr'>baptismo</span> <span class='ocrx_word' id='word_1_777' title='bbox 968 2587 1097 2616; x_wconf 69' lang='lat' dir='ltr'>eunuchi),</span> <span class='ocrx_word' id='word_1_778' title='bbox 1116 2587 1145 2609; x_wconf 86' lang='lat' dir='ltr'>de</span> 
     </span>
     <span class='ocr_line' id='line_1_109' title="bbox 295 2618 1145 2646; baseline 0.001 -7"><span class='ocrx_word' id='word_1_779' title='bbox 295 2618 390 2640; x_wconf 67' lang='lat' dir='ltr'>:llurlino</span> <span class='ocrx_word' id='word_1_780' title='bbox 408 2618 461 2640; x_wconf 79' lang='lat' dir='ltr'>vide</span> <span class='ocrx_word' id='word_1_781' title='bbox 480 2619 572 2646; x_wconf 78' lang='lat' dir='ltr'>Sulpicii</span> <span class='ocrx_word' id='word_1_782' title='bbox 591 2619 670 2640; x_wconf 75' lang='lat' dir='ltr'>Severi</span> <span class='ocrx_word' id='word_1_783' title='bbox 690 2618 764 2640; x_wconf 69' lang='lat' dir='ltr'>Vitam</span> <span class='ocrx_word' id='word_1_784' title='bbox 783 2618 805 2640; x_wconf 82' lang='grc' dir='ltr'>Β.</span> <span class='ocrx_word' id='word_1_785' title='bbox 826 2618 926 2645; x_wconf 76' lang='lat' dir='ltr'>Martini,</span> <span class='ocrx_word' id='word_1_786' title='bbox 944 2624 966 2640; x_wconf 89' lang='grc'>11.</span> <span class='ocrx_word' id='word_1_787' title='bbox 985 2619 1011 2645; x_wconf 80' lang='lat'>5,</span> <span class='ocrx_word' id='word_1_788' title='bbox 1036 2618 1074 2640; x_wconf 87' lang='lat' dir='ltr'>ubi</span> <span class='ocrx_word' id='word_1_789' title='bbox 1093 2624 1145 2640; x_wconf 81' lang='lat' dir='ltr'>nat·-</span> 
     </span>
     <span class='ocr_line' id='line_1_110' title="bbox 295 2650 1145 2678; baseline 0.001 -7"><span class='ocrx_word' id='word_1_790' title='bbox 295 2653 369 2677; x_wconf 76' lang='lat' dir='ltr'>ratur,</span> <span class='ocrx_word' id='word_1_791' title='bbox 385 2650 406 2671; x_wconf 75' lang='lat' dir='ltr'>S.</span> <span class='ocrx_word' id='word_1_792' title='bbox 419 2650 539 2671; x_wconf 79' lang='lat' dir='ltr'>Mai-uuum</span> <span class='ocrx_word' id='word_1_793' title='bbox 553 2650 660 2672; x_wconf 79' lang='lat' dir='ltr'>incidisse</span> <span class='ocrx_word' id='word_1_794' title='bbox 673 2650 696 2671; x_wconf 89' lang='lat' dir='ltr'>in</span> <span class='ocrx_word' id='word_1_795' title='bbox 709 2650 808 2672; x_wconf 80' lang='lat' dir='ltr'>latrones</span> <span class='ocrx_word' id='word_1_796' title='bbox 820 2650 930 2678; x_wconf 86' lang='lat' dir='ltr'>illumque</span> <span class='ocrx_word' id='word_1_797' title='bbox 942 2650 1066 2676; x_wconf 82' lang='lat' dir='ltr'>lau-onem,</span> <span class='ocrx_word' id='word_1_798' title='bbox 1079 2650 1145 2672; x_wconf 85' lang='lat' dir='ltr'>cuius</span> 
     </span>
     <span class='ocr_line' id='line_1_111' title="bbox 295 2680 1145 2710; baseline 0.001 -8"><span class='ocrx_word' id='word_1_799' title='bbox 295 2681 414 2703; x_wconf 71' lang='lat' dir='ltr'>custodiae</span> <span class='ocrx_word' id='word_1_800' title='bbox 432 2682 527 2703; x_wconf 76' lang='lat' dir='ltr'>traditus</span> <span class='ocrx_word' id='word_1_801' title='bbox 539 2684 599 2708; x_wconf 68' lang='lat' dir='ltr'>emt,</span> <span class='ocrx_word' id='word_1_802' title='bbox 618 2681 731 2710; x_wconf 77' lang='lat' dir='ltr'>colloquio</span> <span class='ocrx_word' id='word_1_803' title='bbox 745 2687 786 2703; x_wconf 87' lang='lat' dir='ltr'>suo</span> <span class='ocrx_word' id='word_1_804' title='bbox 799 2684 821 2703; x_wconf 87' lang='lat' dir='ltr'>et</span> <span class='ocrx_word' id='word_1_805' title='bbox 833 2680 899 2703; x_wconf 76' lang='lat' dir='ltr'>verbi</span> <span class='ocrx_word' id='word_1_806' title='bbox 916 2681 955 2703; x_wconf 90' lang='lat' dir='ltr'>Dei</span> <span class='ocrx_word' id='word_1_807' title='bbox 974 2681 1145 2709; x_wconf 80' lang='lat' dir='ltr'>praedicatione</span> 
     </span>
     <span class='ocr_line' id='line_1_112' title="bbox 295 2712 1143 2742; baseline 0.001 -8"><span class='ocrx_word' id='word_1_808' title='bbox 295 2713 443 2734; x_wconf 79' lang='lat' dir='ltr'>convertisse.</span> <span class='ocrx_word' id='word_1_809' title='bbox 455 2725 486 2729; x_wconf 97' lang='lat'><strong>—</strong></span> <span class='ocrx_word' id='word_1_810' title='bbox 499 2713 610 2740; x_wconf 81' lang='lat' dir='ltr'>Superius</span> <span class='ocrx_word' id='word_1_811' title='bbox 624 2715 675 2740; x_wconf 77' lang='lat' dir='ltr'>post</span> <span class='ocrx_word' id='word_1_812' title='bbox 693 2712 767 2742; x_wconf 56' lang='lat' dir='ltr'>»mide</span> <span class='ocrx_word' id='word_1_813' title='bbox 784 2713 800 2734; x_wconf 83' lang='grc' dir='ltr'>Β</span> <span class='ocrx_word' id='word_1_814' title='bbox 818 2715 838 2734; x_wconf 84' lang='grc'>01</span> <span class='ocrx_word' id='word_1_815' title='bbox 856 2712 893 2734; x_wconf 83' lang='lat' dir='ltr'>ed.</span> <span class='ocrx_word' id='word_1_816' title='bbox 908 2713 921 2734; x_wconf 83' lang='grc'>2</span> <span class='ocrx_word' id='word_1_817' title='bbox 939 2713 1028 2735; x_wconf 81' lang='lat' dir='ltr'>addunt</span> <span class='ocrx_word' id='word_1_818' title='bbox 1044 2718 1143 2742; x_wconf 77' lang='lat' dir='ltr'>semper.</span> 
     </span>
    </p>
   </div>
   <div class='ocr_carea' id='block_1_18' title="bbox 295 2743 1145 2835">
    <p class='ocr_par' dir='ltr' id='par_1_22' title="bbox 295 2743 1145 2835">
     <span class='ocr_line' id='line_1_113' title="bbox 358 2743 1143 2773; baseline 0 -7"><span class='ocrx_word' id='word_1_819' title='bbox 358 2743 366 2755; x_wconf 79' lang='lat'>³</span> <span class='ocrx_word' id='word_1_820' title='bbox 386 2744 441 2766; x_wconf 74' lang='lat' dir='ltr'>Luc.</span> <span class='ocrx_word' id='word_1_821' title='bbox 459 2744 500 2771; x_wconf 65' lang='lat'>24,</span> <span class='ocrx_word' id='word_1_822' title='bbox 519 2745 555 2766; x_wconf 81' lang='grc'>13.</span> <span class='ocrx_word' id='word_1_823' title='bbox 572 2750 638 2772; x_wconf 82' lang='lat' dir='ltr'>seqq.</span> <span class='ocrx_word' id='word_1_824' title='bbox 650 2756 681 2760; x_wconf 92' lang='lat'>—-</span> <span class='ocrx_word' id='word_1_825' title='bbox 698 2744 792 2766; x_wconf 75' lang='lat' dir='ltr'>inferius</span> <span class='ocrx_word' id='word_1_826' title='bbox 810 2750 852 2772; x_wconf 83' lang='lat' dir='ltr'>pro</span> <span class='ocrx_word' id='word_1_827' title='bbox 870 2744 967 2773; x_wconf 65' lang='lat' dir='ltr'>[silueris</span> <span class='ocrx_word' id='word_1_828' title='bbox 984 2744 1028 2766; x_wconf 87' lang='lat' dir='ltr'>CD</span> <span class='ocrx_word' id='word_1_829' title='bbox 1046 2747 1067 2766; x_wconf 81' lang='grc'>0(</span> <span class='ocrx_word' id='word_1_830' title='bbox 1081 2745 1118 2766; x_wconf 86' lang='lat' dir='ltr'>ed.</span> <span class='ocrx_word' id='word_1_831' title='bbox 1130 2745 1143 2766; x_wconf 82' lang='grc'>2</span> 
     </span>
     <span class='ocr_line' id='line_1_114' title="bbox 295 2774 654 2804; baseline 0 -7"><span class='ocrx_word' id='word_1_832' title='bbox 295 2774 422 2804; x_wconf 74' lang='lat' dir='ltr'>quaelibet,</span> <span class='ocrx_word' id='word_1_833' title='bbox 442 2776 456 2797; x_wconf 75' lang='lat' dir='ltr'>li</span> <span class='ocrx_word' id='word_1_834' title='bbox 474 2775 654 2804; x_wconf 70' lang='lat' dir='ltr'>quomodolibet.</span> 
     </span>
     <span class='ocr_line' id='line_1_115' title="bbox 357 2806 1145 2835; baseline 0.001 -7"><span class='ocrx_word' id='word_1_835' title='bbox 357 2806 366 2818; x_wconf 70' lang='lat'>⁴</span> <span class='ocrx_word' id='word_1_836' title='bbox 384 2809 493 2834; x_wconf 57' lang='lat' dir='ltr'>August„</span> <span class='ocrx_word' id='word_1_837' title='bbox 511 2807 526 2828; x_wconf 91' lang='lat'>1.</span> <span class='ocrx_word' id='word_1_838' title='bbox 543 2807 647 2829; x_wconf 75' lang='lat' dir='ltr'>Coniess.</span> <span class='ocrx_word' id='word_1_839' title='bbox 672 2813 692 2829; x_wconf 82' lang='lat' dir='ltr'>c.</span> <span class='ocrx_word' id='word_1_840' title='bbox 714 2806 735 2828; x_wconf 72' lang='lat'>4.</span> <span class='ocrx_word' id='word_1_841' title='bbox 757 2813 780 2828; x_wconf 91' lang='lat' dir='ltr'>n.</span> <span class='ocrx_word' id='word_1_842' title='bbox 807 2806 826 2828; x_wconf 77' lang='lat'>4.</span> <span class='ocrx_word' id='word_1_843' title='bbox 847 2819 877 2822; x_wconf 89' lang='lat'><strong>—</strong></span> <span class='ocrx_word' id='word_1_844' title='bbox 895 2807 990 2829; x_wconf 82' lang='lat' dir='ltr'>Inferius</span> <span class='ocrx_word' id='word_1_845' title='bbox 1016 2809 1069 2835; x_wconf 84' lang='lat' dir='ltr'>post</span> <span class='ocrx_word' id='word_1_846' title='bbox 1090 2808 1145 2829; x_wconf 80' lang='lat' dir='ltr'>autc</span> 
     </span>
    </p>
   </div>
   <div class='ocr_carea' id='block_1_19' title="bbox 295 2837 1144 3053">
    <p class='ocr_par' dir='ltr' id='par_1_23' title="bbox 297 2837 721 2861">
     <span class='ocr_line' id='line_1_116' title="bbox 297 2837 721 2861; baseline 0.002 -2"><span class='ocrx_word' id='word_1_847' title='bbox 297 2837 400 2860; x_wconf 75' lang='lat' dir='ltr'>Tertium.</span> <span class='ocrx_word' id='word_1_848' title='bbox 418 2838 455 2860; x_wconf 84' lang='lat' dir='ltr'>ed.</span> <span class='ocrx_word' id='word_1_849' title='bbox 473 2839 486 2860; x_wconf 75' lang='lat'>2</span> <span class='ocrx_word' id='word_1_850' title='bbox 504 2838 568 2860; x_wconf 84' lang='lat' dir='ltr'>addit</span> <span class='ocrx_word' id='word_1_851' title='bbox 585 2838 609 2861; x_wconf 79' lang='lat' dir='ltr'>in</span> <span class='ocrx_word' id='word_1_852' title='bbox 627 2837 721 2861; x_wconf 72' lang='lat' dir='ltr'>talibus.</span> 
     </span>
    </p>

    <p class='ocr_par' dir='ltr' id='par_1_24' title="bbox 296 2868 1144 2929">
     <span class='ocr_line' id='line_1_117' title="bbox 358 2868 1144 2899; baseline 0.003 -9"><span class='ocrx_word' id='word_1_853' title='bbox 358 2868 367 2881; x_wconf 79' lang='lat'>⁵</span> <span class='ocrx_word' id='word_1_854' title='bbox 384 2869 424 2891; x_wconf 72' lang='lat' dir='ltr'>Eu.</span> <span class='ocrx_word' id='word_1_855' title='bbox 442 2870 455 2890; x_wconf 90' lang='grc'>2</span> <span class='ocrx_word' id='word_1_856' title='bbox 478 2869 641 2892; x_wconf 72' lang='lat' dir='ltr'>collocutionis</span> <span class='ocrx_word' id='word_1_857' title='bbox 664 2869 845 2897; x_wconf 65' lang='lat' dir='ltr'>intervenerint,</span> <span class='ocrx_word' id='word_1_858' title='bbox 868 2872 891 2892; x_wconf 83' lang='lat' dir='ltr'>et</span> <span class='ocrx_word' id='word_1_859' title='bbox 908 2870 1001 2892; x_wconf 78' lang='lat' dir='ltr'>iuferius</span> <span class='ocrx_word' id='word_1_860' title='bbox 1022 2875 1144 2899; x_wconf 76' lang='lat' dir='ltr'>nusquam</span> 
     </span>
     <span class='ocr_line' id='line_1_118' title="bbox 296 2905 488 2929; baseline 0.005 -8"><span class='ocrx_word' id='word_1_861' title='bbox 296 2905 338 2927; x_wconf 78' lang='lat' dir='ltr'>pro</span> <span class='ocrx_word' id='word_1_862' title='bbox 354 2906 488 2929; x_wconf 64' lang='lat' dir='ltr'>nunqnam..</span> 
     </span>
    </p>

    <p class='ocr_par' dir='ltr' id='par_1_25' title="bbox 295 2930 1144 3053">
     <span class='ocr_line' id='line_1_119' title="bbox 358 2930 1142 2960; baseline 0.001 -7"><span class='ocrx_word' id='word_1_863' title='bbox 358 2930 367 2943; x_wconf 76' lang='lat'>‘³</span> <span class='ocrx_word' id='word_1_864' title='bbox 385 2932 506 2959; x_wconf 55' lang='lat' dir='ltr'>Bet-nard„</span> <span class='ocrx_word' id='word_1_865' title='bbox 524 2932 552 2954; x_wconf 87' lang='lat' dir='ltr'>de</span> <span class='ocrx_word' id='word_1_866' title='bbox 565 2931 667 2954; x_wconf 77' lang='lat' dir='ltr'>Moribus</span> <span class='ocrx_word' id='word_1_867' title='bbox 683 2935 706 2954; x_wconf 84' lang='lat' dir='ltr'>et</span> <span class='ocrx_word' id='word_1_868' title='bbox 723 2933 798 2954; x_wconf 81' lang='lat' dir='ltr'>officio</span> <span class='ocrx_word' id='word_1_869' title='bbox 811 2932 977 2960; x_wconf 78' lang='lat' dir='ltr'>episcoporum</span> <span class='ocrx_word' id='word_1_870' title='bbox 995 2932 1059 2959; x_wconf 81' lang='lat' dir='ltr'>(alias</span> <span class='ocrx_word' id='word_1_871' title='bbox 1072 2932 1142 2960; x_wconf 83' lang='lat' dir='ltr'>Epist.</span> 
     </span>
     <span class='ocr_line' id='line_1_120' title="bbox 296 2962 1144 2992; baseline 0.002 -9"><span class='ocrx_word' id='word_1_872' title='bbox 296 2962 351 2990; x_wconf 69' lang='grc'>112.),</span> <span class='ocrx_word' id='word_1_873' title='bbox 369 2968 388 2984; x_wconf 90' lang='lat' dir='ltr'>c.</span> <span class='ocrx_word' id='word_1_874' title='bbox 407 2963 428 2984; x_wconf 80' lang='grc'>6.</span> <span class='ocrx_word' id='word_1_875' title='bbox 446 2969 468 2984; x_wconf 85' lang='grc'>11.</span> <span class='ocrx_word' id='word_1_876' title='bbox 485 2964 527 2989; x_wconf 75' lang='grc'>21,</span> <span class='ocrx_word' id='word_1_877' title='bbox 546 2963 575 2985; x_wconf 88' lang='grc'>(10</span> <span class='ocrx_word' id='word_1_878' title='bbox 592 2963 673 2985; x_wconf 82' lang='grc'>1111111111</span> <span class='ocrx_word' id='word_1_879' title='bbox 698 2963 765 2991; x_wconf 82' lang='lat' dir='ltr'>(licit,</span> <span class='ocrx_word' id='word_1_880' title='bbox 782 2964 845 2992; x_wconf 86' lang='lat' dir='ltr'>quod</span> <span class='ocrx_word' id='word_1_881' title='bbox 872 2972 883 2983; x_wconf 79' lang='grc' dir='ltr'>ιι</span> <span class='ocrx_word' id='word_1_882' title='bbox 896 2964 956 2986; x_wconf 76' lang='lat' dir='ltr'>iuxta</span> <span class='ocrx_word' id='word_1_883' title='bbox 977 2964 1075 2991; x_wconf 79' lang='lat' dir='ltr'>vulgare</span> <span class='ocrx_word' id='word_1_884' title='bbox 1092 2970 1144 2991; x_wconf 84' lang='lat' dir='ltr'>pro-</span> 
     </span>
     <span class='ocr_line' id='line_1_121' title="bbox 295 2993 1144 3022; baseline 0.002 -7"><span class='ocrx_word' id='word_1_885' title='bbox 295 2993 402 3015; x_wconf 81' lang='lat' dir='ltr'>verbium</span> <span class='ocrx_word' id='word_1_886' title='bbox 429 2996 450 3016; x_wconf 84' lang='lat' dir='ltr'>et</span> <span class='ocrx_word' id='word_1_887' title='bbox 475 2995 555 3016; x_wconf 81' lang='lat' dir='ltr'>oculos</span> <span class='ocrx_word' id='word_1_888' title='bbox 577 2995 654 3022; x_wconf 80' lang='lat' dir='ltr'>campi</span> <span class='ocrx_word' id='word_1_889' title='bbox 676 2998 780 3017; x_wconf 82' lang='lat' dir='ltr'>metuere.</span> <span class='ocrx_word' id='word_1_890' title='bbox 805 2998 827 3017; x_wconf 85' lang='lat' dir='ltr'>et</span> <span class='ocrx_word' id='word_1_891' title='bbox 847 2995 959 3017; x_wconf 75' lang='lat' dir='ltr'>silvorum</span> <span class='ocrx_word' id='word_1_892' title='bbox 982 3001 1050 3017; x_wconf 83' lang='lat' dir='ltr'>aures</span> <span class='ocrx_word' id='word_1_893' title='bbox 1073 2995 1144 3017; x_wconf 83' lang='lat' dir='ltr'>soleat</span> 
     </span>
     <span class='ocr_line' id='line_1_122' title="bbox 295 3024 659 3053; baseline 0 -7"><span class='ocrx_word' id='word_1_894' title='bbox 295 3031 387 3052; x_wconf 79' lang='lat' dir='ltr'>semper</span> <span class='ocrx_word' id='word_1_895' title='bbox 405 3024 489 3047; x_wconf 79' lang='lat' dir='ltr'>habere</span> <span class='ocrx_word' id='word_1_896' title='bbox 507 3029 626 3053; x_wconf 78' lang='lat' dir='ltr'>suspectas</span> <span class='ocrx_word' id='word_1_897' title='bbox 639 3034 659 3047; x_wconf 72' lang='lat' dir='ltr'>n.</span> 
     </span>
    </p>
   </div>
   <div class='ocr_carea' id='block_1_20' title="bbox 1174 293 1178 2577">
    <p class='ocr_par' dir='ltr' id='par_1_26' title="bbox 1174 293 1178 2577">
     <span class='ocr_line' id='line_1_123' title="bbox 1174 293 1178 2577; baseline 0 0"><span class='ocrx_word' id='word_1_898' title='bbox 1174 293 1178 2577; x_wconf 95' lang='lat' dir='ltr'> </span> 
     </span>
    </p>
   </div>
   <div class='ocr_carea' id='block_1_21' title="bbox 1198 2458 2056 3048">
    <p class='ocr_par' dir='ltr' id='par_1_27' title="bbox 1265 2458 1912 2489">
     <span class='ocr_line' id='line_1_124' title="bbox 1265 2458 1912 2489; baseline -0.002 -7"><span class='ocrx_word' id='word_1_899' title='bbox 1265 2459 1274 2473; x_wconf 77' lang='lat'>⁷</span> <span class='ocrx_word' id='word_1_900' title='bbox 1292 2461 1333 2483; x_wconf 82' lang='lat' dir='ltr'>Ed.</span> <span class='ocrx_word' id='word_1_901' title='bbox 1351 2461 1364 2482; x_wconf 88' lang='grc'>2</span> <span class='ocrx_word' id='word_1_902' title='bbox 1382 2461 1404 2482; x_wconf 82' lang='lat' dir='ltr'>ct</span> <span class='ocrx_word' id='word_1_903' title='bbox 1417 2460 1515 2489; x_wconf 75' lang='lat' dir='ltr'>practer</span> <span class='ocrx_word' id='word_1_904' title='bbox 1533 2459 1577 2482; x_wconf 81' lang='lat' dir='ltr'>hoc</span> <span class='ocrx_word' id='word_1_905' title='bbox 1594 2458 1739 2488; x_wconf 70' lang='lat' dir='ltr'>Reliqlosmn</span> <span class='ocrx_word' id='word_1_906' title='bbox 1757 2465 1805 2482; x_wconf 81' lang='lat' dir='ltr'>ncn</span> <span class='ocrx_word' id='word_1_907' title='bbox 1822 2458 1912 2482; x_wconf 78' lang='lat' dir='ltr'>deceat.</span> 
     </span>
    </p>

    <p class='ocr_par' dir='ltr' id='par_1_28' title="bbox 1205 2489 2056 2546">
     <span class='ocr_line' id='line_1_125' title="bbox 1265 2489 2056 2519; baseline -0.003 -5"><span class='ocrx_word' id='word_1_908' title='bbox 1265 2491 1274 2504; x_wconf 75' lang='lat' dir='ltr'>s</span> <span class='ocrx_word' id='word_1_909' title='bbox 1293 2493 1322 2514; x_wconf 76' lang='lat' dir='ltr'>ua</span> <span class='ocrx_word' id='word_1_910' title='bbox 1340 2492 1385 2514; x_wconf 81' lang='lat' dir='ltr'>AB</span> <span class='ocrx_word' id='word_1_911' title='bbox 1402 2494 1425 2513; x_wconf 84' lang='lat' dir='ltr'>et</span> <span class='ocrx_word' id='word_1_912' title='bbox 1441 2491 1478 2514; x_wconf 89' lang='lat' dir='ltr'>ed.</span> <span class='ocrx_word' id='word_1_913' title='bbox 1497 2492 1522 2519; x_wconf 71' lang='lat'>23</span> <span class='ocrx_word' id='word_1_914' title='bbox 1548 2491 1598 2513; x_wconf 81' lang='lat' dir='ltr'>Vat.</span> <span class='ocrx_word' id='word_1_915' title='bbox 1621 2497 1675 2513; x_wconf 86' lang='grc'>011111</span> <span class='ocrx_word' id='word_1_916' title='bbox 1701 2490 1771 2513; x_wconf 86' lang='lat' dir='ltr'>CDE</span> <span class='ocrx_word' id='word_1_917' title='bbox 1796 2493 1818 2513; x_wconf 80' lang='lat' dir='ltr'>et</span> <span class='ocrx_word' id='word_1_918' title='bbox 1848 2491 1884 2513; x_wconf 74' lang='lat' dir='ltr'>ecl.</span> <span class='ocrx_word' id='word_1_919' title='bbox 1903 2491 1911 2512; x_wconf 59' lang='grc'>11</span> <span class='ocrx_word' id='word_1_920' title='bbox 1938 2489 2056 2513; x_wconf 83' lang='lat' dir='ltr'>substituit</span> 
     </span>
     <span class='ocr_line' id='line_1_126' title="bbox 1205 2521 1849 2546; baseline -0.003 0"><span class='ocrx_word' id='word_1_921' title='bbox 1205 2524 1234 2546; x_wconf 77' lang='lat' dir='ltr'>De.</span> <span class='ocrx_word' id='word_1_922' title='bbox 1252 2523 1322 2546; x_wconf 72' lang='lat' dir='ltr'>mollo</span> <span class='ocrx_word' id='word_1_923' title='bbox 1340 2522 1498 2546; x_wconf 65' lang='lat' dir='ltr'>conversandi</span> <span class='ocrx_word' id='word_1_924' title='bbox 1515 2522 1539 2544; x_wconf 72' lang='lat' dir='ltr'>in</span> <span class='ocrx_word' id='word_1_925' title='bbox 1557 2521 1659 2545; x_wconf 56' lang='lat' dir='ltr'>ecclesiae</span> <span class='ocrx_word' id='word_1_926' title='bbox 1676 2521 1849 2545; x_wconf 69' lang='lat' dir='ltr'>saecrzlurinm.</span> 
     </span>
    </p>

    <p class='ocr_par' dir='ltr' id='par_1_29' title="bbox 1266 2553 1464 2582">
     <span class='ocr_line' id='line_1_127' title="bbox 1266 2553 1464 2582; baseline -0.01 -5"><span class='ocrx_word' id='word_1_927' title='bbox 1266 2553 1276 2567; x_wconf 79' lang='lat'>⁹</span> <span class='ocrx_word' id='word_1_928' title='bbox 1297 2555 1379 2577; x_wconf 75' lang='lat' dir='ltr'>Psuim.</span> <span class='ocrx_word' id='word_1_929' title='bbox 1398 2554 1424 2582; x_wconf 76' lang='lat'>5,</span> <span class='ocrx_word' id='word_1_930' title='bbox 1442 2555 1464 2576; x_wconf 79' lang='lat' dir='ltr'>s.</span> 
     </span>
    </p>

    <p class='ocr_par' dir='ltr' id='par_1_30' title="bbox 1266 2583 1997 2614">
     <span class='ocr_line' id='line_1_128' title="bbox 1266 2583 1997 2614; baseline -0.001 -7"><span class='ocrx_word' id='word_1_931' title='bbox 1266 2585 1285 2600; x_wconf 83' lang='lat'>¹⁰</span> <span class='ocrx_word' id='word_1_932' title='bbox 1302 2586 1375 2609; x_wconf 76' lang='lat' dir='ltr'>(Jorld.</span> <span class='ocrx_word' id='word_1_933' title='bbox 1393 2586 1411 2607; x_wconf 81' lang='lat' dir='ltr'><strong>A</strong></span> <span class='ocrx_word' id='word_1_934' title='bbox 1422 2586 1437 2607; x_wconf 86' lang='lat' dir='ltr'>B</span> <span class='ocrx_word' id='word_1_935' title='bbox 1448 2586 1465 2607; x_wconf 91' lang='lat' dir='ltr'>D</span> <span class='ocrx_word' id='word_1_936' title='bbox 1478 2586 1493 2607; x_wconf 84' lang='lat' dir='ltr'>E</span> <span class='ocrx_word' id='word_1_937' title='bbox 1511 2588 1533 2607; x_wconf 86' lang='lat' dir='ltr'>et</span> <span class='ocrx_word' id='word_1_938' title='bbox 1550 2585 1588 2607; x_wconf 87' lang='lat' dir='ltr'>ed.</span> <span class='ocrx_word' id='word_1_939' title='bbox 1604 2586 1618 2607; x_wconf 87' lang='grc'>2</span> <span class='ocrx_word' id='word_1_940' title='bbox 1635 2586 1656 2607; x_wconf 77' lang='lat' dir='ltr'>et</span> <span class='ocrx_word' id='word_1_941' title='bbox 1674 2584 1705 2614; x_wconf 83' lang='lat' dir='ltr'>[D</span> <span class='ocrx_word' id='word_1_942' title='bbox 1716 2585 1730 2606; x_wconf 80' lang='lat' dir='ltr'>E</span> <span class='ocrx_word' id='word_1_943' title='bbox 1747 2584 1784 2614; x_wconf 82' lang='lat' dir='ltr'>uc]</span> <span class='ocrx_word' id='word_1_944' title='bbox 1803 2583 1884 2607; x_wconf 76' lang='lat' dir='ltr'>deinde</span> <span class='ocrx_word' id='word_1_945' title='bbox 1898 2583 1997 2613; x_wconf 78' lang='lat' dir='ltr'>puriler.</span> 
     </span>
    </p>

    <p class='ocr_par' dir='ltr' id='par_1_31' title="bbox 1201 2614 2056 2741">
     <span class='ocr_line' id='line_1_129' title="bbox 1265 2614 2056 2645; baseline -0.004 -5"><span class='ocrx_word' id='word_1_946' title='bbox 1265 2617 1284 2630; x_wconf 83' lang='lat'>¹¹</span> <span class='ocrx_word' id='word_1_947' title='bbox 1303 2617 1358 2645; x_wconf 83' lang='lat' dir='ltr'>Cup.</span> <span class='ocrx_word' id='word_1_948' title='bbox 1377 2618 1419 2644; x_wconf 82' lang='grc'>21,</span> <span class='ocrx_word' id='word_1_949' title='bbox 1438 2617 1474 2639; x_wconf 83' lang='grc'>12.</span> <span class='ocrx_word' id='word_1_950' title='bbox 1493 2617 1608 2644; x_wconf 78' lang='lat' dir='ltr'>Expositio</span> <span class='ocrx_word' id='word_1_951' title='bbox 1626 2616 1695 2639; x_wconf 89' lang='lat' dir='ltr'>huius</span> <span class='ocrx_word' id='word_1_952' title='bbox 1712 2616 1754 2638; x_wconf 83' lang='lat' dir='ltr'>loci</span> <span class='ocrx_word' id='word_1_953' title='bbox 1778 2619 1811 2638; x_wconf 77' lang='lat' dir='ltr'>est</span> <span class='ocrx_word' id='word_1_954' title='bbox 1834 2616 1961 2638; x_wconf 84' lang='lat' dir='ltr'>secundum</span> <span class='ocrx_word' id='word_1_955' title='bbox 1980 2614 2056 2637; x_wconf 77' lang='lat' dir='ltr'>Raba-</span> 
     </span>
     <span class='ocr_line' id='line_1_130' title="bbox 1201 2647 2054 2677; baseline -0.004 -6"><span class='ocrx_word' id='word_1_956' title='bbox 1201 2656 1258 2671; x_wconf 78' lang='lat' dir='ltr'>nuni</span> <span class='ocrx_word' id='word_1_957' title='bbox 1272 2649 1309 2677; x_wconf 86' lang='lat' dir='ltr'>(in</span> <span class='ocrx_word' id='word_1_958' title='bbox 1327 2650 1388 2671; x_wconf 87' lang='lat' dir='ltr'>huuc</span> <span class='ocrx_word' id='word_1_959' title='bbox 1400 2649 1452 2676; x_wconf 82' lang='lat' dir='ltr'>loc.)</span> <span class='ocrx_word' id='word_1_960' title='bbox 1462 2665 1468 2675; x_wconf 91' lang='lat'>,</span> <span class='ocrx_word' id='word_1_961' title='bbox 1484 2648 1525 2676; x_wconf 85' lang='lat' dir='ltr'>qui</span> <span class='ocrx_word' id='word_1_962' title='bbox 1536 2649 1640 2676; x_wconf 83' lang='lat' dir='ltr'>sequitur</span> <span class='ocrx_word' id='word_1_963' title='bbox 1652 2648 1739 2669; x_wconf 73' lang='lat' dir='ltr'>Dedan]</span> <span class='ocrx_word' id='word_1_964' title='bbox 1758 2647 1807 2675; x_wconf 85' lang='lat' dir='ltr'>(lu.</span> <span class='ocrx_word' id='word_1_965' title='bbox 1824 2647 1846 2669; x_wconf 88' lang='lat' dir='ltr'>in</span> <span class='ocrx_word' id='word_1_966' title='bbox 1859 2647 1926 2669; x_wconf 79' lang='lat' dir='ltr'>Maro.</span> <span class='ocrx_word' id='word_1_967' title='bbox 1948 2647 1981 2675; x_wconf 80' lang='lat' dir='ltr'>li,</span> <span class='ocrx_word' id='word_1_968' title='bbox 1998 2648 2002 2668; x_wconf 94' lang='grc'>1</span> <span class='ocrx_word' id='word_1_969' title='bbox 2014 2647 2054 2675; x_wconf 78' lang='grc'>1.),</span> 
     </span>
     <span class='ocr_line' id='line_1_131' title="bbox 1201 2677 2055 2706; baseline -0.004 -3"><span class='ocrx_word' id='word_1_970' title='bbox 1201 2684 1224 2703; x_wconf 87' lang='lat' dir='ltr'>et</span> <span class='ocrx_word' id='word_1_971' title='bbox 1241 2680 1362 2703; x_wconf 70' lang='lat' dir='ltr'>exhibetur</span> <span class='ocrx_word' id='word_1_972' title='bbox 1381 2680 1458 2702; x_wconf 67' lang='lat' dir='ltr'>verbis</span> <span class='ocrx_word' id='word_1_973' title='bbox 1470 2680 1563 2701; x_wconf 84' lang='lat' dir='ltr'>Glossae</span> <span class='ocrx_word' id='word_1_974' title='bbox 1580 2678 1719 2702; x_wconf 76' lang='lat' dir='ltr'>ordi&#39;nuriue</span> <span class='ocrx_word' id='word_1_975' title='bbox 1730 2679 1793 2706; x_wconf 82' lang='lat' dir='ltr'>apud</span> <span class='ocrx_word' id='word_1_976' title='bbox 1806 2679 1930 2706; x_wconf 82' lang='lat' dir='ltr'>Lyranum.</span> <span class='ocrx_word' id='word_1_977' title='bbox 1943 2678 1985 2700; x_wconf 78' lang='lat' dir='ltr'>l’ro</span> <span class='ocrx_word' id='word_1_978' title='bbox 1998 2677 2055 2700; x_wconf 80' lang='lat' dir='ltr'>Reli-</span> 
     </span>
     <span class='ocr_line' id='line_1_132' title="bbox 1201 2708 2055 2741; baseline -0.005 -6"><span class='ocrx_word' id='word_1_979' title='bbox 1201 2711 1274 2741; x_wconf 72' lang='lat' dir='ltr'>yz&#39;osis</span> <span class='ocrx_word' id='word_1_980' title='bbox 1287 2712 1328 2741; x_wconf 83' lang='lat' dir='ltr'>(ita</span> <span class='ocrx_word' id='word_1_981' title='bbox 1340 2711 1428 2734; x_wconf 82' lang='lat' dir='ltr'>BCDE</span> <span class='ocrx_word' id='word_1_982' title='bbox 1440 2713 1463 2733; x_wconf 79' lang='lat' dir='ltr'>et</span> <span class='ocrx_word' id='word_1_983' title='bbox 1473 2711 1528 2733; x_wconf 86' lang='lat' dir='ltr'>edd.</span> <span class='ocrx_word' id='word_1_984' title='bbox 1540 2711 1561 2737; x_wconf 79' lang='lat' dir='ltr'>l,</span> <span class='ocrx_word' id='word_1_985' title='bbox 1574 2711 1597 2740; x_wconf 77' lang='lat'>2)</span> <span class='ocrx_word' id='word_1_986' title='bbox 1611 2714 1684 2733; x_wconf 78' lang='lat' dir='ltr'>textus</span> <span class='ocrx_word' id='word_1_987' title='bbox 1696 2710 1813 2738; x_wconf 78' lang='lat' dir='ltr'>originalis</span> <span class='ocrx_word' id='word_1_988' title='bbox 1825 2713 1847 2731; x_wconf 81' lang='lat' dir='ltr'>et</span> <span class='ocrx_word' id='word_1_989' title='bbox 1856 2710 1908 2732; x_wconf 76' lang='lat' dir='ltr'>Vnt.</span> <span class='ocrx_word' id='word_1_990' title='bbox 1920 2708 2055 2739; x_wconf 70' lang='lat' dir='ltr'>Reliyz&#39;onis.</span> 
     </span>
    </p>

    <p class='ocr_par' dir='ltr' id='par_1_32' title="bbox 1198 2740 2054 2834">
     <span class='ocr_line' id='line_1_133' title="bbox 1265 2740 2054 2770; baseline -0.004 -4"><span class='ocrx_word' id='word_1_991' title='bbox 1265 2742 1285 2755; x_wconf 73' lang='lat'>¹²</span> <span class='ocrx_word' id='word_1_992' title='bbox 1303 2743 1344 2766; x_wconf 85' lang='lat' dir='ltr'>Ed.</span> <span class='ocrx_word' id='word_1_993' title='bbox 1362 2744 1375 2765; x_wconf 88' lang='grc'>2</span> <span class='ocrx_word' id='word_1_994' title='bbox 1392 2744 1484 2770; x_wconf 80' lang='lat' dir='ltr'>antem,</span> <span class='ocrx_word' id='word_1_995' title='bbox 1502 2742 1573 2765; x_wconf 81' lang='lat' dir='ltr'>CDE</span> <span class='ocrx_word' id='word_1_996' title='bbox 1588 2745 1609 2764; x_wconf 85' lang='lat' dir='ltr'>et</span> <span class='ocrx_word' id='word_1_997' title='bbox 1624 2743 1662 2764; x_wconf 91' lang='lat' dir='ltr'>ed.</span> <span class='ocrx_word' id='word_1_998' title='bbox 1680 2742 1688 2764; x_wconf 48' lang='lat' dir='ltr'>*l</span> <span class='ocrx_word' id='word_1_999' title='bbox 1710 2742 1781 2764; x_wconf 77' lang='lat' dir='ltr'>enim.</span> <span class='ocrx_word' id='word_1_1000' title='bbox 1799 2741 1893 2763; x_wconf 83' lang='lat' dir='ltr'>iuferius</span> <span class='ocrx_word' id='word_1_1001' title='bbox 1905 2747 1948 2769; x_wconf 86' lang='lat' dir='ltr'>pro</span> <span class='ocrx_word' id='word_1_1002' title='bbox 1959 2740 2054 2764; x_wconf 73' lang='lat' dir='ltr'>noneste</span> 
     </span>
     <span class='ocr_line' id='line_1_134' title="bbox 1198 2772 2054 2804; baseline -0.004 -6"><span class='ocrx_word' id='word_1_1003' title='bbox 1198 2776 1314 2804; x_wconf 72' lang='lat' dir='ltr'>poterunt</span> <span class='ocrx_word' id='word_1_1004' title='bbox 1330 2781 1357 2797; x_wconf 78' lang='lat' dir='ltr'>ex</span> <span class='ocrx_word' id='word_1_1005' title='bbox 1374 2774 1391 2797; x_wconf 91' lang='lat' dir='ltr'>C</span> <span class='ocrx_word' id='word_1_1006' title='bbox 1402 2775 1418 2796; x_wconf 82' lang='lat' dir='ltr'>D</span> <span class='ocrx_word' id='word_1_1007' title='bbox 1429 2775 1444 2796; x_wconf 82' lang='lat' dir='ltr'>E</span> <span class='ocrx_word' id='word_1_1008' title='bbox 1462 2777 1483 2796; x_wconf 80' lang='lat' dir='ltr'>et</span> <span class='ocrx_word' id='word_1_1009' title='bbox 1503 2774 1541 2796; x_wconf 68' lang='lat' dir='ltr'>ecl.</span> <span class='ocrx_word' id='word_1_1010' title='bbox 1559 2775 1571 2795; x_wconf 80' lang='lat'>2</span> <span class='ocrx_word' id='word_1_1011' title='bbox 1589 2773 1753 2796; x_wconf 82' lang='lat' dir='ltr'>substituimus</span> <span class='ocrx_word' id='word_1_1012' title='bbox 1769 2774 1790 2795; x_wconf 78' lang='lat' dir='ltr'>at</span> <span class='ocrx_word' id='word_1_1013' title='bbox 1806 2772 1901 2796; x_wconf 80' lang='lat' dir='ltr'>honeste</span> <span class='ocrx_word' id='word_1_1014' title='bbox 1914 2772 2054 2802; x_wconf 72' lang='lat' dir='ltr'>potuerim,-</span> 
     </span>
     <span class='ocr_line' id='line_1_135' title="bbox 1202 2804 1647 2834; baseline -0.004 -5"><span class='ocrx_word' id='word_1_1015' title='bbox 1202 2813 1244 2834; x_wconf 77' lang='grc'>111-0</span> <span class='ocrx_word' id='word_1_1016' title='bbox 1262 2805 1386 2829; x_wconf 70' lang='lat' dir='ltr'>observatu</span> <span class='ocrx_word' id='word_1_1017' title='bbox 1405 2806 1441 2827; x_wconf 84' lang='lat' dir='ltr'>cd.</span> <span class='ocrx_word' id='word_1_1018' title='bbox 1460 2806 1473 2827; x_wconf 81' lang='lat'><strong>2</strong></span> <span class='ocrx_word' id='word_1_1019' title='bbox 1491 2804 1647 2828; x_wconf 69' lang='lat' dir='ltr'>observanda.</span> 
     </span>
    </p>

    <p class='ocr_par' dir='ltr' id='par_1_33' title="bbox 1201 2835 2052 2898">
     <span class='ocr_line' id='line_1_136' title="bbox 1264 2835 2052 2866; baseline -0.004 -6"><span class='ocrx_word' id='word_1_1020' title='bbox 1264 2836 1284 2849; x_wconf 74' lang='lat'>¹³</span> <span class='ocrx_word' id='word_1_1021' title='bbox 1302 2837 1343 2860; x_wconf 84' lang='lat' dir='ltr'>Ed.</span> <span class='ocrx_word' id='word_1_1022' title='bbox 1360 2838 1373 2859; x_wconf 79' lang='grc'>2</span> <span class='ocrx_word' id='word_1_1023' title='bbox 1398 2836 1576 2866; x_wconf 74' lang='lat' dir='ltr'>sequestratim,</span> <span class='ocrx_word' id='word_1_1024' title='bbox 1603 2836 1667 2865; x_wconf 85' lang='lat' dir='ltr'>quod</span> <span class='ocrx_word' id='word_1_1025' title='bbox 1684 2835 1814 2858; x_wconf 81' lang='lat' dir='ltr'>seeundum</span> <span class='ocrx_word' id='word_1_1026' title='bbox 1832 2835 1866 2857; x_wconf 88' lang='lat' dir='ltr'>Du</span> <span class='ocrx_word' id='word_1_1027' title='bbox 1888 2835 1965 2863; x_wconf 77' lang='lat' dir='ltr'>Gange</span> <span class='ocrx_word' id='word_1_1028' title='bbox 1991 2835 2052 2857; x_wconf 87' lang='lat' dir='ltr'>idem</span> 
     </span>
     <span class='ocr_line' id='line_1_137' title="bbox 1201 2867 1965 2898; baseline -0.004 -7"><span class='ocrx_word' id='word_1_1029' title='bbox 1201 2872 1235 2892; x_wconf 86' lang='lat' dir='ltr'>est</span> <span class='ocrx_word' id='word_1_1030' title='bbox 1252 2875 1279 2891; x_wconf 79' lang='lat' dir='ltr'>ae</span> <span class='ocrx_word' id='word_1_1031' title='bbox 1296 2868 1434 2898; x_wconf 62' lang='lat' dir='ltr'>septu-usim.</span> <span class='ocrx_word' id='word_1_1032' title='bbox 1452 2868 1548 2890; x_wconf 73' lang='lat' dir='ltr'>Inferius</span> <span class='ocrx_word' id='word_1_1033' title='bbox 1564 2868 1602 2890; x_wconf 82' lang='lat' dir='ltr'>ed.</span> <span class='ocrx_word' id='word_1_1034' title='bbox 1619 2869 1632 2890; x_wconf 87' lang='grc'>2</span> <span class='ocrx_word' id='word_1_1035' title='bbox 1649 2867 1771 2897; x_wconf 75' lang='lat' dir='ltr'>potuerint</span> <span class='ocrx_word' id='word_1_1036' title='bbox 1788 2873 1830 2895; x_wconf 86' lang='lat' dir='ltr'>pro</span> <span class='ocrx_word' id='word_1_1037' title='bbox 1844 2868 1965 2896; x_wconf 69' lang='lat' dir='ltr'>poterunt</span> 
     </span>
    </p>

    <p class='ocr_par' dir='ltr' id='par_1_34' title="bbox 1200 2897 2052 3048">
     <span class='ocr_line' id='line_1_138' title="bbox 1265 2897 2052 2928; baseline -0.004 -6"><span class='ocrx_word' id='word_1_1038' title='bbox 1265 2899 1284 2912; x_wconf 63' lang='lat'>¹4</span> <span class='ocrx_word' id='word_1_1039' title='bbox 1302 2900 1358 2928; x_wconf 84' lang='lat' dir='ltr'>Cap.</span> <span class='ocrx_word' id='word_1_1040' title='bbox 1380 2899 1487 2923; x_wconf 61' lang='lat' dir='ltr'>Dofflztes</span> <span class='ocrx_word' id='word_1_1041' title='bbox 1511 2899 1566 2928; x_wconf 82' lang='grc'>(9.),</span> <span class='ocrx_word' id='word_1_1042' title='bbox 1586 2899 1616 2921; x_wconf 79' lang='lat' dir='ltr'>X.</span> <span class='ocrx_word' id='word_1_1043' title='bbox 1633 2899 1662 2921; x_wconf 88' lang='lat' dir='ltr'>de</span> <span class='ocrx_word' id='word_1_1044' title='bbox 1682 2898 1839 2921; x_wconf 76' lang='lat' dir='ltr'>Celebrauone</span> <span class='ocrx_word' id='word_1_1045' title='bbox 1861 2898 1980 2920; x_wconf 74' lang='lat' dir='ltr'>Missurum</span> <span class='ocrx_word' id='word_1_1046' title='bbox 2000 2897 2052 2926; x_wconf 83' lang='lat' dir='ltr'>(lib.</span> 
     </span>
     <span class='ocr_line' id='line_1_139' title="bbox 1202 2929 2052 2959; baseline -0.002 -5"><span class='ocrx_word' id='word_1_1047' title='bbox 1202 2932 1235 2954; x_wconf 88' lang='grc'>111.</span> <span class='ocrx_word' id='word_1_1048' title='bbox 1253 2932 1341 2954; x_wconf 84' lang='lat' dir='ltr'>Decret.</span> <span class='ocrx_word' id='word_1_1049' title='bbox 1358 2932 1455 2959; x_wconf 66' lang='lat' dir='ltr'>Gregor·</span> <span class='ocrx_word' id='word_1_1050' title='bbox 1473 2931 1504 2953; x_wconf 79' lang='lat' dir='ltr'>ut.</span> <span class='ocrx_word' id='word_1_1051' title='bbox 1523 2930 1570 2959; x_wconf 76' lang='grc'>41).</span> <span class='ocrx_word' id='word_1_1052' title='bbox 1589 2931 1631 2952; x_wconf 83' lang='lat' dir='ltr'>Pro</span> <span class='ocrx_word' id='word_1_1053' title='bbox 1648 2929 1711 2959; x_wconf 81' lang='lat' dir='ltr'>qnod</span> <span class='ocrx_word' id='word_1_1054' title='bbox 1723 2931 1779 2953; x_wconf 79' lang='lat' dir='ltr'>lunc</span> <span class='ocrx_word' id='word_1_1055' title='bbox 1796 2929 1866 2952; x_wconf 85' lang='lat' dir='ltr'>CDE</span> <span class='ocrx_word' id='word_1_1056' title='bbox 1883 2933 1905 2952; x_wconf 76' lang='lat' dir='ltr'>et</span> <span class='ocrx_word' id='word_1_1057' title='bbox 1917 2929 1952 2952; x_wconf 88' lang='lat' dir='ltr'>ed.</span> <span class='ocrx_word' id='word_1_1058' title='bbox 1966 2929 1979 2950; x_wconf 86' lang='grc'>2</span> <span class='ocrx_word' id='word_1_1059' title='bbox 1992 2935 2052 2958; x_wconf 77' lang='lat' dir='ltr'>quas</span> 
     </span>
     <span class='ocr_line' id='line_1_140' title="bbox 1201 2960 2052 2990; baseline -0.004 -5"><span class='ocrx_word' id='word_1_1060' title='bbox 1201 2964 1264 2986; x_wconf 78' lang='lat' dir='ltr'>tune.</span> <span class='ocrx_word' id='word_1_1061' title='bbox 1291 2963 1387 2985; x_wconf 80' lang='lat' dir='ltr'>inferius</span> <span class='ocrx_word' id='word_1_1062' title='bbox 1410 2963 1455 2985; x_wconf 81' lang='lat' dir='ltr'>lide</span> <span class='ocrx_word' id='word_1_1063' title='bbox 1480 2963 1524 2984; x_wconf 78' lang='lat' dir='ltr'>AB</span> <span class='ocrx_word' id='word_1_1064' title='bbox 1548 2964 1570 2983; x_wconf 88' lang='lat' dir='ltr'>ct</span> <span class='ocrx_word' id='word_1_1065' title='bbox 1594 2962 1633 2984; x_wconf 83' lang='lat' dir='ltr'>ed.</span> <span class='ocrx_word' id='word_1_1066' title='bbox 1655 2963 1668 2984; x_wconf 75' lang='lat'>2</span> <span class='ocrx_word' id='word_1_1067' title='bbox 1696 2961 1858 2984; x_wconf 80' lang='lat' dir='ltr'>substituimus</span> <span class='ocrx_word' id='word_1_1068' title='bbox 1880 2962 1923 2983; x_wconf 76' lang='lat' dir='ltr'>uni</span> <span class='ocrx_word' id='word_1_1069' title='bbox 1944 2960 2052 2990; x_wconf 75' lang='lat' dir='ltr'>aliquam</span> 
     </span>
     <span class='ocr_line' id='line_1_141' title="bbox 1200 2990 2051 3023; baseline -0.002 -7"><span class='ocrx_word' id='word_1_1070' title='bbox 1200 2995 1310 3023; x_wconf 70' lang='lat' dir='ltr'>respectio</span> <span class='ocrx_word' id='word_1_1071' title='bbox 1327 2993 1422 3016; x_wconf 75' lang='lat' dir='ltr'>habitus</span> <span class='ocrx_word' id='word_1_1072' title='bbox 1438 2993 1634 3023; x_wconf 60' lang='lat' dir='ltr'>sinqnlaritulem</span> <span class='ocrx_word' id='word_1_1073' title='bbox 1652 2999 1694 3021; x_wconf 89' lang='lat' dir='ltr'>pro</span> <span class='ocrx_word' id='word_1_1074' title='bbox 1711 2994 1755 3015; x_wconf 77' lang='grc' dir='ltr'>(ιιιί</span> <span class='ocrx_word' id='word_1_1075' title='bbox 1763 2998 1807 3022; x_wconf 74' lang='lat' dir='ltr'>per</span> <span class='ocrx_word' id='word_1_1076' title='bbox 1824 2991 1932 3021; x_wconf 70' lang='lat' dir='ltr'>aliquam</span> <span class='ocrx_word' id='word_1_1077' title='bbox 1949 2990 2051 3014; x_wconf 57' lang='grc'>10111111(-</span> 
     </span>
     <span class='ocr_line' id='line_1_142' title="bbox 1202 3024 1482 3048; baseline -0.004 0"><span class='ocrx_word' id='word_1_1078' title='bbox 1202 3025 1263 3048; x_wconf 78' lang='lat' dir='ltr'>ln&#39;tus</span> <span class='ocrx_word' id='word_1_1079' title='bbox 1280 3024 1482 3048; x_wconf 59' lang='lat' dir='ltr'>saecular-[nnana.</span> 
     </span>
    </p>
   </div>
   <div class='ocr_carea' id='block_1_22' title="bbox 2071 674 2133 753">
    <p class='ocr_par' dir='ltr' id='par_1_35' title="bbox 2071 674 2133 753">
     <span class='ocr_line' id='line_1_143' title="bbox 2073 674 2133 712; baseline 0.067 -8"><span class='ocrx_word' id='word_1_1080' title='bbox 2073 674 2133 712; x_wconf 60' lang='lat' dir='ltr'>faciti:</span> 
     </span>
     <span class='ocr_line' id='line_1_144' title="bbox 2071 715 2130 753; baseline 0.034 -2"><span class='ocrx_word' id='word_1_1081' title='bbox 2071 715 2130 753; x_wconf 63' lang='lat' dir='ltr'>aar</span> 
     </span>
    </p>
   </div>
   <div class='ocr_carea' id='block_1_23' title="bbox 2069 1445 2133 1594">
    <p class='ocr_par' dir='ltr' id='par_1_36' title="bbox 2124 1445 2125 1455">
     <span class='ocr_line' id='line_1_145' title="bbox 2124 1445 2125 1455; baseline 0 0"><span class='ocrx_word' id='word_1_1082' title='bbox 2124 1445 2125 1455; x_wconf 86' lang='grc'>1</span> 
     </span>
    </p>

    <p class='ocr_par' dir='ltr' id='par_1_37' title="bbox 2069 1485 2133 1594">
     <span class='ocr_line' id='line_1_146' title="bbox 2123 1485 2126 1502; baseline 0 0"><span class='ocrx_word' id='word_1_1083' title='bbox 2123 1485 2126 1502; x_wconf 69' lang='grc'>1</span> 
     </span>
     <span class='ocr_line' id='line_1_147' title="bbox 2069 1504 2133 1524; baseline 0.016 -1"><span class='ocrx_word' id='word_1_1084' title='bbox 2069 1504 2118 1523; x_wconf 67' lang='grc' dir='ltr'>Αεεῐ(</span> <span class='ocrx_word' id='word_1_1085' title='bbox 2131 1505 2133 1524; x_wconf 97' lang='grc' dir='ltr'>Ι</span> 
     </span>
     <span class='ocr_line' id='line_1_148' title="bbox 2073 1528 2133 1547; baseline 0 0"><span class='ocrx_word' id='word_1_1086' title='bbox 2073 1528 2118 1547; x_wconf 76' lang='lat' dir='ltr'>ficiis</span> <span class='ocrx_word' id='word_1_1087' title='bbox 2130 1529 2133 1531; x_wconf 90' lang='grc'><strong>’</strong></span> 
     </span>
     <span class='ocr_line' id='line_1_149' title="bbox 2072 1552 2115 1570; baseline 0 0"><span class='ocrx_word' id='word_1_1088' title='bbox 2072 1552 2115 1570; x_wconf 86' lang='lat' dir='ltr'>hum</span> 
     </span>
     <span class='ocr_line' id='line_1_150' title="bbox 2073 1575 2116 1594; baseline 0 0"><span class='ocrx_word' id='word_1_1089' title='bbox 2073 1575 2116 1594; x_wconf 76' lang='lat' dir='ltr'>devo</span> 
     </span>
    </p>
   </div>
   <div class='ocr_carea' id='block_1_24' title="bbox 2102 2121 2131 2137">
    <p class='ocr_par' dir='ltr' id='par_1_38' title="bbox 2102 2121 2131 2137">
     <span class='ocr_line' id='line_1_151' title="bbox 2102 2121 2131 2137; baseline 0.069 -3"><span class='ocrx_word' id='word_1_1090' title='bbox 2102 2121 2114 2137; x_wconf 74' lang='lat'>51</span> <span class='ocrx_word' id='word_1_1091' title='bbox 2123 2131 2131 2136; x_wconf 82' lang='grc'>,-</span> 
     </span>
    </p>
   </div>
   <div class='ocr_carea' id='block_1_25' title="bbox 2115 1687 2126 2922">
    <p class='ocr_par' dir='ltr' id='par_1_39' title="bbox 2115 1687 2126 2922">
     <span class='ocr_line' id='line_1_152' title="bbox 2115 1687 2126 2922; baseline 0 0"><span class='ocrx_word' id='word_1_1092' title='bbox 2115 1687 2126 2922; x_wconf 95' lang='lat' dir='ltr'> </span> 
     </span>
    </p>
   </div>
  </div>
 </body>
</html>
