2133 3317
11 349 76 370 andum.

485 217 681 246 OPUSCULUM
703 217 790 245 XXIII.
813 217 963 246 LEGENDA
984 218 1097 247 SANCTI
1118 219 1291 247 FRANCISCI.
1313 219 1381 248 CAP.
1404 220 1445 248 vt.

95 296 145 324 hoc
167 294 332 323 miraculum
347 295 449 323 extulit
463 294 569 323 dicens:
596 306 609 319 α
624 294 689 323 Dico
704 294 796 328 vobis,
812 295 934 329 Fratres,

94 341 148 371 vidi
169 340 321 369 mirabilia
337 339 420 369 laodic
431 341 441 357 ¹
454 352 480 368 ι).
495 341 565 377 Quia
582 340 654 369 enim
670 340 703 369 ad
719 344 821 369 tantam
839 349 935 378 perve-

93 390 171 417 nerat.
200 387 366 423 puritatem,
394 390 426 415 ut
454 395 518 415 caro
545 387 654 423 spiritui
682 391 709 416 et
737 388 851 424 spiritus
879 388 934 417 Deo

93 433 236 462 harmonia
257 433 375 461 mirabili
403 433 616 467 concordarent,
645 433 737 462 divina
762 434 933 463 ordinatione

93 479 189 513 fiebat,
204 482 235 508 ut
253 483 392 508 creatura
407 480 528 508 Factori
546 488 600 508 sito
615 480 777 508 deserviens
798 480 933 509 voluntati

91 528 118 554 et
139 525 254 562 imperio
275 525 335 554 eius
357 526 519 554 mirabiliter
540 526 695 555 subiaceret
707 527 726 554 ².

143 574 146 581 “
171 573 214 600 to.
236 572 293 600 Alio
314 572 386 600 enim
402 575 538 609 tempore,
554 572 627 609 apud
641 580 765 601 eremum
782 573 867 601 sancti
886 573 934 602 Ur—

91 618 175 647 bani⁸
204 626 284 647 servo
313 618 360 646 Dei
388 618 560 654 aegritudine
586 619 748 655 gravissima
776 619 932 653 laborante,

49 664 54 670 '
91 673 154 694 cum
175 665 233 702 ipse
254 668 370 694 naturae
397 665 534 694 desectum
563 666 698 699 sentiens,
721 666 776 694 vini
802 667 931 703 poculum

89 712 266 750 postulasset,
287 712 412 748 nihilque
432 712 465 740 de
487 712 562 745 vino,
581 711 654 748 quod
676 712 726 740 sibi
747 712 806 741 dari
826 716 932 749 posset,

91 759 304 796 responderetur
325 759 435 792 adesse;
458 759 550 792 iussit,
578 766 678 795 aquam
706 759 798 787 afferri
820 763 847 788 et
867 760 933 788 alla-

91 809 145 834 tam
168 805 245 842 signo
266 805 357 833 crucis
378 805 450 833 edito
471 805 620 833 benedixit.
644 806 707 834 Mox
732 806 828 834 vinum
848 806 932 834 effici-

90 856 136 881 tur
157 852 291 888 optimum
313 852 387 888 quod
407 851 498 880 fuerat
525 860 597 888 aqua
620 860 704 888 pura,
733 855 760 881 et
784 852 857 889 quod
886 852 932 880 de-

91 898 155 928 serti
178 898 228 927 loci
260 901 410 935 paupertas
430 906 484 926 non
518 899 607 935 potuit
638 899 690 927 viri
718 899 803 927 sancti
826 899 932 935 puritas

90 945 256 982 impetravit.
278 944 315 973 Ad
337 944 397 973 eius
417 948 529 981 gustum
551 948 626 973 tanta
654 945 782 982 protinus
803 945 932 974 facilitate

89 991 243 1025 convaluit,
265 994 297 1019 ut
321 991 426 1028 saporis
447 991 553 1020 novitas
577 995 604 1020 et
626 991 764 1020 innovatio
792 991 930 1025 sanitatis,

89 1038 224 1075 gustabile
258 1045 289 1066 ac
323 1040 479 1074 gustantem
515 1038 764 1075 supernaturaliter
799 1038 932 1066 innovan-

90 1088 143 1118 tes,
165 1084 312 1121 perfectam
339 1085 365 1113 in
391 1084 449 1121 ipso
473 1085 700 1121 exspoliationem
722 1085 823 1113 veteris
844 1084 932 1113 homi-

89 1131 132 1160 nis
162 1134 189 1160 et
220 1131 400 1160 induitionem
431 1132 520 1160 novi*
550 1131 652 1168 duplici
684 1131 856 1160 attestatione
883 1131 931 1160 fir-

89 1180 204 1207 marent.

169 1224 213 1252 11.
234 1223 291 1252 Non
313 1224 402 1252 solum
424 1227 552 1253 creatura
573 1232 653 1253 servo
675 1224 720 1253 Dei
743 1224 880 1253 serviebat
897 1224 930 1253 ad

45 1302 48 1305 ¹
69 1272 204 1304 mutum,
226 1270 273 1299 sed
294 1273 321 1299 et
349 1271 486 1299 Creatoris
508 1271 611 1308 ubique
639 1271 811 1308 providentia
831 1271 930 1300 conde-

46 1323 69 1343 ·.
86 1317 235 1346 scendebat
255 1317 287 1346 ad
304 1318 445 1354 placitum.
467 1318 534 1346 Cum
550 1318 622 1346 enim
641 1321 765 1354 tempore
779 1318 897 1355 quodam
909 1318 929 1352 ⁵,

88 1372 126 1393 ex
146 1364 297 1393 multarum
320 1364 511 1393 infirmitatum
541 1372 679 1393 concursu
700 1368 848 1401 aggravato
869 1372 930 1393 cor-

88 1419 170 1448 pore,
191 1411 225 1439 ad
249 1411 446 1439 iucunditatem
468 1411 582 1448 spiritus
607 1411 780 1440 excitandam
811 1411 928 1440 alicuius

87 1457 213 1486 audiendi
236 1457 294 1486 soni
323 1458 474 1486 harmonici
503 1457 668 1486 desiderium
698 1457 854 1491 habuisset,
880 1466 929 1486 nec

88 1504 116 1533 id
129 1504 280 1533 honestatis
294 1504 418 1533 decentia
438 1512 487 1541 per
506 1504 689 1532 ministerium
706 1504 764 1533 fieri
787 1507 930 1540 pateretur

89 1551 260 1584 humanum3
281 1551 360 1579 affuit
381 1551 545 1587 Angelorum
561 1550 726 1587 obsequium
746 1550 780 1579 ad
801 1551 851 1579 viri
868 1559 929 1579 sau-

87 1597 123 1626 cti
144 1597 274 1633 placitum
295 1597 510 1633 adimplendum.
531 1597 614 1626 Nocte
634 1597 734 1625 etenim
756 1597 874 1634 quadam
890 1597 929 1625 vi-

87 1643 188 1680 gilante
208 1644 267 1680 ipso
288 1647 315 1672 et
340 1643 487 1672 meditante
507 1643 541 1672 de
562 1643 689 1677 Domino,
717 1647 829 1680 repente
858 1643 930 1672 inso-

87 1690 148 1719 nuit
168 1690 274 1719 cithara
305 1691 438 1728 quaedam
465 1691 624 1719 harmoniae
651 1691 784 1719 mirabilis
812 1694 839 1719 et
866 1699 929 1719 sua—

88 1737 213 1767 vissimae
234 1738 375 1767 melodiae.
396 1738 454 1766 Non
476 1737 621 1766 videbatur
641 1737 756 1774 aliquis,
778 1737 825 1766 sed
840 1740 929 1766 trans-

1778 222 1793 249 5

1801 222 1833 250 19

992 295 1061 324 itum
1082 299 1109 324 et
1131 296 1249 325 reditum
1271 297 1421 326 citharoedi
1451 297 1509 334 ipsa
1541 298 1603 326 hinc
1629 298 1691 327 inde
1722 298 1834 327 auditus

992 342 1147 371 volubilitas
1169 343 1308 371 innuebat.
1330 343 1434 380 Spiritu
1459 344 1486 372 in
1509 344 1595 372 Deum
1617 344 1730 379 directo,
1759 347 1834 373 tanta

990 388 1042 416 fuit
1062 388 1090 416 in
1112 389 1157 417 illo
1185 389 1327 418 dulcisono
1351 391 1472 419 carmine
1501 391 1635 420 suavitate
1663 391 1832 427 perfruitus,

990 438 1022 463 ut
1043 435 1117 463 aliud
1146 443 1174 464 se
1206 438 1316 472 putaret
1337 437 1478 465 saeculum
1510 441 1702 466 commutasse.
1724 438 1777 466 Hoc
1805 441 1833 466 et

989 482 1098 510 Fratres
1118 482 1169 510 sibi
1191 482 1338 511 familiares
1360 492 1412 511 non
1435 483 1527 518 latuit,
1549 484 1595 521 qui
1619 492 1667 521 per
1689 487 1764 513 certa
1779 484 1833 513 sre-

989 531 1107 565 quenter
1128 529 1332 565 conspiciebant
1352 530 1464 563 indicia,
1486 538 1549 559 eum
1567 534 1620 559 tam
1643 531 1792 560 excessivis
1806 534 1833 560 et

989 574 1095 603 crebris
1126 575 1358 604 consolationibus
1389 584 1405 604 a
1435 577 1550 605 Domino
1579 577 1698 612 visitari,
1730 580 1762 606 ut
1782 585 1831 606 nec

990 620 1062 657 ipsas
1082 621 1194 649 omnino
1215 622 1354 650 occultare
1376 623 1487 651 valeret.

1070 669 1113 696 12.
1135 668 1191 696 Alio
1212 676 1324 705 quoque
1347 670 1490 706 tempore‘3
1512 671 1572 698 viro
1587 670 1633 699 Dei
1657 670 1832 707 praedIcatio-
1845 677 1972 720 'jrffiltssffiom

989 714 1031 742 nis
1053 722 1135 743 causa
1166 715 1237 743 inter
1267 716 1455 744 Lonibardiam
1485 720 1511 745 et
1539 717 1688 745 Marchiam
1713 717 1831 745 Tarvisi-
1964 714 1967 718 ”

989 769 1051 789 nam
1073 761 1125 789 iter
1146 764 1242 798 agente
1264 769 1327 790 cuni
1346 762 1439 791 Fratre
1460 763 1533 791 socio
1556 763 1634 791 iuxta
1656 763 1770 798 Padum,
1793 766 1831 792 te-

989 806 1106 835 nebrosa
1131 807 1218 835 noctis
1249 808 1410 843 supervenit
1440 808 1602 837 obscuritas.
1635 809 1761 846 Cumque
1788 810 1832 837 via

988 856 1060 881 esset
1080 853 1207 889 exposita
1228 854 1358 890 periculis
1380 855 1485 891 magnis
1505 858 1532 883 et
1548 856 1642 884 multis
1663 860 1776 892 propter
1792 858 1831 884 te-

988 899 1103 933 nebras,
1126 900 1243 928 fluvium
1263 903 1290 928 et
1310 901 1440 937 paludes,
1469 901 1541 930 dixit
1562 902 1653 931 socius
1674 902 1707 930 ad
1735 902 1828 931 virum

988 949 1127 974 sanctum:
1154 958 1166 971 «
1182 946 1249 980 Ora,
1272 948 1365 981 Pater,
1394 951 1425 976 ut
1452 948 1485 976 de
1507 948 1673 977 instantibus
1701 949 1831 985 periculis

988 992 1179 1020 liberemur».
1202 993 1250 1021 Cui
1273 994 1315 1022 vir
1336 994 1384 1022 Dei
1405 1002 1468 1022 cum
1490 994 1591 1023 fiducia
1612 995 1698 1023 multa
1720 1003 1831 1032 respon—

987 1039 1042 1067 dit:
1069 1050 1081 1063 «
1098 1039 1203 1067 Potens
1233 1043 1274 1067 cst
1297 1040 1405 1074 Dezts'1,
1427 1041 1447 1069 si
1474 1042 1562 1077 placet
1593 1049 1659 1070 suae
1680 1041 1830 1076 dulcedini,

988 1085 1166 1114 tenebrarum
1187 1086 1306 1122 effugata
1333 1087 1463 1123 caligine,
1488 1088 1652 1116 beneficium
1681 1088 1760 1116 nobis
1780 1088 1830 1116 ini-

987 1131 1107 1168 pendere
1129 1132 1197 1160 lucis
1209 1144 1235 1160 ».
1251 1133 1304 1160 Vix
1325 1141 1479 1162 sermonem
1494 1134 1691 1170 compleverat,
1713 1137 1740 1163 et
1753 1142 1829 1168 ecce,

987 1180 1062 1206 tanta
1082 1178 1132 1206 lux
1155 1178 1226 1207 illico
1247 1179 1336 1215 coepit
1356 1179 1429 1208 circa
1450 1188 1496 1208 eos
1511 1188 1631 1216 superna
1653 1181 1760 1209 radiare
1775 1180 1830 1209 vir-

988 1227 1061 1258 tute,
1083 1227 1114 1252 ut
1129 1228 1208 1253 nocte
1229 1225 1289 1253 aliis
1310 1226 1446 1254 existente
1461 1226 1592 1260 obscura,
1607 1227 1657 1263 ipsi
1681 1227 1741 1255 luce
1756 1227 1830 1255 clara

987 1271 1111 1299 viderent
1142 1280 1196 1299 non
1228 1272 1317 1300 solum
1350 1272 1435 1306 viam,
1466 1280 1564 1301 verum
1593 1273 1673 1301 etiam
1710 1273 1830 1310 plurima

986 1318 1213 1355 circumquaque.
1235 1318 1320 1347 Cuius
1348 1319 1417 1347 lucis
1448 1319 1550 1347 ducatu
1582 1320 1762 1356 corporaliter
1789 1319 1830 1347 di-

987 1364 1053 1393 recti
1085 1368 1112 1393 et
1142 1365 1323 1401 spiritualiter
1358 1365 1518 1399 confortati,
1550 1374 1639 1402 usque
1671 1366 1704 1394 ad
1738 1366 1829 1394 locum

987 1411 1097 1447 hospitii
1120 1419 1168 1447 per
1189 1419 1243 1439 non
1267 1411 1404 1440 modicum
1428 1412 1487 1440 viae
1512 1412 1647 1448 spatium,
1670 1420 1732 1440 cum
1761 1411 1830 1440 divi-

986 1457 1029 1486 nis
1050 1458 1159 1494 hymnis
1187 1461 1214 1486 et
1241 1458 1368 1486 laudibus
1396 1458 1547 1487 incolumes
1575 1462 1769 1495 pervenerunt.
1792 1474 1828 1480 —

987 1504 1139 1541 Perpende,
1154 1513 1237 1541 quam
1256 1505 1418 1534 mirandae⁸
1440 1505 1523 1533 suerit
1544 1505 1586 1533 vir
1608 1505 1658 1534 iste
1680 1505 1829 1534 munditiae

986 1553 1161 1587 quantaeque
1182 1551 1308 1586 virtutis,
1330 1551 1363 1580 ad
1385 1552 1465 1580 cuius
1479 1555 1578 1580 nutum
1601 1560 1682 1580 suum
1705 1552 1774 1589 ignis
1788 1560 1830 1580 ar-

986 1597 1081 1626 dorem
1103 1601 1305 1634 contemperat,
1327 1606 1399 1635 aqua
1420 1606 1545 1635 saporem
1560 1601 1728 1631 commutat,
1750 1606 1829 1635 ange-

986 1644 1037 1673 lica
1057 1645 1171 1681 praebet
1191 1645 1308 1673 melodia
1332 1645 1475 1679 solatium,
1497 1648 1523 1673 et
1552 1645 1603 1673 lux
1634 1645 1726 1674 divina
1746 1645 1829 1673 duca-

985 1694 1061 1724 tum,
1083 1693 1114 1719 ut
1135 1691 1173 1719 sic
1195 1691 1370 1719 sanctificatis
1391 1691 1442 1720 viri
1474 1691 1558 1720 sancti
1587 1691 1713 1720 sensibus
1740 1691 1829 1720 omnis

985 1737 1119 1774 probetur
1142 1738 1236 1766 mundi
1259 1738 1385 1766 machina
1405 1738 1553 1767 deservire.

1847 1514 1941 1538 Epilogus.

850 1867 1010 1896 Capu-ntum
1025 1867 1066 1896 Vl.

267 1990 307 2018 De
328 1988 490 2018 lzmnilitate
510 1993 536 2018 ct
556 1989 715 2018 ohedientia
736 1993 760 2018 cc
781 1989 814 2017 cle
835 1989 1120 2018 condescensionibus
1140 1989 1248 2018 divinis
1269 1989 1326 2018 sibi
1344 1988 1433 2027 factis
1454 1990 1494 2018 acl
1514 1990 1650 2019 nutum?

168 2113 191 2141 1.
207 2111 337 2140 Omnium
353 2111 487 2140 virtutum
506 2114 600 2140 custos
614 2114 641 2140 et
654 2111 737 2140 decor
753 2111 894 2140 humilitas
906 2111 929 2128 ²⁰

86 2159 196 2196 copiosa
217 2158 309 2187 virum
341 2158 388 2187 Dei
413 2158 541 2187 ubertate
572 2158 735 2194 repleverat.
758 2158 786 2186 ln
817 2157 930 2194 propria

84 2204 197 2242 quidem
219 2204 391 2242 reputatione
411 2204 479 2233 nihil
500 2208 559 2233 erat
580 2204 632 2233 nisi
653 2207 794 2241 peccator,
815 2212 878 2232 cum
900 2204 928 2233 in

88 2251 202 2280 veritate
216 2251 359 2288 speculum
374 2254 446 2280 esset
472 2254 500 2280 et
524 2251 653 2288 splendor
674 2250 846 2279 omnimodae
867 2258 929 2279 san-

86 2298 196 2327 ctitatis.
218 2298 306 2334 Super
334 2298 405 2326 hanc
426 2297 532 2326 studuit
552 2297 696 2326 aedificare
717 2304 746 2326 se
768 2297 872 2333 ipsum,
897 2300 929 2325 ut

88 2345 206 2382 sapiens
230 2343 406 2373 architectus
436 2343 662 2381 fimdamencum
690 2344 876 2381 praciacicm
894 2345 928 2378 ¹¹,

954 2111 959 2378 l

984 2111 1058 2148 quod
1078 2119 1095 2140 a
1115 2111 1224 2140 Christo
1254 2111 1394 2140 didicerat.
1423 2111 1549 2146 Dicebat,
1571 2115 1685 2148 propter
1713 2112 1765 2141 hoc
1786 2112 1827 2140 Fi-

985 2158 1052 2186 lium
1074 2158 1122 2186 Dei
1143 2157 1176 2186 de
1197 2157 1341 2186 altitudine
1355 2157 1432 2186 sinus
1453 2158 1559 2195 paterni
1575 2158 1608 2186 ad
1623 2161 1717 2187 nostra
1737 2158 1827 2195 despi-

984 2204 1082 2233 cabilia
1095 2204 1282 2238 descendisse,
1306 2207 1336 2233 ut
1351 2208 1406 2233 tam
1428 2205 1557 2242 exemplo
1570 2213 1653 2242 quam
1676 2205 1760 2234 verbo
1775 2206 1827 2234 Do-

985 2251 1077 2280 minus
1097 2255 1124 2280 et
1139 2251 1265 2288 Magister
1284 2251 1468 2280 humilitatem
1482 2251 1601 2280 doceret.
1624 2252 1738 2288 Propter
1753 2252 1827 2289 quod

984 2297 1112 2326 studebat
1133 2301 1264 2334 tanquam
1285 2298 1385 2326 Christi
1400 2298 1553 2335 discipulus
1573 2298 1601 2326 iu
1622 2298 1709 2327 oculis
1729 2298 1787 2327 suis
1800 2301 1827 2327 et

985 2344 1102 2372 aliorum
1131 2344 1278 2379 vilescere,
1299 2352 1315 2373 a
1345 2352 1453 2373 summo
1474 2344 1578 2373 dictum
1609 2352 1668 2373 esse
1698 2345 1827 2381 Magistro

150 2525 158 2538 ¹
176 2526 230 2548 Luc.
247 2525 273 2553 5,
291 2526 333 2552 26,
355 2525 473 2548 sanatione
494 2525 618 2553 paralytico
642 2528 745 2554 peracta,
768 2531 849 2548 omnes
870 2525 929 2547 dice-

88 2563 153 2587 bant:
171 2565 228 2593 Quia
245 2565 347 2587 vidimus
368 2563 479 2587 mirabilia
500 2564 577 2587 hodie.
592 2576 624 2581 —
641 2564 735 2587 lnt'erius
756 2570 798 2592 pro
820 2570 929 2594 perrena-

89 2604 127 2626 rat
143 2603 185 2631 (ita
203 2604 306 2632 AGlllt)
324 2603 377 2626 edd.
395 2602 530 2631 devenerat,
542 2609 602 2632 quae
617 2603 685 2626 etiam
703 2603 844 2626 substituunt
861 2603 928 2627 Crea-

89 2641 135 2664 tori
151 2648 193 2670 pro
209 2641 312 2665 Factori.
330 2642 403 2664 Locus
420 2642 550 2669 scripturae
567 2644 601 2664 est
618 2643 671 2669 Sap.
693 2642 731 2670 16,
749 2641 785 2664 24.

150 2679 159 2693 ²
175 2680 220 2704 Ct'r.
238 2680 375 2708 Wadding.,
392 2681 434 2703 loc.
451 2681 501 2709 cit.,
517 2680 546 2703 ad
564 2687 600 2703 an.
619 2681 691 2708 1225,
703 2687 726 2703 n.
740 2681 766 2707 3,
780 2687 807 2703 ex
824 2687 870 2709 quo
887 2687 928 2709 pa-

89 2721 131 2747 tet,
148 2720 191 2742 hoc
209 2720 292 2742 tactum
310 2725 360 2742 esse
372 2720 393 2742 in
411 2726 489 2742 eremo
507 2720 583 2742 Fontis
598 2718 736 2747 Columbae,
753 2719 783 2742 de
799 2725 846 2748 quo
857 2725 927 2747 supra

90 2763 144 2786 pag.
160 2758 218 2786 516,
234 2762 286 2781 nota
306 2759 325 2781 t.

151 2795 160 2809 ⁸
177 2798 199 2820 ln
218 2797 325 2820 comitatu
344 2797 474 2826 Narniensi;
491 2798 530 2820 cfr.
548 2797 684 2825 Wadding.,
702 2797 743 2819 loe.
766 2796 816 2824 cit.,
838 2796 867 2818 ad
890 2802 927 2818 an.

91 2835 164 2863 4213,
180 2841 203 2858 n.
218 2836 254 2859 tt.

151 2873 161 2886 ⁴
177 2874 225 2897 Col.
242 2875 267 2902 3,
286 2875 313 2897 9:
331 2875 485 2903 exspoliantes
502 2881 544 2897 vos
554 2877 655 2897 veterem
674 2874 789 2897 hominem
807 2879 860 2896 cum
876 2873 928 2896 acti-

92 2911 134 2935 bus
150 2914 210 2940 suis,
226 2916 249 2936 et
266 2913 385 2936 induentes
401 2919 487 2936 novum
505 2916 547 2936 etc.

153 2950 162 2964 ⁶
178 2952 241 2975 Anno
265 2952 336 2980 1225,
361 2953 384 2974 in
409 2952 501 2975 civitate
523 2952 614 2974 Reatina
637 2952 713 2980 (Rieti)
735 2951 756 2974 in
778 2951 849 2974 domo
871 2951 927 2974 civis

91 2990 201 3013 Thedaldi
225 2991 344 3018 Saraceni,
365 2994 390 3014 ut
407 2991 455 3014 vult
471 2991 609 3019 Wadding.,
626 2991 667 3013 loc.
685 2991 737 3018 cit,
755 2991 783 3013 ad
801 2997 836 3013 an.
859 2990 928 3018 1225,

984 2531 1006 2547 u.
1032 2526 1055 2547 2.
1075 2537 1106 2542 -
1128 2525 1222 2547 Inferius
1246 2531 1288 2553 pro
1313 2524 1447 2548 harmonici
1463 2524 1505 2554 (ita
1523 2525 1641 2554 AGKM)
1659 2524 1711 2547 edd.
1729 2524 1826 2548 harmo-

985 2570 1055 2586 maci.

1047 2601 1057 2615 ὅ
1073 2603 1139 2625 Anno
1160 2603 1229 2630 1213,
1248 2605 1271 2624 ut
1289 2603 1359 2625 refert
1379 2602 1516 2630 wadding„
1534 2603 1576 2624 loc.
1593 2602 1635 2629 cit,
1652 2603 1681 2625 ad
1699 2609 1735 2625 an.
1755 2603 1825 2630 1213,

985 2647 1006 2663 n.
1025 2641 1061 2663 57.
1078 2653 1109 2658 —
1122 2642 1166 2664 Pro
1185 2640 1335 2664 Tarvisirtnm
1352 2641 1399 2663 ΑΜ
1416 2644 1438 2663 et
1454 2641 1508 2663 Acta
1527 2641 1564 2663 SS.
1579 2641 1597 2663 T
1597 2640 1738 2669 ervtse’nam,
1756 2642 1825 2664 BDE

987 2679 1154 2708 Trevismtom,
1171 2680 1187 2702 F
1207 2679 1368 2707 Trivicanam,
1385 2679 1439 2702 edd.
1458 2679 1620 2702 Terei-mnam.

1048 2717 1056 2731 ⁷
1073 2719 1128 2741 Luc.
1145 2720 1172 2745 3,
1190 2719 1210 2740 8.
1227 2731 1258 2735 -
1275 2719 1331 2740 lnsra
1349 2724 1391 2746 pro
1408 2717 1462 2741 ciliis
1479 2718 1543 2740 multi
1562 2718 1628 2741 codd.
1646 2717 1716 2741 alias.

1046 2755 1056 2769 Β
1074 2757 1141 2785 Etld.‚
1158 2756 1327 2784 refragantibus
1344 2756 1541 2779 ABCDEFGlM
1564 2755 1693 2785 Perpendc,
1715 2757 1823 2786 quantae.

1047 2794 1056 2808 Β
1073 2795 1117 2818 Ctr.
1136 2796 1219 2818 Thom.
1235 2801 1247 2817 a
1264 2795 1359 2823 Gelono,
1379 2795 1428 2817 Vita
1450 2795 1473 2817 11.
1491 2801 1514 2823 ρ.
1531 2795 1564 2817 111.
1586 2800 1606 2817 e.
1622 2794 1658 2817 50,
1675 2796 1713 2817 Ὶ62.
1730 2794 1768 2817 73.
1785 2795 1823 2817 74.

985 2834 1022 2856 79.
1041 2835 1077 2856 81.
1096 2835 1133 2856 83.
1151 2834 1186 2856 85.
1204 2834 1241 2856 88.
1259 2834 1296 2855 89.
1312 2834 1351 2855 91.

1047 2871 1066 2885 ¹⁰
1083 2872 1205 2899 Bernard„
1222 2873 1294 2894 Scrm.
1314 2872 1334 2894 t.
1352 2872 1373 2894 in
1391 2872 1462 2894 Nativ.
1477 2872 1578 2898 Domini,
1595 2878 1617 2894 n.
1636 2872 1662 2895 fl:
1679 2872 1773 2895 Studete
1785 2873 1824 2895 hu-

985 2911 1084 2939 militati,
1101 2918 1161 2940 qune
1178 2912 1353 2934 fundamentum
1369 2914 1404 2934 est
1420 2914 1543 2940 custosque
1560 2911 1678 2934 virtutum.

1047 2949 1065 2963 ¹¹
1084 2950 1153 2978 Epist.
1164 2951 1179 2973 1.
1191 2950 1243 2974 Cor.
1254 2951 1281 2979 3,
1294 2951 1330 2973 lt).
1341 2950 1386 2973 Cir.
1399 2950 1536 2979 wadding„
1547 2950 1589 2973 loc.
1602 2950 1651 2978 cic,
1665 2950 1694 2973 ad
1706 2956 1743 2973 an.
1757 2951 1824 2979 1210,

984 2997 1006 3013 n.
1024 2990 1060 3012 57.
