2133 3317
119 448 167 467 Mira
181 448 249 472 pulcri-

127 471 172 498 tudo
185 477 250 498 corpo·

127 500 153 514 ns
166 497 243 514 mortui.

138 1249 202 1268 Conllu
206 1253 238 1267 xus

154 1273 226 1297 populi.

263 219 318 248 548

265 298 350 327 nimio
372 298 556 331 renitescens,
578 297 653 326 illius
681 298 818 327 secundae
851 298 957 327 stolae¹
980 299 1117 335 pulcritu-

264 346 355 374 dinem
379 345 583 382 praetendebat.

345 393 370 421 3.
394 393 516 421 Membra
538 392 626 429 ipsius
653 393 721 421 adeo
749 393 842 421 mollia
864 395 891 421 et
912 393 1067 421 tractabilia
1088 401 1117 422 se

266 440 436 477 praebebant
468 440 660 476 palpantibus,
682 443 714 468 ut
746 448 879 468 conversa
904 440 1067 469 viderentur
1089 441 1116 469 in

267 487 479 516 teneritudinem
502 487 618 523 puerilis
646 487 744 516 aetatis
774 490 802 516 et
833 488 999 524 quibusdam
1022 496 1118 517 cerne-

266 538 364 563 rentur
386 534 561 563 evidentibus
582 534 667 571 signis
696 535 867 563 innocentiae
888 535 1025 563 decorata.
1048 535 1116 564 Cum

266 581 351 618 igitur
373 581 400 609 in
423 581 618 610 candidissima
639 589 722 610 carne
739 582 807 610 clavi
824 582 1022 618 nigrescerent,
1038 582 1118 619 plaga

266 637 332 657 vero
355 628 469 657 lateris²
492 631 524 657 ut
557 637 676 657 vernans
705 637 802 658 roseus
834 628 885 658 flos
914 629 1044 664 ruberet;
1067 630 1118 658 mi-

265 676 385 704 randum
407 684 460 704 non
482 679 539 709 est,
562 676 583 704 si
606 679 662 704 tam
684 676 807 705 formosa.
827 679 854 705 et
876 677 1043 705 miraculosa
1071 685 1118 705 va-

264 724 348 752 rietas
370 723 569 752 iucunditatem
592 726 619 752 et
640 723 850 752 admirationem
866 724 1062 753 contuentibus
1077 725 1118 753 in-

265 771 386 807 gerebat.
417 770 653 807 lacrymabantur
682 771 729 799 filii
763 779 814 808 pro
845 771 1035 800 subtractione
1062 774 1117 799 tam

264 818 389 846 amabilis
412 818 514 851 Patris,
536 818 583 847 sed
605 821 632 847 et
654 826 708 846 non
742 818 848 847 modica
876 818 1117 855 perfundebantur

266 865 381 899 laetitia,
404 865 469 893 dum
492 865 727 894 deosculabantur
748 866 775 894 in
798 874 830 894 eo
852 866 994 903 signacula
1015 866 1116 894 summi

265 913 352 950 Regis.
375 913 498 941 Miraculi
516 913 623 941 novitas
638 913 779 949 planctum
803 913 927 942 vertebat
952 914 979 942 in
999 913 1116 942 iubilum

265 962 292 988 et
313 959 471 988 intellectus
492 960 617 997 rapiebat
638 960 794 997 indaginem
827 961 854 989 in
877 964 1029 997 stuporem.
1054 961 1118 989 Erat

265 1007 368 1044 quippe
400 1010 455 1035 tam
485 1007 625 1036 insolitum
658 1010 771 1045 tamque
799 1008 905 1045 insigne
927 1009 1116 1045 spectaculum

265 1054 463 1083 contuentibus
484 1054 613 1083 omnibus
635 1057 662 1083 et
683 1055 891 1084 firmamentum
918 1055 979 1084 fidei
1002 1059 1029 1084 et
1050 1055 1117 1084 inci-

266 1104 418 1130 tamentum
441 1102 552 1136 amoris,
573 1102 752 1131 audientibus
776 1111 840 1131 vero
855 1103 1045 1132 admirationis
1060 1111 1118 1131 ma-

266 1149 335 1177 teria
356 1152 383 1177 et
404 1149 535 1177 excitatio
555 1149 683 1178 desiderii
705 1150 739 1178 ad
761 1150 918 1178 videndum.

344 1196 371 1224 4.
395 1196 493 1224 Audito
525 1196 663 1233 siquidem
692 1197 811 1226 transitu
844 1197 932 1226 Patris
964 1197 1034 1226 beati
1048 1197 1068 1231 3,
1091 1200 1119 1226 et

265 1243 339 1272 fama
359 1243 459 1272 diffusa
481 1243 622 1278 miraculi,
644 1244 801 1273 accelerans
821 1245 943 1281 populus
962 1244 1120 1273 confluebat

265 1291 299 1319 ad
321 1291 429 1325 locum,
452 1293 483 1319 ut
504 1291 530 1319 id
553 1294 681 1320 cerneret
702 1292 790 1320 oculis
811 1292 919 1326 carnis,
941 1292 1015 1329 quod
1037 1300 1052 1320 a
1074 1300 1118 1320 ra-

234 1336 237 1337 ’
264 1339 337 1367 tione
359 1338 475 1367 dubium
498 1347 579 1367 omne
601 1339 749 1375 repelleret
776 1342 804 1368 et
824 1339 959 1368 affectioni
985 1339 1117 1376 gaudium

116 1485 252 1505 Testimonium

124 1510 197 1537 militis
208 1510 251 1528 flie-

124 1538 204 1557 ronymi.

267 1386 432 1414 cumularet.
469 1386 584 1414 Admissi
620 1389 685 1414 sunt
723 1386 818 1423 itaque
853 1386 926 1415 cives
958 1386 1119 1415 Assisinates

267 1441 350 1469 quam
376 1433 487 1469 plurimi
510 1433 543 1461 ad
572 1433 700 1470 stigmata
728 1434 774 1462 illa
807 1442 886 1462 sacra
907 1434 1118 1470 contemplanda

264 1480 352 1508 oculis
374 1484 400 1508 et
423 1480 501 1509 labiis
523 1480 680 1509 osculanda.
704 1481 780 1509 Unus
801 1483 893 1509 autem
917 1489 952 1509 ex
968 1480 1016 1514 eis,
1040 1480 1118 1509 miles

265 1527 377 1564 quidam
400 1527 539 1556 litteratus
566 1531 593 1556 et
625 1528 763 1564 prudens,
786 1528 969 1564 Hieronymus
990 1528 1117 1561 nomine,

265 1575 307 1602 vir
329 1575 427 1612 utique
448 1575 572 1604 famosus
603 1578 630 1604 et
661 1575 783 1609 celeber,
806 1583 869 1604 cum
901 1575 935 1604 de
957 1575 1116 1604 huiusmodi

265 1622 351 1650 sacris
380 1622 465 1659 signis
493 1622 648 1651 dubitasset
679 1626 808 1659 essetque
839 1622 1001 1651 incredulus
1038 1622 1116 1659 quasi

264 1670 421 1703 Thomas43
444 1669 598 1698 ferventius
619 1673 646 1698 et
667 1669 800 1698 audacius
816 1677 909 1698 coram
932 1669 1075 1697 Fratribus
1090 1672 1116 1697 et

263 1717 324 1745 aliis
345 1717 453 1745 civibus
475 1717 602 1745 movebat
623 1717 715 1745 clavos
737 1716 885 1753 Sanctique
904 1724 1017 1750 manus,
1033 1716 1116 1753 pedes

265 1767 292 1792 et
314 1764 386 1792 latus
409 1764 537 1792 manibus
559 1764 680 1800 propriis
695 1764 899 1798 contrectabat,
916 1766 956 1797 ut,
972 1763 1038 1792 dum
1054 1764 1116 1792 vul-

264 1819 363 1840 nerum
386 1811 488 1839 Christi
515 1811 624 1840 veracia
652 1811 698 1839 illa
719 1811 797 1848 sigua
817 1811 953 1848 palpando
975 1811 1116 1848 continge-

264 1862 322 1892 ret,
345 1859 378 1887 de
400 1858 443 1887 sui
466 1862 493 1887 et
508 1859 632 1887 omnium
648 1858 779 1887 cordibus
794 1866 875 1887 omne
890 1858 1039 1887 dubietatis
1054 1858 1116 1887 vul-

265 1914 318 1934 nus
346 1908 505 1942 amputaret
516 1906 536 1933 ⁵.
566 1906 680 1942 Propter
709 1906 783 1943 quod
812 1909 839 1934 et
866 1906 925 1942 ipse
948 1906 1019 1934 inter
1048 1906 1116 1934 alios

266 1954 350 1982 huius
374 1953 496 1982 veritatis
518 1957 573 1981 tam
589 1953 821 1982 certitudinaliter
835 1953 944 1990 agnitae
959 1953 1036 1981 testis
1051 1961 1116 1981 con-

264 2003 339 2029 stans
354 2000 530 2037 postmodum
545 2000 660 2029 effectus
675 2003 732 2034 est,
757 2003 784 2029 et
807 2000 886 2029 tactis
901 2000 1083 2029 sacrosanctis
1094 2000 1115 2034 ⁴³,

238 2064 241 2067 <
263 2048 420 2076 iuramento
443 2047 572 2076 firmavit.

121 2145 246 2172 Miraessexse-

158 2175 220 2193 quiae.

343 2096 368 2123 5.
391 2095 502 2123 Fratres
522 2097 614 2123 autem
636 2097 664 2123 et
685 2094 745 2128 filii,
769 2094 817 2131 qui
839 2095 927 2123 vocati
950 2094 1061 2123 fuerant
1082 2094 1115 2123 ad

265 2142 414 2170 transitum
438 2142 538 2176 Patris,
560 2150 624 2170 cum
647 2141 720 2170 omni
747 2142 926 2170 multitudine
948 2142 1115 2178 populorum

264 2193 372 2218 noctem
395 2189 482 2223 illam,
498 2189 525 2217 in
541 2197 597 2226 qua
618 2189 719 2217 Christi
742 2189 832 2217 almus
859 2189 1001 2217 confessor
1022 2189 1116 2217 deces-

265 2236 315 2271 sit,
337 2236 376 2265 sic
397 2236 497 2264 divinis
530 2236 659 2265 laudibus
686 2236 866 2270 dedicarunt,
889 2239 921 2264 ut
942 2244 996 2264 non
1018 2235 1115 2264 defun-

264 2286 373 2312 ctorum
396 2283 563 2320 exsequiae,
586 2283 633 2312 sed
654 2284 821 2320 Angelorum
837 2283 974 2312 excubiae
989 2283 1116 2312 videren-

264 2334 320 2359 tur.
342 2331 420 2359 Mane
442 2330 530 2359 vero⁷
552 2330 638 2365 facto,
670 2330 783 2365 turbae,
812 2338 884 2368 quae
912 2334 1115 2365 convenerant,

265 2377 384 2414 acceptis
415 2378 547 2406 arborum
580 2378 665 2406 ramis
692 2380 720 2406 et
751 2385 896 2406 cereorum
926 2378 1115 2414 multiplicatis

265 2425 433 2459 luminibus,
455 2433 518 2454 cum
541 2425 652 2462 hymnis
683 2428 710 2454 et
737 2425 851 2454 canticis
879 2433 989 2454 sacrum
1013 2433 1115 2462 corpus

650 219 847 248 OPUSCULUM
870 220 956 248 XXlll.
979 219 1130 249 LEGENDA
1153 221 1267 250 SANCTI
1288 222 1462 251 FRANCISCI.
1485 223 1553 252 CAP.
1577 224 1630 252 XV.

1174 299 1207 328 ad
1230 301 1367 330 civitatem
1390 302 1480 330 Assisii
1503 302 1673 331 detulerunt.
1703 304 1890 333 Transeuntes
1911 313 2023 343 quoque
2068 314 2086 333 S.
2095 315 2130 350 ⁰¹7¹*

1174 354 1223 383 per
1246 348 1387 376 ecclesiam
1410 349 1495 377 sancti
1518 349 1659 384 Damiani,
1686 350 1712 378 in
1735 359 1791 387 qua
1812 351 1890 388 virgo
1912 352 1957 380 illa
1978 361 2024 381 no-
2039 341 2131 381 ffirma-

1174 394 1236 423 bilis
1257 394 1352 429 Clara,
1374 404 1449 425 nunc
1474 396 1594 433 gloriosa
1624 397 1651 425 in
1683 398 1766 426 caelis
1777 398 1797 432 ⁸,
1831 401 1896 427 tunc
1917 399 2024 429 inclusa

1174 448 1237 469 cum
1260 442 1415 478 virginibus
1439 443 1617 478 morabatur,
1632 444 1727 481 ibique
1741 445 1945 482 aliquantulum
1961 446 2024 475 sub-

1174 488 1302 518 sistentes
1323 497 1433 518 sacrum
1457 498 1574 527 corpus,
1594 491 1751 528 margaritis
1773 492 1938 521 caelestibus
1958 493 2024 522 insi—

1173 535 1281 572 gnitum
1303 536 1451 565 videndum
1475 541 1502 565 et
1523 537 1704 566 osculandum
1728 539 1814 567 sacris
1835 539 1889 568 illis
1912 540 2024 577 virgini-

1174 583 1227 611 bus
1248 584 1419 612 obtulerunt.
1453 585 1647 614 Pervenientes
1675 585 1795 622 denique
1825 586 1858 615 ad
1885 587 2024 616 civitatem
2040 594 2131 619 Deposita.

1174 638 1237 659 cum
1261 631 1362 665 iubilo,
1385 631 1537 668 pretiosum
1561 632 1741 667 thesaurum,
1763 640 1845 670 quem
1867 634 2023 670 portabant,
2057 623 2117 643 “mm

1175 677 1202 706 in
1224 678 1339 706 ecclesia
1360 678 1445 707 sancti
1470 678 1577 715 Georgii
1601 686 1664 707 cuin
1686 680 1760 708 omni
1783 680 1939 709 reverentia
1960 688 2024 709 con-
2111 698 2113 710 A

1174 725 1312 754 diderunt.
1336 726 1363 754 ln
1386 734 1417 754 eo
1440 725 1576 762 siquidem
1598 726 1657 754 loco
1679 727 1815 763 puerulus
1837 727 1942 756 litteras
1955 727 2024 756 didi-
2111 724 2114 760 ἶ

1174 772 1211 801 cit
1226 772 1319 809 ibique
1334 773 1510 809 postmodum
1528 773 1657 809 primitus
1679 773 1862 810 praedicavit,
1884 777 2024 811 postremo

1174 819 1274 848 ibidem
1298 820 1388 848 locum
1411 820 1532 856 primum
1555 820 1656 857 quietis
1673 821 1786 857 accepit.

1255 868 1279 895 6.
1303 867 1423 896 Transiit
1453 870 1546 896 autem
1575 868 1741 896 venerabilis
1772 868 1850 897 Pater
1878 876 1914 897 ex
1939 869 2025 898 huius
2041 875 2124 899 Quandcit

1174 915 1269 943 mundi
1292 914 1437 951 naufragio
1458 922 1530 943 anno
1545 914 1698 944 dominicae
1718 915 1915 945 lncarnationis
1936 916 2026 945 mille-
2054 901 2113 943 “¹⁰⁸5

1174 962 1244 990 simo
1259 961 1448 990 ducente-simo
1463 962 1595 998 vigesimo
1617 965 1709 996 sexto,
1725 964 1825 999 quarto
1843 970 1930 992 nonas
1944 962 2024 991 Octo-

1174 1010 1232 1038 bris
1244 1009 1264 1043 9,
1286 1009 1330 1038 die
1351 1009 1460 1037 Sabbati
1484 1009 1510 1037 in
1533 1017 1604 1043 sero,
1627 1009 1753 1046 sepultus
1775 1010 1801 1037 in
1821 1009 1864 1038 die
1878 1009 2023 1039 dominico.

1174 1074 1213 1077 d
1234 1057 1328 1093 Coepit
1349 1060 1441 1085 autem
1464 1056 1507 1085 vir
1529 1056 1626 1085 beatus
1647 1057 1791 1090 continuo,
1819 1057 1927 1086 divinae
1947 1057 2025 1086 faciei
2038 1047 2133 1088 Magnasn-

1175 1104 1413 1141 superirradiante
1435 1106 1578 1140 respectu,
1600 1104 1707 1140 magnis
1721 1106 1749 1132 et
1762 1104 1857 1133 multis
1878 1112 2026 1133 coruscare
2074 1088 2110 1107 ⁰³¹³

1175 1152 1333 1185 miraculis,
1355 1154 1387 1179 ut
1409 1151 1564 1179 sublimitas
1586 1151 1739 1180 sanctitatis
1760 1151 1835 1186 eius,
1857 1159 1944 1188 quae,
1966 1151 2026 1189 ipso

1175 1199 1285 1227 vivente
1307 1199 1332 1226 in
1355 1206 1454 1232 carne,
1476 1198 1509 1226 ad
1531 1206 1641 1226 morum
1663 1198 1843 1227 directionem
1865 1206 1914 1235 per
1929 1206 2026 1228 exem-

1174 1246 1220 1283 pla
1243 1246 1380 1283 perfectae
1402 1245 1524 1274 iustitiae
1555 1245 1714 1274 innotuerat
1742 1245 1862 1280 mundo,
1894 1245 1940 1274 illo
1971 1245 2025 1274 iam

1176 1296 1309 1330 regnante
1330 1301 1393 1321 cum
1415 1292 1534 1326 Christo,
1549 1292 1583 1320 ad
1598 1300 1707 1321 omnem
1723 1292 1785 1321 fidei
1801 1292 1961 1321 firmitatem
1976 1300 2026 1329 per

1175 1341 1309 1369 miracula
1331 1340 1439 1369 divinae
1472 1340 1608 1376 potentiae
1636 1339 1867 1376 comprobaretur
1898 1347 1913 1369 e
1941 1339 2024 1369 caelo.

1175 1387 1301 1424 Cumque
1324 1387 1349 1415 in
1372 1386 1489 1415 diversis
1510 1386 1586 1415 orbis
1607 1386 1734 1423 partibus
1755 1386 1875 1423 gloriosa
1896 1386 1956 1415 eius
1977 1386 2026 1415 mi-

1176 1435 1269 1463 racula
1293 1435 1426 1471 largaque
1447 1442 1496 1470 per
1518 1434 1609 1470 ipsum
1642 1433 1789 1470 impetrata
1809 1433 1943 1462 beneficia
1964 1433 2026 1470 plu-

1175 1482 1261 1511 rimos
1282 1482 1315 1510 ad
1337 1481 1439 1510 Christi
1461 1481 1634 1510 devotionem
1650 1480 1833 1509 accenderent
1848 1484 1875 1509 et
1889 1480 1923 1509 ad
1937 1480 2025 1517 ipsius

1175 1530 1266 1558 Sancti
1299 1528 1483 1557 reverentiam
1519 1528 1681 1562 incitarent,
1718 1528 1934 1557 acclamantibus
1969 1530 2024 1556 tam

1174 1577 1276 1613 linguis
1305 1584 1464 1605 sermonum
1494 1583 1576 1612 quam
1606 1582 1739 1612 operum;
1761 1574 1795 1603 ad
1816 1582 1900 1604 aures
1920 1575 2025 1604 Summi

1175 1623 1330 1657 Pontificis,
1352 1622 1455 1651 domini
1478 1622 1601 1659 Gregorii
1619 1622 1682 1650 noni
1697 1622 1728 1656 1⁰,
1750 1630 1822 1659 quae
1837 1629 1886 1658 per
1912 1629 2024 1651 servum

1174 1679 1256 1699 suum
1290 1670 1466 1698 Franciscum
1495 1670 1568 1698 Deus
1596 1669 1766 1706 operabatur
1798 1669 1935 1706 magnalia
1961 1676 2024 1706 per-

1174 1720 1320 1746 venerunt.

1253 1766 1280 1793 7.
1303 1765 1372 1793 Sane
1394 1772 1458 1793 cum
1480 1764 1551 1792 idem
1575 1764 1669 1793 Pastor
1692 1763 1827 1793 Ecclesiae
1857 1771 1911 1792 non
1934 1763 2024 1792 solum

1174 1820 1210 1841 ex
1233 1812 1377 1840 miraculis
1398 1811 1499 1840 auditis
1521 1814 1582 1848 post
1603 1814 1730 1845 mortem,
1753 1818 1850 1840 verum
1870 1810 1952 1839 etiam
1973 1818 2024 1839 ex-

1173 1860 1336 1897 perimentis
1358 1859 1384 1887 in
1410 1859 1464 1887 vita
1484 1859 1571 1895 ipsius
1592 1858 1680 1887 oculis
1695 1858 1760 1887 visis
1774 1861 1802 1887 et
1816 1857 1945 1887 manibus
1959 1865 2023 1887 con-

1172 1907 1297 1936 trectatis
1325 1906 1498 1935 sanctitatem
1530 1906 1590 1935 eius
1611 1905 1766 1934 mirabilem
1788 1905 1869 1942 plena
1889 1905 1944 1934 fide
1964 1913 2024 1934 cer-

1172 1954 1293 1983 tificatus
1314 1956 1476 1991 agnosceret
1496 1961 1527 1981 ac
1548 1961 1598 1990 per
1620 1953 1672 1982 hoc
1693 1952 1721 1981 in
1742 1952 1824 1981 caelis
1838 1952 2023 1990 glorificatum

1172 2010 1188 2030 a
1210 2001 1327 2030 Domino
1355 2001 1515 2030 nullatenus
1546 2000 1702 2035 dubitaret;
1731 2003 1763 2028 ut
1790 1999 1915 2034 Christo,
1944 1999 2024 2028 cuius
2109 2000 2110 2033 l

1172 2051 1232 2078 erat
1263 2048 1405 2082 Vicarius,
1438 2047 1611 2077 concorditer
1642 2050 1752 2084 ageret,
1784 2047 1860 2076 hunc
1891 2047 1918 2075 in
1941 2046 2024 2076 terris

1172 2096 1289 2124 reddere
1311 2095 1464 2129 celebrem,
1486 2097 1618 2132 tanquam
1640 2094 1714 2123 omni
1730 2094 1907 2123 veneratione
1921 2093 2023 2131 dignis-

1172 2144 1290 2176 simum,
1312 2143 1357 2179 pia
1378 2142 1596 2171 consideratione
1610 2141 1754 2178 disposuit.
1777 2141 1814 2170 Ad
1829 2149 1939 2170 omnem
1954 2149 2023 2178 quo-

1172 2198 1227 2227 que
1249 2189 1443 2218 certitudinem
1466 2188 1617 2217 faciendam
1637 2188 1698 2217 orbi
1713 2191 1854 2217 terrarum
1875 2188 1909 2217 de
1921 2187 1943 2205 ¹¹
1965 2188 2023 2225 glo-

1171 2236 1325 2265 rificatione
1346 2236 1397 2264 viri
1420 2235 1585 2264 sanctissimi
1613 2235 1725 2264 inventa
1745 2235 1880 2264 miracula
1900 2238 1928 2264 et
1959 2242 2024 2264 con-

1172 2283 1276 2320 scripta
1297 2286 1324 2312 et
1345 2283 1463 2312 testibus
1484 2282 1589 2311 idoneis
1610 2282 1763 2319 approbata
1785 2282 1939 2311 examinari
1960 2282 2024 2311 fecit

1172 2338 1222 2368 per
1244 2331 1305 2359 illos
1326 2331 1373 2367 qui
1397 2330 1489 2358 minus
1510 2330 1583 2358 inter
1604 2329 1758 2358 cardinales
1785 2329 1950 2358 favorabiles
1975 2337 2022 2358 ne-

1172 2378 1246 2415 gotio
1268 2377 1442 2406 videbantur.
1465 2377 1572 2414 Quibus
1600 2377 1746 2414 diligenter
1777 2376 1908 2406 discussis
1940 2379 1967 2405 et
1987 2376 2022 2405 ab

1172 2425 1302 2453 omnibus
1323 2424 1498 2462 approbatis,
1517 2424 1551 2453 de
1570 2424 1689 2452 fratrum
1712 2431 1828 2452 suorum
1850 2426 1877 2452 et
1897 2423 2021 2452 omnium

2065 1771 2104 1790 Eon
2122 1774 2130 1787 ἰ

2056 1799 2104 1814 exam

329 2608 335 2621 ¹
356 2610 443 2631 scilicet
463 2610 551 2637 gloriae
568 2610 679 2637 corporis.
698 2608 743 2631 Cl'r.
763 2609 895 2636 Waddfflg„
914 2609 956 2630 loc.
975 2609 1019 2635 cit.,
1032 2608 1059 2630 aii
1079 2614 1115 2630 an.

270 2650 340 2676 1226,
358 2656 381 2671 n.
403 2649 438 2671 ¹l-l.
457 2655 505 2677 seq.

328 2688 337 2700 ²
357 2690 405 2711 Vat.
424 2695 477 2711 cum
495 2689 533 2711 ed.
555 2689 559 2710 1
583 2687 696 2711 lateralis.

329 2728 338 2741 ²³
357 2729 413 2751 Edcl.
432 2729 540 2751 omittunt
558 2727 624 2750 [mati.
643 2727 736 2749 inferius
755 2727 804 2749 Yat.
822 2733 875 2749 cum
894 2727 932 2748 etl.
948 2727 952 2747 l
970 2726 1053 2749 omittit
1064 2732 1115 2749 cm·-

266 2768 310 2796 νηϊς,
329 2771 351 2790 et
367 2768 466 2790 subinde
484 2774 526 2795 pro
544 2766 649 2790 Asliiiz'ssc'
672 2768 730 2789 sunt
745 2766 823 2795 itaque
841 2766 894 2788 cdd.
912 2765 1054 2788 substituunt
1071 2764 1115 2788 Ad-

266 2807 333 2830 missi
349 2809 405 2830 sunl
423 2807 504 2836 iyitztr.

329 2846 337 2858 *¹
356 2846 400 2869 Ct‘r.
420 2848 479 2869 loan.
498 2847 540 2873 20,
558 2846 595 2868 at.
613 2852 679 2874 seqq.
697 2859 726 2861 —
745 2845 856 2873 Superius
873 2851 916 2873 pro
934 2843 1001 2867 miles
1014 2845 1064 2872 (cfr.
1076 2851 1115 2866 su-

267 2892 307 2914 pra
326 2893 380 2914 pag.
398 2887 456 2912 5255,
475 2889 526 2908 nota
553 2887 584 2914 8.)
611 2884 707 2914 quidam
726 2885 776 2907 Vnt.
796 2891 848 2907 cum
868 2884 903 2907 ecl.
927 2885 931 2905 1
955 2887 975 2906 el
1001 2883 1114 2906 nonnullis

267 2926 335 2948 codd.
352 2925 418 2948 vitiles
436 2925 536 2954 qzcirleiit.

329 2963 338 2976 ⁶
356 2965 462 2992 Greg‹‘·r.‚
481 2965 504 2986 ll.
523 2965 606 2986 Homil.
623 2964 646 2986 in
664 2965 751 2991 Evang.
770 2963 849 2985 homil.
866 2963 902 2984 ⁶29.
929 2969 952 2984 n.
972 2963 991 2984 l.
1010 2962 1039 2984 de
1056 2963 1114 2989 Apo-

266 3005 323 3026 stolo
342 3004 431 3026 'l'homa
450 3004 491 3025 ait:
510 3004 583 3025 Minus
600 3003 661 3025 enim
680 3003 734 3025 inihi
753 3003 820 3024 Maria
839 3002 972 3030 magdalena
990 3001 1113 3029 praestitit,

267 3050 326 3073 quae
352 3044 418 3065 citius
443 3043 553 3069 credidit,
577 3049 648 3071 quam
666 3043 779 3067 Thomas.
797 3042 836 3070 qui
862 3041 902 3063 sliu
929 3040 1051 3063 dubitavit.
1077 3040 1114 3062 llle

1172 2608 1256 2630 etenim
1274 2607 1403 2630 dubitando
1427 2607 1546 2628 minei-um
1572 2606 1690 2628 cicatrices
1713 2605 1786 2632 tetigit
1803 2608 1825 2626 ct
1841 2604 1870 2627 de
1888 2607 1965 2626 nostro
1983 2610 2020 2632 pe-

1172 2650 1234 2669 ctore
1251 2646 1374 2668 dubietatis
1392 2647 1475 2667 vulnus
1492 2645 1628 2673 amputavit.

1235 2684 1245 2697 ⁶
1263 2686 1295 2707 Du
1314 2685 1403 2713 Gange,
1422 2684 1562 2706 Glossarium
1581 2686 1635 2705 etc.:
1654 2683 1828 2710 sacrosancta,
1846 2684 1925 2703 sancta
1948 2682 2020 2703 Evan-

1172 2725 1244 2753 gelia,
1264 2731 1342 2747 sacrae
1365 2724 1487 2753 reliquiae,
1511 2729 1565 2745 crux
1589 2726 1631 2745 etc.
1653 2735 1684 2739 --
1706 2722 1818 2750 Superius
1840 2723 1892 2749 post
1914 2719 2019 2744 veritatis
2105 2735 2106 2749 y

1172 2765 1207 2786 lli
1218 2765 1236 2786 M
1255 2764 1344 2786 addunt
1361 2762 1484 2785 mirabilis.

1235 2802 1243 2815 ⁷
1261 2804 1290 2825 lta
1309 2803 1367 2830 AG;
1391 2802 1445 2825 cdd.
1466 2802 1536 2825 Mane
1558 2802 1650 2828 autem,
1677 2806 1737 2829 quae
1762 2800 1831 2822 etiam
1858 2799 1951 2821 inferius
1975 2804 2018 2826 pro

1175 2843 1333 2865 Transeuntes
1351 2847 1444 2871 quoque
1462 2841 1501 2869 (ita
1519 2842 1536 2862 Α
1547 2841 1574 2869 G)
1592 2839 1734 2862 substituunt
1754 2839 1912 2861 Transeuntes
1924 2843 1987 2860 vero.

1235 2880 1243 2893 ³
1263 2882 1349 2903 Mortua
1367 2884 1401 2903 est
1417 2887 1454 2902 an.
1473 2880 1481 2901 ,1
1489 2880 1532 2902 253
1551 2883 1573 2902 et
1590 2879 1648 2901 inter
1673 2881 1763 2901 sanctas
1789 2877 1896 2905 Virgines
1920 2877 2018 2904 ast-rima

1171 2927 1208 2943 an.
1227 2921 1300 2947 1125&
1317 2921 1359 2943 cfr.
1383 2919 1515 2947 Wadding.y
1542 2922 1598 2941 tom.
1621 2919 1644 2940 ll.
1668 2917 1698 2940 ad
1722 2923 1759 2939 an.
1781 2917 1851 2944 1253,
1868 2923 1889 2938 n.
1908 2916 1928 2937 9.
1946 2918 1968 2938 et
1989 2915 2017 2937 ad

1171 2966 1206 2982 an.
1227 2960 1294 2987 1255,
1313 2966 1334 2982 n.
1352 2960 1372 2981 5.
1391 2965 1439 2987 seq.
1714 2955 1724 2968 ⁹
1742 2956 1794 2978 Sive
1811 2956 1849 2978 die
1867 2955 1887 2977 4.
1905 2954 2018 2977 Octobris.

1234 2998 1254 3011 ¹⁰
1272 3000 1303 3021 De
1320 3005 1367 3027 quo
1385 2998 1438 3020 vide
1455 3003 1525 3025 supra
1543 3002 1563 3019 c.
1581 2997 1601 3018 6.
1620 3003 1641 3018 n.
1660 2996 1681 3018 5.
1699 2996 1721 3017 in
1739 2995 1790 3017 fine.

1234 3038 1251 3050 ¹¹
1270 3038 1325 3061 Cod.
1344 3038 1362 3059 Α
1379 3037 1462 3059 omittit
1478 3036 1513 3059 cle.
