2133 3317
136 695 206 717 Tertio,
220 694 244 713 de

124 719 206 737 vitandis
214 723 257 737 sae-

142 742 238 761 eularibus

130 765 251 784 eonsuetudi-

157 789 219 808 nibus.

135 1083 161 1102 De
175 1083 254 1102 exeniis.

136 1818 249 1838 Notandum.

273 223 329 251 604-

272 301 437 325 saecularium
456 307 523 325 more
543 300 667 325 comedere
687 299 776 331 patens
790 299 829 324 est
841 299 987 331 gulositatis
1000 300 1124 324 indicium.

272 344 395 376 Siquidem
415 343 485 368 extra
504 344 567 368 duas
587 344 652 368 vices
671 344 695 367 111
715 343 765 372 (110,
785 343 833 367 11131
846 343 995 368 necessitate
1008 343 1125 374 cogente,

270 389 296 412 in
316 388 386 412 domo
407 387 445 411 vel
465 386 536 411 extra
555 386 680 411 comedere
693 393 841 417 puerorum,
856 386 930 417 immo
945 386 1065 417 pecudum
1078 386 1125 411 est.

271 430 349 454 Senex
367 429 446 460 legem
466 429 491 453 in
511 429 606 453 vicibus
625 429 766 453 comedendi
785 436 835 453 11011
854 436 959 453 servans
982 428 1063 453 fertur
1082 436 1126 460 per

271 473 396 504 Angelum
416 473 485 497 asino
504 472 672 503 comparatus.
686 472 726 496 Ad
739 472 896 497 collationem
913 472 1023 503 tempore
1042 473 1127 497 ieiunii

271 516 408 540 faciendam
428 516 524 540 duabus
538 515 638 540 tantum
652 516 691 540 vel
704 515 799 544 1110113,
814 516 835 540 31
848 515 958 547 indiges,
974 516 1057 540 bibere
1069 516 1126 541 vici-

270 560 326 589 bus,
338 559 518 590 temperantiae
532 558 648 590 congruit
661 559 686 583 et
692 558 831 583 honestati.
842 558 931 583 Studet
943 559 1041 584 sobrius
1051 566 1127 591 quan-

271 603 327 627 dam
338 602 519 633 temperantiae
532 602 612 633 legem
624 602 651 626 in
663 602 725 633 ipsis
739 601 814 626 etiam
824 603 972 627 necessariis
986 602 1126 627 observare.

344 645 367 670 7.
388 646 500 677 Denique
519 645 675 676 quorundam
694 645 871 670 saccularium
890 646 914 670 in
935 645 1053 670 faciendis
1070 653 1127 670 con-

272 689 441 713 vitationibus
453 688 459 700 ¹
481 689 506 713 in
515 688 634 720 poculis,
651 689 677 713 in
696 687 851 720 fragmentis
864 690 888 713 et
909 688 1059 713 huiusmodi
1072 696 1126 713 con-

274 732 421 758 suetudines
440 732 522 756 vitent
540 732 572 756 ad
592 739 710 756 mensam.
731 731 789 757 Non
809 739 834 757 se
854 732 959 757 invicem
984 732 1054 757 facile
1073 739 1127 757 con-

274 775 369 804 vitent,
390 775 432 799 sed
452 775 565 800 comedat
584 775 624 799 vel
642 775 712 799 bibat
736 775 907 806 unusquisque
935 782 980 806 pro
1006 783 1064 800 suae
1089 783 1127 799 ar-

274 818 348 843 bitrio
369 818 521 848 voluntatiS,
542 818 664 849 quantum
683 818 827 843 necessitati
847 826 906 843 suae
925 819 1013 843 melius
1027 819 1074 843 sibi
1086 826 1127 843 110-

274 862 315 886 tae
333 869 408 893 quani
428 862 471 886 alii
491 861 581 886 viderit
600 862 722 893 expedire.
742 862 855 893 Congrue
881 862 964 886 tamen
988 862 1070 887 senior
1089 869 1127 886 ve-

272 905 438 930 recundantes
466 904 530 930 forte
557 905 597 930 vel
616 906 720 930 nimium
734 905 890 930 abstinentes
903 905 1012 930 iuniores
1026 904 1127 929 invitat.

273 948 371 980 Sapor²
392 949 417 974 et
436 949 565 980 potagium
585 949 759 980 praegustata,
778 949 865 973 vilium
889 956 985 980 quoque
1005 956 1048 973 seu
1067 956 1128 980 quo—

273 992 392 1017 rumlibet
410 992 521 1017 ciborum
540 992 672 1023 reliquiae,
692 992 721 1016 ut
735 999 807 1017 ovum
822 1000 900 1017 unum
914 992 1075 1017 tantillumve
1090 992 1128 1023 111-

273 1036 382 1065 tantiae,
395 1036 423 1065 si,
434 1036 522 1060 ventre
536 1036 584 1060 iam
599 1035 699 1065 satiato,
714 1036 838 1066 supersit,
853 1036 995 1060 indecenter
1008 1042 1127 1060 commen-

273 1079 381 1108 salibus,
403 1079 507 1103 maxime
527 1079 666 1104 senioribus
684 1079 844 1110 ingeruntur.
864 1079 968 1103 Emonia
979 1077 988 1090 ²³
1002 1086 1046 1109 per
1059 1085 1127 1103 men-

275 1130 328 1147 sam
346 1130 396 1147 non
417 1121 529 1146 mittant.
550 1122 572 1146 A
590 1121 744 1153 fraymeniis
765 1123 788 1146 et
806 1122 926 1153 reliquiis
945 1121 1064 1151 caveant,
1085 1121 1127 1146 sed

272 1166 301 1191 de
321 1173 384 1197 pane
404 1166 429 1190 et
448 1166 504 1190 aliis
524 1165 560 1190 ita
580 1165 627 1190 sibi
645 1166 794 1196 provideant
812 1165 971 1196 mensurate,
992 1165 1021 1189 ut
1045 1172 1128 1190 coram

272 1216 297 1234 se
317 1209 359 1233 vix
378 1209 455 1233 micas
474 1208 627 1240 relinquant.
646 1209 677 1233 In
697 1208 798 1240 patagio
824 1208 908 1233 tamen
933 1208 1028 1239 aliquid
1052 1208 1127 1232 inter-

271 1252 329 1276 dum
348 1252 452 1277 honeste
472 1251 631 1283 relinquunt,
651 1252 675 1276 id
695 1252 741 1276 sibi
755 1259 894 1283 pauperum
907 1251 932 1275 et
946 1250 1127 1282 temperantiae

270 1295 354 1326 gratia
373 1294 565 1324 subtrahentes,
585 1302 684 1324 verum,
699 1294 746 1319 etsi
759 1295 819 1326 quid
832 1294 895 1320 forte
909 1295 1063 1326 relinquere,
1077 1301 1126 1319 non

270 1338 355 1362 tamen
373 1337 403 1362 ut
424 1337 606 1369 paterfamilias
634 1338 664 1362 ad
693 1338 846 1369 erogandum
869 1345 1001 1369 congerere
1027 1337 1127 1369 permit-

271 1382 369 1406 tuntur.
389 1381 438 1406 Pro
458 1381 530 1406 sociis
549 1381 633 1406 autem
644 1380 653 1393 ¹¹
674 1382 714 1406 vix
727 1381 772 1406 aut
785 1389 929 1412 nunquam,
944 1381 1048 1406 maxime
1062 1382 1126 1406 circa

270 1424 345 1449 finem
364 1424 506 1450 refectionis
526 1432 615 1456 panem
635 1425 674 1449 vel
693 1425 761 1449 aliud
781 1425 910 1454 scindant,
930 1424 975 1449 aut
994 1425 1081 1456 potum
1100 1425 1125 1449 in

271 1468 363 1499 scypho
384 1467 493 1499 ponant,
513 1468 561 1492 nisi
581 1468 670 1492 saltem
689 1468 812 1499 quantum
826 1468 874 1499 ipsi
888 1468 934 1493 soli
947 1468 1071 1493 comedere
1084 1468 1125 1493 vel

269 1510 352 1535 bibere
372 1510 488 1540 valeant,
508 1511 529 1535 si
542 1511 597 1540 alii,
612 1511 702 1542 quibus
714 1511 775 1536 haec
788 1510 908 1540 offerunt,
920 1518 970 1535 11011
983 1509 1124 1542 acceptant.

271 1553 407 1585 Nunquam
428 1560 472 1584 pro
492 1553 615 1583 buccella,
635 1553 664 1578 ut
683 1553 781 1584 dicitur,
802 1561 891 1585 panem
912 1553 973 1578 tunc
997 1553 1125 1585 integrum

271 1597 386 1621 scindant
397 1596 414 1626 ⁵,
435 1596 583 1627 praesertim
603 1597 624 1621 si
643 1597 710 1627 apud
729 1598 807 1622 socios
827 1597 935 1622 fractum
947 1597 1085 1622 inveniant.
1099 1597 1124 1621 Si

270 1639 391 1671 scyphum
410 1647 565 1665 communem
584 1640 732 1670 habuerint,
752 1641 795 1671 qui
818 1640 901 1665 bibere
926 1640 1047 1669 voluerit,
1073 1647 1123 1665 non

269 1683 378 1714 amplius
398 1683 426 1707 de
446 1683 507 1714 potu
526 1683 652 1714 apponat,
672 1691 747 1715 quam
768 1684 848 1715 possit
876 1683 959 1708 bibere
986 1691 1037 1708 una
1062 1683 1121 1708 vice.

268 1726 340 1751 111101·
361 1727 479 1758 reliquias
491 1725 509 1755 ⁶,
529 1734 591 1758 quae
610 1727 744 1758 aliquando
763 1727 842 1757 fiunt,
862 1727 950 1752 inutile
969 1727 1064 1758 aliquid
1083 1727 1123 1751 vel

269 1770 398 1799 nocivum,
418 1770 447 1794 ut
466 1777 529 1801 quae
547 1770 575 1794 de
594 1778 670 1800 nuce,
697 1778 742 1796 ovo
771 1770 937 1802 castaneaque
966 1770 1121 1801 proficimus,

270 1813 295 1838 et
314 1813 363 1838 alia
382 1820 492 1844 quaeque
511 1813 656 1839 huiusmodi
674 1815 744 1839 nullo
764 1814 834 1839 modo
853 1814 1007 1845 relinquant.
1022 1829 1057 1831 —
1070 1814 1122 1839 Mu-

269 1858 361 1889 rilegos
381 1858 420 1882 vel
439 1865 498 1882 aves
518 1858 549 1882 ad
568 1865 679 1883 mensam
698 1865 747 1883 non
768 1858 885 1889 pascant,
905 1865 960 1883 cum
979 1865 1023 1883 1100
1042 1859 1068 1883 111
1087 1866 1122 1883 re-

270 1900 371 1926 fectorio
389 1900 496 1925 debeant
515 1901 642 1926 sustineri.
662 1901 773 1926 Possunt
797 1909 853 1926 011111
881 1901 954 1926 dictis
978 1901 1003 1926 et
1031 1901 1123 1925 similia

272 1944 336 1969 circa
355 1944 529 1969 comestionem
558 1945 669 1974 attendi3
697 1945 870 1969 verumtamen
898 1944 958 1969 sunt
985 1945 1121 1974 nonnulla,

271 1995 332 2018 quae
351 1987 410 2012 licet
428 1988 592 2012 communiter
610 1988 701 2013 vitiosa
726 1988 856 2019 putentur,
884 1988 1010 2013 interdum
1038 1988 1123 2013 tamen

270 2030 336 2055 inter
355 2031 503 2056 domesticos
521 2032 547 2056 in
566 2031 658 2063 spiritu
677 2031 791 2056 caritatis
810 2032 862 2056 sine
882 2031 943 2057 vitio
968 2030 1121 2056 exercentur.

574 2118 723 2142 CAPITULUM
741 2118 823 2143 XXII.

444 2204 484 2229 De
503 2204 644 2235 disciplina
663 2204 690 2228 in
709 2211 784 2235 opere
802 2204 922 2229 manuali
933 2203 950 2228 ⁷.

345 2289 368 2314 1.
390 2290 431 2315 Ad
450 2290 607 2321 disciplinam
625 2291 690 2315 circa
708 2291 852 2315 exercitium
878 2291 960 2322 operis
985 2290 1123 2320 manualis,

131 2341 260 2365 Requiruntur
273 2333 337 2365 quod
356 2333 472 2358 videlicet
499 2334 610 2358 manuali
634 2341 707 2365 opere
735 2334 899 2365 corporaliter
919 2334 1054 2364 exercetur,
1073 2341 1125 2358 ser-

173 2365 216 2383 tria.

273 2377 394 2406 vandam,
415 2378 555 2402 necessarIa
573 2376 612 2401 est
631 2377 763 2408 discretio,
784 2377 920 2409 diligentia
946 2377 971 2402 et
997 2377 1125 2402 honestas.

709 220 906 249 OPUSCULUM
929 221 946 248 Ι.
969 220 1141 250 SPECULUM
1161 221 1370 250 DISCIPLINAE.
1394 222 1473 251 PARS
1494 222 1601 251 PRIMA.

1183 315 1217 317 —
1236 300 1283 325 Est
1301 300 1415 326 habenda
1434 301 1553 326 discretio
1572 302 1636 326 circa
1656 309 1732 333 opus,
1753 302 1781 327 ut
1801 303 1871 334 quod
1892 303 2030 328 faciendum
2055 306 2130 332 Primo³

1183 344 1222 368 est
1240 344 1265 369 et
1284 344 1387 375 quando
1398 343 1407 356 Β
1427 344 1480 371 fiat.
1500 359 1535 362 —
1554 345 1749 370 Discernendum
1769 346 1808 371 est
1816 347 1920 378 primo,
1933 347 1962 371 ut
1975 347 2032 372 utili
2059 336 2133 383 “ffing'

1183 387 1255 418 operi
1274 388 1454 417 necessarium,
1474 387 1537 413 bono
1556 396 1652 420 quoque
1671 389 1774 419 melius,
1798 389 1823 414 et
1848 390 1944 415 meliori
1969 389 2034 421 opti-
2046 392 2108 416 Quoad
2120 401 2127 414 c

1184 438 1251 454 mum
1271 430 1435 461 praeferatur.
1455 431 1547 455 iuvare
1566 431 1696 461 Fratrem,
1716 439 1772 457 cum
1790 432 1899 464 indiget,
1926 433 2034 458 multum

1183 473 1269 505 utique
1288 474 1356 504 operi
1376 474 1495 505 peculiari
1514 475 1705 505 praeponderat.
1718 475 1840 505 Rursum,
1854 476 1978 501 celebrare
1997 484 2036 502 vo—

1183 516 1247 541 lenti
1264 517 1380 541 iuvamen
1401 517 1549 542 subtrahere
1568 518 1685 542 maiorem
1706 519 1820 549 pluribus
1839 519 1895 544 aliis
1916 519 2035 544 offensam

1184 567 1251 588 esse,
1271 560 1327 591 quis
1346 559 1491 591 ambigit9?
2127 568 2128 597 1

1255 602 1279 628 2.
1299 602 1346 627 Ε31
1365 603 1440 627 etiam
1452 601 1472 614 ¹⁰
1492 602 1694 632 discernendum,
1709 604 1773 634 quod
1786 611 1848 635 opus
1862 611 1911 635 quo
1926 606 2035 636 tempore
2052 612 2113 635 Quoad
2124 618 2133 642 μ

1184 645 1238 670 fiat.
1258 645 1387 671 Nonnulla
1407 645 1527 677 siquidem
1547 646 1572 670 in
1591 646 1662 671 festis
1682 646 1769 671 diebus
1787 654 1837 672 non
1856 647 1958 677 fierent,
1972 655 2035 679 quae
2090 641 2127 668 ΡΨ

1184 689 1210 714 in
1229 689 1347 720 profestis
1366 689 1427 713 bene
1446 689 1500 714 fieri
1520 689 1634 720 possunt.
1653 689 1760 715 Videtur
1778 690 1857 722 igitur
1875 691 1901 715 in
1920 691 2035 722 operibus
2126 685 2127 705 ¹

1184 732 1396 763 distinguendum.
1416 732 1480 757 Sunt
1499 733 1562 757 enim
1583 733 1699 758 exercitia
1717 734 1852 765 quaedam,
1872 742 1934 765 quae
1954 742 2038 760 neces-

1185 775 1255 800 sitati
1275 776 1433 807 quotidianae
1451 776 1606 806 inserviunt,
1627 776 1656 801 ut
1680 777 1719 801 est
1742 777 1852 802 ciborum
1878 778 2037 809 praeparatio

1185 819 1380 843 necessariorum
1399 818 1430 843 ad
1458 819 1536 848 diem,
1566 819 1711 844 utensilium
1745 821 1864 852 coquinae
1892 820 1987 846 ablutio
2012 821 2038 846 et

1185 861 1336 890 consimilia,
1357 868 1419 892 quae
1439 862 1505 886 omni
1525 861 1636 893 tempore
1655 862 1709 887 fieri
1729 863 1818 887 solent.
1838 862 1902 887 Sunt
1917 863 2037 894 quaedam

1185 904 1249 933 alia,
1269 911 1331 935 quae
1350 904 1375 928 in
1396 904 1460 929 diem
1479 904 1586 929 alteram
1605 905 1699 930 differri
1718 906 1839 937 possunt,
1860 906 1889 930 ut
1913 906 1951 931 031
1976 907 2037 931 3011-

1184 947 1241 972 bere
1256 948 1280 972 in
1295 948 1430 978 quaterno,
1450 947 1559 972 tunicam
1579 949 1658 980 virgis
1670 947 1688 961 ¹¹
1704 949 1830 979 excutere,
1848 949 1925 981 caput
1937 950 2038 974 abluere

1185 990 1315 1021 ceteraque
1336 990 1440 1019 similia,
1460 998 1475 1015 a
1494 991 1584 1022 quibus
1603 991 1642 1015 est
1660 991 1746 1016 diebus
1766 992 1894 1017 dominicis
1917 992 1942 1016 et
1966 991 2038 1017 festis

1185 1034 1325 1065 praecipuis
1345 1034 1521 1059 abstinendum
1541 1034 1571 1059 ob
1591 1035 1654 1059 sacri
1673 1035 1840 1060 reverentiam
1853 1035 1981 1066 temporis.
1995 1035 2038 1060 Fe-

1185 1077 1218 1101 sti
1237 1084 1343 1108 namque
1362 1077 1414 1102 dies
1434 1085 1478 1108 per
1497 1078 1629 1103 honestum
1649 1078 1739 1109 quietis
1753 1079 1845 1108 otium,
1859 1079 1903 1103 alii
1915 1086 1973 1104 vero
1986 1079 2038 1104 dies
2123 1085 2124 1098 ¹

1186 1128 1230 1152 per
1248 1120 1342 1146 laboris
1361 1121 1438 1145 debiti
1457 1121 1599 1146 exercitium
1619 1121 1784 1146 honorantur.
1798 1122 1834 1146 De
1853 1129 1901 1153 (1110
1915 1122 1989 1154 Hugo
2002 1120 2037 1146 ¹²:

1189 1174 1201 1186 «
1215 1164 1356 1194 Quantum,
1377 1165 1471 1196 inquit,
1492 1165 1561 1189 addit
1580 1165 1674 1190 decoris
1693 1165 1779 1190 diebus
1800 1165 1896 1190 festivis
1916 1166 1985 1197 quies
1998 1172 2038 1190 va-

1184 1208 1305 1239 cationis,
1325 1208 1425 1233 tantum
1445 1209 1585 1233 ornamenti
1604 1209 1700 1234 confert
1719 1209 1807 1234 ceteris
1827 1209 1913 1234 diebus
1927 1209 2038 1234 studium

1184 1251 1243 1276 boni
1261 1252 1356 1283 operis,
1377 1251 1413 1276 ita
1431 1252 1460 1276 ut
1478 1252 1503 1276 in
1523 1252 1573 1277 illis
1593 1253 1704 1283 quisquis
1724 1252 1833 1277 noluerit
1852 1260 1905 1277 esse
1924 1251 2037 1284 quietus,

1184 1295 1256 1320 iudex
1272 1295 1305 1320 sit
1326 1302 1384 1320 suae
1404 1295 1539 1324 vanitatis,
1559 1295 1584 1320 et
1602 1295 1628 1319 in
1647 1295 1703 1320 istis
1722 1296 1764 1326 qui
1784 1303 1833 1320 non
1852 1295 1928 1320 fuerit
1948 1295 2039 1321 studio-

1184 1346 1241 1368 sus,
1261 1338 1335 1363 testis
1354 1338 1480 1370 pigritiae.
1501 1338 1620 1363 Carnales
1640 1339 1759 1370 siquidem
1779 1338 1883 1368 mentes,
1894 1338 1934 1371 1110
1953 1339 1993 1364 vel
2012 1339 2037 1363 in

1183 1382 1234 1406 illis
1253 1382 1339 1407 diebus
1359 1381 1501 1413 quiescant,
1522 1381 1622 1406 vanitas
1641 1382 1767 1413 exagitat,
1787 1389 1817 1407 ne
1840 1382 1879 1407 vel
1898 1382 1924 1406 in
1943 1382 1999 1407 istis
2012 1382 2038 1407 in

1183 1424 1246 1449 bono
1266 1432 1339 1456 opere
1358 1432 1383 1449 se
1403 1424 1546 1454 exerceant,
1561 1424 1664 1456 pigritia
1676 1424 1774 1456 ligat».
1790 1425 1883 1449 Deinde
1897 1425 1968 1456 quasi
1981 1432 2035 1450 con-

1183 1468 1285 1493 cludens
1304 1468 1447 1500 subiungit:
1472 1478 1484 1489 «
1498 1467 1657 1499 Quapropter
1676 1475 1725 1493 non
1749 1468 1905 1500 negligenter
1924 1468 2038 1493 habenda

1182 1511 1221 1536 est
1239 1512 1265 1536 in
1284 1511 1347 1536 bono
1367 1519 1440 1542 opere
1459 1511 1574 1536 discretio
1593 1511 1748 1542 temporum,
1768 1512 1839 1543 quia,
1860 1511 1925 1536 sicut
1943 1512 2037 1536 malum

1182 1562 1245 1587 opus
1264 1555 1334 1580 nullo
1354 1555 1466 1586 tempore
1484 1555 1609 1580 laudabile
1628 1555 1679 1585 est,
1699 1555 1736 1580 ita
1755 1555 1830 1580 etiam
1856 1555 1948 1580 bonum
1974 1562 2036 1586 opus

1182 1598 1289 1629 quodam
1303 1598 1374 1623 modo
1395 1598 1585 1629 reprehensione
1604 1599 1707 1630 dignum
1732 1598 1865 1629 iudicatur,
1886 1599 1907 1623 si
1926 1598 2037 1630 tempore

1181 1641 1322 1672 opportuno
1341 1641 1436 1666 factum
1454 1648 1504 1666 non
1523 1641 1597 1666 est».

1252 1684 1277 1708 3.
1297 1685 1445 1716 Diliyentia
1463 1685 1489 1709 in
1508 1692 1581 1716 opere
1600 1693 1629 1710 ex
1645 1686 1852 1717 promptitudine
1864 1685 1994 1717 operantis
2007 1684 2032 1710 et
2050 1684 2133 1735 Snegffiff

1181 1728 1271 1753 devota
1289 1727 1405 1759 fidelique
1425 1729 1616 1759 operandoruni
1634 1729 1791 1754 ooesecutione
1815 1728 1977 1760 dignoscitur.
1997 1742 2032 1746 —-
2057 1730 2133 1760 pliciis}

1180 1770 1332 1802 Diligentiae
1350 1771 1493 1796 huiusmodi
1507 1771 1686 1801 promptitudo
1706 1778 1755 1796 non
1774 1771 1801 1796 in
1820 1778 1893 1803 opere
1911 1778 2030 1795 manuum
2048 1759 2133 1807 1111111111

1180 1814 1295 1844 tantum,
1315 1813 1389 1839 sed¹q
1408 1815 1435 1839 in
1453 1814 1613 1839 conventuali
1632 1814 1742 1846 quolibet
1761 1815 1866 1839 maxime
1883 1815 1965 1839 locum
1987 1814 2029 1839 ha·
2047 1803 2110 1845 ηιξ-Ἠ
2129 1806 2133 1823 ¹

1179 1857 1229 1883 bet.
1249 1858 1373 1889 Quidquid
1391 1857 1501 1889 pertinet
1519 1858 1551 1882 ad
1567 1858 1730 1887 conventum,
1743 1858 1769 1882 id
1781 1858 1914 1889 praecipuo
1927 1858 2029 1889 diligen-

1180 1901 1230 1926 tiae
1249 1901 1332 1926 studio
1352 1901 1390 1926 est
1408 1901 1540 1933 agendum.
1560 1900 1615 1925 Sint
1634 1909 1692 1933 ergo
1711 1901 1843 1933 praecipue
1867 1901 1899 1926 ad
1922 1908 2029 1927 conven-

1180 1945 1260 1969 tualia
1278 1944 1435 1976 exsequenda
1454 1944 1643 1975 promptissimi.
1663 1944 1800 1976 Nunquam
1819 1945 1889 1970 tarde
1914 1945 1946 1970 ad
1969 1952 2031 1976 opus

1181 1988 1238 2018 Dei,
1253 1989 1293 2013 vel
1306 1988 1338 2013 ad
1358 1995 1470 2013 mensam
1489 1988 1628 2013 occurrant.
1643 1988 1713 2013 Unde
1727 1988 1830 2013 sanctus
1842 1988 1991 2013 Benedictus
2003 1986 2034 2013 ¹4:

1187 2042 1199 2054 «
1211 2032 1251 2057 Ad
1270 2032 1358 2057 horam
1378 2032 1455 2056 divini
1474 2031 1561 2061 officii,
1581 2039 1637 2056 mox
1655 2032 1684 2056 ut
1705 2031 1819 2056 auditum
1832 2031 1909 2056 fuerit
1922 2032 2036 2063 signum,

1181 2075 1276 2100 relictis
1297 2075 1427 2104 omnibus,
1446 2082 1509 2107 quae
1528 2075 1552 2099 in
1573 2075 1688 2099 manibus
1717 2075 1825 2105 fuerint,
1855 2082 1952 2100 summa
1979 2082 2035 2100 cum

1181 2118 1342 2144 festinatione
1362 2118 1491 2148 curratur,
1505 2125 1560 2142 cum
1573 2117 1700 2149 gravitate
1720 2118 1818 2148 tamen,
1838 2118 1867 2142 ut
1885 2125 1935 2143 non
1948 2118 2036 2143 scurri-

1181 2161 1242 2186 litas
1262 2161 1377 2186 inveniat
1393 2161 1512 2186 fomitem.
1531 2160 1599 2192 Ergo
1611 2160 1675 2185 nihil
1688 2161 1756 2192 operi
1769 2160 1815 2185 Dei
1829 2160 2000 2192 praeponatur
2009 2170 2033 2185 >›.

1188 2214 1200 2226 <<
1214 2205 1253 2229 Ad
1272 2212 1384 2229 mensam
1404 2204 1487 2229 autem
1507 2205 1550 2235 qui
1568 2212 1612 2235 per
1630 2204 1811 2236 negligentiam
1830 2211 1880 2229 non
1901 2204 2037 2229 occurrerit

1182 2247 1241 2272 ante
1260 2255 1378 2277 versum,
1398 2247 1427 2272 111
1446 2247 1520 2272 simul
1540 2255 1624 2272 01111103
1643 2247 1728 2272 dicant
1747 2255 1849 2272 versum
1868 2247 1893 2272 et
1922 2246 1994 2272 orent
2012 2247 2037 2272 et

1182 2290 1228 2314 sub
1248 2297 1297 2315 11110
1318 2297 1403 2315 omnes
1422 2290 1453 2315 ad
1472 2298 1583 2315 mensam
1602 2290 1758 2320 accedant»,
1779 2291 1800 2315 si
1813 2297 1892 2322 usque
1905 2290 1937 2315 ad
1949 2297 2036 2315 secun·
2112 2252 2133 2331 u

1182 2333 1237 2358 dam
1246 2333 1324 2358 vicem
1337 2333 1468 2364 correptus
1481 2333 1611 2358 emendare
1623 2333 1769 2365 neglexerit,
1780 2333 1850 2358 iuxta
1859 2334 1939 2365 ipsius
1952 2333 2036 2358 Sancti

1182 2376 1338 2401 decretum¹⁵
1348 2384 1364 2401 a
1377 2377 1513 2401 communis
1526 2376 1565 2401 est
1578 2384 1676 2401 mensae
1693 2376 1886 2408 participatione
1902 2376 2034 2407 arcendus,

332 2525 339 2538 ¹
362 2526 396 2549 Du
415 2526 505 2554 Gange,
522 2527 663 2549 Glossarium
682 2530 737 2550 ctc.:
756 2527 900 2555 Com-imao,
914 2528 1018 2550 inritatio
1031 2528 1059 2550 ad
1072 2535 1125 2550 con-

272 2558 369 2580 vivium.
390 2557 527 2586 Conritare,
546 2559 651 2581 invitare.
677 2560 728 2581 Vnt.
746 2560 781 2581 liic
804 2559 1011 2582 coinvitail'onibus
1034 2562 1056 2582 et
1072 2560 1125 2582 inse-

271 2590 320 2611 rius
338 2589 464 2612 comiteur
482 2590 510 2617 (D
528 2590 641 2619 invitent).
659 2590 732 2613 Cedd.
751 2591 820 2613 CDE
838 2594 859 2613 et
877 2591 931 2613 edd.
953 2592 973 2618 Ι,
993 2591 1125 2613 ammittant

272 2622 297 2645 in
312 2620 414 2650 poculis.

336 2652 344 2663 ‘²
363 2653 397 2675 Du
415 2652 506 2681 Gange,
524 2653 664 2675 Glossarium
683 2657 740 2676 ete.:
757 2653 844 2682 Sapor,
857 2654 1045 2681 condimentum,
1058 2654 1125 2676 111νί-

273 2687 348 2712 detur,
366 2685 420 2706 Gall.
439 2690 517 2707 sance.
535 2697 566 2701 —-
584 2685 678 2707 Inferius
696 2691 738 2713 pro
756 2691 833 2707 unum
850 2685 867 2707 B
885 2688 907 2707 et
924 2685 959 2707 ed.
978 2686 991 2707 2
1009 2685 1100 2708 vinum.

337 2717 345 2730 ³
365 2716 387 2738 ld
405 2719 438 2738 cst
456 2722 564 2743 munera,
584 2716 653 2738 dona.

337 2749 346 2761 '¹
364 2748 418 2769 Fide
436 2747 480 2770 CD
492 2749 506 2769 Ε
524 2747 686 2770 substituimus
703 2749 783 2771 autem.
800 2754 843 2776 pro
860 2749 910 2771 [tut.

336 2780 345 2792 ⁵
363 2778 437 2801 Codd.
455 2778 471 2801 C
482 2779 500 2801 D
511 2780 525 2801 E
543 2782 564 2801 et
581 2780 617 2802 ed.
636 2781 649 2802 2
667 2780 791 2809 [ranae-nt.

336 2810 345 2823 ⁶
364 2811 404 2832 Ed.
422 2811 435 2832 Ξ
453 2810 534 2833 nilons.

337 2842 345 2855 ⁷
363 2842 434 2863 (Jodd.
453 2842 471 2863 Α
484 2842 500 2864 Β
518 2845 540 2864 et
557 2842 592 2864 cd.
612 2843 624 2864 2
643 2842 706 2865 circa
729 2841 870 2865 πίνη-11111111
893 2842 970 2871 operis
993 2841 1022 2871 [A
1040 2842 1124 2865 omittit

274 2873 361 2903 operis]
379 2873 510 2896 manualis.

337 2904 346 2916 Β
364 2905 419 2927 Fide
437 2907 452 2926 :x
467 2906 483 2926 B
501 2908 523 2927 et
541 2905 577 2927 ed.
595 2906 608 2927 2
626 2905 787 2927 substituimus
805 2906 827 2927 et
843 2904 938 2934 qnando
957 2911 998 2933 pro
1010 2904 1121 2933 discrete,

274 2937 338 2965 quod
358 2937 407 2958 Vat.
425 2939 447 2957 et
465 2936 502 2958 ed.
523 2936 530 2957 11
553 2939 642 2964 ponunt
660 2937 736 2965 (etiam
756 2940 833 2959 contra
852 2936 941 2965 CDE).
964 2937 1058 2959 inferius
1080 2942 1122 2964 pro

271 2967 352 2997 primo
370 2968 437 3020 edla
456 2966 483 2990 (le
498 2967 589 2996 primo,
607 2970 624 2990 A
643 2967 670 2990 de
686 2968 812 2997 pron-imo,
826 2972 847 2989 et
860 2974 902 2995 pro
915 2967 995 2990 1ιίίίἱΰ
1006 2968 1023 2990 D
1036 2970 1058 2990 et
1068 2968 1122 2990 edd.

275 3000 299 3027 ¹1,
318 3000 331 3021 ΕΞ
349 2998 435 3021 inulii,

338 3029 347 3042 ⁹
364 3030 436 3052 Codd.
455 3029 470 3052 C
482 3030 524 3051 DE
542 3033 563 3052 et
581 3030 633 3053 edd.
657 3032 677 3057 1,
696 3032 708 3052 ‘3
726 3030 839 3059 anibiynt.

1246 2527 1265 2540 ¹⁰
1283 2528 1335 2549 Vnt.
1352 2526 1421 2550 enim.
1442 2528 1493 2549 Post
1510 2526 1691 2549 discernendum
1709 2526 1746 2548 ed.
1767 2527 1780 2548 2
1799 2526 1862 2548 addit
1879 2524 2010 2554 deprimo.

1245 2559 1263 2571 ¹¹
1283 2559 1355 2581 Codd.
1373 2559 1389 2581 C
1401 2559 1417 2580 D
1428 2559 1443 2580 E
1461 2562 1483 2580 et
1500 2558 1552 2580 edd.
1572 2558 1596 2586 11,
1614 2559 1627 2580 2
1645 2557 1738 2581 tunicas
1760 2563 1815 2580 cum
1831 2556 1917 2586 vit-qis,
1938 2557 1956 2578 Α
1974 2556 2033 2579 lmzi-

1182 2596 1233 2613 oum
1252 2597 1266 2613 (1
1285 2590 1420 2613 vermiculis
1438 2596 1493 2613 etun
1512 2589 1592 2618 rit-yis.

1245 2621 1264 2634 ¹2
1281 2622 1314 2644 De
1333 2622 1429 2644 institut.
1447 2621 1518 2643 novit.
1535 2627 1554 2643 e.
1574 2621 1593 2642 1.
1613 2621 1654 2642 Pro
1672 2620 1778 2643 studium
1796 2619 1851 2642 boni
1867 2619 1944 2648 operis
1960 2622 2032 2641 textus

1181 2653 1299 2681 originalis
1317 2652 1385 2676 leboi-
1403 2652 1493 2682 operis,
1511 2656 1533 2674 et
1550 2658 1593 2680 pro
1609 2651 1732 2675 studiosas
1751 2652 1802 2673 Vat.
1819 2657 1872 2673 cum
1890 2651 1927 2673 ed.
1949 2651 1953 2672 1
1971 2650 2032 2673 labo-

1180 2691 1268 2707 mostis.

1245 2715 1264 2728 ¹³
1282 2715 1355 2738 Codd.
1373 2716 1389 2738 C
1400 2716 1418 2737 D
1429 2716 1443 2737 Ε
1461 2718 1483 2737 et
1500 2715 1537 2737 ed.
1550 2716 1558 2736 ,1
1575 2714 1660 2742 immo,
1678 2714 1715 2736 ed.
1733 2715 1746 2736 ⁴2
1760 2713 1832 2736 immo
1844 2715 1878 2741 el,
1891 2719 1951 2742 quae
1963 2713 2031 2735 etiam

1181 2747 1275 2770 inferius
1291 2747 1389 2770 vocibus
1409 2746 1528 2776 Quidquid
1542 2745 1645 2776 pertinet
1662 2746 1778 2768 interserit
1794 2745 1864 2772 enim,
1888 2748 1910 2767 et
1933 2744 2031 2767 subinde
2106 2750 2108 2766 1

1181 2785 1223 2806 pro
1248 2779 1273 2801 ¹id
1292 2778 1424 2808 praecipuo
1450 2778 1520 2800 CDE
1540 2781 1562 2800 et
1579 2778 1614 2800 ed.
1634 2779 1646 2799 ἱ).
1669 2776 1820 2806 praecipuo,-
1846 2776 1898 2798 Vat.
1921 2775 1945 2798 id
1962 2781 2032 2805 prae-

1180 2816 1263 2854 mpues⁴¹
1280 2842 1361 2869 Regni.
1380 2848 1400 2863 0.
1419 2841 1456 2863 113.

1245 2872 1263 2885 ¹⁵
1281 2873 1396 2895 Benedict.
1405 2891 1410 2900 ,
1428 2873 1470 2894 loc.
1483 2872 1519 2894 cit.
1533 2872 1617 2894 Textus
1629 2871 1759 2898 originalis,
1772 2871 1858 2893 omisso
1870 2870 1977 2898 superius
1986 2875 2029 2899 pei·

1180 2904 1360 2933 neqliqentinm„
1382 2907 1435 2932 post
1451 2902 1564 2926 accedunt
1581 2903 1645 2925 addit
1662 2902 1704 2931 qui
1716 2908 1761 2931 per
1777 2901 1945 2931 neylz'gyentiam
1959 2907 2029 2923 sitam

1179 2937 1223 2958 ant
1240 2935 1323 2958 vitium
1340 2941 1388 2958 non
1406 2934 1539 2958 occurrerit
1564 2934 1637 2963 (quod
1656 2934 1724 2956 etiam
1743 2934 1794 2955 Vat.
1817 2933 1894 2959 addit,
1916 2934 2029 2960 reti-agan-

1179 2967 1241 2989 tibus
1259 2967 1329 2989 (ΖΒΕ
1346 2970 1369 2989 01
1385 2967 1440 2989 edd.
1462 2967 1482 2993 t,
1501 2967 1533 2994 2).
1552 2966 1645 2988 inser-ius
1663 2971 1705 2993 pro
1728 2964 1757 2987 ab
1780 2964 1888 2987 manium
1910 2962 2028 2987 consortio

1180 2998 1219 3027 (ita
1237 2998 1253 3020 C
1271 3005 1324 3021 cum
1343 3001 1404 3020 textu
1422 2997 1536 3026 originali)
1555 2998 1598 3019 DE
1615 3001 1637 3019 01
1659 2997 1696 3019 0(1.
1720 2997 1733 3018 2
1751 2995 1780 3018 (11)
1806 2995 1872 3018 omni
1896 2994 2027 3021 consortio,

1180 3031 1231 3052 Vnt.
1248 3036 1302 3052 cum
1320 3030 1356 3052 ed.
1380 3030 1384 3051 l
1406 3035 1420 3051 [ι
1439 3028 1560 3052 communi
1576 3027 1702 3051 consortio.
