2133 3317
115 393 141 411 Ex
153 392 222 420 ,11001101
228 393 251 411 ti-

123 418 142 435 tn
152 422 158 435 1
173 421 240 435 erucis.

160 1645 240 1663 Fructus

104 1668 160 1695 h-uius
169 1673 240 1687 memo-

103 1696 151 1711 ΗΒΘ.

103 1860 140 1879 illel
150 1860 235 1880 dulcissi-

141 1889 198 1903 mum.

102 2376 140 2395 Mel
148 2376 235 2395 mundifi-

124 2401 212 2419 sativum.

262 224 318 252 ⁹222>
701 221 898 250 OPUSCULUM
919 221 950 249 X.
972 221 1059 250 VITIS
1080 221 1230 250 MYSTICA.
1252 222 1514 252 ADDITAMENTUM
1535 224 1577 252 Vl.

263 302 410 333 exprimitur
435 301 555 327 fodiendo.
580 301 663 325 Habet
690 300 715 325 et
739 299 988 330 superscriptionem,
1008 299 1111 325 titulum

264 344 357 369 scilicet
375 352 390 369 a
409 344 491 369 Pilato
510 343 678 374 conscriptum
688 342 711 372 ¹,
726 343 800 367 Iesus
813 342 845 367 N
844 349 971 368 cezarenus
979 362 986 374 ,
999 343 1055 368 Rex
1068 343 1112 368 Iu-

263 386 394 412 daeorum.
420 387 501 411 Huius
526 385 746 417 superscriptionis
768 385 975 416 significationem
995 386 1111 417 spiritua—

261 430 309 454 lem
329 429 506 461 consequetur,
526 429 547 453 si
566 429 622 459 quis
640 428 686 453 hoc
704 428 815 460 sigillum
834 429 914 453 crucis
929 428 1029 460 gestare
1042 436 1111 454 cura-

261 472 326 498 verit
344 473 425 497 tenaci
443 473 575 497 memoriae
593 472 759 503 impressum:
779 471 881 497 habebit
900 472 999 504 Iesum,
1022 472 1048 497 id
1072 473 1111 498 est

262 516 382 545 salutem,
402 515 466 546 quod
480 515 588 546 primum
603 515 641 540 est
654 515 679 539 in
693 514 912 546 superscriptione.
925 515 998 540 Salus
1011 515 1109 546 autem,

260 566 322 589 quae
340 558 372 583 ab
391 557 504 582 omnibus
524 565 600 582 sanae
618 557 710 582 mentis
729 557 871 589 appetitur,
897 558 924 582 in
948 558 1031 583 tribus
1056 565 1110 584 0011-

259 601 340 630 sistit,
360 601 389 625 ut
408 608 471 632 quae
489 601 515 625 in
535 600 616 625 tribus
635 601 784 626 dictionibus
803 601 959 632 exprimitur.
973 602 1004 627 In
1017 602 1064 627 hac
1076 602 1110 627 di-

259 644 338 668 ctione
358 643 529 675 Naearenus,
549 644 614 675 quod
636 644 820 675 interpretatur
845 642 969 675 florens2,
996 645 1110 677 volupta—

259 687 309 711 tem
328 687 379 711 sive
405 686 593 712 delectationem
618 687 745 719 intellige,
771 688 829 719 quia
853 688 943 713 florum
967 688 1109 719 pulcritudo

259 737 353 754 summe
372 729 488 754 delectat.
507 730 577 755 Unde
602 731 628 755 in
652 730 717 756 libro
745 731 906 763 Sapientiae³
924 731 1109 757 luxuriosorum

258 773 375 804 voluptas
394 773 542 804 exprimitur
561 773 601 798 his
620 773 708 798 dictis:
723 773 837 799 Nullum
846 775 956 805 pratum
974 775 1020 805 sit,
1041 775 1110 806 quod

257 822 309 840 non
323 817 491 846 pertranseat
511 816 632 847 voluptas
654 818 755 842 nostra.
785 816 942 842 Coronemus
959 825 1006 842 nos
1026 818 1108 849 rosis,

257 859 396 889 antequam
413 860 579 884 marcescant.
598 859 630 884 In
649 859 696 884 hac
715 859 820 885 dictione
839 860 896 885 Rex
915 860 1017 885 divitiae
1030 861 1109 892 expri-

257 901 368 926 muntur.
387 901 467 933 Reges
486 903 551 927 enim
570 902 660 927 divites
680 910 732 928 esse
752 903 834 928 solent
847 910 922 934 super
935 911 1034 935 omnes,
1048 911 1109 935 quos

258 945 358 976 regunt.
378 945 409 970 In
428 945 475 970 hac
493 945 599 971 dictione
618 946 778 971 Iudaeorum
796 947 878 978 gloria
896 947 1033 978 accipitur,
1051 948 1109 979 quia

256 995 305 1013 11110
319 988 390 1013 modo
403 988 518 1014 Iudaeus
530 989 643 1021 glorians
655 989 839 1020 interpretatur
849 989 867 1014 ³.
880 1004 916 1007 —
927 990 1040 1016 Portitor
1050 997 1109 1022 ergo

256 1031 415 1056 voluntarius
443 1032 520 1063 sigilli
538 1033 605 1064 regis
624 1033 705 1057 nostri
723 1033 833 1058 crucifixi
851 1033 909 1058 Iesu
935 1033 1045 1058 fructum
1071 1041 1109 1058 su-

256 1075 446 1106 perscriptionis
464 1075 638 1107 consequitur,
658 1075 688 1100 ut
706 1076 740 1101 sit
760 1076 859 1106 salvus,
880 1076 974 1102 50111001
992 1077 1021 1101 ut
1039 1077 1109 1102 voiu-

253 1119 354 1150 ptatem
373 1118 539 1150 consequatur
565 1119 708 1149 aeternam,
729 1120 840 1144 torrente
857 1119 999 1150 voluptatis
1019 1120 1109 1145 summi

256 1161 332 1193 Regis
351 1160 487 1192 potatus⁵;
507 1162 647 1187 aeternales
666 1170 762 1194 quoque
781 1163 887 1188 divitias
907 1163 1059 1188 thesaurizet
1082 1164 1108 1188 iu

258 1205 351 1235 optimo
370 1204 442 1234 Iesu,
462 1205 487 1229 in
507 1212 555 1236 quo
580 1207 642 1230 sunt
667 1213 753 1230 omncs
777 1205 893 1231 thesauri
918 1206 1061 1237 sapientiae
1086 1207 1110 1230 et

256 1247 376 1273 scientiae
394 1248 537 1279 reconditi,-
555 1249 582 1273 in
601 1249 655 1279 ipso
670 1256 766 1280 quoque
778 1249 906 1280 ⁸rsioriez‘ur
920 1250 972 1274 sine
986 1249 1106 1279 termino,

255 1291 297 1322 qui
317 1290 428 1316 excelsus
447 1291 485 1316 est
504 1298 582 1323 super
601 1299 687 1317 omnes
700 1293 800 1323 =(sentes,
814 1293 838 1317 et
850 1293 920 1317 cuius
932 1292 1020 1324 qima
1031 1299 1108 1323 super

255 1334 346 1359 caelos.
365 1334 499 1359 Illuminat
517 1335 592 1359 etiam
613 1335 712 1360 domum
732 1335 812 1360 cordis
830 1335 912 1360 nostri
924 1335 949 1360 et
962 1335 1029 1360 fovet
1042 1336 1067 1360 in
1081 1342 1107 1361 eo

256 1378 338 1410 ignem
357 1378 471 1403 caritatis
490 1379 588 1403 divinae
602 1386 659 1403 cera
672 1379 767 1404 tenacis
780 1379 912 1404 memoriae
922 1378 946 1408 ὅ,
959 1379 996 1403 ita
1008 1379 1106 1409 tamen,

254 1421 275 1445 si
295 1421 328 1445 sit
346 1421 372 1446 in
391 1429 418 1446 00
438 1421 561 1453 lychnus,
580 1421 605 1446 id
624 1422 663 1446 est
682 1422 824 1447 exercitium
844 1422 985 1453 spiritualis
1001 1422 1106 1452 laboris,

254 1464 318 1495 quod
338 1471 382 1495 per
400 1464 517 1496 lychnum
537 1464 705 1496 intelligitur,
732 1465 872 1490 assumtum
898 1465 927 1490 de
951 1465 1016 1495 lino,
1042 1465 1107 1497 quod

253 1507 341 1532 multis
359 1507 487 1533 laboribus
506 1508 599 1533 conteri
620 1508 697 1538 solet,
723 1509 752 1533 01
777 1509 809 1533 ad
833 1508 971 1533 utilitatem
996 1509 1106 1540 aliquam

254 1551 413 1582 perducatur.

327 1594 386 1618 154.
407 1594 432 1619 Si
451 1602 509 1626 ergo
528 1595 554 1619 in
573 1595 691 1620 memoria
704 1595 792 1620 nostra
812 1595 936 1626 passionis
955 1595 1050 1620 Christi
1068 1595 1107 1619 la-

252 1637 336 1662 borem
356 1637 505 1667 habeamus,
526 1637 610 1668 potest
629 1637 727 1662 accendi
747 1637 772 1662 et
791 1637 877 1662 ardere
897 1638 990 1662 caritas
1009 1638 1061 1662 eius
1079 1638 1106 1662 in

252 1680 337 1710 nobis,
357 1687 420 1712 quae
438 1680 564 1705 illuminet
583 1680 699 1705 tenebras
717 1680 875 1712 ignorantiae
894 1680 996 1706 nostrae
1021 1681 1046 1705 et
1069 1688 1106 1706 ac-

252 1723 342 1748 cendat
360 1723 440 1755 frigus
459 1723 589 1748 tarditatis
607 1723 724 1755 nostrae,
750 1724 779 1748 ut
804 1724 829 1748 et
848 1731 893 1749 nos
912 1724 996 1755 parati
1015 1724 1106 1749 fiamus

252 1766 307 1798 pati
326 1774 370 1798 pro
390 1767 432 1791 illo
452 1766 477 1791 et
495 1774 551 1791 cum
570 1767 626 1797 illo,
647 1767 692 1798 qui
705 1767 773 1798 prior
781 1774 834 1798 pro
846 1767 921 1792 nobis
930 1774 1027 1798 passus
1040 1769 1078 1792 est
1088 1765 1105 1792 ⁷.

251 1809 283 1834 In
303 1809 349 1834 tali
368 1817 424 1834 cera
442 1810 574 1835 memoriae
597 1810 699 1835 nostrae
719 1810 791 1834 debet
810 1817 863 1835 esse
882 1810 945 1839 mel,
965 1810 990 1834 id
1009 1810 1048 1835 est
1067 1810 1105 1836 de-

251 1852 353 1878 lectatio
372 1853 401 1878 de
419 1853 589 1878 recordatione
608 1853 701 1883 crucis,
716 1853 781 1885 quod
794 1853 843 1878 mel
861 1853 1039 1878 dulcissimum
1058 1853 1104 1879 est.

253 1896 316 1926 Quid
335 1896 373 1921 est
392 1896 444 1921 tam
463 1904 589 1926 amarum,
610 1897 675 1928 quod
687 1898 713 1922 iu
730 1896 900 1922 recordatione
919 1897 1032 1922 vivificae
1049 1905 1104 1929 pas-

252 1939 329 1965 sionis
353 1947 403 1965 non
429 1939 509 1971 possit
531 1939 692 1964 dulcescere?
711 1939 783 1964 Certe
801 1938 942 1971 legimus&
961 1940 1102 1972 Hebraeos,

252 1990 307 2007 cum
326 1982 435 2007 exissent
453 1983 482 2008 de
501 1982 617 2014 Aegypto
626 2003 633 2014 ,
647 1983 745 2008 venisse
758 1983 790 2008 ad
803 1990 893 2015 aquam
907 1984 1102 2014 amarissimam,

251 2033 325 2058 quam
350 2026 437 2051 nullus
461 2026 565 2058 gustare
590 2026 708 2057 poterat;
734 2027 776 2051 cui
800 2033 858 2051 cum
876 2026 984 2058 Moyses
1004 2027 1104 2059 iignum

250 2069 388 2100 iniecisset,
408 2069 545 2094 dulcorata
565 2070 616 2100 est,
630 2070 665 2094 510
677 2069 706 2094 ut
719 2077 773 2094 eam
786 2069 967 2094 delectabiliter
980 2070 1102 2095 biberent.

251 2112 314 2142 Quid
327 2111 440 2143 apertius
453 2119 497 2143 per
510 2119 600 2143 aquam
611 2120 723 2137 amaram
737 2120 811 2144 quam
824 2112 956 2138 cuiuslibet
966 2113 1102 2138 adversita-

250 2155 284 2179 tis
302 2154 442 2180 amaritudo
467 2154 605 2186 signatur‘?
624 2155 662 2179 cui
681 2162 737 2180 cum
755 2155 852 2187 lignum
871 2155 951 2180 crucis
977 2155 1101 2185 iniicitur,

248 2198 274 2222 id
293 2198 345 2228 est,
365 2205 419 2222 cum
440 2198 523 2229 passio
547 2198 669 2223 immensa
693 2198 772 2223 dulcis
796 2198 855 2223 Iesu
880 2198 1052 2223 consideratur
1077 2198 1102 2223 et

249 2241 423 2272 comparatur,
443 2248 542 2266 necesse
562 2241 613 2272 est,
634 2248 731 2266 omnem
748 2241 889 2272 passionem
902 2240 1009 2266 hominis
1021 2241 1101 2266 levem

249 2284 328 2309 videri
347 2284 461 2315 respectu
480 2285 604 2315 passionis
623 2284 772 2314 dominicae,
791 2291 866 2315 quam
885 2291 930 2315 pro
949 2283 1048 2309 homine
1061 2291 1101 2310 vo—

249 2326 298 2351 luit
316 2326 440 2351 sustinere
459 2327 527 2351 Deus
546 2326 571 2352 et
589 2326 677 2356 homo,
696 2326 823 2351 mediator
842 2326 893 2351 Dei
913 2327 937 2351 et
953 2327 1099 2359 hominum,

250 2369 329 2394 dulcis
348 2369 421 2395 Iesus
431 2370 449 2394 ⁹.
461 2384 497 2388 —
509 2370 557 2395 Est
570 2370 645 2395 etiam
658 2370 707 2395 mel
722 2369 944 2399 mundificativum
952 2389 958 2401 ,
972 2371 1030 2402 quia
1042 2378 1100 2396 vere

250 2413 313 2438 nihil
333 2413 384 2443 est,
404 2413 469 2445 quod
487 2413 524 2438 ita
543 2413 574 2438 ab
593 2414 703 2438 omnium
722 2413 839 2439 vitiorum
852 2414 963 2445 impulsu
976 2414 1001 2439 et
1014 2414 1099 2440 conta-

312 2586 319 2599 1
338 2588 399 2609 loau.
424 2588 460 2613 19,
482 2588 516 2609 19.

312 2617 320 2630 ²
338 2617 383 2640 Cfr.
399 2625 469 2646 supra
487 2624 542 2647 pag.
558 2619 612 2646 194,
625 2621 679 2641 nota
695 2619 717 2641 5.
733 2632 763 2636 —
782 2620 893 2648 Superius
910 2627 952 2648 pro
972 2622 997 2643 ut
1013 2627 1099 2650 (111110...

248 2649 393 2679 exprimilw·
406 2651 423 2672 Α
436 2656 520 2679 quae...
537 2649 718 2679 exprimuntur.

312 2680 320 2693 ³
338 2682 391 2709 Sap.
410 2682 435 2709 2,
454 2682 480 2708 8,
498 2681 538 2704 ubi
557 2688 598 2709 pro
618 2681 726 2711 voluptas
745 2683 844 2711 Vulgata
862 2682 977 2711 luzaria,
995 2684 1051 2706 Bon.
1065 2683 1098 2707 [ιι-

248 2713 336 2739 :cua-ia,
355 2712 379 2735 id
395 2714 429 2735 esi
447 2712 563 2742 voluptas.

310 2743 320 2756 4
338 2744 441 2772 Hieron„
458 2744 487 2767 (10
505 2744 620 2767 Noininib.
638 2744 744 2767 Hebraic.
762 2745 791 2767 de
808 2746 878 2773 Epist.
904 2746 965 2768 Pauli
982 2746 1011 2769 ad
1029 2747 1098 2769 Rom.

248 2774 321 2803 Iuda,
339 2775 462 2802 confitens,
480 2776 530 2798 sive
547 2776 687 2804 glorificans.
712 2776 767 2799 lbid.
786 2777 800 2799 1.
818 2777 885 2799 Cor.:
903 2777 1010 2806 Iudaeis,
1029 2778 1098 2800 confi-

248 2805 361 2833 tentibus,
378 2807 428 2828 sive
445 2806 599 2830 laudantibus.
616 2819 647 2824 —-
665 2808 708 2830 Pro
726 2807 804 2837 aleria
822 2811 844 2831 et
860 2808 968 2838 plot-iaus
981 2810 1036 2831 Bon.
1050 2809 1097 2839 ylo-

248 2837 349 2867 11ῇο1100
367 2840 388 2860 et
405 2837 552 2868 aior-isicem.

311 2868 320 2881 ⁵
338 2869 419 2891 Psalmi.
438 2870 480 2897 35,
498 2870 525 2892 9:
545 2870 657 2892 Torrente
679 2871 803 2898 voluptatis
821 2874 873 2893 tuae
893 2871 984 2899 potabis
1002 2878 1049 2894 eos.
1066 2884 1097 2888 —

249 2900 299 2922 Duo
317 2906 381 2929 seqq.
400 2901 443 2923 loci
460 2904 513 2924 sunt
530 2900 577 2923 Col.
596 2902 622 2928 2,
639 2902 661 2923 3.
680 2905 701 2923 et
718 2902 754 2924 Ps.
775 2903 829 2929 112,
848 2902 870 2924 4.

311 2930 320 2943 ⁶
338 2932 367 2953 lta
385 2932 418 2958 A?
444 2932 500 2954 Bon.
518 2938 571 2955 cum
590 2933 627 2955 ed.
645 2933 653 2954 ·l
676 2939 763 2955 novam
780 2934 965 2961 propositionem
982 2934 1097 2962 incipiens

248 2963 303 2990 legit
321 2962 380 2985 Cera
397 2963 485 2986 tenacis
503 2964 632 2986 memoriae
646 2970 691 2993 per
709 2963 831 2994 lychnium
849 2964 894 2994 [ed.
917 2966 921 2987 1
944 2965 1045 2995 liquam]
1064 2965 1096 2988 in-

249 2993 376 3023 tanqum,
393 2997 416 3016 et
432 2994 531 3017 subinde
549 3001 591 3022 pro
610 2994 709 3025 lyclmns
722 2999 744 3018 et
757 2995 869 3026 lyclnutm
884 2996 1001 3019 substituit
1019 2996 1096 3020 linum

248 3028 270 3047 et
287 3024 408 3055 lychnium
426 3024 472 3054 [ed.
491 3026 498 3047 4
522 3025 619 3055 linum}

1169 300 1241 331 gione
1267 300 1443 332 cogitationem
1467 302 1581 327 nostram
1609 302 1725 334 purificet
1744 302 1769 327 et
1788 303 1813 327 in
1833 303 1944 334 puritate
1963 311 2020 329 con-

1169 342 1265 373 servet,
1286 343 1350 368 sicut
1369 344 1435 375 iugis
1454 345 1572 370 memoria
1591 346 1671 371 crucis
1690 345 1715 371 et
1734 346 1859 377 passionis
1872 346 1952 371 nostri
1965 346 2018 371 dul-

1168 386 1203 411 cis
1222 386 1289 411 Iesu.

1240 428 1299 454 155.
1318 429 1366 454 Est
1391 430 1416 454 et
1435 431 1484 455 mel
1508 430 1692 463 descensivum,
1718 432 1777 463 quia
1801 432 1888 457 contra
1912 432 2017 458 aliorum

1166 472 1291 504 liquorum
1310 472 1513 498 consuetudinem
1531 474 1674 499 naturalem
1692 475 1756 506 quod
1774 475 1799 500 111
1819 475 1891 500 1110110
1914 476 2019 506 purissi-

1167 521 1235 539 mum
1254 515 1293 540 est
1305 515 1336 540 ad
1349 516 1398 540 ima
1417 515 1557 546 descendit,
1571 516 1737 542 faeculentum
1751 525 1809 543 vero
1822 518 1941 543 ascendit.
1956 518 2019 548 Quid

1167 565 1211 589 per
1229 558 1306 583 talem
1328 558 1472 584 descensum
1497 559 1546 584 nisi
1571 559 1653 585 virtus
1677 560 1829 586 humilitatis
1854 561 2019 593 designatur?

1167 600 1234 630 Quae
1253 601 1363 632 profecto
1389 602 1471 626 virtus
1493 602 1519 626 in
1544 603 1668 633 passionis
1691 603 1826 629 dominicae
1852 605 1970 629 memoria
1995 604 2019 629 et

1166 644 1305 676 acquiritur
1323 644 1348 669 et
1366 645 1543 675 conservatur;
1563 646 1621 677 quia
1639 653 1689 671 non
1709 647 1793 678 potest
1820 655 1869 672 non
1891 647 2020 672 humiliari

1165 687 1250 717 homo,
1264 695 1319 712 cum
1338 688 1484 713 recordatur
1503 695 1548 719 pro
1568 696 1593 713 se
1612 688 1772 714 humiliatum
1791 690 1925 715 Dominum
1944 691 2020 716 maie-

1166 730 1250 755 statis.
1262 731 1399 762 Indignum
1412 731 1504 762 quippe
1517 731 1596 761 esset,
1610 731 1746 762 hominem,
1759 733 1842 757 lutum
1855 733 1881 758 et
1898 734 2018 763 cinerem,

1165 781 1210 805 per
1226 774 1264 798 sui
1277 774 1439 799 elevationem
1453 774 1513 799 111110
1525 775 1670 805 ascendere,
1684 782 1732 806 quo
1745 776 1793 800 nisi
1805 776 1953 801 humiliatus
1966 777 2019 808 ipse

1166 817 1287 842 Dominus
1305 825 1354 842 11011
1374 817 1502 849 pervenit,
1521 818 1563 842 ubi
1582 818 1687 850 angelus
1706 818 1901 849 perfectissimus
1913 820 1939 844 in
1953 820 2019 845 omni

1166 860 1269 885 scientia
1287 860 1312 885 et
1331 860 1424 889 (100010,
1444 861 1501 891 quia
1520 860 1663 886 humilitate
1682 861 1776 891 caruit,
1796 869 1846 887 non
1865 862 1948 893 potuit
1966 869 2019 894 per-

1166 911 1265 929 manere
1274 902 1302 928 ¹⁰.
1315 918 1350 921 —
1364 904 1517 936 Colligamus
1530 911 1588 936 ergo
1601 904 1672 929 nobis
1684 905 1710 929 in
1723 905 1826 930 fioribus
1839 905 1906 930 Vitis
1918 905 2019 931 nostrae

1165 947 1302 972 dulcissimi
1321 947 1346 972 et
1363 947 1515 972 floridissimi
1534 947 1592 972 Iesu
1610 947 1687 972 talem
1706 949 1863 978 memoriam,
1883 949 1959 974 talem
1978 949 2020 974 de-

1165 989 1336 1019 lectationem,
1355 989 1384 1014 ut
1397 990 1518 1021 stigmata
1532 990 1647 1015 Crucifixi
1660 990 1741 1015 nostri
1754 998 1851 1022 semper
1864 992 1889 1016 in
1903 992 2020 1017 memoria

1165 1032 1303 1057 retinentes
1314 1032 1340 1062 ¹¹,
1354 1032 1391 1057 ita
1404 1033 1429 1057 in
1444 1032 1551 1063 Christo,
1566 1034 1608 1064 qui
1621 1034 1689 1058 solus
1702 1033 1781 1059 (1111015
1794 1034 1843 1064 est,
1857 1034 2019 1066 delectemur,

1165 1075 1195 1100 ut
1213 1083 1297 1101 omnes
1316 1083 1361 1107 per
1383 1077 1465 1107 ipsum
1492 1076 1632 1108 praesentis
1657 1076 1724 1102 vitae
1748 1077 1928 1103 amaritudines
1950 1085 2020 1110 supe-

1166 1127 1263 1149 remus,
1282 1119 1430 1144 mundemur
1449 1120 1481 1144 ab
1500 1120 1567 1145 omni
1594 1120 1683 1146 delicto
1709 1121 1733 1145 et
1757 1121 1784 1145 in
1808 1121 1880 1146 bonis
1904 1121 2020 1153 operibus

1165 1162 1257 1194 iugiter
1277 1170 1321 1194 per
1340 1162 1492 1187 humilitatis
1511 1163 1649 1188 custodiam
1668 1171 1851 1189 conservemur.

1505 1249 1589 1274 CAPUT
1609 1250 1684 1275 XLV.

1407 1335 1448 1360 De
1467 1335 1544 1360 odore
1563 1336 1658 1366 florum
1676 1337 1736 1362 vitis
1750 1336 1777 1361 ¹².

1236 1420 1296 1446 156.
1315 1421 1447 1452 Superest,
1467 1422 1497 1446 ut
1516 1421 1582 1446 dulci
1602 1422 1660 1447 Iesu
1672 1422 1808 1448 adiuvante
1821 1423 1945 1454 dicamus,
1959 1424 2018 1455 quid

1164 1464 1211 1495 sit,
1232 1465 1296 1496 quod
1316 1472 1360 1496 per
1380 1465 1478 1490 odorem
1497 1464 1587 1490 florum
1606 1465 1666 1490 vitis
1686 1466 1768 1491 omnia
1786 1466 1924 1496 venenata,
1950 1474 2019 1498 prae-

1162 1508 1233 1539 cipue
1247 1506 1402 1538 serpentes¹³
1416 1507 1565 1539 effugentur.
1577 1508 1652 1533 Cuius
1665 1509 1701 1533 rei
1713 1508 1778 1533 ratio
1791 1508 1865 1534 citius
1877 1509 2017 1539 invenitur,

1163 1551 1184 1575 si
1203 1550 1261 1581 quid
1278 1551 1407 1581 serpentes
1426 1550 1581 1582 significent,
1601 1551 1761 1582 agnoscatur.
1786 1551 1855 1581 Quod
1880 1552 1964 1577 autem
1989 1552 2018 1577 de

1163 1594 1321 1624 serpentibus
1341 1594 1432 1618 dicitur
1451 1594 1479 1618 de
1498 1594 1555 1618 aliis
1574 1601 1671 1626 quoque
1683 1596 1814 1620 venenosis
1831 1594 1964 1627 reptilibus
1981 1603 2019 1621 ac-

1162 1637 1278 1668 cipiatur.
1299 1636 1363 1667 Quid
1382 1637 1466 1662 autem
1485 1637 1574 1662 melius
1594 1645 1638 1669 per
1654 1639 1784 1668 serpentes
1796 1645 1871 1670 quam
1884 1638 2018 1664 diabolicas

1162 1680 1336 1712 suggestiones
1355 1681 1506 1712 accipimus?
1525 1680 1565 1705 Ad
1584 1680 1772 1706 similitudinem
1785 1682 1850 1707 enim
1864 1681 2018 1714 serpentium

1162 1724 1266 1755 reptant
1285 1724 1379 1748 occulte
1393 1731 1437 1755 per
1450 1724 1546 1749 mentes
1559 1723 1700 1755 hominunm
1714 1724 1757 1749 sed
1770 1724 1868 1755 subito,
1882 1725 1932 1750 nisi
1944 1732 2018 1757 agno-

1162 1766 1277 1797 scantur,
1297 1774 1395 1792 morsus
1414 1766 1534 1792 mortales
1556 1767 1664 1792 incautis
1686 1767 1818 1799 infligunt3
1842 1768 1908 1800 quod
1926 1768 2018 1800 praefi-

1161 1810 1280 1842 guratum
1301 1810 1460 1842 agnoscimus
1472 1811 1498 1835 in
1511 1810 1570 1835 filiis
1582 1810 1664 1835 Israel
1676 1811 1703 1835 in
1715 1810 1814 1836 deserto
1827 1819 1842 1836 a
1859 1811 2017 1843 serpentibus

1161 1853 1338 1878 miserabiliter
1351 1853 1522 1885 interemptis;
1536 1854 1605 1879 cuius
1618 1853 1819 1885 interemptionis
1832 1861 1933 1879 causam
1946 1855 2018 1886 ponit

1161 1896 1299 1928 Apostolus
1318 1897 1401 1922 dicens
1412 1896 1445 1921 ¹⁴¹:
1464 1897 1556 1928 Neque
1576 1898 1699 1922 tentemus
1712 1897 1810 1929 Deum,
1827 1898 1895 1923 sicut
1911 1897 2017 1929 quidam

1160 1947 1249 1964 eorum
1269 1941 1432 1965 tentaverunt
1459 1941 1483 1965 et
1501 1947 1517 1965 a
1542 1940 1702 1971 serpentibus
1720 1940 1865 1971 perierunt.
1892 1940 1955 1970 Quid
1978 1941 2016 1966 est

1160 1983 1245 2008 autem
1265 1984 1362 2008 tentare
1381 1983 1487 2008 Deum?
1505 1983 1564 2009 Non
1583 1984 1681 2008 credere
1700 1983 1814 2009 Domino.
1827 1984 2016 2009 Incredulitatis

1159 2033 1267 2057 namque
1287 2026 1348 2051 vitio
1360 2026 1517 2058 urgebantur
1530 2027 1572 2058 qui
1584 2034 1599 2051 a
1612 2026 1771 2058 serpentibus
1785 2027 1857 2053 occisi
1870 2027 1938 2052 sunt.
1952 2027 2015 2057 Quid

1159 2069 1198 2094 est
1216 2068 1299 2093 autem
1320 2069 1462 2101 desertum,
1481 2069 1506 2094 in
1527 2077 1574 2100 quo
1594 2070 1666 2095 occisi
1685 2070 1759 2100 sunt,
1778 2071 1827 2095 nisi
1839 2070 1880 2095 hic
1897 2070 2013 2101 mundus,

1158 2112 1185 2136 in
1203 2119 1251 2143 quo
1270 2119 1406 2143 vagamur,
1427 2119 1471 2143 per
1490 2112 1644 2143 baptismum
1654 2112 1674 2126 ¹⁵
1691 2112 1812 2144 tanquam
1832 2121 1876 2145 per
1894 2121 1962 2139 mare
1974 2121 2014 2139 ru-

1158 2155 1231 2179 brum
1251 2154 1425 2184 transeuntes,
1445 2155 1546 2180 liberati
1565 2163 1609 2186 per
1621 2155 1736 2181 nostrum
1751 2147 1929 2188 legislatorem,
1950 2156 2015 2188 opti-

1158 2205 1225 2223 mum
1244 2198 1342 2228 Iesum,
1362 2206 1377 2223 a
1397 2198 1518 2223 servitute
1543 2198 1711 2230 Aegyptiaca,
1737 2206 1786 2230 qua
1811 2199 1870 2224 ante
1896 2199 2016 2231 baptismi

1157 2241 1267 2273 gratiam
1286 2241 1479 2273 premebamur?

1230 2284 1290 2310 157.
1309 2285 1334 2310 Si
1352 2285 1437 2310 autem
1450 2285 1596 2317 diligentius
1614 2286 1811 2316 consideremus,
1838 2286 1928 2312 cuncta
1950 2294 2012 2318 pene
2036 2277 2115 2326 axium*

1157 2328 1220 2353 vitia
1239 2335 1267 2353 ex
1285 2328 1460 2353 incredulitate
1478 2329 1634 2353 inveniemus
1653 2329 1720 2354 oriri.
1740 2329 1800 2359 Quis
1828 2330 1893 2354 em'm
1918 2337 2012 2355 vanam

1156 2371 1249 2396 niuncli
1265 2371 1381 2403 yioriam
1400 2372 1543 2403 quaereret,
1563 2372 1584 2396 si
1602 2371 1710 2403 perfecte
1723 2372 1845 2403 crederet,
1865 2373 1941 2398 aliam
1958 2380 2011 2398 esse

1157 2414 1263 2446 gloriam
1277 2414 1389 2439 futuram
1407 2415 1436 2439 in
1454 2414 1532 2440 caelis
1544 2415 1780 2441 immarcescibilem
1794 2414 1822 2446 ¹⁵,
1836 2423 1910 2447 quam
1923 2416 2012 2442 oculus

1222 2589 1230 2601 ⁷
1248 2590 1318 2618 Epist.
1336 2590 1350 2611 l.
1370 2590 1427 2611 Petr.
1446 2590 1471 2616 2,
1489 2589 1526 2611 21.
1538 2601 1568 2605 —
1581 2589 1676 2611 Inferius
1693 2595 1736 2617 pro
1749 2589 1840 2618 crucis,
1854 2589 1918 2619 quod
1929 2590 1968 2619 (ita
1981 2590 2008 2619 A)

1155 2621 1212 2644 Bon.
1230 2627 1283 2643 00111
1301 2621 1338 2643 ed.
1356 2621 1364 2642 ·1
1388 2620 1479 2649 111-11015,
1498 2626 1566 2650 quae.

1218 2651 1227 2664 ⁸
1245 2653 1317 2675 Exod.
1338 2652 1375 2679 15,
1394 2652 1471 2675 23-25.

1219 2682 1228 2696 ⁹
1244 2684 1315 2712 Epist.
1334 2684 1348 2706 1.
1367 2684 1428 2706 Tim.
1446 2684 1473 2712 2,
1490 2683 1512 2705 5.

1218 2714 1238 2727 ¹0
1255 2715 1302 2738 Cir.
1318 2716 1398 2737 Ezecli.
1417 2715 1460 2742 28,
1482 2715 1515 2736 12.
1532 2721 1606 2743 seqq„
1622 2714 1652 2737 110
1678 2714 1764 2743 quibus
1781 2721 1851 2743 supra
1874 2721 1927 2743 pag.
1951 2715 2007 2743 110,

1154 2750 1207 2769 nota
1225 2747 1247 2768 8.
1263 2759 1295 2763 -
1320 2746 1433 2775 Superius
1455 2753 1482 2769 ex
1503 2746 1521 2768 A
1542 2746 1705 2774 supplevimus
1727 2752 1801 2776 quo...
1821 2746 1944 2776 pervenit;
1966 2748 2007 2769 cfr.

1154 2784 1224 2806 supra
1242 2784 1296 2806 pag.
1315 2778 1373 2805 Ι111,
1390 2781 1443 2800 nota
1462 2778 1484 2800 3.
1504 2777 1576 2800 verbu
1594 2778 1713 2800 Bernardi.

1218 2808 1236 2823 ¹¹
1253 2810 1384 2837 Respicitur
1396 2810 1444 2831 Gal.
1457 2809 1482 2836 6,
1496 2809 1536 2831 1¹7:
1549 2810 1597 2837 Ego
1608 2809 1670 2831 enim
1682 2809 1789 2837 stigmata
1804 2809 1893 2832 Domini
1902 2810 1951 2832 lesu
1964 2811 2007 2832 etc.

1217 2839 1237 2853 ¹²
1254 2840 1310 2863 Cod.
1328 2841 1345 2863 Α
1364 2842 1423 2863 hanc
1439 2839 1555 2863 rubricam
1574 2840 1665 2863 omittit.

1217 2870 1237 2884 ¹³
1254 2872 1284 2894 Ex
1301 2873 1319 2894 Α
1337 2872 1499 2900 supplevimus
1514 2873 1642 2901 serpentes.

1217 2902 1237 2915 ¹4
1254 2903 1325 2931 Epist.
1342 2904 1358 2926 l.
1377 2903 1428 2926 Cor.
1448 2903 1489 2930 lO,
1508 2903 1534 2930 9,
1552 2903 1592 2925 ubi
1610 2909 1652 2931 pro
1669 2903 1745 2926 Deam
1762 2903 1819 2925 Bon.
1836 2909 1890 2926 cum
1908 2903 2005 2930 Vulgata

1154 2933 1283 2957 Christian.
1301 2934 1348 2957 Csr.
1365 2935 1432 2957 Num.
1450 2935 1493 2961 21,
1510 2934 1531 2956 5.
1549 2940 1598 2963 seq.

1217 2964 1237 2978 ²⁵
1254 2965 1299 2988 Cfr.
1319 2967 1332 2988 l.
1350 2966 1409 2988 Petr.
1427 2966 1453 2992 3,
1471 2966 1508 2988 20.
1525 2972 1574 2994 seq.
1585 2979 1616 2982 ——
1631 2965 1743 2993 Superius
1760 2971 1802 2993 pro
1821 2965 1863 2995 qui
1878 2971 1893 2988 a
1909 2971 2004 2994 serpen-

1154 2995 1272 3050 1101151έ11ἑ1
1289 2997 1317 3032 A)
1336 2997 1393 3051 1110111).
1406 3002 1463 3050 tcurili
1482 2997 1518 3040 01).
1541 2998 1545 3019 l
1567 3003 1639 3051 &tique
1655 3003 1671 3020 a
1687 2996 1854 3051 .s¹e7·gentiqucs.9

1272 3032 1324 3056 p1st.
1351 3045 1356 3050 .
1391 3034 1432 3050 er.
1452 3040 1476 3054 1,
1495 3036 1520 3055 4,
1538 3034 1580 3056 pos
1606 3034 1677 3057 quem
1704 3044 1710 3051 .
1745 3034 1778 3050 or.
1817 3046 1822 3057 ,
1857 3045 1861 3050 .

2035 912 2110 934 Hortati'l

2035 438 2070 458 Mel
2079 439 2124 462 dem.

2035 1513 2085 1532 Odor
2092 1513 2107 1533 h
2116 1514 2133 1534 11-

2047 1538 2078 1561 gat
2087 1542 2107 1557 se
2115 1543 2133 1557 u·

2117 2302 2132 2317 2.
