2133 3317
776 389 1083 426 OPUSOULUM
1109 390 1215 426 VIII.

410 541 545 604 DE
586 540 772 603 SEX
812 540 1029 603 ALIS
1071 540 1582 606 SERAPHIM

898 1173 1079 1202 PROLOGUS.

201 1276 246 1305 Da
267 1276 446 1304 occasionem
467 1275 609 1313 sapienti,
631 1279 657 1304 et
670 1276 796 1304 addetur
810 1277 837 1304 ez'
849 1276 964 1313 sapien-

0 1329 60 1356 ιωιιιῑᾳ
71 1334 104 1347 au·
120 1322 178 1357 tia,
200 1323 414 1352 Proverbiorum
434 1323 539 1351 n0n0¹.
561 1322 629 1351 Cum
650 1323 736 1360 igitur
757 1331 793 1352 ex
815 1323 867 1352 levi
883 1331 964 1360 saepe

12 1354 66 1372 doris

0 2090 99 2134 willa.

0 2366 59 2386 :unda
64 2372 104 2387 nen-

119 1370 262 1399 occasione
283 1370 392 1406 sapiens
412 1369 556 1398 materiam
573 1373 664 1398 sumat
677 1370 783 1399 altioris
797 1370 963 1407 sapientiae,

118 1416 166 1453 qui
187 1416 269 1445 etiam
290 1416 457 1453 plerumque
478 1424 528 1453 per
549 1417 664 1446 alterius
685 1416 830 1445 stultitiam
851 1417 881 1445 fit
899 1425 963 1445 eru-

117 1462 218 1497 ditior;
240 1471 370 1500 praesens
391 1463 525 1500 scriptum
547 1466 637 1501 potest
651 1464 729 1492 novis
749 1466 776 1492 et
797 1463 919 1492 nondum
935 1463 963 1491 in

118 1509 209 1538 officio
229 1509 370 1546 regiminis
390 1509 424 1538 ad
445 1510 558 1546 plenum
579 1510 738 1539 exercitatis
758 1510 792 1538 ad
814 1510 962 1547 perfectam

117 1555 310 1585 discretionem
333 1556 396 1585 boni
417 1559 445 1585 et
465 1557 529 1585 mali
549 1557 695 1594 aliqualem
711 1557 777 1586 dare
791 1557 961 1586 occasionem

1020 1276 1140 1305 ulterius
1171 1276 1307 1313 cogitandi
1335 1279 1362 1305 et
1383 1285 1418 1306 ex
1440 1277 1608 1312 defectibus,
1637 1287 1707 1315 quos
1736 1279 1781 1308 hic
1802 1287 1866 1308 con-

1021 1323 1138 1357 siderat,
1159 1323 1319 1360 diligentius
1341 1324 1500 1361 requirendi
1522 1325 1621 1354 altiora
1651 1325 1708 1354 sive
1739 1326 1866 1361 utiliora,

1020 1373 1047 1399 et
1068 1370 1149 1399 etiam
1172 1371 1269 1407 plura,
1291 1379 1375 1408 quan]
1397 1371 1442 1400 hic
1463 1374 1619 1408 ponantur,
1652 1373 1806 1402 necessaria
1826 1381 1867 1402 re-

1020 1417 1115 1454 ligioso
1136 1417 1170 1446 ad
1191 1417 1313 1455 regimen
1338 1418 1533 1453 subditorum;
1565 1419 1630 1456 quia
1658 1420 1790 1457 legimus,
1817 1420 1866 1449 ali-

1019 1464 1130 1501 quando
1151 1464 1288 1501 sapientes
1309 1465 1392 1493 etiam
1413 1473 1449 1494 ex
1474 1466 1594 1495 naturali
1622 1467 1741 1504 quadam
1769 1467 1866 1496 bruto-

1019 1519 1082 1539 rum
1103 1511 1264 1540 animalium
1285 1511 1397 1540 solertia
1418 1513 1549 1541 sumsisse
1570 1513 1797 1543 considerationis
1825 1514 1865 1543 in-

1018 1557 1154 1586 dustriam
1169 1558 1202 1586 ad
1217 1558 1324 1595 aliquas
1338 1559 1495 1588 artificiales
1510 1560 1624 1597 peritias
1635 1561 1646 1577 2
1660 1561 1864 1598 excogitandas.

888 1692 1048 1721 Cnerwmm
1071 1692 1089 1720 1.

197 1813 341 1852 Seliqendz'
361 1814 424 1851 apti
442 1814 608 1852 superiores
629 1814 704 1843 inter
723 1814 829 1843 multos
836 1825 846 1848 ;
867 1814 1035 1852 incipientes
1056 1815 1185 1852 inrliyent
1205 1815 1367 1853 mayistroe
1388 1816 1531 1854 mayz‘stro
1548 1826 1607 1846 non
1627 1818 1787 1856 indiyentes

698 1865 796 1894 debent
817 1864 921 1894 habere
940 1869 1069 1904 quatuor
1086 1865 1284 1903 perfectiones

197 1989 221 2016 1.
244 1988 323 2016 Haec
344 1987 397 2016 tibi
415 1987 527 2022 scribo,
549 1991 582 2016 ut
601 1988 697 2022 scias,
712 1988 855 2026 quomodo
876 1997 962 2026 opor—

116 2038 186 2069 teat,
208 2038 233 2063 te
253 2034 285 2063 in
305 2035 389 2063 domo
411 2034 530 2063 Domini
553 2035 738 2069 conversari,
754 2043 828 2073 quae
849 2038 890 2063 est
912 2036 961 2063 Ec-

116 2081 204 2110 clesia
226 2081 279 2110 Dei
297 2081 373 2115 vivi,
395 2081 501 2119 primae
515 2081 549 2110 ad
563 2082 739 2110 Timotheum
761 2081 843 2110 tertio
854 2081 873 2109 ³.
890 2082 958 2118 Apo-

115 2129 202 2157 stolus
223 2129 325 2157 Paulus
345 2128 481 2166 discipulo
502 2136 552 2158 suo
574 2129 733 2163 Timotheo,
752 2137 835 2166 quem
851 2129 959 2165 praefe-

115 2178 190 2205 cerat
208 2176 341 2205 Ecclesiae
363 2175 460 2213 Ephesi
475 2175 635 2213 episcopum
645 2199 652 2210 ,
667 2175 763 2205 scribit
777 2176 887 2204 duabus
901 2176 959 2212 epi-

114 2222 206 2256 stolis,
226 2222 343 2256 docens,
365 2222 503 2259 quomodo
520 2222 678 2251 conversari
699 2222 797 2251 debeat
818 2222 846 2251 in
868 2222 958 2251 officio

114 2268 257 2306 regiminis
277 2269 433 2303 commissi,
455 2272 486 2297 ut
506 2269 554 2306 qui
576 2269 629 2297 iam
650 2268 685 2297 ab
699 2276 731 2298 eo
745 2268 878 2298 didicerat
896 2277 958 2298 san-

114 2318 157 2344 cte
178 2316 272 2344 vivere
292 2323 342 2353 per
364 2323 392 2345 se
413 2316 497 2345 sciret
517 2316 616 2350 etiam,
647 2316 767 2353 qualiter
787 2316 902 2345 deberet
930 2319 957 2345 et

114 2361 175 2391 aliis
194 2362 300 2391 utiliter
321 2365 348 2391 et
369 2362 510 2391 meritorie
538 2370 673 2399 praeesse.
695 2363 791 2400 Magna
812 2363 885 2392 enim
906 2363 958 2391 dis-

114 2408 230 2438 serentia
251 2412 292 2437 est
313 2409 385 2438 inter
406 2409 477 2438 scire
499 2409 641 2438 humiliter
661 2409 777 2438 subesse
797 2412 824 2438 et
845 2410 958 2446 pacifice

115 2464 207 2484 coesse
237 2459 264 2485 et
291 2456 396 2485 utiliter
421 2464 563 2493 praeesse.
596 2456 793 2485 Bernardus4:
831 2457 958 2485 «Multos

115 2502 205 2531 cernis
225 2503 278 2532 sub
308 2503 466 2540 magisterio
497 2503 590 2540 quiete
610 2503 719 2537 vivere,
740 2511 826 2540 quos,
848 2503 870 2532 si
892 2503 957 2540 iugo

114 2548 255 2584 absolvas,
286 2549 391 2578 videbis
422 2557 476 2578 non
498 2557 578 2586 posse
599 2549 742 2586 quiescere
763 2557 813 2578 nec
834 2558 850 2578 a
871 2549 958 2586 quali-

113 2594 161 2624 bet
180 2603 211 2625 10
232 2596 360 2625 innoxios
381 2604 410 2625 se
431 2604 552 2625 servare.
584 2596 705 2625 Rursum
726 2595 859 2633 quosdam
882 2596 957 2625 inve—

1017 1988 1076 2017 nies
1097 1997 1160 2017 cum
1182 1989 1326 2023 omnibus,
1348 1992 1483 2026 quantum
1505 1990 1533 2019 in
1554 1999 1583 2020 se
1604 1994 1661 2026 est,
1686 1992 1799 2029 pacifice
1823 1994 1864 2023 vi-

1016 2043 1098 2069 vere,
1120 2036 1232 2064 minime
1253 2036 1365 2073 quidem
1387 2040 1498 2073 egentes
1529 2038 1676 2075 magistro,
1698 2047 1748 2068 nec
1770 2043 1861 2070 tamen

1016 2081 1105 2110 idonei
1128 2082 1293 2119 magisterio.
1316 2083 1439 2119 Quadam
1462 2084 1598 2121 siquidem
1624 2085 1696 2114 bona
1717 2086 1863 2116 mediocri-

1016 2131 1071 2157 tate
1093 2129 1213 2158 contenti
1235 2132 1316 2164 sunt,
1335 2130 1406 2159 sicut
1421 2130 1461 2159 eis
1474 2139 1645 2160 mensuram
1660 2133 1778 2170 qratiae
1788 2142 1863 2171 par-

1016 2175 1086 2204 titus
1106 2179 1148 2204 est
1169 2176 1243 2205 Deus
1254 2176 1274 2204 ⁵.
1297 2177 1439 2206 Socialiter
1460 2178 1533 2206 enim
1556 2178 1627 2207 inter
1648 2179 1749 2209 fratres
1770 2180 1861 2210 sciunt

1015 2225 1043 2251 et
1062 2223 1175 2259 pacifice
1196 2222 1305 2257 vivere,
1327 2231 1412 2261 super
1426 2224 1527 2254 fratres
1542 2233 1609 2254 vero
1624 2226 1721 2262 positi,
1744 2235 1798 2256 non
1819 2235 1863 2256 so-

1014 2269 1073 2298 lum
1094 2269 1229 2298 inutiliter
1250 2273 1399 2307 praesunt,
1421 2271 1469 2300 sed
1492 2274 1520 2300 et
1541 2272 1702 2309 insipienter
1722 2276 1749 2302 et
1763 2274 1860 2312 nequi-

1015 2319 1066 2345 ter.
1088 2317 1218 2354 Utrisque
1239 2325 1305 2354 ergo
1326 2317 1468 2354 prioribus
1500 2318 1629 2348 meliores
1660 2320 1785 2349 existunt
1813 2321 1860 2358 qui

1015 2363 1174 2400 superiores
1194 2371 1255 2393 esse
1275 2364 1408 2393 sciunt».
1430 2364 1506 2394 Unde
1526 2373 1582 2394 non
1613 2366 1714 2403 passim
1743 2368 1861 2404 quemli-
1871 2373 2006 2398 Exem1>¹um1u

1015 2410 1060 2439 bet
1080 2410 1114 2439 de
1136 2411 1238 2448 populo
1258 2411 1374 2440 docetur
1395 2412 1500 2448 Moyses
1521 2412 1621 2441 ceteris
1635 2413 1795 2450 praeficere,
1810 2415 1858 2443 sed

1014 2457 1116 2494 eliyere
1136 2465 1172 2486 ex
1194 2458 1268 2486 omni
1289 2458 1392 2495 populo
1415 2459 1488 2487 viros
1509 2467 1610 2496 gnaros
1631 2462 1659 2488 et
1673 2459 1793 2494 idoneos,
1808 2461 1861 2499 qui

1014 2504 1142 2532 iudicent
1169 2505 1312 2542 populum
1346 2505 1427 2534 omni
1461 2509 1602 2542 tempore,
1634 2506 1720 2534 Exodi
1752 2506 1858 2537 decimo

1014 2554 1111 2579 octavo
1122 2551 1142 2579 ⁶.
1164 2551 1217 2587 Qui
1238 2552 1311 2580 enim
1333 2552 1448 2589 suscipit
1468 2552 1607 2586 officium,
1628 2555 1660 2581 ut
1683 2553 1752 2582 alios
1772 2553 1859 2583 bonos

1014 2596 1109 2631 faciat,
1130 2600 1255 2634 oportet,
1276 2600 1308 2626 111
1329 2598 1400 2627 hanc
1425 2598 1554 2627 honitatis
1581 2599 1752 2636 disciplinam
1780 2601 1859 2638 prius

177 2768 184 2781 ¹
203 2769 269 2792 Vers.
287 2769 309 2792 9.
324 2782 356 2786 —-
372 2770 430 2792 Infra
448 2773 501 2798 post
516 2769 646 2800 sapientiae
662 2776 704 2799 pro
722 2769 764 2800 qui
783 2770 853 2794 etiam
876 2771 958 2793 unicus

114 2810 191 2830 noster
207 2808 259 2831 cod.
276 2808 339 2838 quod
354 2808 432 2832 etiam.

175 2846 185 2859 ²
202 2847 254 2870 Vat.
268 2847 366 2877 peritas.
377 2860 409 2865 -·
420 2848 502 2877 Quoad
518 2854 568 2871 rem
585 2849 626 2871 cfr.
644 2848 735 2875 isidor„
749 2848 810 2871 xlx.
827 2849 957 2877 Etymolog.

114 2891 133 2908 c.
152 2886 187 2908 ⁴9.
204 2892 228 2908 n.
245 2886 267 2909 9.

176 2924 185 2938 Β
203 2926 267 2948 Vers.
285 2926 321 2948 13.
340 2926 376 2949 14.
394 2926 505 2954 Vulgata:
522 2927 582 2949 Haec
600 2926 639 2949 tibi
656 2926 745 2954 scribo,
758 2933 865 2955 sperans,
877 2933 915 2950 rne
926 2927 956 2949 ad

114 2967 136 2986 te
151 2964 231 2987 venire
248 2965 300 2987 cito.
318 2965 340 2987 Si
357 2967 434 2988 autem
452 2966 587 2993 tardavero,
605 2969 629 2988 ut
645 2966 703 2988 scias
720 2968 762 2988 etc.
774 2979 804 2982 —-
817 2966 879 2994 Vat.,
895 2972 956 2995 quae

113 3002 232 3026 citationes
247 3010 274 3026 ex
292 3007 352 3027 textu
370 3004 398 3027 ad
416 3005 545 3032 marginem
563 3005 702 3033 transponit,
720 3005 756 3028 hie
772 3008 825 3033 post
842 3004 890 3028 vivi
904 3011 956 3028 con-

1014 2771 1087 2794 tinuat
1102 2771 1136 2794 ait
1153 2771 1243 2794 Paulus
1260 2771 1389 2801 discipulo,
1402 2772 1466 2800 ponit
1485 2775 1595 2800 punctum
1608 2775 1660 2801 post
1677 2772 1824 2803 epdscopum,
1836 2776 1858 2797 et

1013 2810 1097 2832 deinde
1114 2809 1205 2838 dicens,
1223 2810 1339 2840 quomodo
1356 2817 1399 2839 pro
1416 2810 1513 2838 docens,
1531 2811 1656 2840 quomodo.

1075 2848 1085 2861 ⁴
1103 2850 1175 2871 Sei-m.
1193 2850 1230 2871 23.
1248 2849 1269 2871 111
1287 2849 1350 2872 Cant.
1368 2856 1390 2872 n.
1408 2850 1434 2878 8,
1451 2850 1544 2872 mutatis
1562 2851 1683 2874 nonnullis.

1075 2887 1085 2900 ⁵
1101 2888 1231 2916 Respicitur
1247 2889 1283 2911 vel
1300 2889 1366 2911 Rom.
1385 2889 1427 2917 ⁴2,
1445 2889 1471 2911 3:
1488 2889 1629 2918 Unicuique,
1647 2890 1705 2913 sicut
1721 2891 1782 2913 Deus
1799 2891 1858 2914 divi-

1012 2927 1040 2949 sit
1058 2933 1190 2949 mensuram
1208 2927 1274 2954 fidei;
1291 2928 1327 2949 vel
1346 2928 1403 2955 Eph.
1420 2927 1446 2957 4,
1463 2928 1492 2950 7:
1510 2928 1642 2952 secundum
1665 2935 1799 2952 mensuram
1819 2930 1858 2952 do·

1012 2966 1109 2988 nationis
1125 2966 1216 2988 Christi.

1074 3004 1084 3017 ⁴³
1102 3005 1167 3028 Vers.
1185 3005 1222 3028 2⁴.
1239 3006 1276 3028 22.

1904 2397 1975 2421 Moyse.
