2133 3317
382 263 434 285 SED

132 301 162 323 Ex
179 301 250 324 nimia
267 302 388 324 securitate
410 302 486 324 minus
510 304 604 324 cavetur
625 301 695 323 hostis

132 339 177 362 517
195 341 208 362 5

180 379 249 401 SEDES
266 391 296 395 —
314 379 436 407 apostolica
450 378 518 401 habet
529 378 694 406 plenitudinem

132 418 251 446 potcstatis
273 418 440 441 ecclesiasticae
463 417 508 440 375
525 418 539 439 2
555 429 586 434 -
603 417 694 445 Triplex

131 460 165 479 est
182 458 238 479 haec
255 457 372 484 potestatis
389 455 506 484 plenitudo
524 455 554 478 ib.
572 457 585 478 3
597 457 692 478 —Acta

131 495 197 518 Sedis
214 496 352 524 apostolicae
369 495 409 517 toti
422 495 534 517 Ecclesiae
546 495 693 518 diiudicanda

132 536 154 556 et
171 534 303 557 veneranda
326 536 470 561 exponuntur
488 533 532 556 354
550 533 566 555 b
582 546 613 550 —
629 534 694 556 Prae-

130 573 164 595 sul
182 573 248 596 Sedis
265 573 403 601 apostolicae
419 575 453 595 est
464 573 578 600 generalis
589 573 691 595 omnium

130 617 259 640 pauperum
285 611 391 639 provisor
412 614 434 634 et
458 611 585 639 specialiter
601 611 692 634 Ordinis

129 651 241 673 Minorum
259 650 302 673 354
320 656 333 672 a
354 649 409 673 Vide
425 656 446 673 Υ.
464 650 582 679 Pontifex.

176 690 248 712 Senon
264 702 295 705 —
313 690 336 711 ln
353 690 426 717 Segor
443 690 539 717 parvula
557 690 597 711 Lot
609 689 691 711 libera-

129 731 164 751 tus
189 731 222 750 est
247 727 276 750 ab
301 728 390 751 excidio
415 728 569 751 Sodomorum
596 728 640 750 346
667 728 689 750 b.

128 767 172 789 373
192 766 208 789 b
230 780 260 783 —
283 767 396 795 significat
413 767 523 789 humilem
547 767 689 794 Religionem

129 806 173 828 373
192 805 206 828 b

175 846 248 867 Sene
266 857 296 861 —
313 845 358 867 528
375 845 397 866 7.
419 844 464 866 536
483 845 503 867 2.
526 844 570 867 537
588 844 602 866 7
619 857 650 860 -
666 845 689 867 S.

127 884 262 906 Franciscus
279 890 303 906 se
321 884 407 906 confert
423 883 452 906 ad
471 883 586 905 civitatem
605 883 690 905 Senen-

127 928 178 945 sem
196 922 241 945 524
258 923 272 945 6

174 962 284 984 Sesamus
299 974 330 977 —
347 961 461 983 Numerus
477 960 581 983 senarius
593 962 627 982 est
643 960 689 988 pri-

129 1006 181 1022 mus
198 1001 314 1028 perfectus
331 1005 441 1022 numerus
457 1000 493 1021 sui
509 999 601 1027 generis
617 1000 689 1027 perfe-

125 1039 212 1067 ctione,
230 1042 337 1061 constans
354 1044 380 1061 ex
397 1038 445 1060 suis
461 1037 566 1066 partibus
582 1038 688 1066 aliquotis

127 1078 170 1099 132
189 1077 201 1100 4

174 1117 256 1139 Sensus
275 1128 306 1133 ·-
327 1119 414 1144 spectat
438 1116 467 1138 ad
491 1116 686 1143 complementum

127 1159 222 1178 naturae
239 1156 252 1177 6
272 1156 295 1178 11
316 1168 347 1172 -
364 1155 425 1177 Deus
441 1161 487 1177 non
503 1157 537 1177 est
548 1154 662 1177 sensibilis
673 1155 686 1176 7

128 1194 156 1216 17
173 1206 203 1210 -
220 1197 273 1216 sunt
297 1195 408 1216 fenestrae
434 1194 523 1216 animae
549 1194 589 1216 191
611 1194 640 1216 29
656 1205 687 1210 --

126 1233 207 1255 Sensui
225 1233 309 1255 carnali
325 1232 475 1261 praeferenda
493 1236 527 1255 cst
538 1239 593 1255 crux
605 1232 687 1255 Christi

125 1272 153 1293 69
171 1272 184 1294 5
201 1284 233 1288 —
244 1277 335 1294 summa
347 1271 463 1299 vigilantia
476 1271 621 1294 custodiendi
633 1274 687 1294 sunt

124 1310 169 1332 494
187 1316 207 1333 a.
224 1310 268 1332 5l7
287 1310 301 1332 5
312 1322 343 1327 —
355 1310 477 1338 Quomodo
489 1311 592 1339 quinque
604 1316 686 1333 sensus

124 1349 216 1372 laudent
241 1349 313 1372 Deum
340 1349 384 1371 408
402 1349 416 1372 5
433 1361 464 1365 —
481 1355 561 1372 omnes
583 1349 606 1371 in
623 1350 686 1372 caelo

124 1387 242 1410 habebunt
258 1391 322 1410 actus
339 1394 393 1410 suos
411 1388 440 1410 63
458 1389 487 1410 20

172 1427 266 1450 Samma
284 1440 313 1443 -
331 1427 423 1455 Triplex
439 1430 473 1450 est
490 1427 574 1450 modus
591 1427 620 1450 de
638 1428 685 1449 Deo

122 1466 234 1488 sentiendi
255 1466 296 1488 128
318 1466 336 1488 l.
352 1472 387 1494 sq.

169 1505 352 1528 SEPTEM-Sonus
368 1517 399 1521 —
415 1504 496 1528 lacoba
514 1505 543 1528 de
561 1505 605 1527 528
623 1505 636 1526 7

172 1544 297 1567 Seruarunx
314 1556 346 1560 —
361 1544 536 1571 Sepulturarnm
554 1544 651 1572 litigiosa
664 1547 685 1566 et

124 1582 192 1605 avida
210 1583 299 1605 invasio
317 1583 379 1605 varia
402 1584 462 1605 mala
484 1583 592 1611 producit
608 1583 653 1605 470
671 1584 684 1605 2

123 1634 152 1637 —
170 1622 316 1650 sepulturam
334 1628 361 1644 ex
379 1622 427 1644 iure
444 1622 561 1644 communi
579 1622 631 1651 quis
648 1623 684 1644 eli-

124 1667 179 1688 gere
191 1664 272 1689 potest‚
285 1660 428 1690 ubicumque
438 1662 500 1687 velit,
512 1661 560 1683 sine
572 1662 685 1689 praeiudi-

124 1700 160 1722 cio
178 1700 316 1727 parochialis
333 1700 442 1723 ecclcsiae
459 1701 503 1722 366
521 1706 533 1722 a
552 1712 582 1717 —
599 1701 685 1723 alienae

121 1739 143 1760 in
160 1739 215 1761 locis
232 1739 335 1761 Fratrum
353 1739 466 1762 minorum
478 1742 603 1762 careantur
615 1739 658 1762 453
671 1746 684 1762 a

120 1790 150 1794 -
172 1778 272 1805 Sepelire
298 1781 387 1806 patrem
412 1780 446 1801 est
471 1784 569 1805 magnae
595 1778 685 1806 pietatis

121 1822 181 1844 opus
198 1816 242 1838 319
261 1817 274 1838 9
292 1829 322 1833 -
336 1816 439 1839 Christus
456 1817 559 1844 sepultus
571 1817 592 1839 in
605 1823 684 1839 monu-

121 1859 197 1878 mento
215 1862 275 1878 novo
293 1856 322 1877 80
340 1856 369 1878 32

167 1895 278 1917 Sannum
302 1907 330 1910 —-
351 1895 438 1917 Nomen
461 1895 581 1922 Seraphim
606 1897 683 1917 actum

121 1933 188 1960 dicit,
205 1939 251 1956 non
268 1933 372 1956 ordinem
391 1933 435 1956 427
453 1933 466 1956 4
483 1945 514 1950 -
530 1937 564 1956 est
585 1933 642 1955 ordo
661 1933 682 1955 in

119 1978 229 2000 suprema
246 1972 372 1994 hierarchia
394 1972 495 1999 caelesti,
517 1973 554 1994 cui
576 1972 684 1995 convenit

120 2016 226 2033 summae
251 2010 358 2033 bonitatis
382 2011 449 2038 plena
475 2011 551 2033 fruitio
578 2011 630 2033 121
653 2023 683 2027 —

119 2052 172 2072 sunt
188 2050 395 2077 praeeminentiora
412 2050 543 2072 caelestium
556 2050 679 2077 spirituum

119 2088 212 2116 agmina
231 2089 274 2110 133
292 2088 305 2111 4
324 2101 353 2104 -
368 2089 451 2111 Eorum
464 2091 498 2111 est
509 2089 629 2116 amplexus
641 2088 682 2111 Ve-

119 2127 192 2151 ritatis
213 2133 255 2155 per
271 2128 375 2150 osculum
398 2130 420 2150 et
444 2127 588 2150 dilectionem
606 2128 635 2149 18
654 2127 682 2150 14

119 2177 150 2182 -
171 2166 327 2189 immediatius
352 2166 425 2192 Deum
451 2167 635 2194 contemplantur
660 2169 683 2189 et

119 2204 188 2227 bonis
203 2205 302 2227 aeternis
313 2205 436 2232 perfectius
448 2206 598 2233 perfruuntur
610 2205 635 2226 61
654 2205 681 2227 17

119 2255 150 2260 -
166 2249 207 2266 cur
224 2246 258 2266 ter
274 2244 370 2266 Sanctus
388 2246 479 2266 cautent
496 2244 539 2266 129
558 2244 571 2265 2
588 2256 620 2261 -—
631 2244 684 2266 Pas-

121 2282 191 2306 sionis
208 2282 327 2305 infirmitas
342 2288 396 2304 cum
409 2282 576 2304 immortalitate
588 2282 683 2310 spiritus

121 2321 234 2349 seraphici
251 2321 379 2344 nullatenus
395 2321 504 2343 convenit
520 2320 565 2343 543
583 2321 596 2343 3

166 2372 197 2376 ——-
214 2359 348 2382 convivium
371 2360 468 2382 caeleste
491 2362 573 2383 ornant
598 2359 683 2382 ardore

119 2398 212 2422 divinae
237 2398 337 2421 caritatis
360 2399 386 2421 61
409 2398 436 2420 17
454 2410 485 2415 -
502 2397 547 2421 Cur
569 2398 682 2421 Dominus

120 2439 143 2460 S.
160 2437 279 2460 Francisco
297 2438 320 2460 in
336 2437 485 2460 similitudine
503 2437 623 2464 Seraphim
642 2443 683 2465 ap-

121 2477 222 2504 paruerit
240 2477 283 2499 -133
303 2476 315 2498 4
333 2489 362 2493 -
379 2476 547 2499 ecclesiasticus
568 2479 602 2498 est
618 2482 681 2504 prae-

121 2516 179 2538 latus
195 2515 319 2543 spiritualis
337 2515 381 2537 136
400 2516 420 2537 1.
439 2514 483 2537 150
500 2514 530 2536 15

168 2555 290 2577 SERENJTAS
310 2566 341 2571 --
362 2554 488 2582 percipitur
512 2553 536 2576 in
563 2553 606 2576 fine
631 2553 682 2576 viae

121 2593 258 2621 purgativae
276 2594 289 2615 6
306 2593 320 2615 9
337 2605 368 2609 -
384 2593 466 2616 mentis
491 2591 606 2615 obtinetur
628 2592 683 2615 ieiu-

121 2632 159 2654 nio
178 2632 222 2654 260
239 2632 252 2653 9

168 2671 243 2693 Sanno
258 2682 290 2687 -
305 2670 418 2693 discretus
434 2672 522 2698 spectat
537 2670 567 2693 ad
584 2670 682 2698 comple-

122 2713 224 2732 mentum
241 2712 336 2732 naturae
352 2715 380 2732 ex
397 2712 462 2736 parte
479 2715 561 2731 sensus
579 2709 592 2731 6
611 2709 635 2730 11
651 2721 682 2725 -

121 2748 223 2770 carnales
248 2750 358 2776 tanquam
383 2747 566 2771 exhalationibus
593 2747 683 2770 foetidis

122 2789 211 2809 mentes
235 2786 331 2814 pudicas
356 2786 459 2809 inficiunt
485 2792 608 2814 moresque
635 2791 684 2809 cor-

123 2828 233 2853 rumpunt
250 2825 294 2847 260
311 2825 336 2847 11

170 2864 294 2886 Εεῐινῑκτεε
310 2876 340 2879 -
366 2866 449 2886 terram
475 2863 622 2886 comedentes
646 2862 683 2886 de

122 2902 214 2929 signant
230 2908 313 2925 avaros
332 2902 374 2924 198
392 2902 422 2924 70
439 2914 469 2919 --
486 2902 585 2924 Gloriam
603 2901 643 2924 Dei
661 2901 682 2923 in

122 2941 294 2964 similitudinem
312 2943 444 2968 serpentum
462 2942 551 2963 mutare
562 2942 596 2963 est
612 2945 682 2967 opera

123 2979 183 3002 bona
202 2986 242 3007 pro
261 2979 355 3002 terrenis
371 2979 457 3002 divitiis
474 2979 563 3007 operari
581 2978 636 3001 ibid.

830 224 930 253 INDEX
940 225 1185 255 ALPHABETICUS.

775 302 842 325 Snnw
859 314 888 319 —
902 305 996 325 utuntur
1008 302 1078 326 rebus
1090 304 1224 326 auctoritate
1235 304 1288 326 alie-

727 346 756 362 na
774 340 818 363 422
837 341 861 362 11
883 354 912 357 -
930 342 970 364 Dei
987 341 1055 364 debet
1072 348 1122 364 esse
1139 348 1228 370 caecnS,
1240 349 1287 365 sur·

727 379 783 406 dus,
800 382 878 402 mutus
903 382 925 402 et
945 379 1082 403 insensibilis
1107 381 1136 403 ad
1158 381 1247 409 omnia,
1264 382 1286 404 in

726 417 812 447 quibus
828 424 873 441 non
892 418 977 441 invenit
999 419 1088 441 animae
1104 420 1194 442 lucrum
1212 419 1256 442 497
1273 426 1285 442 a

774 457 895 480 SERVlTltJu
911 469 942 474 -
959 457 999 480 Dei
1016 464 1062 480 non
1085 457 1154 480 debet
1170 464 1221 480 esse
1237 459 1286 481 sine

726 496 808 518 timore
826 496 869 518 497
888 502 900 518 a
918 509 948 512 —
965 497 987 518 ln
999 497 1092 519 servitio
1105 497 1144 519 Dei
1156 503 1224 520 nemo
1236 504 1286 525 pro-

726 534 783 563 ficit,
799 535 842 557 nisi
864 535 892 557 sit
908 535 996 558 amicus
1021 536 1130 558 orationis
1146 536 1191 558 502
1210 536 1238 558 14
1254 549 1285 553 -

725 574 866 596 necessitatis
891 577 912 596 et
937 574 1037 597 utilitatis
1058 574 1165 597 libentius
1183 575 1285 598 facienda

724 615 777 635 sunt
793 619 864 641 quam
880 613 922 635 alia
941 613 985 635 484
1003 615 1016 636 2
1037 626 1068 630 -
1089 614 1166 636 omnia
1188 614 1284 637 radicari

724 651 809 673 debent
825 652 848 674 in
864 652 969 679 caritate,
986 652 1087 681 alioquin
1105 656 1158 675 sunt
1174 653 1223 675 sine
1240 659 1285 675 me-

723 690 766 712 rito
792 689 820 713 ib.
840 691 847 712 1
869 703 900 706 -
918 691 1033 718 Tempore
1055 691 1202 714 servitiorum
1224 691 1285 714 labo-

723 729 821 752 randum
838 732 879 757 est,
896 734 1007 758 quantum
1033 730 1085 758 quis
1102 733 1176 758 potest
1192 733 1214 753 et
1231 737 1284 753 cum

723 768 810 790 silentio
828 768 872 790 502
895 768 923 791 15
941 781 971 784 -
987 768 1107 796 Completo
1124 769 1226 798 servitio,
1243 772 1284 792 sta-

724 807 763 829 tim
781 807 915 834 fugiendum
934 810 967 829 est
984 807 1011 830 ad
1030 807 1176 830 solitudinem
1193 808 1246 831 ibid.

770 846 878 868 Sanvrrus
893 858 924 862 —
941 845 984 868 Ubi
1002 849 1036 869 est
1052 852 1107 868 vera
1128 847 1234 873 servitus,
1252 846 1283 869 ibi

722 887 756 906 est
772 890 853 906 verum
871 884 998 907 dominium
1017 885 1061 906 308
1080 885 1104 906 11

769 923 892 945 Savanmus
908 935 939 940 —
956 923 1074 951 Oppidum
1087 924 1111 946 S.
1123 924 1226 946 Severini
1238 924 1282 946 554

722 961 735 983 7
752 974 782 977 --
799 961 831 984 lbi
849 962 966 989 praedicat
983 962 1005 983 S.
1021 962 1157 984 Franciscus
1174 963 1219 985 515
1238 963 1251 984 9

768 1001 892 1023 ΞενεκιτΑε
908 1012 938 1017 -
955 1003 989 1023 est
1005 1001 1101 1029 quidam
1118 1001 1181 1029 rigor
1193 1002 1281 1029 mentis,

721 1039 862 1066 restringens
883 1039 1092 1067 concupiscentiam
1114 1043 1136 1062 et
1161 1040 1282 1062 habilitans

720 1077 750 1100 ad
767 1084 870 1100 amorem
888 1078 1029 1106 asperitatis,
1054 1079 1196 1106 paupertatis
1212 1082 1235 1101 et
1251 1079 1282 1101 vi-

721 1117 788 1139 litatis
805 1116 819 1138 5
836 1117 849 1138 9
867 1129 897 1132 —
915 1116 1018 1139 habenda
1043 1120 1076 1139 est
1101 1118 1130 1140 ad
1155 1124 1179 1140 se
1206 1118 1281 1145 ipsum

720 1155 824 1183 exemplo
841 1156 924 1178 Christi
941 1156 1048 1184 patientis
1060 1157 1088 1178 13
1101 1157 1113 1178 3
1127 1169 1156 1172 -
1168 1158 1191 1179 ln
1203 1157 1282 1185 acqui-

720 1195 801 1217 sitione
826 1195 953 1217 severitatis
977 1198 1054 1217 contra
1073 1196 1280 1223 concupiscentiam

719 1234 856 1256 rectificatur
873 1234 979 1256 stimulus
996 1234 1149 1256 conscientiae
1165 1235 1179 1257 5
1198 1235 1210 1256 8

767 1273 839 1295 SEXTA
856 1285 887 1290 —
904 1273 1006 1295 Christus
1018 1274 1073 1295 hora
1086 1276 1147 1296 sexta
1159 1274 1282 1296 crucifixus

719 1314 753 1334 est
771 1311 814 1334 409
833 1312 846 1333 6

766 1352 836 1373 Snxus
853 1363 882 1367 —
900 1350 1006 1373 nobilitas
1028 1354 1113 1378 spectat
1135 1351 1164 1373 ad
1181 1351 1282 1379 comple-

719 1393 822 1412 mentum
839 1392 934 1412 naturae
951 1396 977 1412 ex
994 1393 1059 1417 parte
1075 1390 1179 1417 corporis
1196 1391 1209 1412 6
1229 1391 1252 1412 11

766 1429 845 1451 sicam
863 1441 894 1445 —
911 1429 1073 1457 interpretatur
1090 1428 1190 1451 ebrietas
1208 1429 1252 1451 257
1266 1430 1274 1451 1

718 1480 749 1484 -
765 1467 879 1495 significat
895 1474 964 1490 omne
976 1468 1084 1495 poculum
1099 1467 1215 1490 inebrians
1227 1467 1279 1490 ibid.

766 1507 845 1529 Sicula
862 1519 894 1523 —
910 1506 955 1529 560
973 1508 995 1528 2.
1012 1506 1052 1528 561
1075 1507 1088 1528 6

765 1546 866 1568 smmum
884 1558 912 1561 —
931 1546 1080 1568 confessionis
1097 1545 1174 1568 stricte
1185 1552 1279 1568 servan-

718 1584 774 1607 dum
791 1587 826 1607 est
844 1584 887 1606 467
905 1590 927 1612 a,
943 1583 958 1606 b

765 1624 903 1646 Stonacuth
919 1636 950 1639 —
975 1623 1035 1646 Crux
1056 1626 1152 1646 vocatur
1176 1624 1279 1651 signaru-

718 1662 765 1683 lum
782 1661 872 1689 regium
891 1662 931 1683 221
955 1661 997 1684 153

764 1701 827 1723 Sinas
842 1712 873 1717 —
890 1706 903 1722 a
920 1701 989 1723 Paulo
1012 1703 1037 1722 ut
1061 1700 1138 1722 socius
1163 1703 1279 1722 assumtus

718 1741 751 1761 est
768 1739 809 1761 351
829 1745 842 1761 a

764 1778 881 1800 Sitax'nuu
898 1790 927 1794 ’-
946 1778 968 1799 ln
993 1777 1120 1800 verborum
1141 1778 1278 1800 arctitudine

717 1816 819 1839 consistit
836 1816 953 1844 castigatio
971 1816 1074 1844 corporis
1092 1817 1136 1839 250
1149 1817 1178 1838 20
1193 1828 1223 1833 -—
1236 1817 1278 1839 Du-

717 1856 768 1883 plex
792 1858 827 1878 est
852 1855 935 1878 utilitas
963 1855 1043 1878 silentii
1070 1856 1114 1877 116
1140 1856 1153 1877 3
1181 1867 1213 1872 —
1237 1856 1279 1878 Per

717 1895 831 1917 silentium
857 1897 1007 1916 conservatur
1030 1900 1073 1922 pax
1095 1894 1172 1916 cordis
1189 1897 1211 1916 et
1230 1900 1278 1916 cor-

717 1934 781 1962 poris
797 1936 819 1956 et
836 1933 934 1956 nutritur
951 1933 1033 1955 iustitia
1058 1933 1101 1955 115
1124 1934 1128 1955 l
1150 1945 1180 1950 -·
1198 1939 1279 1961 coope-

716 1975 779 1995 ratur
796 1972 826 1995 ad
843 1972 1006 2000 perfectionem
1028 1972 1160 2000 religiosam
1178 1971 1231 1995 ibid.
1248 1985 1278 1989 —

716 2011 877 2033 claustralibus
902 2011 969 2034 valde
995 2011 1148 2033 necessarium
1174 2014 1207 2033 est
1224 2010 1278 2034 ibid.

718 2051 762 2073 116
781 2050 793 2072 4
810 2062 841 2067 -
859 2050 957 2072 maxime
982 2050 1135 2072 necessarium
1160 2053 1193 2072 est
1210 2050 1277 2077 virgi-

716 2089 785 2112 nibus
802 2090 848 2112 Deo
865 2089 945 2111 dicatis
962 2088 1016 2112 ibid.
1040 2101 1072 2105 —
1096 2089 1221 2112 amandum
1244 2092 1278 2112 est

717 2128 762 2150 502
784 2128 809 2150 15
826 2141 856 2144 -
873 2128 992 2156 quomodo
1017 2127 1161 2150 servandum
1186 2128 1215 2150 sit
1232 2128 1277 2150 204

717 2167 752 2189 87.
779 2167 823 2190 489
842 2167 863 2189 1.
880 2173 915 2195 sq.
940 2178 971 2183 —
993 2167 1108 2194 Tempore
1130 2167 1277 2190 servitiorum

715 2205 860 2233 operandum
884 2208 918 2228 est
942 2211 995 2227 cum
1017 2205 1104 2227 silentio
1130 2205 1175 2228 502
1202 2205 1230 2227 15
1246 2217 1278 2222 -

716 2244 815 2272 Semper
831 2244 913 2267 melius
930 2247 953 2267 et
969 2244 1047 2266 utilius
1062 2246 1097 2267 est
1114 2247 1189 2266 tacere
1206 2250 1276 2273 quam

716 2283 779 2311 loqui
798 2282 840 2305 tt7
858 2283 872 2305 5
883 2295 914 2300 -
925 2289 1034 2305 arcanum
1047 2282 1128 2306 Christi
1141 2283 1277 2306 imitandum

715 2322 745 2343 73
764 2322 793 2344 10
809 2333 841 2338 -
857 2322 963 2349 Exempla
982 2321 1044 2343 varia
1062 2322 1220 2344 taciturnitatis
1236 2322 1277 2344 116

716 2361 738 2387 2,
757 2359 778 2382 4.
795 2359 839 2382 204
857 2360 885 2381 88
903 2372 934 2375 —
951 2359 1073 2381 necessitas
1090 2359 1229 2382 observandi
1247 2359 1277 2382 si-

716 2398 810 2421 lentium
828 2398 977 2420 confirmatur
994 2398 1060 2420 dictis
1078 2400 1099 2420 et
1115 2398 1226 2425 exemplis
1242 2398 1277 2420 Ss.

716 2437 807 2459 Pati-um
826 2436 871 2459 502
889 2436 918 2459 15
935 2448 966 2453 -——
977 2436 1130 2459 necessarium
1144 2439 1177 2459 est
1188 2436 1218 2458 ad
1229 2442 1277 2458 ora·

717 2476 801 2498 tionem
826 2474 880 2498 ibid.
904 2487 935 2492 —
959 2477 993 2497 est
1017 2475 1069 2502 puri
1100 2475 1176 2497 cordis
1205 2477 1278 2498 custo-

716 2514 752 2537 dia
770 2517 792 2537 ct
816 2520 861 2537 non
887 2513 977 2537 modica
1002 2514 1076 2536 virtus
1098 2513 1142 2536 518
1160 2514 1174 2535 6
1194 2525 1226 2531 -
1242 2513 1277 2536 Ad

716 2552 901 2576 conservandum
933 2552 1047 2575 silentium
1079 2554 1170 2580 oportet
1197 2553 1277 2580 fugere

716 2592 829 2615 consortia
847 2591 966 2614 hominum
983 2594 1005 2613 et
1022 2591 1106 2614 ducere
1132 2591 1201 2614 vitam
1226 2591 1277 2613 soli-

717 2631 796 2653 tariam
816 2630 859 2652 116
877 2630 900 2652 3.
917 2630 961 2652 502
982 2630 1009 2652 15
1025 2642 1057 2647 —-
1073 2630 1192 2658 quomodo
1204 2630 1226 2652 in
1238 2629 1278 2652 Or-

716 2669 770 2692 dine
786 2669 928 2692 servandum
943 2669 972 2691 sit
989 2668 1033 2691 453
1051 2668 1067 2691 b
1083 2680 1114 2685 —-
1130 2668 1277 2691 Definitioues

716 2708 792 2736 quoad
809 2707 924 2730 silentium
941 2707 1082 2730 servandum
1101 2706 1144 2729 464
1163 2706 1184 2729 b.
1203 2707 1247 2730 467
1261 2706 1276 2729 b

763 2747 883 2769 SlLvESTER
898 2758 930 2763 -
946 2748 994 2768 erat
1010 2746 1045 2768 vir
1062 2746 1170 2768 honestae
1182 2751 1276 2768 conver-

715 2785 808 2808 sationis
825 2787 847 2807 et
863 2784 971 2807 sacerdos
987 2784 1085 2806 civitatis
1101 2783 1178 2806 Assisii
1196 2784 1241 2807 510
1254 2784 1276 2806 5.

716 2824 761 2847 569
778 2830 791 2845 a
808 2835 839 2841 —-
855 2826 903 2846 erat
919 2823 956 2846 vir
979 2822 1127 2846 columbinae
1147 2823 1277 2850 simplieita-

716 2863 744 2886 tls
761 2863 806 2885 522
831 2862 853 2885 9.
876 2862 920 2884 569
938 2868 951 2885 a
967 2874 999 2880 —-
1016 2861 1104 2885 visione
1128 2861 1158 2884 de
1174 2861 1276 2884 dracone

716 2904 841 2929 permotus,
859 2900 968 2923 Ordinem
986 2901 1009 2923 S.
1025 2900 1139 2923 Francisci
1158 2900 1275 2928 ingressus

715 2942 749 2962 est
773 2940 815 2962 511
841 2939 862 2962 5.
888 2939 933 2962 569
955 2945 967 2961 a
990 2939 1101 2961 —iussu
1118 2939 1139 2961 S.
1162 2938 1275 2962 Francisci

715 2978 841 3001 daemones
858 2979 920 3006 fugat
937 2977 966 3000 de
983 2977 1058 3000 Aretio
1076 2978 1120 2999 522
1138 2977 1151 2999 9
1170 2989 1200 2994 --
1218 2977 1276 3000 vidit

1827 231 1882 260 743

1582 267 1632 290 SOL

1320 310 1413 327 crucem
1436 306 1593 333 egredientem
1615 307 1644 329 de
1669 313 1709 329 ore
1726 307 1749 329 S.
1770 308 1882 331 Francisci

1320 342 1365 365 539
1384 345 1405 366 2.
1422 343 1467 366 555
1485 344 1521 367 10.
1539 345 1583 367 569
1601 351 1614 367 a
1626 357 1656 362 —-
1677 346 1698 368 in
1715 348 1793 368 monte
1810 352 1881 374 supra

1320 382 1431 405 Assisium
1457 383 1504 411 iugi
1531 384 1627 406 orationi
1645 383 1743 407 vacabat
1759 384 1804 407 539
1822 386 1835 407 2
1852 397 1883 402 -

1320 426 1421 448 superno
1439 422 1459 443 ei
1477 422 1592 445 revelante
1609 423 1694 450 Spiritu
1711 424 1828 452 cognovit,
1841 423 1881 446 be-

1319 460 1424 487 neplaciti
1442 466 1492 483 csse
1517 461 1599 488 divini,
1622 461 1687 490 quod
1704 462 1727 484 S.
1743 462 1880 485 Franciscus

1318 498 1349 520 ad
1365 499 1548 526 praedicandum
1565 500 1635 522 exiret
1652 499 1705 523 ibid.

1368 537 1494 560 Smntruno
1510 550 1541 554 —
1557 544 1659 561 consona
1676 539 1818 562 hierarchiae
1829 546 1881 562 cae-

1319 575 1367 597 lesti
1384 577 1513 598 necessaria
1531 579 1564 599 est
1581 580 1676 606 propter
1694 578 1801 600 iustitiam
1819 578 1848 601 15
1866 578 1879 600 9

1318 627 1348 630 -
1365 615 1387 637 ln
1405 615 1551 638 similitudine
1568 615 1637 639 debet
1653 623 1703 639 esse
1720 620 1827 645 aspectus
1844 623 1881 640 ve-

1318 653 1390 676 ritatis
1405 654 1507 677 elevatus
1525 655 1553 677 ad
1571 656 1703 684 superiora,
1720 657 1814 679 affectus
1826 656 1881 679 cari-

1318 693 1369 714 tatis
1386 693 1492 716 dilatatus
1508 693 1538 716 ad
1556 694 1679 722 exteriora,
1692 698 1756 717 actus
1768 695 1880 717 virilitatis

1318 731 1437 754 ordinatus
1454 732 1484 754 ad
1502 732 1607 755 interiora
1633 732 1688 756 ibid.
1707 734 1734 755 16
1753 734 1781 755 10
1799 745 1830 750 -
1848 734 1879 756 Si-

1319 769 1383 791 miles
1401 776 1447 792 non
1464 773 1517 793 sunt
1537 771 1582 793 nisi
1607 772 1667 800 duo,
1684 772 1724 800 qui
1741 771 1811 794 ambo
1827 775 1880 794 sunt

1318 814 1330 829 a
1347 809 1425 835 tertio,
1442 809 1477 831 vel
1495 815 1554 832 unus
1571 809 1601 832 ab
1618 811 1689 832 altero
1708 811 1736 832 ‹16
1755 811 1779 832 11
1800 822 1831 827 --
1848 811 1879 833 Si·

1317 847 1378 869 milia
1395 847 1508 870 similibus
1524 849 1670 876 congaudent
1688 848 1727 871 141
1750 849 1763 871 5

1365 886 1454 908 SlMONlA
1473 899 1503 902 —
1520 887 1564 914 Qui
1589 887 1670 915 recipit
1693 887 1814 910 ecclesiam
1837 894 1878 915 per

1316 930 1489 953 quamcumque
1505 925 1625 948 simoniam
1643 926 1730 948 nullum
1753 926 1789 949 ius
1809 926 1878 949 habet

1317 962 1338 984 in
1355 969 1381 985 ea
1399 963 1443 985 358
1461 970 1473 985 a
1490 976 1521 980 —
1538 966 1572 986 est
1596 964 1699 992 recipere
1723 965 1823 993 aliquem
1848 965 1878 987 ad

1316 1001 1424 1024 Ordinem
1442 1005 1536 1030 propter
1553 1003 1675 1030 pecuniam
1693 1003 1737 1025 370
1755 1010 1768 1025 a

1363 1041 1500 1063 Smmctns
1516 1053 1546 1057 —
1564 1041 1625 1063 Deus
1641 1044 1676 1064 est
1696 1042 1828 1069 simplicitas
1845 1048 1877 1064 re·

1315 1079 1380 1106 plens
1405 1080 1433 1101 16
1464 1080 1488 1102 11
1509 1092 1539 1095 -
1557 1082 1590 1102 est
1613 1080 1712 1107 dignitas
1735 1080 1877 1104 admirabilis

1315 1118 1405 1140 animae
1422 1118 1447 1140 31
1470 1118 1483 1140 5
1500 1130 1530 1135 -
1548 1119 1695 1146 praeferenda
1708 1122 1741 1141 est
1752 1120 1877 1142 curiositati

1316 1157 1344 1178 69
1357 1157 1370 1178 5
1382 1169 1413 1173 —
1422 1157 1570 1185 Simplicibus
1580 1158 1639 1180 Deus
1650 1164 1691 1180 sua
1704 1159 1811 1185 mysteria
1823 1165 1876 1186 pan-

1315 1195 1371 1218 dere
1387 1196 1444 1218 solet
1461 1196 1505 1217 538
1524 1196 1552 1218 ι14

1362 1236 1500 1258 Stiirticrrssn
1516 1247 1547 1251 —
1564 1235 1612 1257 Non
1629 1241 1698 1257 omne
1714 1235 1812 1258 verbnm
1824 1236 1876 1258 sim-

1315 1273 1402 1301 pliciter
1418 1274 1505 1296 dictum
1523 1277 1557 1297 est
1574 1274 1733 1296 universaliter
1750 1274 1875 1302 intelligen-

1315 1312 1371 1334 dum
1389 1312 1433 1335 240
1451 1313 1464 1335 4

1362 1352 1420 1374 Snvxi
1430 1363 1460 1367 —
1470 1352 1559 1379 llloyses
1568 1352 1653 1379 Legem
1666 1352 1753 1379 accepit
1765 1352 1785 1374 in
1798 1355 1874 1375 monte

1314 1390 1375 1412 Sinai
1393 1390 1436 1412 438
1455 1391 1467 1412 2

1361 1430 1518 1452 ΞιΝουιΛηιτΑε
1529 1441 1560 1446 -
1571 1430 1726 1452 Transcensus
1743 1429 1802 1451 vitae
1814 1435 1876 1451 com-

1313 1468 1390 1490 munis
1415 1468 1438 1489 in
1459 1467 1600 1496 quibusdam
1625 1468 1687 1490 venit
1712 1474 1739 1490 ex
1756 1473 1872 1495 praesum-

1313 1509 1377 1529 tuosa
1402 1507 1560 1534 singularitate
1582 1507 1627 1529 265
1653 1507 1682 1529 27
1703 1519 1733 1522 -
1755 1506 1874 1529 Amicitiae

1312 1545 1440 1573 singulares
1465 1545 1586 1572 fugiendae
1603 1548 1656 1567 sunt
1682 1545 1726 1567 495
1744 1544 1759 1567 h

1361 1585 1462 1606 Sin-israe
1479 1596 1509 1600 -—
1528 1584 1569 1607 Vix
1585 1584 1671 1612 aliquid
1695 1584 1719 1606 fit
1741 1587 1786 1606 tam
1804 1590 1873 1612 pure,

1311 1623 1367 1651 quin
1384 1622 1457 1650 possit
1473 1622 1564 1645 sinistre
1580 1623 1724 1650 interpretari
1742 1623 1786 1645 362
1804 1622 1819 1644 l)

1359 1662 1423 1684 Sinus
1439 1674 1470 1676 —
1486 1661 1588 1689 Virginis
1610 1661 1651 1684 fuit
1672 1661 1801 1684 secundum
1825 1661 1874 1683 vin·

1311 1701 1389 1722 culum
1406 1699 1488 1723 Christi
1506 1700 1550 1722 165
1569 1701 1577 1722 1

1360 1739 1417 1762 Srris
1434 1752 1462 1755 —
1479 1739 1514 1761 Ab
1532 1739 1624 1761 homine
1641 1739 1729 1761 sitiente
1750 1739 1821 1761 multo
1838 1744 1874 1760 ar-

1312 1778 1403 1800 dentius
1419 1780 1488 1805 potus
1504 1778 1648 1801 desideratur
1673 1783 1743 1806 quam
1761 1777 1826 1799 cibus
1842 1776 1873 1799 ab

1312 1817 1425 1839 esuriente
1449 1817 1493 1839 177
1510 1818 1525 1839 2
1540 1829 1571 1834 -
1587 1816 1690 1839 Christus
1715 1815 1788 1839 verbo
1813 1816 1872 1839 Sitio

1312 1855 1411 1878 ostendit
1427 1856 1603 1878 immensitatem
1626 1855 1725 1878 caritatis
1747 1861 1802 1877 suae
1819 1854 1874 1878 ibid.

1312 1906 1343 1911 —
1360 1895 1436 1917 cordis
1453 1895 1590 1917 refocillatur
1607 1895 1667 1917 fonte
1684 1894 1780 1916 laetitiae
1793 1900 1873 1922 proce-

1312 1933 1381 1956 dente
1397 1940 1409 1956 a
1427 1933 1516 1956 Christo
1535 1934 1564 1956 85
1582 1933 1610 1956 47

1359 1973 1506 1995 Socmmuns
1521 1984 1553 1989 ——
1568 1972 1598 1995 ad
1619 1978 1687 2000 pares
1708 1971 1872 2000 praescribitur

1312 2011 1342 2033 ab
1359 2011 1443 2034 iustitia
1460 2011 1564 2034 ordinata
1582 2011 1627 2033 130
1645 2011 1658 2033 9

1360 2051 1466 2073 Somnus
1480 2062 1514 2067 —
1529 2050 1694 2078 spiritualium,
1711 2049 1831 2078 quomodo
1843 2049 1873 2071 in-

1312 2090 1417 2111 veniatur
1434 2090 1462 2111 88
1481 2090 1494 2111 2
1512 2101 1542 2105 -
1559 2089 1687 2115 malorum,
1704 2088 1798 2117 quando
1815 2088 1873 2111 desi-

1311 2128 1359 2156 piat
1375 2127 1429 2150 ibid.
1442 2140 1472 2144 —
1484 2127 1640 2155 superborum
1652 2127 1760 2155 fugienda
1778 2130 1812 2149 est
1822 2127 1870 2149 vel-

1311 2169 1336 2190 ut
1353 2167 1417 2189 virus
1442 2167 1585 2189 mortiferum
1612 2167 1655 2188 112
1681 2166 1694 2188 8
1711 2178 1742 2183 -
1758 2165 1814 2188 caeli
1839 2168 1873 2187 est

1311 2205 1384 2228 dulcis
1401 2208 1423 2227 et
1440 2204 1623 2233 praeamicabilis
1640 2205 1685 2227 126
1702 2205 1716 2227 5
1733 2217 1764 2221 —
1780 2204 1872 2226 Misera-

1311 2244 1363 2267 bilis
1385 2246 1419 2266 est
1445 2244 1485 2273 qui
1515 2246 1560 2266 tam
1591 2243 1747 2266 nobilissimae
1771 2243 1872 2266 societati

1310 2289 1357 2306 non
1381 2283 1448 2306 fuerit
1473 2282 1574 2305 sociatus
1597 2281 1651 2305 ibid.
1668 2294 1699 2298 --
1717 2281 1789 2304 Valde
1812 2288 1872 2304 mor-

1311 2324 1376 2344 tuum
1394 2321 1462 2344 habet
1479 2321 1618 2344 desiderium
1636 2320 1677 2349 qui
1701 2320 1754 2343 huic
1769 2320 1872 2343 societati

1314 2359 1378 2387 iungi
1394 2366 1441 2382 non
1457 2359 1572 2382 desiderat
1589 2358 1642 2381 ibid.

1358 2398 1399 2420 Soi.
1416 2409 1447 2414 —
1463 2400 1542 2420 causat
1563 2397 1624 2420 diem
1649 2397 1678 2419 32
1695 2397 1709 2418 7
1735 2409 1766 2414 -
1791 2397 1871 2419 factori

1310 2443 1352 2459 suo
1369 2436 1522 2464 compatiens,
1539 2436 1597 2458 lucis
1606 2442 1662 2458 suae
1673 2435 1750 2458 radios
1763 2436 1785 2458 in
1797 2438 1871 2458 morte

1310 2475 1393 2499 Christi
1409 2475 1533 2498 occultavit
1547 2475 1577 2497 79
1595 2474 1624 2498 29

1357 2514 1468 2537 Somnum
1484 2526 1516 2530 —-
1531 2512 1582 2536 vide
1599 2519 1621 2536 v.
1638 2512 1780 2536 Consolatio.

1357 2553 1468 2575 Sotoituus
1476 2564 1506 2569 —
1516 2551 1653 2579 Babyloniae
1665 2551 1757 2574 crudele
1768 2551 1870 2574 edictum

1309 2591 1385 2614 emisit
1401 2593 1478 2614 contra
1495 2590 1634 2613 Christianos
1646 2590 1691 2612 532
1702 2590 1715 2611 7
1729 2602 1760 2606 -
1770 2591 1793 2612 S.
1804 2590 1872 2612 Fran-

1309 2630 1384 2653 ciseus
1399 2636 1454 2652 eum
1466 2629 1495 2652 ad
1507 2629 1577 2652 fldem
1588 2631 1722 2651 convertere
1734 2628 1871 2656 peroptabat

1310 2668 1371 2695 ibid„
1389 2674 1440 2697 sqq.
1461 2674 1617 2695 —magnam
1642 2667 1789 2689 devotionem
1814 2673 1870 2695 erga

1309 2708 1331 2730 S.
1349 2707 1496 2730 Franciscum
1521 2706 1627 2733 concepit
1650 2708 1673 2728 et
1693 2706 1712 2727 ei
1731 2705 1800 2728 multa
1818 2711 1869 2727 mu-

1309 2752 1363 2768 nera
1381 2745 1480 2773 pretiosa
1497 2744 1579 2768 obtulit
1595 2744 1624 2767 ib.
1637 2745 1649 2765 8

1356 2785 1440 2807 Sotmn
1456 2795 1487 2801 ·—
1504 2783 1612 2806 dicuntur
1628 2782 1729 2805 sandalia
1746 2782 1791 2805 388
1809 2782 1822 2804 6
1839 2794 1870 2799 -

1311 2823 1332 2846 S.
1351 2823 1408 2845 Petri
1426 2823 1513 2846 Romae
1530 2824 1635 2844 servatur
1651 2820 1705 2844 ibid.

1356 2862 1464 2884 Sottruno
1486 2873 1516 2877 —-
1541 2866 1633 2888 semper
1659 2859 1810 2882 desideranda
1835 2862 1870 2882 est

1310 2899 1354 2922 494
1372 2899 1387 2921 b
1403 2911 1434 2916 —
1451 2899 1555 2922 Solitariu
1572 2898 1618 2921 vita
1641 2898 1775 2926 quaerenda
1797 2900 1831 2920 est
1855 2904 1867 2920 a

1310 2938 1424 2965 Religioso
1442 2938 1486 2960 116
1503 2937 1517 2959 3
1535 2950 1566 2953 ——
1577 2936 1710 2959 Solitudinis
1720 2940 1806 2959 secreta
1818 2942 1870 2963 pcr-

1308 2976 1421 3005 quii-enda
1438 2982 1491 2998 cum
1508 2975 1597 2999 Christo
1614 2975 1643 2998 73
1662 2976 1691 2998 10
1708 2988 1738 2992 —·
1749 2974 1870 3003 Completo
