2133 3317
23 526 28 530 '
51 529 82 544 rae

9 547 97 592 affixi.

77 1367 96 1404 ,ΓΟ

0 1687 87 1712 ppei-itio-

443 207 639 237 OPUSCULUM
660 208 700 236 111.
722 208 845 237 LIGNUM
867 209 973 238 VITAE.
996 209 1038 238 DE
1060 209 1227 239 MYSTERIO
1248 210 1536 240 GLORlFICATlONlS.
1826 213 1860 242 81

27 298 100 338 112&ssssss
117 284 208 314 anima
228 285 410 314 descendente
423 284 458 314 ad
473 285 575 314 inferos
589 285 745 314 Divinitatis
760 286 890 322 potentia,
905 294 961 323 qua

117 333 170 361 Leo
191 335 285 361 noster
305 331 473 361 fortissimus
493 331 527 360 de
548 332 627 360 tribu
658 332 768 366 Iuda1,
790 340 961 369 consurgens

115 380 144 408 in
163 378 269 417 fortem
290 382 457 412 armatum,
478 378 608 415 praedam
628 378 663 407 ab
684 379 744 415 ipso
757 378 882 416 diripuit,
896 387 961 416 por-

116 426 206 463 tisque
227 425 379 454 inferorum
401 424 561 459 confractis,
575 428 603 454 et
616 425 727 462 alligato
747 428 891 462 serpente,
912 434 960 454 ex-

115 472 245 510 spolians
261 471 452 509 principatus
478 475 504 500 et
527 475 697 509 potestates,
719 471 854 500 traduxit
875 471 960 509 consi-

115 519 229 553 denter,
247 518 352 555 palam
373 516 564 554 triumphans
585 517 648 546 illos
662 518 694 546 in
707 517 866 555 semetipso.
882 519 959 547 Tunc

114 568 264 594 extractus
283 567 325 593 est
344 563 491 593 leuiatlian
512 563 616 598 hamo,
638 564 726 601 ipsius
746 572 796 601 per
815 564 957 594 Christum

112 611 268 650 perforata
288 611 430 645 maxilla,
450 615 483 640 ut
513 611 560 648 qui
593 611 661 640 nihil
692 611 762 640 iuris
791 611 910 640 habebat
929 612 957 640 in

115 658 211 695 capite,
232 658 307 695 quod
328 657 440 692 invasit,
455 658 537 686 etiam
556 658 623 686 illud
645 658 789 695 perderet,
811 658 885 696 quod
909 658 958 687 ha-

114 705 181 735 bere
201 705 348 733 videbatur
367 704 396 733 in
417 712 542 741 corpore.
564 705 642 733 Tunc
663 712 748 733 verus
765 705 879 734 Samson
900 713 958 734 mo-

114 751 189 780 riens
216 751 344 780 hostilem
374 751 526 788 prostravit
553 751 709 780 exercitum
721 751 741 779 2.
768 751 845 780 Tunc
865 751 958 788 Agnus

114 798 173 827 sine
193 798 301 826 macula
323 797 353 826 in
373 798 519 835 sanquine
533 797 694 826 testamenti
706 797 757 826 sui
777 797 810 826 de
831 797 909 831 lacu,
925 798 962 827 in

114 853 170 883 quo
191 853 249 873 non
268 848 332 873 erat
353 853 447 883 aqua,
469 844 580 873 vinctos
600 844 709 872 eduxit.
731 844 808 872 Tunc
823 843 957 873 habitan-

114 891 191 920 tibus
212 891 243 920 in
271 891 387 928 reyione
417 891 541 920 umbrae
571 891 675 919 mortis
702 890 750 919 diu
779 899 866 920 novae
887 891 957 920 lucis

113 940 273 974 exspectata
294 937 404 966 claritas
424 937 549 966 radiavit.

338 1030 429 1064 Iesus,
450 1037 607 1066 resuryens
628 1029 736 1058 beatus.

192 1124 238 1153 34.
260 1125 359 1152 Sacrae
380 1123 516 1161 siquidem
538 1123 639 1160 quietis
660 1123 767 1152 Domini
783 1123 811 1152 in
826 1124 955 1161 sepulcro

113 1171 289 1200 illucescente
309 1170 392 1200 tertio
411 1170 471 1204 die,
493 1170 541 1207 qui
562 1170 589 1199 in
605 1170 777 1199 revolutione
791 1170 900 1200 dierum
916 1174 957 1200 est

113 1221 227 1247 octavus
248 1220 276 1246 et
296 1217 419 1254 primus,
441 1217 495 1246 Dei
516 1217 610 1246 uirtus
630 1220 656 1246 et
675 1217 823 1254 sapientia
834 1217 855 1251 ³,
877 1218 957 1247 Chri-

113 1269 189 1299 stus,
210 1264 308 1293 mortis
328 1267 468 1301 prostrato
488 1267 617 1298 auctore,
632 1264 714 1293 etiam
729 1264 816 1301 ipsam
838 1268 957 1294 mortem

112 1311 212 1340 devicit
232 1311 458 1348 aeternitatisque
485 1310 591 1339 aditum
622 1311 701 1340 nobis
731 1311 857 1348 aperuit,
888 1311 955 1341 dum

89 1372 97 1376 ·
112 1368 172 1389 sese
193 1368 209 1388 a
228 1359 347 1388 mortuis
373 1359 466 1387 divina
486 1358 607 1395 potentia
628 1357 786 1391 suscitavit,
813 1362 843 1386 ut
870 1362 956 1387 notas

111 1406 194 1435 nobis
214 1405 326 1444 faceret
345 1405 410 1434 vias
430 1405 513 1433 vitae.
536 1405 613 1433 Tunc
643 1408 835 1432 terraemotus
855 1404 955 1441 faetus

110 1456 150 1481 est
170 1460 313 1489 maynuS,
335 1453 362 1480 et
383 1450 512 1488 Anyelus
528 1450 646 1479 Domini
660 1450 691 1478 in
710 1450 874 1478 vestimento
890 1450 954 1479 albo

110 1502 138 1528 et
158 1498 273 1528 candido
294 1501 321 1527 et
341 1501 455 1534 aspectu
482 1497 611 1534 fulgureo
639 1496 783 1525 descendit
803 1497 837 1526 de
857 1496 953 1531 eaelo,

109 1545 162 1583 piis
191 1552 328 1582 apparens
355 1544 473 1573 blandus
504 1544 651 1580 impiisque
682 1551 805 1572 severus.
838 1544 954 1580 Propter

109 1592 183 1630 quod
205 1595 232 1621 et
253 1594 398 1628 protervos
426 1590 580 1627 perterruit
602 1590 702 1619 milites
731 1593 758 1619 et
789 1590 953 1619 confortavit

108 1639 221 1676 pavidas
240 1638 386 1672 mulieres,
407 1637 510 1675 quibus
530 1640 557 1666 et
578 1637 636 1673 ipse
657 1637 790 1666 Dominus
804 1645 954 1674 resurgens

108 1686 231 1723 primum
251 1684 395 1722 apparuit,
417 1684 483 1721 quia
503 1684 556 1713 hoc
576 1683 729 1713 devotionis
750 1683 873 1713 intensae
895 1692 952 1713 me-

108 1733 223 1762 rebatur
243 1732 367 1761 affectus.
389 1731 492 1760 Deinde
514 1731 590 1760 visus
618 1734 659 1759 est
680 1731 769 1764 Petro,
790 1730 891 1759 dehiiic
912 1730 953 1759 di-

108 1780 222 1817 scipulis
235 1778 367 1808 euntibus
381 1778 409 1807 in
422 1778 550 1806 Emmaus
561 1778 581 1811 ⁴,
596 1777 696 1806 dehinc
710 1777 845 1814 Apostolis
863 1778 952 1806 omni-

108 1827 162 1855 bus
182 1826 287 1863 absque
307 1825 427 1858 Thoma,
452 1824 552 1853 dehinc
579 1824 700 1852 Thomae
731 1823 900 1860 palpandum
923 1832 952 1853 se

107 1873 252 1911 praebuit,
278 1880 341 1901 cum
372 1872 417 1901 ille
448 1871 566 1900 fideliter
597 1871 775 1900 exclamavit:
807 1871 952 1900 Dominus

107 1929 189 1950 meus
208 1924 233 1949 et
256 1920 332 1948 Deus
352 1927 449 1952 mcus;
464 1919 574 1955 sicque,
592 1927 648 1955 per
668 1918 728 1947 dies
749 1918 953 1956 quadraginta

107 1967 314 1997 multiformiter
334 1974 483 2003 apparens
509 1965 651 2002 discipulis
672 1968 699 1994 et
723 1965 807 1994 edens
828 1973 892 1994 cum
913 1965 953 1995 eis

107 2019 134 2044 et
154 2015 266 2049 bibens,
287 2017 315 2043 et
335 2013 506 2050 argumentis
533 2020 583 2041 nos
614 2012 781 2041 illuminavit
811 2013 845 2041 ad
865 2012 951 2049 sidem

1019 290 1047 316 et
1067 288 1210 324 promissis
1240 288 1332 317 erexit
1361 289 1395 318 ad
1415 297 1512 326 spem,
1534 292 1566 318 ut
1593 289 1632 319 sic
1654 289 1764 319 tandem
1785 290 1864 320 donis

1019 334 1133 363 caelitus
1153 335 1224 364 datis
1244 335 1406 365 accenderet
1426 336 1460 365 ad
1481 345 1611 366 amorem
1622 337 1643 366 ⁵.

1234 428 1326 463 Iesus,
1348 428 1434 458 decor
1452 430 1644 467 praecipuus.

1095 519 1141 548 35.
1157 520 1225 549 Sane
1238 520 1293 557 flos
1306 521 1352 550 ille
1366 523 1574 559 pulcherrimus
1587 524 1622 552 de
1635 523 1737 553 radice
1753 524 1828 553 Iesse
1839 524 1861 558 ⁶,

1016 565 1063 601 qui
1085 565 1112 594 in
1135 566 1322 596 incarnatione
1343 568 1451 603 floruit,
1472 569 1499 598 in
1521 570 1647 606 passione
1668 570 1808 604 defloruit,
1823 571 1862 600 sic

1015 612 1042 640 in
1064 613 1268 642 resurrectione
1289 615 1425 649 refloruit,
1450 619 1482 645 ut
1511 617 1635 646 omnium
1667 620 1739 646 esset
1769 617 1860 646 decor.

1014 658 1081 687 Nam
1103 667 1204 696 corpus
1232 660 1300 689 illud
1327 661 1572 698 gloriosissimum,
1599 663 1715 697 subtile,
1743 664 1813 701 agile
1834 667 1861 693 et
1881 669 2000 711 leriahcfff:

1014 705 1169 735 immortale
1190 710 1281 736 tantae
1302 708 1434 737 claritatis
1455 710 1671 746 supervestitum
1691 714 1732 740 est
1757 693 1942 748 gloria,¹'⁰¹¹³c
1956 694 2005 711 ‘¹⁸²¹'

1014 755 1046 781 ut
1066 760 1132 781 vere
1153 753 1188 781 sit
1209 754 1265 782 sole
1296 754 1462 791 fulgentius,
1488 756 1676 792 exemplarem
1702 757 1861 793 praeferens

1014 799 1229 835 pulcritudinem
1251 800 1473 830 suscitandorum
1490 810 1640 839 corporum
1657 803 1858 839 liumanorum;

1014 845 1047 874 de
1068 846 1171 882 quibus
1193 846 1250 883 ipse
1271 847 1395 876 Salvator
1416 848 1466 876 ait:
1506 849 1585 877 Tunc
1605 848 1759 886 fulgyebunt
1789 850 1861 879 iusti

1013 892 1091 921 sicut
1103 893 1148 922 sol
1162 893 1192 922 in
1206 902 1295 931 reyno
1310 894 1413 923 Patris
1425 895 1453 928 ⁷,
1473 895 1576 924 scilicet
1597 896 1775 926 beatitudinis
1789 905 1859 926 sem-

1014 938 1146 975 piternae.
1172 940 1274 976 Quodsi
1303 940 1419 977 quilibet
1450 941 1540 970 iustus
1570 941 1687 978 fulgebit
1710 944 1782 972 sicut
1802 945 1859 979 sol,

1014 985 1110 1022 quanti
1131 989 1213 1022 putas
1243 994 1303 1015 esse
1334 987 1449 1024 fulgoris
1475 987 1566 1024 ipsum
1599 988 1688 1017 Solem
1718 989 1859 1019 iustitiae?

1015 1032 1109 1066 Tanti,
1130 1033 1258 1069 inquam,
1279 1036 1336 1068 est,
1358 1037 1389 1062 ut
1414 1034 1450 1063 sit
1469 1034 1626 1071 speciosior
1646 1035 1703 1063 sole
1724 1040 1750 1064 et
1769 1044 1858 1073 super

1014 1087 1127 1108 omnem
1144 1079 1298 1108 stellarum
1319 1080 1550 1117 dispositionem,
1573 1080 1633 1109 luci
1649 1086 1857 1118 comparatus,

1013 1125 1096 1155 decor
1116 1126 1284 1163 praecipuus
1304 1135 1359 1156 non
1380 1127 1519 1156 immerito
1539 1128 1687 1157 iudicetur.

1092 1171 1194 1201 Felices
1213 1172 1253 1200 illi
1274 1173 1364 1207 oculi,
1386 1173 1434 1210 qui
1456 1173 1602 1208 vide1·unt;
1624 1174 1671 1203 sed
1692 1177 1720 1204 et
1741 1177 1771 1203 tu
1793 1180 1995 1222 veregfflieesosuli

1014 1217 1114 1247 beatus
1134 1219 1207 1253 eris,
1232 1219 1260 1248 si
1288 1218 1401 1256 fuerint
1429 1220 1570 1258 reliquiae
1600 1221 1720 1250 seminis
1752 1222 1797 1251 tui
1817 1223 1857 1251 ad
1871 1205 1999 1247 3333?st

1015 1265 1167 1294 uidendam
1180 1266 1191 1283 ⁸
1213 1269 1268 1294 tam
1290 1266 1408 1295 interius
1429 1275 1511 1304 quam
1534 1268 1660 1296 exterius
1691 1268 1765 1297 illam
1786 1268 1858 1298 desi-

1012 1312 1213 1341 deratissimam
1235 1312 1408 1342 claritatem.

1252 1406 1350 1440 Iesus,
1372 1406 1437 1434 orbi
1453 1406 1616 1443 praelatus.

1090 1499 1136 1527 36.
1157 1500 1297 1536 Apparens
1319 1507 1431 1536 quoque
1453 1500 1587 1529 Dominus
1614 1500 1642 1529 in
1674 1500 1792 1530 Galilaea
1816 1501 1857 1530 di-

1011 1545 1139 1582 scipulis,
1160 1553 1269 1574 omnem
1291 1545 1342 1574 sibi
1365 1548 1526 1582 potestatem
1549 1549 1605 1575 tam
1620 1547 1687 1576 caeli
1702 1555 1786 1584 quam
1802 1551 1856 1576 ter-

1010 1600 1057 1621 rae
1077 1592 1197 1621 asseruit
1217 1601 1233 1620 a
1254 1592 1333 1621 Patre
1354 1593 1480 1621 collatam
1493 1593 1512 1621 ⁹.
1536 1594 1650 1630 Propter
1672 1594 1745 1631 quod
1768 1598 1795 1623 et
1816 1595 1856 1623 di-
1872 1600 1991 1628 Pfaedicauo

1010 1639 1130 1676 scipulos
1150 1639 1225 1667 misit
1247 1639 1278 1667 in
1299 1639 1444 1667 mundum
1472 1640 1659 1674 uniuersum,
1678 1641 1855 1677 praedicare
1880 1624 1983 1647 fflngffl'

1011 1686 1201 1723 Evanyelium
1222 1686 1303 1714 omni
1332 1690 1505 1720 creaturae,
1531 1687 1648 1716 salutem
1670 1688 1855 1724 promittendo

1009 1732 1406 1766 credentibus,damnationem
1417 1733 1610 1762 comminando
1620 1733 1780 1768 incredulis,
1792 1743 1855 1763 coo-

1006 1783 1127 1816 perante
1149 1779 1272 1808 Domino
1292 1783 1317 1807 et
1337 1780 1520 1817 sequentibus
1540 1780 1634 1817 siquis
1662 1780 1854 1818 confirmante

1008 1834 1179 1858 sermonem,
1203 1829 1234 1854 ut
1255 1825 1282 1854 in
1298 1826 1402 1855 virtute
1422 1826 1541 1855 nominis
1562 1827 1623 1856 lesu
1644 1827 1746 1856 Christi
1768 1828 1854 1864 impe-

1010 1875 1104 1901 rarent
1124 1872 1253 1901 omnibus
1273 1872 1410 1901 creaturis
1431 1876 1458 1902 et
1478 1873 1595 1907 morbis,
1611 1882 1732 1911 vereque
1747 1878 1854 1904 consta-

1010 1923 1052 1948 ret
1073 1919 1183 1948 saeculo
1203 1919 1268 1953 toti,
1290 1919 1363 1956 quod
1379 1919 1469 1956 magui
1487 1920 1574 1948 Patris
1588 1920 1671 1949 Filius
1687 1921 1761 1950 lesus
1775 1921 1854 1950 Chri-

1009 1969 1069 1995 stus
1090 1969 1220 2002 tanquam
1242 1966 1312 1995 alter
1326 1965 1459 2003 losepliw
1473 1975 1615 2005 verusque
1630 1967 1767 1996 Salvator
1782 1968 1854 1997 vivit
1865 1973 1922 1995 Iesus¹
1936 1973 1999 1992 Saua-

1009 2016 1035 2041 et
1054 2011 1236 2046 dominatur,
1258 2020 1313 2041 non
1333 2013 1424 2041 solum
1446 2013 1473 2041 in
1495 2016 1577 2041 terra
1598 2014 1732 2051 Aeyypti,
1754 2022 1853 2043 verum
1870 1997 1998 2044 ἒῗὲτῗῗὶἷὲῗιῖεῗῑ

169 2214 176 2226 ¹
194 2214 324 2242 Respicitur
340 2215 412 2242 Apoc.
435 2214 457 2240 ὅ,
483 2213 507 2241 53
525 2213 555 2236 de
570 2213 629 2243 sorti
644 2215 739 2237 armato
756 2214 812 2237 vide
834 2215 887 2237 Luc.
910 2215 949 2242 tt,

107 2254 144 2276 21.
162 2254 266 2281 Sequens
291 2253 354 2274 locus
377 2254 412 2274 est
436 2252 483 2274 Col.
501 2253 527 2279 2,
546 2252 586 2279 ⁴53
609 2252 694 2275 deiude
710 2253 832 2280 respicitur
850 2253 889 2276 lob
907 2253 948 2280 40,

107 2292 143 2313 20.
160 2291 199 2314 221.
218 2303 249 2307 —
265 2290 376 2318 Superius
392 2296 435 2318 pro
457 2291 525 2319 Anno
542 2292 677 2314 assecutiun
692 2290 801 2314 ACWZ
819 2295 840 2314 et
861 2292 866 2313 1
881 2293 948 2321 Ayno

107 2332 267 2354 consecutum.

168 2367 177 2381 ²
194 2369 264 2391 ludic.
283 2369 325 2396 16,
337 2368 374 2391 25.
386 2374 452 2397 seqq.
469 2368 577 2396 Sequitur
594 2369 662 2391 Zach.
674 2370 700 2396 9,
714 2369 721 2391 1
733 2370 754 2392 l:
771 2370 806 2392 Tu
818 2375 913 2398 quoque
925 2370 948 2392 in

105 2408 218 2436 sanguine
244 2407 372 2430 testamenti
390 2407 422 2430 tui
439 2407 535 2429 emisisti
558 2407 647 2430 vinctos
664 2410 716 2430 tuos
732 2408 762 2430 de
784 2409 834 2431 lacu
852 2412 908 2435 etc.;
927 2412 948 2431 et

106 2447 190 2470 deinde
206 2447 255 2469 lsai.
272 2447 299 2474 9,
318 2447 345 2473 2,
363 2445 402 2469 ubi
420 2446 470 2468 Vat.
486 2448 539 2474 post
555 2445 639 2469 mortis
649 2452 704 2469 cum
717 2447 816 2475 Vulgata
826 2447 891 2470 addit
903 2446 948 2470 Zur

106 2487 161 2509 orta
177 2487 211 2509 est
227 2485 260 2508 eis
276 2487 306 2508 et.

168 2523 177 2536 ³
194 2524 322 2552 Respicitur
348 2525 363 2546 1.
388 2523 440 2547 Cor.
470 2525 491 2552 1,
509 2524 551 2551 24,
574 2527 596 2546 et
620 2524 704 2547 deiude
729 2525 765 2547 Ps.
783 2525 825 2552 15,
847 2525 885 2547 10;
903 2525 948 2547 Nee

105 2563 172 2585 dabis
188 2565 298 2585 Sanctum
311 2566 375 2585 tuum
388 2563 468 2586 videre
478 2563 660 2591 corruptionem.
672 2564 741 2586 Notas
753 2564 808 2586 mini
821 2564 892 2586 fecisti
905 2567 947 2586 etc.

106 2603 155 2630 (cfr.
172 2602 220 2624 Act.
237 2603 264 2630 2,
282 2602 337 2630 31.).
356 2602 387 2624 De
409 2602 576 2624 resurrectione
601 2602 683 2625 Christi
706 2603 759 2625 vide
777 2603 854 2625 Mattli.
871 2604 908 2631 28,
930 2603 947 2625 l.

105 2647 185 2670 seqq.;
202 2641 270 2663 Marc.
296 2641 337 2667 16,
363 2641 383 2663 1.
404 2642 553 2670 seqq.;Lu1·.
571 2641 608 2669 24,
638 2641 655 2663 l.
681 2647 758 2670 seqq.;
776 2642 836 2664 ioan.
854 2642 896 2666 20.
927 2643 945 2664 l.

104 2685 170 2708 seqq.
185 2691 217 2695 —
234 2679 292 2702 lnsrn
310 2682 361 2707 post
379 2679 514 2702 vestimento
531 2678 585 2702 albo
604 2679 654 2701 Vat.
671 2679 755 2701 omittit
771 2681 792 2702 et
808 2679 917 2702 candido.

166 2718 176 2730 *¹
193 2718 252 2741 Vide
269 2719 323 2741 Luc.
342 2718 385 2746 24,
406 2719 440 2741 13.
457 2725 535 2747 seqq.;
553 2719 582 2741 de
605 2720 628 2741 S.
657 2719 745 2741 Thoma
769 2720 828 2741 loan.
847 2720 888 2746 ⁴20,
909 2719 945 2741 24.

104 2763 169 2786 seqq.
186 2760 208 2780 et
223 2757 272 2780 Act.
294 2757 311 2784 l,
330 2758 352 2780 3.
370 2757 391 2780 4.
407 2769 439 2774 -
456 2758 511 2780 lutra
535 2764 578 2785 pro
600 2757 669 2780 edens
694 2763 749 2780 Cum
774 2757 806 2781 eis
832 2758 884 2780 Vat.
909 2764 946 2780 co-

104 2795 198 2818 medens
219 2801 273 2818 cum
291 2795 339 2823 eis;
356 2802 416 2824 quae
433 2796 516 2819 deinde
538 2798 590 2824 post
603 2795 730 2825 promissis
755 2799 777 2818 et
801 2796 869 2818 etiam
894 2799 947 2824 post

104 2833 164 2857 datis
182 2835 298 2862 superflue
316 2834 344 2857 ad
362 2835 395 2857 dit
411 2840 463 2858 nos.

165 2872 175 2885 ⁶
192 2872 265 2896 Codd.
281 2873 416 2896 ACNWZ
433 2877 455 2897 et
476 2875 481 2895 1
503 2876 688 2903 prosequuntur:
712 2875 819 2897 armaret
843 2873 876 2896 ad
899 2874 945 2903 sor-

104 2911 226 2935 titudinem
247 2918 292 2941 per
312 2912 418 2941 (sentinae
441 2912 515 2936 stolae
532 2913 639 2936 ‹lacot-em
653 2912 825 2942 praecipuum,
849 2913 873 2936 in
895 2913 945 2943 ipso

103 2952 264 2974 monstratum
281 2952 396 2980 tanquam
414 2950 437 2974 in
451 2951 559 2981 principe
576 2958 660 2981 renum
677 2953 699 2975 et
712 2951 871 2981 primoqenito
884 2957 945 2974 mor-

104 2991 208 3012 tuorum.
226 2989 324 3018 Deinde,
341 2990 428 3012 omisso
445 2990 549 3019 sequenti
574 2991 638 3014 titulo
664 2991 740 3018 lesus,
761 2989 830 3013 decor
853 2990 945 3020 praeci·

196 3035 319 3059 &Bonita
337 3049 367 3052 —
385 3037 451 3059 Toni.
465 3037 520 3059 ΥΙΙΙ,

1003 2220 1069 2244 ptius
1081 2217 1103 2237 et
1114 2214 1182 2237 etiam
1194 2214 1269 2243 prima
1282 2214 1439 2243 propositione
1451 2214 1515 2237 Sane
1527 2213 1595 2242 flos...
1609 2213 1686 2242 decor,
1703 2214 1851 2237 continuant:

1006 2253 1070 2277 Nam
1093 2259 1180 2282 corpus
1198 2251 1259 2275 illud
1275 2255 1317 2275 etc.
1335 2265 1365 2269 —-
1382 2253 1425 2274 Pro
1450 2258 1494 2275 nos
1514 2252 1659 2276 illuminarit
1681 2252 1698 2275 O
1709 2253 1753 2282 PQ
1770 2259 1796 2276 ce
1812 2259 1851 2276 eos

1007 2291 1160 2314 illuminavit.

1069 2329 1078 2342 Β
1095 2330 1225 2358 Respicitur
1242 2330 1290 2352 lsai.
1313 2331 1352 2358 ll,
1374 2330 1391 2352 1.
1409 2342 1439 2346 -
1456 2330 1513 2352 intra
1531 2332 1584 2357 post
1606 2329 1781 2353 resurrectione
1799 2330 1850 2353 Vat.

1005 2369 1089 2398 sloruit
1105 2376 1147 2397 pro
1164 2369 1287 2398 refloruit,
1305 2372 1327 2391 et
1342 2369 1395 2392 dein
1412 2375 1455 2397 pro
1472 2368 1542 2392 decor
1560 2375 1682 2397 perperam
1700 2368 1790 2392 doctor.

1067 2407 1076 2420 ⁷
1094 2409 1171 2431 Mattli.
1201 2409 1239 2435 13,
1259 2408 1303 2437 43ς
1321 2408 1405 2431 deiude
1422 2409 1476 2436 Sap.
1492 2408 1518 2437 7,
1538 2409 1575 2430 29.
1598 2420 1629 2425 -—-
1651 2409 1704 2430 Post
1728 2413 1850 2437 compara-

1005 2449 1043 2471 tus
1061 2449 1112 2470 Vnt.
1131 2447 1195 2470 addit
1217 2449 1253 2475 et;
1273 2447 1314 2470 sed
1336 2447 1496 2470 ACFNWZ
1516 2449 1539 2469 et
1560 2448 1567 2469 1
1589 2448 1610 2470 et
1626 2446 1718 2476 sulyeat
1734 2448 1755 2470 et
1772 2446 1851 2476 viqeat

1004 2486 1029 2510 in
1048 2488 1173 2510 aeternum
1198 2488 1340 2516 cunctosque
1358 2486 1397 2509 sui
1413 2485 1542 2516 participes
1567 2485 1683 2515 sutqentes
1709 2487 1731 2509 et
1748 2485 1849 2515 uiuentes

1004 2525 1088 2556 efficiat
1103 2532 1131 2549 uc
1145 2532 1192 2555 pro
1210 2525 1320 2549 uictoriae
1332 2525 1416 2548 merito
1432 2524 1536 2555 ylorioso
1545 2524 1621 2554 potiri
1636 2524 1720 2548 merito
1736 2524 1787 2548 sine
1803 2524 1850 2555 line

1004 2564 1123 2588 concedat.
1143 2565 1248 2593 inferius,
1266 2565 1352 2587 omisso
1375 2564 1452 2591 titulo,
1470 2564 1539 2587 iidem
1556 2564 1701 2586 continuant:
1726 2563 1848 2593 Appareus

1005 2609 1097 2632 quoque
1114 2606 1158 2625 etc.

1066 2640 1076 2653 ¹³
1093 2641 1151 2665 Tob.
1174 2643 1211 2669 13,
1230 2643 1272 2670 20,
1290 2641 1328 2664 ubi
1348 2642 1398 2664 Yat.
1417 2641 1542 2664 videndum
1559 2648 1602 2670 pro
1621 2640 1757 2670 videndam,
1778 2642 1847 2663 reuva-

1004 2683 1072 2708 gante
1089 2680 1157 2703 etiam
1176 2680 1282 2708 Vulgata.

1066 2718 1075 2731 ⁰
1093 2719 1168 2741 Matth.
1186 2720 1229 2746 28,
1251 2719 1326 2747 16-20;
1343 2725 1393 2747 seq.
1412 2719 1475 2741 locus
1487 2721 1521 2741 est
1532 2719 1600 2741 Marc.
1622 2718 1659 2746 16,
1675 2718 1709 2741 15.
1722 2721 1743 2741 et
1756 2719 1800 2741 20:
1818 2718 1847 2741 llli

1003 2762 1079 2781 autem
1092 2758 1187 2786 profecti
1201 2758 1362 2786 praedicarunt
1375 2757 1474 2786 ubique,
1486 2757 1583 2780 Domino
1595 2760 1734 2786 cooperante
1748 2761 1790 2781 cte.
1802 2758 1846 2780 Cfr.

1002 2798 1050 2820 Act.
1069 2797 1095 2824 3,
1118 2798 1163 2824 l-8;
1182 2803 1204 2819 v.
1221 2797 1248 2819 6:
1267 2797 1289 2819 lu
1311 2797 1404 2819 nomine
1427 2798 1476 2819 lesu
1501 2796 1583 2819 Christi
1610 2797 1719 2819 Nazareni
1737 2803 1807 2825 surge
1825 2800 1847 2820 et

1002 2836 1103 2859 ambula.

1065 2874 1084 2887 ¹⁰
1101 2875 1231 2903 Respicitur
1247 2876 1304 2897 (ion.
1324 2874 1359 2902 -tt,
1377 2874 1502 2902 praecipue
1519 2881 1541 2897 ν.
1564 2874 1606 2897 45:
1623 2874 1743 2903 Vei-tuque
1761 2881 1846 2897 nomen

1001 2913 1050 2936 eius
1067 2917 1089 2936 et
1106 2914 1198 2936 vocarit
1214 2919 1267 2936 eum
1285 2913 1363 2941 lingua
1381 2913 1479 2941 Aegypti
1495 2912 1640 2936 saluatorem
1655 2912 1754 2941 mundi;
1771 2913 1846 2942 scqui-

1001 2955 1037 2975 tur
1047 2953 1103 2975 Gen.
1113 2952 1150 2979 45,
1160 2952 1200 2979 26,
1211 2952 1267 2974 infra
1279 2952 1436 2980 respiciturPs.
1453 2952 1507 2980 102,
1521 2953 1562 2974 22:
1574 2953 1597 2974 ln
1609 2952 1672 2975 omni
1684 2952 1734 2975 loco
1743 2952 1846 2974 domina-

1002 2990 1069 3013 tionis
1086 2990 1136 3013 eius
1148 2989 1246 3013 benedic
1262 2993 1304 3012 etc.
1323 3003 1352 3006 ——
1371 2990 1455 3013 Textus
1472 2996 1521 3019 seq.
1539 2992 1573 3013 est
1589 2990 1804 3018 Ausclm.,Meditat.
1822 2990 1845 3012 9.

1724 3037 1745 3058 ll
