2133 3317
0 804 12 824 d
16 803 40 823 ait
45 803 91 822 haec

0 827 73 848 ffivitas.

0 1125 92 1146 :intel-ior.

513 198 708 227 OPUSCULUM
730 198 771 226 [V.
793 198 836 226 DE
859 198 881 226 V
902 196 1172 226 FESTlVlTATlBUS.
1194 196 1382 225 FESTIVITAS
1403 195 1432 224 u.

103 278 242 315 proposito
273 277 320 306 Dei
342 276 534 305 dulcissimum
555 276 652 304 Filium
673 275 845 312 concepisse,
867 283 946 312 prae-

103 324 175 353 dicta
196 324 337 352 mortifera
359 330 463 351 venena
483 322 547 359 fuge
568 325 595 350 et
622 321 735 355 festina,
764 321 889 350 desidera
920 325 947 350 et

1808 196 1841 224 91

1003 275 1099 303 affecta
1130 282 1207 303 niore
1238 274 1418 311 parturientis
1445 273 1479 302 ad
1503 276 1614 310 partum
1642 273 1756 302 feliciter
1785 281 1847 309 per-

1004 322 1097 350 venire
1110 322 1129 349 1.

873 455 1030 482 Fasrivers
1053 454 1080 481 ll.

471 578 618 614 Quomodo
641 577 736 605 Filius
758 576 810 605 Dei
830 577 861 605 in
882 579 973 604 mente
994 576 1095 604 devota
1115 575 1310 612 spiritualiter
1331 580 1482 605 *nascatuiz

188 703 209 730 1.
232 700 356 730 Secundo
377 700 486 729 attende
507 703 534 729 et
562 699 720 733 considera,
749 698 868 736 qualiter
896 698 947 726 iste

104 748 265 778 benedictus
285 748 332 776 Dei
354 747 438 776 Filius
459 747 640 784 spiritualiter
660 747 713 775 iam
729 749 878 782 conceptus
892 745 947 781 spi-

103 795 241 824 ritualiter
256 795 390 823 nascitur
404 794 435 823 in
449 797 547 822 meme.
563 793 690 822 Nascitur
704 792 776 821 enim
786 814 793 826 ‚
808 799 872 820 0001
887 793 948 828 post

104 850 202 871 sanum
215 842 226 858 ²
247 841 409 874 consilium,
430 844 491 877 post
511 840 667 868 discussum
681 839 851 867 sufficienter
865 846 948 874 nego-

104 888 182 922 tium,
206 891 267 924 post
289 887 445 915 invocatum
466 886 591 915 divinum
612 885 796 922 patrocinium
821 887 947 914 sanctum

104 934 276 972 propositum
297 934 409 962 ducitur
429 933 463 962 ad
485 933 628 967 effectum;
644 941 708 961 cum
730 932 783 961 iam
802 932 893 960 anima
908 931 948 960 in-

104 981 170 1018 cipit
190 989 273 1018 opere
295 981 429 1017 perficere
449 980 523 1017 quod
544 979 592 1008 diu
609 979 787 1016 pertractavit
802 978 829 1007 in
844 981 948 1012 mente,

105 1028 151 1057 sed
173 1031 264 1056 tamen
287 1035 395 1064 semper
416 1026 581 1055 formidabat
601 1027 748 1059 inchoare,
777 1026 843 1062 quia
871 1025 950 1054 time-

106 1075 153 1104 bat
173 1074 299 1103 deficere.
329 1074 356 1102 ln
380 1074 431 1102 ista
451 1073 609 1102 beatissima
630 1073 771 1101 nativitate
792 1072 885 1109 Angeli
907 1072 950 1101 iu-

108 1121 208 1155 bilant,
230 1121 318 1149 Deum
340 1120 510 1157 glorificant,
532 1127 628 1156 pacem
648 1119 846 1156 praedicantss,
868 1119 949 1156 quia,

105 1168 172 1197 dum
205 1167 278 1204 quod
309 1167 358 1195 diu
388 1170 480 1195 mente
512 1169 676 1203 conceptum
705 1169 746 1194 est
766 1165 800 1194 ad
821 1166 950 1195 effectum

104 1214 170 1243 honi
191 1213 283 1251 operis
304 1213 476 1250 perducitur,
498 1221 554 1250 pax
569 1213 708 1241 interioris
729 1212 848 1241 hominis
863 1212 950 1241 refor-

107 1265 208 1290 matur.
231 1261 288 1289 Non
310 1260 382 1289 enim
404 1260 431 1288 in
454 1268 539 1297 regno
560 1260 667 1288 animae
691 1259 784 1288 divina
804 1267 860 1296 pax
882 1259 951 1288 bene

105 1308 229 1346 geritur,
259 1307 370 1344 quando
391 1315 456 1336 caro
477 1306 605 1343 spiritui,
626 1310 653 1335 et
673 1306 788 1343 spiritus
809 1306 885 1335 carni
908 1314 951 1335 re-

106 1355 228 1383 luctatur
239 1355 266 1388 4;
288 1353 399 1391 quando
420 1353 535 1390 spiritus
553 1353 744 1387 solitudinem,
759 1355 787 1381 et
801 1360 865 1381 caro
879 1353 951 1381 mul-

106 1401 252 1431 titudinem
273 1401 397 1434 affectat;
412 1399 523 1437 quando
537 1399 666 1436 spiritum
680 1399 797 1428 delectat
811 1399 951 1433 Christus,

105 1453 133 1478 et
153 1456 264 1478 carnem
285 1447 424 1481 mundus;
446 1447 558 1483 quando
572 1446 687 1483 spiritus
701 1446 811 1483 quaerit
825 1446 950 1483 requiem

105 1495 343 1532 contemplationis
364 1502 428 1523 cum
451 1494 522 1527 Deo,
551 1496 578 1522 et
605 1501 670 1522 caro
695 1493 798 1529 appetit
818 1493 951 1522 bonorem

105 1542 282 1580 praelationis
303 1542 331 1570 in
353 1541 471 1570 saeculo.
487 1541 620 1574 Econtra,
636 1540 746 1577 quando
762 1547 826 1568 caro
841 1540 952 1576 spiritui

106 1589 289 1626 subiugatur,
310 1591 455 1625 postquam
478 1587 582 1616 bonum
603 1594 690 1623 opus,
719 1586 793 1624 quod
823 1586 871 1615 diu
902 1595 952 1624 per

106 1643 218 1665 carnem
239 1637 280 1663 est
300 1634 480 1670 impeditum,
496 1633 659 1670 perducitur
680 1633 715 1661 ad
735 1633 879 1667 effectum,
895 1641 951 1670 pax

106 1685 134 1712 et
147 1681 296 1711 exsultatio
310 1681 425 1710 interior
440 1680 608 1709 reformatur
616 1680 636 1707 ⁵.
652 1679 675 1708 Ο
689 1687 773 1716 quam
787 1679 867 1708 beata
883 1679 953 1708 nati-

106 1729 192 1763 vitas,
213 1736 298 1765 quam
319 1730 394 1756 tanta
415 1728 542 1764 sequitur
564 1727 728 1764 Angelorum
754 1730 781 1755 et
808 1726 953 1755 hominum

107 1775 277 1804 iucunditas!
298 1786 311 1800 «
326 1774 349 1803 Ο
370 1774 454 1811 igitur
469 1782 552 1811 quam
572 1774 652 1802 dulce
667 1776 694 1802 ct
708 1773 867 1802 delectabile
882 1776 954 1802 esset

108 1821 260 1851 secundum
275 1824 403 1849 naturam
419 1821 538 1857 operari,
551 1821 572 1849 si
589 1820 693 1848 insania
707 1828 757 1848 1105
771 1820 952 1856 permitteret,

108 1877 163 1906 qua
184 1871 294 1902 sanata,
316 1868 407 1896 statim
428 1870 529 1896 natura
555 1867 729 1896 naturalibus
756 1867 953 1895 arrideret⁶»!

107 1916 162 1944 Iam
183 1915 378 1952 experiretur,
399 1914 473 1952 quod
494 1923 592 1943 verum
615 1917 656 1943 est
677 1913 743 1943 illud
766 1914 953 1951 evangelicum

172 2087 180 2100 ¹
197 2087 251 2110 Fide
270 2087 340 2110 ΑΒΕ
351 2087 394 2109 DE
411 2087 532 2109 omisimus
554 2093 615 2116 quae
633 2087 684 2109 Vat.
700 2087 737 2109 hic
754 2087 835 2110 addit:
853 2087 897 2109 Sed
915 2093 954 2109 no-

109 2126 203 2149 tandum
221 2129 267 2153 est,
285 2126 347 2155 quod
367 2125 432 2148 beata
450 2126 522 2153 Virgo
539 2132 585 2148 non
603 2126 678 2148 statim
705 2128 757 2153 post
778 2126 953 2154 conceptionem

109 2166 200 2194 peperit
216 2165 309 2191 Filium,
327 2166 368 2188 sed
385 2165 489 2188 decursis
506 2171 590 2187 novem
604 2165 724 2187 mensibus
735 2166 815 2193 genuit
826 2165 954 2192 Christum;

109 2204 173 2233 quod
189 2210 234 2227 non
252 2206 319 2226 vacat
336 2204 458 2231 mysterio,
476 2204 531 2232 quia
548 2210 594 2226 11011
612 2207 646 2226 est
662 2204 725 2226 omni
750 2204 840 2231 spiritui
862 2204 955 2226 creden-

110 2243 166 2266 dum
184 2242 236 2272 [cfr.
255 2243 267 2265 i.
286 2244 346 2265 loan.
366 2243 392 2271 4,
410 2242 449 2272 t.].
467 2243 525 2271 Sed,
542 2250 556 2264 o
574 2243 649 2264 anima
668 2243 763 2271 devota,
780 2243 798 2265 si
810 2243 904 2271 quando
916 2249 955 2264 uo-

109 2281 145 2304 vis
161 2281 348 2304 illustrationibus
358 2282 396 2304 vel
408 2281 586 2304 revelationibus
597 2281 715 2304 illustraris
726 2287 767 2303 seu
778 2282 913 2304 illuminaris
925 2281 955 2303 in-

110 2320 181 2342 solitis
198 2319 399 2348 inspirationibus,
410 2326 509 2347 magnae
521 2320 666 2348 perfectiouis
678 2321 802 2348 propositis
819 2321 955 2343 intrinsecus

112 2359 274 2387 inflammaris,
292 2365 337 2381 11011
354 2359 430 2382 statim
448 2359 477 2381 (10
494 2362 533 2381 tuo
551 2359 645 2381 consilio
663 2359 692 2381 ad
709 2365 768 2387 opus
785 2366 895 2388 propera,
913 2360 954 2382 sed

111 2397 170 2421 bene
182 2402 257 2420 tecum
269 2401 291 2420 et
302 2404 356 2420 cum
369 2397 435 2420 bonis
444 2401 466 2420 et
475 2398 592 2425 potissime
602 2403 654 2420 cum
665 2398 708 2420 illis
720 2398 760 2426 qui
772 2398 794 2420 in
805 2398 889 2421 talibus
901 2401 955 2421 sunt

111 2438 211 2465 experti,
233 2436 348 2463 delibera,
366 2441 443 2459 utrum
461 2443 521 2465 quae
539 2437 646 2464 inspii·ata
668 2440 721 2459 sunt
743 2437 836 2465 liceant,
859 2437 955 2459 deceant

111 2479 133 2498 et
149 2476 285 2504 expediant;
308 2479 385 2498 utrum
403 2476 469 2498 (11οι15
487 2476 652 2503 Prophetarum
676 2476 720 2498 sint
745 2482 859 2503 consona,
877 2479 954 2498 utrum

111 2515 221 2538 doctrinis
237 2515 399 2543 Apostolorum
417 2518 439 2537 et
455 2518 588 2537 sanctorum
614 2515 739 2537 Doctorum
764 2515 891 2543 aliqualiter
910 2515 955 2537 sint

111 2554 222 2576 contraria
236 2571 241 2581 ,
257 2558 280 2576 et
296 2554 376 2581 etiam,
395 2557 471 2576 utrum
489 2554 599 2581 exemplis
617 2555 752 2576 sanctorum
770 2554 814 2576 sint
825 2554 907 2576 similia
918 2554 955 2576 vel

111 2592 238 2615 dissimilia.
254 2593 281 2615 Et
297 2593 329 2615 sic
346 2593 374 2615 ad
392 2599 452 2620 opus
469 2593 562 2620 festina,
580 2593 616 2615 vel
634 2593 708 2614 statim
726 2592 834 2615 absolvas
846 2596 867 2615 te
878 2592 908 2614 ab
921 2592 956 2614 his

111 2631 134 2654 in
151 2634 189 2654 tua
207 2632 359 2659 conscientia,
376 2632 429 2660 quia
447 2632 602 2660 periculosum
615 2635 661 2659 est,
676 2632 731 2653 tales
743 2632 904 2659 inspirationes
915 2632 955 2654 diu

111 2673 134 2693 et
150 2672 282 2699 frequenter
300 2671 320 2693 in
339 2673 414 2693 mente
439 2671 574 2698 concipere,
591 2673 613 2693 et
630 2674 706 2692 tamen
724 2670 753 2692 ad
770 2671 877 2693 effectum
901 2670 955 2693 boni

112 2710 189 2738 operis
205 2709 324 2732 modicum
341 2710 378 2732 vel
395 2710 449 2732 1111111
467 2716 599 2738 properare.
909 2713 913 2716 ’

175 2747 183 2761 ²
201 2748 273 2771 Codd.
290 2748 413 2771 ABCDE
429 2750 553 2776 sanctum,
571 2748 611 2777 qui
628 2749 697 2770 etiam
719 2748 827 2770 omittunt
845 2750 900 2778 post
922 2748 956 2771 di-

111 2793 221 2811 scussum
237 2787 378 2817 sufficienter
395 2787 523 2817 neqotz‘um.

175 2825 184 2839 ³
200 2826 245 2849 Cir.
264 2828 318 2849 Luc.
335 2828 362 2854 2,
381 2828 418 2849 vl3.
434 2833 483 2856 seq.
502 2840 530 2843 —
548 2827 660 2855 Superius
685 2830 737 2855 post
759 2826 784 2849 in
805 2828 882 2850 mente
904 2827 956 2849 Vat.

112 2865 176 2888 addit
193 2871 249 2889 cum
265 2865 314 2888 iam
331 2865 412 2895 incipit
427 2865 529 2889 viriliter
545 2872 616 2895 aqere
641 2865 704 2895 quod
724 2865 773 2888 iam
790 2865 881 2888 [ludum
904 2872 956 2893 pro-

109 2902 211 2932 ponebat
228 2904 347 2933 perficere,

174 2941 184 2954 ⁴
201 2942 248 2965 Gal.
266 2942 293 2970 5,
314 2942 352 2965 17:
369 2942 427 2966 Caro
445 2943 505 2965 enim
531 2943 673 2971 concupiscit
697 2943 810 2965 adversus
835 2943 955 2971 spiritum,

113 2981 207 3009 spiritus
229 2985 305 3004 autem
331 2982 444 3005 adversus
461 2988 571 3010 carnem3
589 2982 645 3004 liaec
660 2981 720 3005 enim
738 2981 781 3004 sibi
799 2982 898 3004 invicem
915 2983 955 3005 ad-

1003 697 1126 726 dictum:
1155 697 1251 725 Tollite
1266 697 1370 734 iiiyum
1391 706 1488 727 meum
1506 707 1594 735 super
1618 708 1665 728 nos
1686 704 1751 733 010,
1767 703 1794 729 et
1808 709 1849 729 se-

1004 744 1119 781 quitur:
1135 745 1171 772 Et
1185 744 1333 772 invenietis
1348 744 1474 782 requiem
1490 745 1648 774 animabus
1668 747 1778 775 vestris.
1799 747 1848 775 lu-

1002 799 1074 828 yam
1094 790 1171 819 enim
1192 799 1288 819 meum
1308 799 1399 819 suave
1418 795 1475 825 esc,
1496 795 1522 820 et
1542 800 1616 820 onas
1636 801 1732 822 meam
1753 793 1817 822 teve.

1083 839 1110 866 2.
1133 837 1184 866 Sed
1205 837 1356 866 notandum
1378 841 1419 866 est
1441 838 1501 872 hic,
1529 847 1546 866 o
1573 839 1664 867 anima
1685 840 1797 874 devota,
1825 841 1847 869 si

1005 887 1032 913 te
1052 885 1120 913 haec
1142 883 1262 913 iucunda
1282 884 1399 913 delectat
1419 884 1563 919 nativitas,
1585 885 1668 914 debes
1686 894 1746 915 esse
1761 887 1850 924 primo

1005 931 1099 959 Maria.
1122 930 1207 959 Maria
1227 930 1300 959 enim
1322 930 1522 967 interpretatur
1543 939 1683 960 amarum
1704 941 1796 967 mare,
1819 933 1852 962 il-

1007 978 1183 1007 luminatrix
1198 981 1225 1007 et
1239 978 1360 1006 domina
1371 978 1391 1005 ⁷.
1407 994 1443 998 —
1459 978 1522 1007 Esto
1536 986 1602 1015 ergo
1617 987 1758 1008 amarum
1770 989 1852 1009 mare

1006 1033 1056 1062 per
1084 1025 1266 1062 lacrymosam
1294 1024 1503 1058 contritionem,
1525 1028 1556 1053 ut
1577 1025 1610 1054 de
1628 1027 1757 1062 peccatis
1777 1035 1852 1055 com-

1006 1072 1106 1100 missis
1127 1071 1299 1100 amarissime
1319 1071 1428 1105 doleas,
1449 1074 1482 1100 ut
1502 1071 1535 1100 de
1557 1071 1638 1100 bonis
1653 1073 1768 1101 omissis
1789 1081 1853 1110 pro-

1006 1118 1169 1147 fundissime
1190 1118 1368 1155 ingemiscas,
1389 1118 1423 1147 de
1444 1118 1545 1146 diebus
1559 1119 1691 1156 meylectis
1712 1123 1737 1148 et
1754 1120 1853 1157 perdi—

1008 1165 1045 1194 tis
1067 1165 1236 1194 incessanter
1258 1168 1283 1193 te
1308 1165 1421 1202 affligas.
1442 1182 1482 1185 —
1503 1164 1566 1194 Esto
1597 1166 1717 1194 secundo
1748 1166 1853 1195 illumi-

1005 1212 1111 1240 natrix
1132 1220 1182 1248 per
1203 1212 1346 1240 honestam
1369 1212 1621 1246 conversationem,
1637 1220 1686 1249 per
1700 1212 1852 1242 virtuosam

1008 1259 1195 1295 operationem
1216 1262 1243 1287 et
1264 1259 1415 1287 studiosam
1440 1259 1558 1287 aliorum
1580 1259 1607 1287 in
1629 1259 1701 1288 bono
1722 1260 1854 1289 informa-

1008 1306 1119 1334 tionem.
1136 1322 1170 1325 —
1187 1306 1250 1334 Esto
1267 1306 1347 1334 tertio
1361 1305 1472 1334 demum
1488 1306 1608 1334 domina
1630 1314 1776 1341 50115110111,
1798 1315 1855 1336 car-

1008 1353 1113 1381 nalium
1128 1352 1414 1389 concupiscentiarum
1425 1375 1432 1386 ,
1447 1353 1571 1381 omnium
1585 1353 1778 1389 operationum
1793 1357 1853 1382 tua-

1009 1407 1086 1433 rum,
1101 1402 1133 1427 ut
1153 1399 1270 1427 omnes8
1291 1399 1412 1427 actiones
1433 1399 1585 1427 secundum
1604 1402 1712 1428 rectum
1740 1400 1854 1429 rationis

1009 1446 1142 1475 iudicium
1156 1446 1239 1474 facias
1259 1448 1287 1474 et
1307 1446 1333 1474 in
1349 1445 1478 1474 omnibus
1493 1449 1569 1474 tuam
1584 1446 1717 1481 salutem,
1733 1447 1853 1484 proximi

1009 1493 1241 1526 aedificationem,
1263 1492 1382 1521 divinam
1399 1492 1508 1521 laudem
1523 1496 1550 1521 et
1563 1493 1678 1530 gloriam
1701 1497 1814 1530 appetas
1828 1498 1855 1523 et

1009 1540 1145 1577 requiras.

1089 1586 1114 1615 3.
1137 1586 1206 1615 Haec
1227 1589 1268 1615 est
1289 1586 1335 1614 illa
1355 1586 1422 1614 felix
1445 1586 1545 1621 Maria,
1567 1595 1638 1624 quae
1664 1595 1715 1624 pro
1736 1589 1855 1624 peccatis

1010 1633 1176 1670 perpetratis
1199 1633 1273 1661 dolet
1294 1635 1321 1662 et
1342 1633 1511 1670 ingemiscit,
1544 1642 1615 1671 quae
1646 1634 1672 1662 in
1704 1634 1856 1664 virtutibus

1009 1680 1096 1717 fulget
1116 1683 1143 1709 et
1165 1680 1306 1714 clarescit,
1327 1688 1399 1717 quae
1420 1680 1578 1709 carnalibus
1599 1681 1788 1718 voluptatibus
1808 1682 1856 1710 do-

1009 1727 1140 1755 minatur.
1163 1727 1202 1755 Ab
1223 1727 1274 1755 ista
1295 1727 1379 1755 Maria
1400 1727 1475 1755 lesus
1503 1727 1630 1756 Christus
1661 1736 1724 1757 cum
1756 1729 1856 1765 gaudio

1011 1774 1069 1803 sine
1089 1773 1199 1808 dolore,
1221 1773 1279 1802 sine
1300 1774 1394 1802 labore
1415 1774 1596 1810 spiritualiter
1611 1775 1685 1803 nasci
1707 1783 1759 1803 11011
1782 1775 1857 1804 dedi-

1011 1823 1120 1857 gnatur.
1150 1820 1212 1848 Post
1243 1820 1313 1848 hanc
1344 1820 1450 1849 felicem
1479 1821 1648 1850 nativitatem
1671 1822 1809 1858 cognoscit
1830 1826 1857 1851 et

1011 1869 1119 1904 gustat,
1151 1875 1233 1904 quam
1267 1867 1370 1895 Sicanis
1397 1871 1438 1895 est
1460 1868 1602 1896 Dominus
1624 1868 1698 1897 Iesus
1709 1868 1729 1896 ⁹.
1752 1869 1855 1898 Revera

1012 1913 1104 1942 suavis
1125 1916 1181 1947 est,
1203 1913 1314 1950 quando
1335 1914 1460 1942 nutritur
1488 1914 1589 1943 sanctis
1616 1915 1856 1950 meditationibus,

1011 2089 1146 2114 versantur,
1164 2090 1188 2109 ut
1205 2093 1250 2109 non
1275 2093 1439 2115 quaecumque
1461 2087 1541 2114 vultis,
1559 2088 1594 2109 illa
1612 2087 1705 2110 faciatis.
1723 2088 1767 2111 Cfr.
1789 2089 1857 2110 Rom.

1009 2126 1036 2154 7,
1054 2127 1092 2148 22.
1109 2132 1157 2154 seq.
1175 2138 1205 2141 —
1221 2126 1316 2148 Inferius
1333 2132 1375 2154 pro
1393 2126 1416 2149 in
1434 2126 1529 2149 saeculo
1548 2127 1561 2148 F
1579 2132 1635 2150 cum
1651 2127 1756 2150 saeculo.

1075 2164 1084 2177 ⁵
1102 2165 1316 2187 Contradicentibus
1332 2166 1350 2187 Α
1360 2166 1376 2187 B
1386 2165 1402 2188 C
1413 2166 1431 2187 D
1440 2166 1456 2188 E
1468 2183 1473 2192 ,
1491 2166 1543 2188 Vat.
1560 2166 1639 2188 addit:
1653 2167 1675 2188 ln
1687 2167 1726 2189 ista
1740 2167 1856 2189 nativitate

1012 2210 1057 2227 11011
1075 2204 1168 2227 auditur
1185 2205 1271 2226 clamor
1288 2204 1454 2231 lamentabilis,
1471 2211 1518 2227 non
1537 2205 1633 2227 sentitur
1657 2205 1723 2227 dolor
1748 2206 1856 2233 lacryma-

1013 2243 1076 2270 bilis,
1095 2250 1139 2266 non
1166 2244 1293 2272 percipitur
1310 2244 1425 2266 cruciatus
1443 2244 1592 2272 miserabilis,
1617 2245 1658 2267 sed
1683 2245 1804 2268 admiratio
1828 2246 1857 2268 ‹le

1012 2283 1151 2311 integritate,
1168 2283 1286 2305 exsultatio
1304 2283 1333 2305 de
1350 2284 1451 2306 novitate
1464 2284 1516 2310 Dei,
1528 2284 1664 2311 glorificatio
1676 2284 1704 2306 de
1716 2285 1856 2307 strenuitate.

1073 2320 1083 2333 ⁰
1100 2322 1160 2344 Vide
1177 2328 1249 2350 supra
1267 2328 1320 2350 pag.
1339 2322 1379 2349 48,
1397 2325 1473 2344 notam
1494 2323 1530 2344 ⁴2.
1547 2322 1651 2345 Vocibus
1667 2322 1795 2346 secundum
1814 2330 1857 2346 1111-

1012 2362 1094 2383 turam
1111 2361 1181 2383 ACE
1198 2361 1335 2383 interserunt
1356 2367 1450 2384 sanam.
1467 2374 1498 2377 —
1516 2361 1619 2384 Subinde
1644 2362 1756 2389 allegatur
1781 2363 1855 2384 Matui.

1013 2400 1050 2426 111,
1067 2400 1104 2421 29.
1122 2406 1170 2428 seq.
1189 2412 1218 2415 —-
1236 2400 1268 2422 De
1286 2401 1328 2422 11110
1345 2400 1441 2428 mystica
1459 2400 1577 2422 nativitate
1593 2400 1676 2423 Cliristi
1694 2401 1715 2422 111
1733 2400 1799 2423 nobis
1816 2402 1856 2423 cfr.

1013 2438 1136 2464 1301110111,
1155 2439 1228 2460 Serui.
1246 2439 1266 2460 6.
1285 2438 1306 2460 in
1325 2438 1408 2466 Vigilia
1425 2439 1552 2461 Nativitatis
1565 2439 1666 2465 Domini,
1679 2445 1700 2460 11.
1713 2440 1735 2460 (5.
1747 2445 1823 2467 semp,
1836 2442 1857 2461 et

1011 2477 1114 2499 Guerrici
1131 2476 1234 2504 abbatis,
1253 2478 1326 2499 serm.
1339 2478 1361 2499 2.
1372 2477 1401 2500 de
1413 2477 1589 2500 Annuntiatione
1601 2477 1691 2499 Domini
1706 2477 1773 2506 (iuter
1785 2484 1854 2506 opera

1011 2515 1144 2543 Bernardi),
1161 2522 1182 2537 n.
1202 2516 1223 2537 5.

1074 2552 1083 2566 '¹
1101 2554 1206 2581 Hieron.‚
1224 2554 1253 2576 de
1270 2554 1407 2576 Nominibus
1428 2554 1559 2581 Hebraicis,
1576 2554 1632 2577 Novi
1652 2557 1740 2577 testam.
1757 2555 1787 2577 de
1804 2555 1856 2577 Mat-

1013 2594 1091 2615 tbaeo:
1109 2593 1201 2615 Mariam
1221 2593 1325 2621 plerique
1341 2594 1462 2615 aestimant
1487 2593 1644 2621 interpretari:
1668 2593 1795 2616 illuminant
1820 2600 1857 2615 ine

1013 2632 1062 2658 isti,
1081 2632 1117 2654 vel
1135 2631 1310 2659 illuminatrioe,
1329 2633 1365 2654 vel
1382 2638 1476 2660 smyrna
1500 2631 1612 2662 [myrrha]
1636 2633 1720 2660 maris,
1740 2633 1779 2655 sed
1802 2633 1857 2655 milii

1012 2676 1159 2699 nequaquam
1179 2671 1278 2692 videtur.
1295 2671 1372 2693 Melius
1389 2674 1466 2693 autem
1484 2674 1529 2699 est,
1541 2674 1566 2694 ut
1577 2671 1693 2700 dicamus,
1707 2677 1789 2694 sonare
1806 2678 1856 2694 eam

1013 2710 1099 2732 stellam
1117 2710 1200 2737 maris,
1217 2710 1266 2732 sive
1282 2716 1397 2732 amarum
1413 2716 1481 2733 mare
1489 2719 1499 2738 ;
1515 2710 1695 2740 sciendumque,
1713 2711 1776 2739 quod
1789 2711 1857 2733 Maria

1012 2755 1119 2771 sermone
1143 2750 1202 2776 Syro
1227 2748 1323 2771 domina
1349 2751 1503 2777 nuncupetur.
1529 2749 1573 2772 Csr.
1599 2752 1653 2772 tom.
1673 2750 1718 2772 Vll.
1736 2756 1790 2778 pag.
1813 2751 1856 2777 2fl,

1013 2791 1067 2810 nota
1086 2788 1122 2809 10.
1139 2800 1170 2804 -
1188 2788 1281 2810 lnserius
1298 2794 1340 2816 pro
1358 2787 1385 2810 de
1410 2787 1475 2811 bonis
1500 2788 1593 2812 omissis
1616 2788 1713 2811 ACDE
1739 2788 1766 2812 de
1792 2788 1858 2812 bonis

1012 2826 1125 2855 (10113515,-
1143 2828 1184 2848 cfr.
1201 2833 1270 2854 supra
1288 2826 1430 2854 Opusculum
1449 2827 1463 2850 1.
1481 2827 1510 2850 de
1528 2827 1620 2855 Triplici
1640 2828 1690 2855 Via,
1707 2834 1728 2850 c.
1745 2829 1767 2850 2.
1784 2835 1806 2850 n.
1824 2829 1846 2851 2.

1075 2865 1084 2877 ¹³
1103 2866 1165 2892 Vat.,
1182 2865 1350 2893 refragantibus
1367 2865 1437 2889 ΑΒΕ
1448 2866 1531 2895 DEG,
1548 2868 1570 2890 et
1586 2872 1674 2890 omnes.

1076 2903 1085 2916 ⁹
1103 2905 1184 2927 Psalm.
1202 2905 1245 2933 33,
1264 2905 1294 2927 9:
1311 2905 1404 2928 Gustate
1428 2908 1451 2928 et
1475 2905 1564 2934 videte,
1588 2907 1698 2935 quoniam
1724 2907 1803 2929 suavis
1825 2910 1857 2929 est

1013 2943 1131 2965 Dominus.
1149 2943 1194 2966 Cir.
1211 2944 1265 2971 Sap.
1284 2944 1325 2971 12,
1345 2944 1365 2966 Ἰ.
1382 2956 1413 2961 --
1430 2945 1541 2972 Superius
1558 2945 1657 2967 vocibus
1674 2946 1737 2968 lesus
1751 2945 1858 2968 Christus

1013 2983 1032 3005 Α
1041 2982 1058 3005 C
1068 2983 1085 3004 D
1096 2983 1111 3005 E
1129 2983 1260 3010 praefigunt
1277 2982 1326 3006 iste.

1887 846 1997 870 nequii-itur

1867 870 1934 894 primo,
1945 872 1964 888 ut
1971 870 1997 888 sis

1868 893 1935 912 similis
1959 893 1997 911 Ma·

1869 917 1908 935 riae
1920 916 1998 941 triplici-

1869 942 1905 959 ter.

1885 1595 1985 1613 Beatitudo

1869 1618 1924 1636 huius
1934 1620 2000 1637 status.
