2133 3317
4 682 95 703 cicatri-

57 719 62 724 '
107 719 204 752 horat,
225 718 329 747 scilicet
349 717 423 755 quod
445 717 493 746 vix
515 725 639 754 unquam
655 717 695 745 eis
716 716 862 751 satisfacit,
883 716 952 753 quin

32 775 90 795 titudo

0 1101 88 1122 secunda

23 1427 91 1448 Tertia.

0 1663 48 1681 mm
59 1667 91 1686 pa-

0 1685 42 1704 nias
59 1685 92 1704 tri-

0 1733 15 1751 ιο
24 1731 90 1756 primo.

0 2174 92 2202 influentia

0 2200 30 2218 ¹⁶¹²
43 2200 84 2241 ⁰3³⁰
108 2213 204 2242 tientia
224 2213 296 2242 enim
319 2214 433 2251 praelati
454 2214 596 2243 confundit
610 2223 681 2252 quae
696 2223 861 2252 promovere
874 2219 951 2253 pote-

548 220 743 249 OPUSCULUM
764 220 827 248 VIII.
849 221 893 250 DE
915 221 975 250 SEX
996 221 1066 250 ALIS
1087 221 1254 250 SERAPHIM.
1277 221 1345 250 CAP.
1368 221 1408 250 IV.

107 308 207 337 magno
227 299 285 328 zelo
306 306 352 328 eas
372 298 523 327 defendunt
549 300 577 326 et
597 297 630 326 de
653 298 725 326 veris
746 297 898 326 virtutibus
925 301 952 327 et

107 345 299 383 spiritualibus
318 353 373 373 non
394 347 502 373 curant.
524 344 593 372 Haec
607 346 635 372 et
649 343 702 372 alja
723 343 843 380 plurima
857 343 952 372 videns

108 392 259 430 spiritualis
279 391 434 428 praelatus,
456 390 504 428 qui
527 390 619 419 omnia
632 390 659 418 in
675 390 790 419 veritate
811 389 951 424 diiudicat,

108 438 222 468 tabescit
246 441 273 467 et
300 438 410 471 uritur,
432 441 459 466 et
480 445 533 465 non
555 437 650 465 valens
670 436 812 473 corrigere
833 444 884 473 pro
904 436 952 465 de-

108 485 224 519 siderio,
244 485 273 513 in
298 484 402 513 virtute
432 483 579 520 patientiae
600 483 764 511 mirabiliter
785 485 951 517 exercetur;

108 532 271 561 Psalmus¹:
300 531 454 559 Tabeseere
474 539 519 559 nze
538 529 608 567 fecit
637 530 720 558 zelus
749 538 841 558 meus.
866 529 952 558 Zetus

108 578 211 607 domus
232 582 300 606 tuae
320 577 442 606 eomedit
461 585 506 605 me
526 579 577 605 etc.

186 625 213 653 [ι.
234 624 327 653 Tertio
348 623 502 652 necessaria
515 626 557 652 est
578 623 602 652 ei
624 623 755 660 patientia
776 631 827 660 pro
849 623 952 661 inyra-

108 672 230 701 titudine
260 671 389 705 illorum,
417 679 468 708 pro
490 670 592 708 quibus
613 673 689 699 tanta
709 670 893 699 sollicitudine
914 670 953 698 la-

108 772 217 802 semper
238 769 466 803 conquerantur,
488 764 562 801 quod
583 763 662 792 aliter
683 766 775 800 posset
796 763 836 792 eis
852 765 880 792 et
894 771 952 792 me-

108 812 161 841 lius
181 812 287 845 facere,
309 812 330 840 si
352 811 449 845 vellet;
471 811 536 848 quia
556 818 637 847 saepe
659 810 811 847 perplexus
832 812 889 844 est,
917 818 952 838 an

107 859 204 888 debeat
225 866 322 887 eorum
345 857 603 895 importunitatibus
623 857 721 886 cedere
735 859 762 885 et
776 857 952 894 acquiescere

107 905 135 934 in
155 905 301 939 omnibus,
323 913 394 942 quae
415 904 547 941 cupiunt,
569 904 613 932 vel
641 903 727 940 rigide
755 906 849 932 tenere
877 903 952 940 quod

107 952 195 982 credit
215 960 274 981 esse
288 952 375 989 magis
389 951 555 988 expediens;
570 950 603 979 ad
619 950 807 987 Philippenses
822 950 912 987 primo
923 951 950 979 ²³:

108 999 186 1036 Quid
209 999 330 1037 eliaam,
362 998 486 1036 iynoroe
507 1001 642 1026 coaretor
666 1000 764 1025 autem
785 1006 799 1025 e
820 997 951 1032 duobus,

106 1046 285 1075 desiderium
306 1044 413 1074 liabens
434 1044 554 1073 dissolvi
574 1048 600 1073 et
612 1053 671 1073 esse
685 1053 752 1073 cum
769 1043 883 1073 Christo
899 1047 951 1073 etc.

106 1110 145 1114 —
165 1093 247 1126 Item,
269 1092 342 1129 quod
365 1091 513 1120 invertunt
533 1091 556 1120 ei
579 1091 714 1128 plurima,
736 1099 807 1128 quae
827 1091 904 1125 facit,
925 1094 953 1120 et

106 1139 326 1176 interpretantur
346 1138 379 1167 ad
400 1138 538 1172 deterius,
560 1141 587 1167 et
604 1146 689 1174 super
704 1138 747 1167 his
764 1138 873 1167 visitant
888 1146 952 1167 eum

107 1189 135 1216 et
154 1189 333 1215 murmurant
364 1188 391 1214 et
418 1188 549 1214 accusant
569 1188 596 1214 et
617 1185 769 1214 detrahunt
798 1185 822 1213 ei
851 1188 878 1214 et
906 1193 952 1214 su-

107 1236 188 1262 munt
209 1232 272 1260 inde
292 1232 435 1260 materiam
456 1231 592 1266 scandali,
614 1232 688 1260 unde
710 1232 824 1268 putabat
845 1239 874 1260 se
896 1232 952 1261 Deo

107 1282 134 1308 ct
154 1279 221 1316 ipsis
241 1278 407 1315 obsequium
429 1278 614 1315 praestitisse,
637 1278 674 1307 ita
695 1278 767 1315 quod
784 1279 831 1307 vix
854 1279 881 1307 in
903 1279 952 1307 ali-

107 1333 163 1362 quo
183 1327 273 1362 potest
294 1324 412 1353 inveniri
434 1324 601 1359 remedium,
623 1325 650 1353 in
672 1325 724 1353 hoc
745 1325 820 1362 quod
843 1325 951 1354 ordinat

107 1375 156 1401 aut
176 1372 250 1409 quod
271 1372 350 1406 facit,
372 1372 439 1409 quin
461 1379 570 1409 semper
590 1372 730 1409 aliquibus
754 1372 896 1409 displiceat
924 1376 951 1402 et

107 1419 266 1447 turbentur.
289 1435 325 1439 ——
348 1419 429 1452 Item,
451 1418 524 1455 quod
546 1419 626 1447 etiam
658 1419 686 1447 in
718 1419 814 1448 faciem
839 1420 952 1456 quidam

108 1466 248 1494 resistunt
269 1466 309 1499 ei,
331 1466 374 1494 vel
396 1465 495 1494 litteris
515 1468 638 1502 arguunt
657 1474 722 1494 eum
743 1469 771 1494 et
795 1465 951 1503 despiciunt

107 1515 134 1541 et
155 1512 293 1541 concitant
313 1512 396 1546 alios,
417 1515 450 1541 ut
470 1520 499 1541 se
519 1512 543 1540 ei
564 1516 719 1549 opponant,
734 1512 777 1541 vel
792 1515 883 1541 astute
901 1513 952 1541 im-

106 1558 235 1596 pediunt,
256 1566 291 1587 ne
312 1558 398 1595 possit
419 1558 553 1595 perficere
574 1566 645 1595 quae
666 1558 787 1588 deberet.

186 1606 211 1634 5.
235 1605 279 1634 His
299 1608 326 1634 et
347 1605 407 1634 aliis
427 1605 563 1640 adversis,
578 1606 681 1642 quibus
701 1606 884 1635 diversimode
905 1606 952 1635 im-

106 1652 226 1689 petitur,
248 1652 347 1689 triplici
371 1652 517 1689 patientiae
547 1655 626 1681 scuto
656 1653 765 1681 studeat
796 1653 847 1682 se³
868 1661 952 1691 oppo-

106 1706 192 1728 nere:
215 1699 319 1736 primo,
348 1702 380 1728 ut
401 1699 523 1728 modeste
543 1703 568 1727 et
588 1703 706 1728 mature
726 1703 750 1728 et
772 1699 891 1737 bem'qne
912 1700 952 1728 ad

106 1745 226 1783 singula
255 1746 427 1783 respondeat
457 1749 484 1775 et
509 1746 641 1783 impetum
663 1746 780 1775 fervoris
801 1747 951 1783 reprimat,

106 1800 141 1821 ne
171 1792 199 1821 in
230 1800 297 1821 voce
327 1795 376 1821 aut
406 1793 486 1821 vultu
517 1801 566 1822 seu
597 1793 722 1822 moribus
753 1793 951 1830 impatientiam

106 1839 239 1868 ostendat.
262 1840 339 1868 Tunc
360 1840 433 1868 enim
455 1840 542 1877 magis
563 1840 672 1877 proficit
686 1848 735 1877 per
750 1840 908 1877 patientiam
925 1843 953 1869 et

106 1886 215 1915 tandem
230 1886 349 1915 devincit
368 1894 438 1923 quos
459 1886 612 1924 impetuose
633 1886 738 1924 agendo
758 1887 876 1924 amplius
891 1895 952 1924 pro-

106 1936 225 1962 vocaret.
238 1933 281 1962 Sic
291 1933 409 1967 Gedeon,
425 1933 547 1962 modeste
559 1933 728 1970 respondens
739 1934 806 1963 viris
822 1934 951 1971 Ephraim

106 1983 202 2009 contra
223 1988 252 2009 se
273 1980 463 2017 iurgantibus,
485 1981 654 2017 compescuit
673 1981 813 2018 spiritum
835 1989 950 2016 eorum,

106 2034 162 2064 quo
183 2026 340 2061 tumebant,
363 2027 486 2056 Indicum
508 2027 645 2061 octavo43
668 2027 881 2056 Proverbiorum
903 2028 952 2056 de-

106 2072 178 2101 cimo
199 2073 315 2110 quinto:
338 2074 494 2111 Responsio
508 2074 603 2102 mollis
616 2073 734 2112 franqit
749 2074 839 2108 iram,
855 2083 950 2103 Sermo

106 2119 203 2148 durus
217 2120 341 2149 suscitat
353 2119 495 2158 furorem.
511 2121 565 2149 Vix
579 2121 653 2150 enim
670 2121 816 2150 commotio
831 2129 950 2150 commo—

107 2166 181 2195 tione
201 2167 328 2201 sedatur‚
350 2170 377 2196 et
397 2167 495 2196 vitium
517 2168 583 2196 vitio
603 2176 658 2198 non
673 2171 795 2197 sanatur.
811 2185 850 2188 —
864 2169 951 2205 Impa-

108 2263 151 2288 rat
171 2260 256 2295 bona,
271 2260 314 2289 his
328 2261 423 2290 modis.
443 2261 514 2290 Alios
534 2261 713 2296 scandalizat;
736 2262 949 2291 Proverbiorum

108 2306 213 2335 decimo
234 2308 375 2344 quarto⁵:
399 2308 457 2343 Qui
476 2308 631 2345 impatiens
652 2312 693 2337 est
719 2309 831 2338 exaltat
854 2309 952 2338 stulti-

108 2353 181 2382 tiam
202 2362 307 2387 suam,
329 2354 432 2383 scilicet
452 2354 511 2383 aliis
532 2354 683 2391 pandendo.
707 2371 742 2376 —
764 2356 860 2385 Reddit
885 2364 950 2385 eum

107 2399 224 2429 subditis
238 2403 265 2428 et
278 2400 338 2429 aliis
356 2401 603 2438 contemptibilem
619 2401 830 2430 Proverbiorum
846 2402 949 2431 duode-

107 2446 192 2475 cimo:
217 2447 275 2483 Qui
287 2455 383 2476 vanus
403 2451 428 2476 et
452 2456 553 2476 excors
573 2451 614 2476 est
634 2447 744 2485 patebit
764 2449 949 2485 contemptui.

107 2509 144 2514 —
165 2493 238 2522 Facit
261 2501 325 2522 eum
356 2501 472 2523 exosum
500 2497 528 2523 et
555 2494 741 2529 horrendum;
772 2495 949 2524 Ecclesiastici

107 2547 194 2568 nono:
216 2539 366 2569 Terribilis
386 2544 427 2569 est
444 2540 476 2569 in
490 2541 604 2569 civitate
617 2549 675 2569 sua
689 2540 772 2570 lzomo
787 2541 949 2579 linquo-sus,

106 2589 131 2614 et
152 2587 327 2615 temerarius
354 2588 385 2616 in
405 2587 491 2616 verbo
517 2596 572 2616 suo
599 2587 714 2616 odibilis
741 2588 805 2617 erit,
826 2605 866 2610 -—
887 2589 951 2617 Pro-

170 2734 177 2747 ¹
196 2735 278 2758 Psalm.
297 2736 353 2764 118,
374 2736 428 2765 139;
446 2736 530 2759 deinde
548 2737 582 2760 Ps.
600 2738 642 2766 68,
661 2738 705 2760 to:
722 2738 789 2760 Zelus
805 2739 890 2761 domus
908 2742 950 2761 etc.

168 2772 178 2785 ⁴¹
196 2774 260 2796 Vers.
278 2774 315 2797 23.
333 2787 364 2790 —
381 2776 454 2803 Supra
473 2782 515 2804 pro
535 2775 598 2805 quod
619 2782 688 2806 saepe
709 2776 871 2799 substituimus
894 2777 950 2807 quia

105 2818 182 2842 saepe.

168 2849 178 2863 ⁸
195 2851 252 2874 Edd.
271 2852 279 2874 sl
290 2869 296 2879 ‚
313 2853 326 2874 2
344 2854 366 2875 et
382 2853 435 2875 cod.
451 2853 558 2876 omittunt
573 2860 604 2877 se.

168 2889 177 2902 ⁴
195 2890 260 2913 Vers.
279 2891 330 2918 t-3;
348 2891 451 2920 sequitur
469 2892 535 2915 Prov.
554 2893 596 2922 ⁴5,
617 2893 634 2915 1.

169 2928 178 2940 ¹⁵
195 2929 261 2951 Vers.
278 2929 321 2956 29;
337 2933 466 2958 sequuntur
483 2931 550 2953 Prov.
569 2931 610 2959 ³2,
628 2932 654 2959 8;
673 2932 739 2955 Eccli.
756 2932 783 2960 9,
800 2932 838 2954 25.

168 2966 178 2980 ⁶
194 2968 260 2990 Vers.
278 2969 319 2996 ts;
337 2971 465 2997 sequuntur
482 2969 521 2992 Iob
539 2969 565 2997 t,
582 2971 609 2999 2;
626 2971 692 2993 Prov.
718 2971 741 2993 ll
753 2988 759 2998 ,
776 2971 818 2999 295
843 2972 883 2999 ⁴8,
909 2972 946 3001 14;

107 3005 207 3035 denique
223 3007 238 3029 Ι.
257 3007 312 3035 Reg.
330 3007 373 3034 25,
391 3008 428 3030 47.

1799 222 1853 251 139

1009 302 1088 327 vocat
1107 299 1176 327 alios
1205 299 1239 327 ad
1270 298 1484 336 impatientiam;
1507 299 1719 328 Proverbiorum
1747 300 1855 330 decimo

1009 345 1147 381 quinto⁶z
1175 345 1226 373 Vir
1246 345 1412 374 iracundus
1429 349 1573 383 provocat
1601 346 1704 380 riaeas,
1726 346 1778 384 qai
1797 355 1852 375 au-

1010 394 1064 419 tem
1083 391 1199 427 patiens
1218 395 1259 420 est
1275 392 1392 430 mitiyat
1405 392 1572 421 suscitatas.
1589 409 1626 414 --
1641 393 1698 421 Non
1713 393 1816 423 audent
1829 394 1854 423 ei

1009 437 1110 466 subditi
1143 439 1332 468 necessitatem
1364 447 1441 468 suam
1467 439 1590 476 aperire3
1613 440 1658 469 lob
1679 443 1797 477 quarto:
1820 440 1854 470 Si

1009 484 1189 520 coeperimus
1204 484 1283 523 toqui
1302 485 1369 519 tibi,
1390 485 1520 522 forsitan
1540 486 1653 515 moleste
1667 487 1800 524 accipies.
1817 502 1854 509 -

1009 530 1104 567 Replet
1123 531 1237 559 domum
1259 539 1404 561 murmure
1432 536 1459 561 et
1480 541 1611 567 rancore;
1637 534 1851 563 Proverbiorum

1009 576 1173 605 undecimo:
1198 577 1256 612 Oui
1276 578 1429 607 conturbat
1449 579 1567 608 domum
1588 589 1677 609 suam
1695 580 1854 618 possidebit

1009 626 1119 657 ventos,
1134 623 1237 652 scilicet
1257 624 1502 661 conspirationum.
1519 642 1555 647 -—
1571 627 1691 655 Teneros
1706 630 1797 656 mente
1811 627 1854 656 su-

1009 673 1055 706 gat
1075 673 1103 698 et
1122 670 1311 707 pusillanimes
1332 671 1411 705 sacit;
1434 672 1646 702 Proverbiorum
1661 674 1767 703 decimo
1780 677 1854 703 octa-

1009 725 1063 745 vo:
1085 717 1231 754 Spiritum
1253 717 1293 746 ad
1313 718 1500 747 irascendum
1521 718 1639 756 facilem
1660 721 1726 758 quis
1749 722 1853 758 poterit

1008 763 1176 792 sustinere?
1196 780 1235 784 —
1256 764 1339 793 Nemo
1360 765 1443 793 audet
1463 773 1526 794 enm
1548 774 1660 796 monere
1678 767 1769 796 deliis
1783 775 1855 805 quae

1009 810 1099 838 forent
1126 810 1315 845 emendanda;
1344 811 1425 847 primi
1454 812 1557 849 Regum
1586 813 1717 849 vigesimo
1738 814 1853 851 quinto:

1010 857 1074 894 Ipse
1094 861 1135 886 est
1154 856 1235 893 fitius
1257 857 1364 892 Belial,
1386 858 1429 886 ita
1450 862 1483 886 ut
1502 868 1584 888 nemo
1608 861 1701 897 possit
1722 861 1748 889 ei
1767 861 1853 900 toqui.

1089 905 1114 932 6.
1137 904 1277 938 Secundo,
1298 905 1414 933 studeat
1434 913 1493 933 esse
1504 906 1665 943 pacificus,
1681 911 1712 936 ut
1731 916 1780 937 nec
1797 909 1855 937 vin-

1009 950 1081 980 dicet
1101 958 1131 980 se
1151 951 1185 979 de
1205 951 1287 979 illatis
1308 951 1417 981 iniuriis
1438 960 1488 981 nec
1510 953 1537 981 in
1565 953 1647 982 corde
1678 954 1767 983 oderit
1794 955 1855 984 illos

1009 1005 1060 1027 nec
1081 1006 1178 1026 curam
1198 999 1318 1027 eorum⁷
1340 999 1452 1036 segnius
1472 1002 1535 1036 agat
1562 1008 1611 1029 nec
1633 1005 1749 1038 quaerat
1773 1010 1819 1031 eos
1839 1010 1855 1031 a

1010 1052 1039 1073 se
1060 1052 1219 1079 removere,
1241 1044 1325 1073 immo
1346 1045 1477 1075 libentius
1498 1049 1589 1075 teneat
1610 1055 1672 1081 eos,
1694 1051 1725 1076 ut
1740 1056 1789 1084 per
1803 1049 1856 1077 hoc

1009 1094 1036 1120 et
1057 1091 1117 1120 illos
1131 1094 1159 1120 et
1173 1091 1240 1120 alios
1260 1091 1397 1126 aedificet,
1418 1092 1612 1122 benefaciendo
1632 1094 1762 1131 ingratis,
1784 1098 1811 1124 et
1825 1098 1857 1124 ut

1010 1147 1059 1176 per
1080 1147 1109 1167 se
1131 1139 1242 1167 virtutis
1272 1139 1438 1168 exercitium
1468 1139 1496 1168 in
1528 1140 1567 1169 eis
1589 1141 1703 1175 habeat,
1725 1143 1855 1179 exemplo

1010 1186 1109 1214 summi
1133 1186 1266 1220 Pastoris;
1282 1186 1371 1215 Lucae
1385 1189 1465 1215 sexto
1476 1186 1487 1203 ⁸
1500 1198 1506 1215 :
1525 1187 1615 1216 Eritis
1627 1187 1684 1224 sitii
1698 1188 1853 1224 Altissimi,

1009 1232 1081 1270 quia
1102 1233 1162 1270 ipse
1183 1232 1324 1270 benignus
1354 1237 1394 1262 est
1424 1242 1514 1271 super
1545 1234 1680 1272 inyratos
1704 1239 1730 1263 et
1750 1235 1851 1265 malos.

1010 1279 1078 1307 Cum
1100 1280 1171 1308 enim
1194 1280 1228 1308 sit
1249 1280 1361 1317 proprie
1382 1280 1503 1309 officium
1525 1282 1643 1318 pastoris
1674 1282 1773 1311 docere
1800 1283 1856 1311 vir-

1010 1329 1099 1360 tutes,
1130 1326 1152 1354 si
1184 1326 1296 1355 vitiosos
1317 1330 1441 1356 removet
1468 1336 1483 1356 a
1511 1336 1555 1362 se,
1578 1336 1648 1365 quos
1668 1329 1798 1358 docebit?
1827 1330 1853 1358 Si

1010 1372 1133 1401 medicus
1153 1373 1224 1410 fugit
1244 1376 1387 1410 aegrotos,
1409 1382 1479 1411 quos
1500 1375 1631 1403 curabit?
1653 1375 1678 1404 Si
1701 1376 1779 1405 sortis
1801 1377 1854 1405 tiro

1010 1419 1127 1448 declinat
1148 1420 1311 1456 impetentes
1331 1428 1376 1454 se,
1398 1421 1536 1457 quomodo
1566 1425 1732 1459 assequetur
1760 1423 1856 1452 trium-

1010 1466 1097 1502 phum
1119 1466 1244 1503 gloriae?
1265 1466 1291 1495 Si
1313 1467 1465 1503 negotiator
1487 1468 1599 1505 negligit
1614 1477 1736 1503 merces,
1751 1469 1777 1498 in
1794 1470 1855 1507 qui-

1010 1513 1063 1541 bus
1082 1521 1181 1550 magna
1202 1513 1343 1548 lucretur,
1365 1514 1503 1551 quomodo
1534 1515 1635 1552 poterit
1665 1516 1769 1544 ditari?
1791 1517 1854 1546 Inde

1009 1562 1066 1594 est,
1087 1560 1161 1596 quod
1183 1560 1255 1588 inter
1275 1560 1343 1589 alios
1365 1563 1404 1589 tot
1425 1561 1585 1590 sanctificati
1607 1566 1672 1591 sunt
1686 1563 1806 1600 episcopi
1828 1566 1855 1592 et

1010 1606 1140 1643 praelati,
1172 1607 1238 1644 quia
1259 1610 1314 1635 tam
1335 1607 1440 1644 agendo
1461 1608 1533 1636 bona
1553 1617 1637 1646 quam
1660 1610 1787 1646 patiendo
1807 1610 1855 1639 ad-

1009 1661 1089 1682 versa
1110 1657 1138 1682 et
1157 1654 1225 1683 alios
1245 1654 1413 1683 aedificando
1427 1655 1460 1684 ad
1475 1655 1530 1684 alta
1545 1656 1720 1692 perfectionis
1735 1657 1855 1686 culmina

1009 1700 1091 1729 officii
1113 1701 1155 1729 sui
1177 1701 1320 1730 occasione
1341 1705 1545 1738 pervenerunt3
1567 1703 1672 1740 primae
1700 1703 1734 1732 ad
1765 1704 1854 1733 Timo-

1010 1747 1105 1776 theum
1127 1747 1250 1776 tertio⁹:
1273 1748 1306 1777 Si
1325 1748 1391 1786 quis
1411 1749 1609 1786 episcopatum
1631 1750 1792 1785 desiderat,
1809 1751 1855 1779 bo-

1008 1802 1080 1822 num
1102 1803 1175 1831 opus
1196 1794 1349 1823 desiderat.

1088 1841 1113 1868 7.
1135 1841 1243 1875 Tertio,
1264 1841 1300 1870 sit
1317 1842 1449 1878 patiens,
1472 1846 1503 1871 ut
1524 1851 1577 1872 non
1600 1844 1693 1873 minus
1708 1845 1744 1873 sit
1757 1845 1854 1874 volun-

1009 1887 1097 1916 tarius
1118 1890 1145 1916 et
1165 1888 1306 1917 studiosus
1327 1888 1360 1917 ad
1381 1890 1559 1926 exsequenda
1574 1898 1606 1919 ea
1620 1899 1691 1928 quae
1712 1891 1793 1920 officii
1809 1893 1853 1921 sui

1008 1934 1162 1963 sollicitudo
1183 1935 1317 1972 requirit,
1338 1939 1453 1973 propter
1475 1937 1594 1966 taedium
1617 1938 1718 1967 laboris
1740 1939 1782 1967 vel
1797 1942 1853 1968 tar-

1007 1981 1120 2010 ditatem
1142 1981 1282 2018 profectus
1303 1983 1346 2011 vel
1368 1982 1590 2020 importunitates
1611 1985 1787 2014 subditorum
1809 1987 1852 2015 vel

1007 2028 1060 2056 alia
1080 2028 1256 2065 gravamina,
1277 2029 1343 2066 quia
1364 2029 1402 2058 sic
1423 2030 1457 2058 ad
1478 2030 1533 2059 alta
1554 2031 1652 2060 merita
1673 2033 1850 2068 pervenitur;

1007 2075 1120 2104 secundi
1146 2075 1372 2112 Paralipomenon
1399 2076 1505 2105 decimo
1526 2077 1622 2114 quinto
1634 2078 1675 2106 ¹⁰:
1704 2079 1757 2107 Vos
1784 2088 1852 2117 erqo

1007 2120 1233 2158 confortamini,
1255 2126 1281 2151 et
1300 2131 1358 2151 non
1379 2123 1580 2153 dissolvantur
1600 2133 1709 2154 manus
1722 2130 1851 2160 vestrae,-

1007 2169 1063 2197 erit
1082 2169 1159 2197 enim
1179 2177 1287 2198 merces
1308 2170 1389 2207 operi
1408 2174 1510 2199 vestro.
1527 2172 1594 2201 Istae
1615 2181 1724 2201 manus
1738 2174 1852 2210 praelati

1007 2218 1072 2244 sunt
1093 2216 1237 2245 instantia
1258 2217 1286 2245 in
1307 2217 1411 2254 agendo
1433 2220 1460 2246 et
1477 2217 1622 2255 patientia
1643 2219 1670 2247 in
1695 2220 1852 2249 sufferendo

1007 2263 1081 2300 quod
1101 2266 1217 2300 gravat;
1238 2272 1310 2301 quae
1331 2264 1353 2293 si
1367 2273 1425 2293 non
1440 2265 1641 2294 dissolvantur
1655 2274 1705 2303 per
1719 2267 1850 2296 desidiam

1007 2317 1057 2339 seu
1078 2310 1296 2345 intolerantiam,
1318 2320 1425 2340 merces
1446 2315 1558 2341 aeterna
1579 2313 1602 2341 ei
1625 2314 1792 2343 cumulatur.

1086 2357 1112 2385 8.
1134 2357 1185 2386 Per
1207 2357 1258 2386 has
1277 2366 1397 2395 namque
1421 2358 1602 2389 adversitates
1633 2364 1724 2389 rector
1745 2369 1765 2389 a
1782 2370 1847 2398 pee-

1007 2406 1142 2432 catorum
1160 2404 1279 2441 pulvere
1298 2409 1466 2442 purqatur,
1488 2414 1571 2443 quem
1594 2407 1732 2436 contrahit
1746 2415 1782 2436 ex
1797 2409 1850 2437 hu-

1007 2458 1104 2479 manae
1125 2450 1292 2480 Infirmitatis
1313 2452 1496 2489 surreptione.
1528 2453 1564 2481 In
1588 2453 1688 2482 multis
1708 2454 1784 2483 enim
1805 2454 1850 2493 of—

1006 2495 1154 2533 fendimus
1175 2505 1272 2526 omnes
1284 2499 1305 2515 ¹¹
1317 2509 1327 2531 ;
1348 2498 1429 2527 etiam
1451 2499 1479 2527 in
1500 2499 1628 2536 pluribus
1649 2500 1765 2537 negotiis
1785 2502 1848 2538 plu-

1007 2550 1052 2571 res
1072 2543 1252 2580 negligentiae
1273 2552 1354 2581 saepe
1374 2545 1461 2580 fiunt,
1486 2554 1502 2574 a
1533 2545 1635 2583 quibus
1666 2547 1780 2584 purgari
1802 2556 1849 2577 ne—

1006 2596 1082 2618 cesse
1102 2589 1205 2618 habent
1226 2590 1270 2619 hic
1292 2591 1419 2627 praelati,
1435 2600 1469 2621 ne
1484 2592 1538 2621 illic
1557 2592 1656 2622 durius
1676 2594 1848 2630 puniantur;

1070 2737 1079 2751 ⁷
1097 2739 1146 2761 Vat,
1164 2739 1248 2761 omittit
1264 2745 1360 2768 eorum,
1377 2740 1546 2768 refragantibus
1562 2741 1613 2764 cod.
1627 2745 1649 2764 et
1662 2743 1669 2764 t
1680 2759 1685 2769 ,
1698 2743 1724 2771 23
1737 2743 1793 2765 infra
1806 2750 1848 2772 pro

1003 2782 1048 2806 per
1064 2783 1089 2801 se
1106 2778 1227 2800 mallemus
1240 2783 1287 2807 pro
1303 2784 1335 2801 se.

1068 2815 1077 2828 ⁸
1095 2817 1160 2839 vers.
1176 2817 1213 2839 35.
1230 2829 1261 2834 -
1278 2818 1337 2840 intra
1354 2818 1405 2840 cod.
1422 2818 1550 2848 proprium
1566 2819 1668 2849 officium
1685 2821 1736 2843 loco
1749 2821 1848 2851 proprie

1006 2854 1116 2885 officium.

1067 2893 1077 2906 ⁹
1095 2895 1159 2917 Vers.
1177 2896 1198 2918 «l.

1068 2932 1087 2946 ¹⁰
1104 2934 1169 2956 Vers.
1186 2934 1209 2956 7.
1226 2947 1256 2950 —
1274 2935 1347 2963 Supra
1360 2935 1411 2958 Vat.
1423 2939 1532 2964 corrupte
1548 2936 1570 2960 si
1582 2937 1676 2967 patiens
1694 2944 1741 2961 non
1758 2945 1800 2966 pro
1816 2939 1846 2962 sit

1001 2971 1107 3002 patiens,
1124 2974 1152 2996 ut
1168 2979 1224 2996 non.

1067 3010 1084 3024 ¹¹
1103 3012 1144 3034 lac.
1162 3012 1189 3040 3,
1207 3013 1233 3041 2;
1250 3013 1353 3042 sequitur
1370 3014 1393 3036 ΙΙ.
1411 3014 1468 3042 Reg.
1485 3014 1512 3043 7,
1530 3014 1567 3038 14.

1873 916 1899 935 De
1910 917 1999 936 secundo.

1872 1851 1898 1870 De
1912 1851 1975 1870 tertio.

1873 2367 1948 2393 [triplex
1960 2367 1997 2386 utl-

1867 2390 1909 2409 litas
1931 2390 1997 2410 adver-

1867 2414 1949 2433 sitatum.
1968 2414 1996 2434 De

1865 2438 1932 2461 prima.
