2133 3317
0 1532 3 1538 ·
11 1526 72 1546 distin-

567 209 763 239 OPUSCULUM
784 210 826 239 XI.
848 210 1009 239 APOLOGIA
1030 211 1210 241 PAUPERUM.
1232 213 1301 242 CAP.
1324 214 1354 242 V.

91 288 241 319 obiiciendo
262 290 373 316 versute
394 287 551 324 subiungit:
578 288 656 316 «Nec
677 295 721 316 me
742 288 844 317 clames
865 288 933 317 Iovi-

91 336 220 368 nianum,
241 334 307 371 quia
328 342 383 362 non
404 334 481 369 dico,
503 337 534 362 ut
561 334 632 371 ipse,
654 334 728 371 quod
750 342 804 363 non
825 334 934 363 differat

91 381 249 418 simpliciter
279 380 433 414 abstinere,
463 380 506 409 vel
535 388 632 409 carnes
659 384 686 410 et
718 381 812 410 vinum
837 382 933 418 gulose

91 427 243 461 comedere;
266 426 312 455 sed
334 426 476 463 infirmi&
498 426 546 463 qui
568 427 694 455 nesciunt
715 427 759 456 his
780 430 854 456 recte
875 428 932 462 uti,

91 474 168 504 valde
189 472 370 502 necessariam
392 472 483 501 iudico
503 473 710 507 abstinentiam,
723 472 846 511 perfecti
866 481 932 502 vero

70 539 75 545 ·
93 520 195 550 nullam
227 519 396 548 contrahunt
426 519 666 548 immunditiam».
688 536 727 540 —
749 520 817 549 Haec
848 520 933 549 verba

91 567 192 605 ipsius,
214 566 332 603 quibus,
354 569 385 594 ut
405 569 522 595 excuset
542 574 667 595 errorem
682 567 837 603 proprium,
851 574 934 604 exag-

91 617 167 651 gerat
186 613 317 641 alienum.
332 612 479 649 Nunquam
495 612 567 642 enim
584 613 747 648 Iovinianus,
762 621 932 651 quamquam

91 661 125 690 sit
144 660 255 688 omnino
275 658 466 694 detestandus,
487 659 515 687 in
537 659 608 688 hanc
629 668 712 697 quam
735 660 779 689 hic
793 660 871 697 fingit
885 660 933 689 de-

91 705 219 735 mentIam
240 705 347 739 incidit,
362 708 394 734 ut
408 705 582 742 gulositatem
597 709 728 742 aequaret
743 705 932 740 abstinentiae,

90 753 160 782 sicut
180 760 231 781 nec
252 752 394 781 luxuriam
416 752 598 781 continentiae
618 753 794 789 coaequavit,
816 752 863 781 sed
885 761 933 789 pu-

90 799 208 829 dIcitiam
230 799 402 836 coniugalem
422 802 449 827 et
480 798 678 835 virginitatem,
701 806 783 827 usum
805 799 932 827 ciborum

89 849 116 875 et
135 846 326 875 abstinentiam
356 845 478 882 aequalis
498 845 572 882 apud
593 845 680 874 Deum
702 845 793 874 meriti
816 845 931 874 censuit.

89 892 166 930 Quod
186 892 257 921 idem
280 892 461 928 Hieronymus
477 892 487 908 1
508 892 639 928 reprobat
660 895 691 920 ut
718 892 818 929 dogma
842 892 932 928 profa-

88 947 163 969 num.
196 939 241 967 Hic
272 941 364 967 autem
391 938 470 975 longe
497 938 616 974 amplius
642 938 741 975 desipit
773 942 856 975 quam
888 938 933 967 ille

89 986 258 1019 Iovinianus,
287 988 417 1022 tanquam
447 985 594 1021 proficiens
622 985 648 1013 in
677 985 781 1014 erroris
808 985 933 1013 doctrIna

87 1032 247 1070 discipulus.
276 1032 342 1060 Nam
370 1031 553 1059 sobrietatem
581 1032 607 1060 in
636 1039 690 1060 usu
716 1031 842 1060 ciborum
868 1031 933 1060 dicit

87 1082 242 1116 competere
263 1078 406 1115 perfectis,
428 1077 635 1106 abstinentiam
662 1078 842 1114 imperfectis,
868 1078 934 1115 quia

91 1137 105 1151 <t
120 1125 232 1163 perfecti
254 1124 357 1153 nullam
379 1131 415 1153 ex
441 1124 492 1152 hoc
521 1124 721 1153 immunditiam
750 1125 933 1159 contrahunt,

87 1176 114 1202 et
128 1171 279 1209 imperfecti
292 1171 414 1207 indigent
425 1171 471 1199 illo
482 1171 602 1199 remedio
613 1171 646 1199 ad
657 1171 855 1200 edomationem
869 1179 933 1200 con-

87 1218 318 1256 cupiscentiarum
332 1229 359 1245 ».
377 1218 487 1246 Constat
507 1221 613 1252 autem,
628 1217 701 1255 quod
720 1217 831 1254 perfecti
854 1226 933 1255 prae-

87 1266 216 1295 feruntur
238 1264 417 1301 imperfectis,
439 1268 466 1293 et
488 1272 559 1301 quae
581 1264 633 1293 illis
655 1268 681 1293 et
703 1265 746 1293 Ins
774 1268 933 1301 competunt

88 1321 138 1350 per
158 1320 187 1341 se
209 1311 346 1349 quuendo
368 1311 537 1340 consimilem
560 1312 662 1341 habent
683 1313 932 1349 comparationem:

88 1360 172 1397 igitur
192 1358 345 1387 secundum
374 1358 464 1395 ipsum
492 1358 649 1394 praefertur
678 1359 777 1387 horum
807 1359 932 1388 ciborum

88 1414 155 1435 usus
175 1405 334 1434 moderatus
355 1408 383 1434 et
403 1405 513 1433 sobriUs
533 1405 714 1434 abstinentiae
735 1405 770 1433 ab
791 1405 902 1434 eisdem.

167 1453 211 1481 19.
234 1451 336 1488 Quodsi
357 1454 503 1486 causetur,
523 1451 591 1480 falso
613 1452 663 1480 sibi
686 1452 791 1481 crimen
813 1452 931 1489 imponi;

87 1500 159 1530 dicat
175 1499 260 1536 igitur
275 1499 333 1535 ipse
348 1498 420 1536 quod
433 1499 444 1515 2
465 1499 555 1527 sentit.
571 1499 623 1527 Aut
638 1499 710 1527 enim
725 1498 856 1536 praefert
871 1499 932 1528 abs-

87 1545 229 1575 tinentIam
250 1544 391 1573 moderato
412 1544 492 1573 modo
513 1544 653 1578 vescendi,
672 1548 720 1573 aut
740 1548 862 1581 aequat,
884 1549 932 1574 aut

84 1592 238 1630 postponit.
260 1592 286 1620 Si
305 1590 454 1629 praefert,
477 1594 508 1620 ut
525 1591 591 1628 quid
607 1595 646 1620 tot
661 1599 833 1628 supervacua
848 1592 932 1621 verba

86 1642 181 1669 contra
201 1638 342 1675 propriam
357 1638 520 1666 sententiam
534 1637 667 1674 protulit?
688 1638 822 1667 Concesso
842 1638 931 1673 enim,

85 1685 159 1723 quod
179 1685 319 1714 abstinere
339 1684 489 1721 perfectIus
511 1683 561 1717 sit,
584 1684 638 1712 iam
659 1684 735 1713 nulla
750 1687 835 1713 restat
849 1692 932 1713 causa

85 1732 219 1761 adversus
240 1731 360 1768 aliquem
381 1730 548 1767 disputandI.
570 1730 596 1759 Si
620 1738 684 1759 vero
705 1735 827 1768 aequat,
846 1731 873 1759 in
888 1739 932 1760 er-

84 1786 177 1807 rorem
200 1777 330 1806 loviniani
351 1777 471 1814 turpiter
493 1777 595 1805 incidit.
618 1777 643 1805 Si
666 1780 758 1806 autem
771 1778 931 1814 postponit,

85 1825 230 1854 damnatae
251 1827 278 1853 et
298 1824 462 1861 reprobatae
483 1824 536 1852 iam
563 1823 670 1852 haeresi
698 1824 865 1860 superaddit.
895 1840 930 1844 —

0 1875 74 1918 2532ssss
87 1871 165 1909 Quod
185 1874 278 1900 autem
307 1870 392 1899 huius
412 1870 526 1899 ultimae
540 1870 691 1899 sententiae
705 1870 801 1904 fuerit,
816 1878 852 1899 ex
867 1878 931 1899 con-

0 1912 70 1942 mwr'-
87 1918 267 1956 sequentibus
287 1920 382 1954 aperte
403 1916 536 1946 clarescit.
569 1917 651 1953 Quasi
680 1917 753 1945 enim
779 1916 879 1954 aliquis
906 1917 931 1946 ei

86 1964 159 2002 quod
181 1964 304 1998 dixerat,
319 1963 512 1992 abstinentiam
528 1963 695 2000 imperfectis
709 1967 880 2000 competere,
895 1971 931 1992 ex

85 2011 201 2040 adverso
232 2010 389 2044 resisteret;
416 2017 453 2038 ex
480 2009 596 2038 alterius
624 2017 741 2046 persona
773 2010 930 2047 subiungit:

90 2069 104 2082 α
119 2057 171 2087 Sed
184 2057 273 2086 dices:
295 2056 366 2092 Quid
382 2056 465 2093 igitur
480 2055 613 2084 Dominus
627 2055 816 2085 sacerdotibus
830 2056 932 2085 veteris

87 2103 258 2137 testamenti,
290 2111 354 2132 cum
384 2102 590 2137 ministrarent,
618 2102 761 2139 prohibuit
789 2103 883 2131 vinum
903 2103 931 2131 ⁸?

86 2150 157 2187 Quid
178 2150 251 2188 quod
276 2150 420 2178 Nazaraeis
440 2149 582 2178 inhibuit?
603 2149 674 2185 Quid
701 2149 775 2186 quod
803 2149 851 2178 filii
882 2150 931 2178 Re-

87 2197 157 2227 chab
177 2205 214 2226 ex
236 2197 288 2225 hoc
309 2196 477 2225 laudantur?
499 2196 530 2224 Et
551 2195 660 2224 tandem
682 2196 794 2225 Ioannes
813 2196 931 2233 Baptista

87 2244 188 2272 vinum
209 2247 233 2272 et
253 2243 381 2271 siceram
394 2250 453 2270 non
472 2242 602 2279 yttstavit
616 2253 642 2270 ».
663 2242 694 2270 Et
715 2242 804 2271 addit:
831 2253 844 2267 α
859 2243 931 2279 Qua-

88 2291 149 2320 liter
170 2290 255 2328 igitur
276 2298 330 2318 non
352 2289 404 2318 erit
426 2289 575 2326 perfectius
595 2297 611 2317 a
632 2289 696 2318 vino
717 2292 744 2318 et
764 2298 780 2318 a
801 2289 931 2318 carnibus

86 2337 224 2366 abstinere
251 2344 334 2373 quam
366 2336 409 2365 his
430 2335 470 2364 uti
486 2338 522 2363 n?
544 2335 575 2364 Et
595 2335 629 2363 ad
654 2336 722 2364 haec
745 2339 875 2373 tanquam
897 2336 930 2364 ad

87 2383 261 2421 probandum
287 2383 387 2411 falsum
414 2382 525 2411 inducta
553 2381 700 2418 respondet
720 2382 828 2416 dIcens,
857 2382 930 2419 quod

149 2523 156 2535 ¹
175 2523 236 2546 Libr.
255 2524 267 2545 1.
286 2524 399 2546 adversus
422 2524 529 2546 Iovinian.
552 2531 574 2546 n.
597 2524 619 2546 3.
642 2527 741 2552 quatuor
763 2524 931 2551 propositiones

89 2563 195 2585 loriniani
215 2563 281 2585 falsas
298 2565 412 2590 recenset,
430 2563 459 2585 de
477 2563 562 2591 quibus
580 2563 653 2590 prima
680 2566 701 2585 et
722 2563 785 2584 tertia
803 2563 835 2585 sic
852 2566 930 2585 sonat:

91 2609 102 2621 (ι
115 2601 184 2628 Dicit,
202 2601 317 2629 virgines,
334 2601 416 2624 viduas
433 2604 454 2623 et
473 2602 600 2628 maritatas,
624 2608 684 2630 quae
706 2602 775 2624 semel
798 2602 818 2623 in
841 2601 930 2624 Christo

89 2641 146 2663 lotae
164 2643 228 2667 sunt,
245 2640 263 2662 si
287 2646 332 2662 non
358 2640 488 2668 discrepent
510 2641 590 2663 ceteris
613 2640 735 2668 operibus,
755 2640 859 2662 eiusdem
881 2646 930 2662 osse

90 2679 189 2701 meriti...
208 2679 312 2701 Tertium
330 2680 444 2707 proponit„
462 2680 518 2701 inter
535 2679 695 2701 abstinentiam
713 2678 826 2706 ciborum⁴
838 2682 860 2701 et
877 2685 930 2700 cum

90 2718 214 2745 gratiarum
227 2718 314 2740 actione
327 2718 499 2746 perceptionem
513 2724 594 2740 eorum
607 2718 692 2740 nullam
705 2724 754 2740 esse
766 2717 895 2740 distantiam
908 2726 929 2739 n.

91 2757 188 2779 Primam
205 2757 387 2785 propositionem
405 2757 558 2784 Hieronymus
575 2757 696 2785 Impugnat
719 2756 769 2779 libr.
790 2757 803 2778 I.
826 2763 848 2779 n.
866 2756 930 2783 4-49;

90 2795 177 2818 tertiam
195 2795 245 2818 libr.
263 2797 286 2818 ΙΙ.
304 2802 327 2818 n.
344 2796 406 2818 5-17.

151 2834 159 2846 ²
177 2834 250 2857 Codd.
269 2835 311 2857 BG
329 2834 392 2864 quid.

151 2872 250 2896 ³1.evit.
269 2873 310 2900 Io,
327 2874 353 2900 95
371 2874 400 2895 de
423 2873 541 2895 Nazaraeis
566 2875 605 2895 cfr.
633 2873 698 2895 Num.
724 2873 750 2900 6,
776 2874 802 2899 3;
828 2873 857 2895 de
882 2873 931 2894 tlliis

91 2911 181 2934 Recital)
199 2912 240 2934 ler.
260 2911 302 2939 35,
319 2912 340 2934 6.
358 2915 380 2934 et
397 2912 426 2934 do
443 2913 524 2934 Ioanne
542 2913 596 2935 Luc.
614 2913 622 2934 11
635 2929 640 2938 ,
661 2911 694 2933 15.

151 2949 160 2962 ⁴
178 2950 254 2972 Mattli.
272 2950 298 2976 3,
316 2950 340 2972 Ιιε
359 2951 412 2972 Esca
430 2953 507 2972 autem
526 2950 575 2972 eius
592 2953 640 2972 crat
665 2950 772 2972 locustae.
793 2949 837 2972 Csr.
861 2955 930 2977 supra

91 2994 143 3016 pag.
161 2990 219 3016 262,
237 2991 288 3011 nota
307 2989 328 3011 5.

1779 216 1836 245 ⁶263

994 289 1221 319 «sacerdotibus
1249 291 1349 320 veteris
1377 292 1443 329 Iegis
1468 292 1610 322 inhibetur
1637 292 1732 322 vinum
1761 293 1836 322 velut

989 335 1080 364 adhuc
1101 336 1287 366 nescientibus
1309 338 1365 372 uti;
1386 342 1413 367 et
1440 338 1514 376 quod
1541 339 1705 368 abstinentia
1733 339 1836 368 Naza—

989 389 1129 410 raeorum
1149 382 1286 419 figuralis,
1302 392 1356 412 non
1372 385 1483 414 moralis
1503 385 1567 420 suit;
1583 389 1610 414 et
1624 385 1698 423 quod
1716 385 1765 414 filii
1784 386 1836 414 Re-

988 426 1061 455 eltab
1084 428 1170 464 magis
1189 429 1223 457 de
1243 429 1398 459 obedientia
1418 439 1502 467 quam
1523 431 1557 460 de
1582 431 1747 461 abstinentia
1776 432 1835 461 Iau-

988 473 1044 502 dati
1065 477 1146 508 sunt;
1168 478 1195 503 et
1209 476 1283 512 quod
1298 477 1406 505 Ioanni
1419 478 1570 514 Baptistae
1584 478 1748 507 abstinentia
1762 486 1836 507 com-

989 520 1114 557 petebat,
1136 521 1201 558 quia
1214 522 1372 552 adolescens
1386 526 1486 558 erat»,
1501 524 1618 559 addens,
1641 536 1655 550 «
1669 525 1750 562 quia,
1765 525 1837 554 sicut

988 567 1093 604 absque
1114 568 1296 597 diminutione
1316 569 1492 606 perfectionis
1506 578 1603 599 carnes
1623 571 1741 600 comedit
1755 573 1776 605 4,
1797 571 1836 600 sic

989 613 1085 648 etiam,
1106 614 1128 642 si
1151 614 1298 649 voluisset,
1320 616 1454 652 potuisset
1475 616 1570 645 bibere
1591 617 1701 651 vinum,
1723 625 1787 646 cum
1801 617 1836 646 ad

989 659 1049 689 eius
1069 660 1226 697 oppositum
1247 662 1323 690 nulla
1345 662 1403 699 lege
1424 665 1566 691 teneretur
1581 674 1607 691 ».

1068 708 1113 735 ΞΟ.
1137 707 1177 735 Ex
1198 707 1301 744 quihus
1322 711 1416 745 aperte
1437 708 1588 746 colligitur,
1616 709 1690 746 quod
1711 710 1744 738 ad
1766 710 1834 738 loti·
1846 717 1905 736 Addit
1915 718 1939 736 aa
1952 723 1982 745 ες-

989 753 1063 781 nIani
1084 753 1245 790 superaddit
1272 762 1406 784 errorem.
1435 756 1503 784 Cum
1529 756 1601 785 enim
1630 757 1740 793 supra⁵
1771 765 1834 793 pro·
1860 746 1921 783 ἓῗξῗιῗῖ
1936 741 1982 760 ¹⁰⁷¹'

988 799 1111 834 baverit‚
1133 800 1207 836 quod
1228 801 1356 837 perfectis
1377 802 1506 839 competit
1521 802 1584 831 vino
1599 805 1626 831 et
1639 803 1770 832 carnibus
1784 803 1835 837 uti,

989 847 1118 883 exemplo
1139 847 1209 881 Noe,
1236 848 1307 876 Eliae
1335 850 1363 876 et
1390 848 1497 877 Ioannis
1525 849 1676 885 Baptistae;
1705 853 1733 878 et
1761 857 1835 878 nunc

989 900 1040 929 pro
1061 893 1262 922 inconvenienti
1285 894 1399 928 habeat,
1421 895 1494 931 quod
1516 896 1644 931 perfectis
1665 896 1732 924 viris
1752 896 1836 925 absti-

989 939 1082 967 nentia
1103 939 1246 968 indicitur:
1268 940 1412 970 manifeste
1433 941 1606 970 convincitur
1627 942 1687 971 eius
1701 950 1760 971 esse
1775 950 1835 971 sen-

990 985 1105 1019 tentiae,
1127 994 1183 1022 qua
1204 986 1331 1015 ciborum
1353 995 1421 1016 usus
1441 987 1623 1016 abstinentiae
1644 996 1697 1016 non
1720 993 1835 1025 postpo-

989 1031 1086 1065 nitur,
1117 1032 1164 1060 sed
1188 1031 1370 1069 praefertur.
1400 1033 1451 1062 Pro
1479 1034 1564 1062 huius
1591 1043 1703 1072 quoque
1731 1036 1835 1064 erroris

989 1077 1179 1107 desensanda⁶
1202 1079 1316 1115 perfidIa
1338 1080 1458 1116 plurima
1478 1080 1543 1109 dicit
1557 1081 1686 1110 absurda.
1709 1098 1745 1102 —
1768 1082 1834 1110 Nam

990 1124 1064 1161 quod
1084 1125 1195 1159 asserit,
1217 1125 1312 1154 vinum
1334 1126 1459 1155 interdici
1480 1127 1682 1156 sacerdotibus
1705 1131 1835 1165 tanquam

990 1171 1176 1200 nescientibus
1197 1172 1253 1206 uti,
1285 1176 1379 1209 aperte
1403 1174 1590 1203 contrariatur
1618 1175 1741 1209 veritati,
1770 1183 1834 1204 cum

990 1225 1074 1254 super
1089 1218 1156 1246 illud
1172 1219 1282 1247 Levitici
1295 1219 1318 1247 ⁷:
1337 1220 1440 1248 Vinum
1456 1224 1479 1248 et
1494 1229 1585 1255 omne,
1598 1222 1675 1259 quod
1690 1221 1836 1250 inebriare

987 1268 1078 1301 potest
1092 1268 1157 1299 etc.,
1171 1265 1244 1294 dicat
1263 1265 1372 1295 Glossa:
1399 1278 1413 1291 «
1428 1267 1500 1296 Filiis
1520 1269 1607 1296 Aaron
1624 1271 1755 1305 tanquam
1770 1268 1835 1297 sub-

990 1310 1098 1339 limiora
1118 1311 1223 1348 adeptis
1254 1312 1373 1341 traditur
1399 1314 1450 1342 hoc
1482 1314 1641 1343 mandatum
1656 1326 1682 1342 ».
1706 1315 1834 1351 Insuper,

990 1360 1086 1386 contra
1107 1358 1181 1386 viros
1202 1362 1311 1387 sanctos
1332 1359 1524 1396 blasphemare
1548 1361 1737 1395 convincitur,
1767 1370 1835 1399 (1110-

989 1412 1052 1433 rum
1074 1405 1199 1433 nonnulli
1231 1406 1407 1435 sacerdotalis
1434 1407 1542 1444 generis
1573 1409 1724 1437 sanctitatis
1752 1409 1836 1446 privi-

990 1450 1059 1487 legio
1080 1454 1107 1479 et
1135 1451 1296 1488 prophetiae
1324 1452 1424 1489 spiritu
1453 1453 1623 1482 claruerunt.
1652 1454 1719 1483 Mira
1744 1458 1835 1489 certe,

990 1496 1032 1525 vel
1060 1496 1152 1533 potius
1180 1500 1357 1527 monstruosa
1384 1498 1523 1528 doctrina!
1552 1500 1620 1529 Cum
1649 1500 1722 1529 enlm
1750 1508 1836 1538 supra

989 1543 1175 1579 praemiserit,
1197 1544 1271 1580 quod
1292 1544 1359 1574 viris
1387 1545 1515 1581 perfectis
1542 1547 1714 1583 competebat
1741 1547 1836 1576 coniu—

989 1589 1065 1627 gium
1080 1590 1106 1618 in
1122 1591 1208 1619 veteri
1230 1591 1302 1628 Iege,
1317 1594 1345 1620 et
1359 1592 1480 1620 secundo
1494 1592 1644 1628 addiderit,
1659 1593 1732 1630 quod
1747 1595 1835 1622 Aaron

990 1638 1119 1673 tanquam
1132 1636 1174 1665 vir
1188 1637 1327 1673 perfectus
1341 1637 1443 1675 fugit⁸;
1458 1646 1514 1675 qua
1527 1638 1617 1668 fronte
1632 1647 1705 1668 nunc
1720 1640 1835 1668 subiun—

988 1690 1054 1719 gere
1068 1685 1166 1719 potest,
1177 1683 1251 1720 quod
1266 1687 1397 1721 tanquam
1412 1685 1590 1721 imperfectus
1604 1686 1744 1720 abstinuit,
1756 1686 1835 1723 quasi

989 1729 1107 1766 coniugii
1120 1738 1210 1758 nexus
1222 1731 1264 1759 vel
1276 1730 1355 1767 fugae
1368 1732 1535 1767 praesidium
1547 1732 1735 1761 sacerdotibus
1747 1733 1835 1770 perfe-

989 1774 1086 1803 ctionis
1100 1775 1215 1812 gloriam
1230 1776 1347 1810 tribuat,
1362 1780 1389 1805 et
1404 1778 1533 1806 sanctitas
1547 1778 1727 1807 abstinentiae
1741 1779 1834 1807 tollat?

1067 1824 1113 1851 21.
1136 1823 1231 1859 Magna
1251 1823 1333 1851 etiam
1361 1823 1532 1853 absurditate
1559 1833 1612 1853 non
1642 1828 1732 1859 caret,
1760 1825 1834 1862 quod

990 1869 1169 1906 principalem
1191 1877 1301 1898 causam
1316 1870 1497 1899 abstinentiae
1512 1871 1703 1900 PraecursoriS
1717 1875 1833 1901 aetatem

988 1915 1087 1944 asserit
1099 1915 1183 1944 fuisse
1198 1916 1362 1950 iuvenilem,
1378 1917 1481 1946 sciIIcet
1495 1920 1609 1954 propter
1623 1917 1833 1947 adolescentiam

988 1962 1188 1999 castigandam,
1209 1970 1241 1991 ac
1262 1963 1284 1991 si
1316 1963 1480 1992 abstinentia
1500 1963 1613 1993 senibus
1648 1967 1675 1993 et
1706 1964 1834 2001 perfectis

988 2017 1042 2037 non
1064 2012 1208 2045 competat.
1231 2009 1302 2045 Quid
1330 2010 1415 2046 igitur
1436 2010 1521 2039 sancti
1543 2018 1622 2039 senes
1649 2014 1676 2039 et
1703 2011 1833 2047 perfecti,

990 2056 1089 2084 Paulus
1110 2056 1239 2090 eremita,
1261 2056 1409 2090 Antonius,
1425 2057 1544 2086 Hilarion
1559 2057 1570 2074 9
1591 2060 1619 2086 et
1636 2057 1780 2086 clarissimi
1796 2057 1834 2086 illi

988 2102 1183 2131 coenobiorum
1199 2103 1292 2132 Patres
1306 2103 1501 2132 abstinuerunt
1515 2111 1605 2140 usque
1619 2104 1652 2132 ad
1667 2104 1834 2141 decrepitam

988 2152 1179 2178 senectutem?
1200 2149 1271 2186 Quid
1292 2149 1330 2178 illi
1353 2149 1457 2178 nobiles
1478 2150 1652 2184 coenobitae,
1674 2151 1708 2179 de
1732 2151 1834 2188 quibus

987 2195 1053 2224 dicit
1075 2195 1255 2232 Hieronymus
1269 2196 1302 2224 ad
1318 2196 1496 2225 Eustochium
1509 2197 1548 2224 ¹⁰:
1568 2208 1581 2221 «
1593 2197 1631 2226 De
1646 2197 1713 2226 cibis
1728 2205 1794 2226 vero
1808 2200 1835 2226 et

988 2244 1055 2279 potu
1077 2245 1166 2276 taceo,
1188 2250 1252 2270 cum
1273 2242 1355 2271 etiam
1377 2243 1537 2280 languentes
1559 2244 1685 2272 monachi
1700 2252 1772 2281 aqua
1786 2244 1834 2272 sri-

988 2289 1050 2326 gida
1078 2292 1208 2323 utantur,
1237 2292 1264 2318 et
1288 2293 1397 2318 coctum
1421 2290 1525 2327 aliquid
1553 2291 1690 2328 accepisse
1721 2291 1834 2320 luxuria

988 2335 1023 2364 sit
1036 2347 1050 2360 »
1064 2338 1075 2363 ‘2
1096 2335 1167 2371 Quid
1182 2335 1227 2364 illa
1241 2343 1311 2365 anus
1325 2336 1508 2365 sacratissima
1523 2337 1620 2371 Paula,
1639 2337 1673 2366 de
1687 2345 1740 2374 qua
1763 2337 1833 2366 idem

988 2382 1168 2418 Hieronymus
1184 2383 1223 2410 ¹¹:
1249 2394 1263 2407 α
1278 2382 1357 2411 Nulla
1378 2383 1507 2412 iuvenum
1530 2384 1685 2420 puellarum
1714 2392 1780 2413 sano
1807 2386 1834 2413 et

1051 2522 1059 2534 ⁶
1077 2523 1120 2545 Cir.
1138 2529 1159 2545 n.
1182 2524 1215 2545 16.

1050 2562 1059 2574 ³
1076 2562 1132 2584 God.
1150 2563 1167 2584 G
1185 2561 1336 2591 defendenda,
1354 2562 1370 2584 F
1387 2561 1516 2591 defensare,
1536 2562 1587 2584 Vat.
1603 2562 1757 2591 defensatore.

1051 2600 1058 2613 ⁷
1076 2601 1131 2629 Cap.
1153 2602 1191 2628 10,
1209 2602 1231 2623 t).
1256 2601 1334 2623 Glossa
1358 2601 1378 2623 in
1402 2602 1461 2623 hunc
1486 2601 1562 2623 locum
1588 2604 1621 2623 est
1646 2600 1770 2623 ordinaria
1797 2601 1832 2629 (ex

989 2641 1120 2668 Ilesycliio).

1050 2678 1058 2690 ‘³
1077 2678 1142 2700 Num.
1162 2678 1201 2705 16,
1220 2678 1260 2700 43:
1278 2678 1366 2706 llloyses
1377 2681 1400 2700 et
1411 2679 1486 2700 Aaron
1500 2679 1607 2705 sugerunt
1618 2679 1647 2700 ad
1660 2678 1832 2701 tabernaculum

988 2717 1093 2739 foederis.
1110 2729 1141 2733 —
1158 2717 1269 2744 Superius
1287 2717 1305 2738 D
1322 2716 1404 2738 omittit
1420 2722 1504 2745 supra.

1049 2754 1059 2767 ⁹
1076 2755 1122 2778 Csr.
1142 2755 1240 2782 Hieron„
1258 2755 1308 2777 Vita
1326 2756 1348 2777 S.
1366 2755 1426 2777 Pauli
1446 2755 1514 2783 primi
1531 2756 1652 2783 eremitae,
1670 2762 1692 2778 0.
1715 2757 1737 2778 b'.
1758 2762 1832 2785 seqq„

988 2794 1027 2817 uhi
1045 2795 1113 2816 etiam
1131 2794 1160 2816 (Ie
1176 2794 1286 2821 Antonio;
1304 2797 1326 2816 et
1344 2794 1394 2816 Vita
1413 2795 1435 2816 S.
1452 2794 1572 2816 Hilarionis
1589 2795 1710 2822 eremitae,
1728 2801 1750 2817 n.
1772 2795 1804 2817 11.

1051 2832 1069 2846 ¹⁰
1087 2833 1155 2860 Epist.
1174 2833 1209 2854 22.
1228 2838 1249 2854 n.
1267 2832 1288 2854 7.
1308 2832 1364 2854 Voci
1381 2833 1481 2855 vitantur
1495 2832 1545 2854 Vat.
1563 2838 1615 2854 cum
1633 2832 1669 2855 ed.
1686 2833 1691 2854 1
1709 2836 1730 2854 et
1741 2834 1755 2855 2
1768 2839 1832 2861 prae-

987 2872 1036 2899 figit
1053 2871 1094 2894 'nia-
1112 2872 1189 2899 (etiam
1207 2874 1285 2894 contra
1303 2874 1387 2894 textum
1406 2871 1562 2900 originalem),
1580 2876 1602 2894 et
1624 2878 1666 2900 pro
1687 2871 1787 2895 lumin-in
1813 2873 1831 2894 G

988 2910 1109 2933 tumui-ine.

1051 2949 1068 2961 ¹¹
1087 2950 1156 2977 Epist.
1175 2949 1227 2971 108.
1250 2949 1313 2977 (alias
1330 2949 1377 2978 27.)
1400 2949 1429 2972 ad
1451 2950 1597 2972 Eustochium
1617 2950 1737 2977 virginem.
1756 2951 1832 2978 Epita-

988 2988 1068 3016 phium
1086 2988 1166 3011 Paulae
1184 2988 1274 3015 matris,
1292 2995 1314 3010 n.
1332 2989 1368 3010 20.

1851 1089 1958 1109 Resellitur.

1850 1833 1893 1853 Alia
1910 1835 1915 1852 i
1930 1834 1969 1853 sius

1854 1858 1910 1876 absur
1925 1858 1968 1876 itas.

1850 2020 1946 2044 Exempla.
