2133 3317
5 1513 11 1528 ³
21 1507 74 1527 ratio-

4 1536 34 1551 len.

21 2349 72 2370 item.

452 203 648 233 OPUSCULUM
668 203 733 232 Xlll.
755 202 1065 233 DETERMlNATIONES
1085 203 1326 241 QUAESTIONUM.
1349 203 1428 233 PARS
1449 204 1478 232 11.

94 285 240 316 insolentes
260 283 337 317 laici;
357 289 444 319 quare
465 281 602 318 impeditis
621 281 769 318 aliquando
790 281 870 310 etiam
887 289 936 318 per

93 331 266 370 privilegium
294 329 390 367 papale
402 329 422 363 ¹,
443 328 511 357 alios
538 327 686 364 Religiosos
711 328 785 356 circa
816 330 936 356 vestram

93 378 288 409 habitationem
313 376 363 405 sibi
392 375 561 404 mansionem
583 377 759 408 construere,
782 374 833 402 nisi
862 373 936 411 quod

92 424 201 456 videtur
221 423 323 452 invidia
344 430 404 451 esse
425 422 451 450 in
473 424 577 450 causa?

170 470 336 507 Respondeo.
352 470 408 498 Non
430 477 482 506 pro
496 468 613 502 invidia,
635 468 682 497 sed
697 468 789 505 potius
804 475 855 504 pro
870 475 937 504 pace

93 517 266 557 privilegium
289 517 340 545 boc
361 524 377 544 a
398 515 465 544 Sede
486 515 634 552 apostolica
654 515 749 543 datum
768 514 936 551 agnoscitur,

92 567 120 596 et
138 565 174 594 ob
204 563 317 593 eandem
346 570 457 592 causam
484 562 558 599 pacis
585 570 617 591 eo
644 562 767 596 utimur,
789 569 852 590 cum
881 568 936 589 non

92 616 146 642 tam
168 611 247 640 nobis
261 618 344 648 quam
366 610 447 639 etiam
468 610 529 638 aliis
543 609 628 646 possit
649 609 728 637 aliter
750 609 777 637 in
793 611 935 645 posterum

92 658 212 688 turbatio
233 660 261 686 et
289 656 405 685 materia
424 655 543 685 scandali
575 655 704 684 suboriri.
728 655 753 684 Si
786 655 859 683 enim
888 654 936 682 ali-

92 705 201 744 quando
221 711 331 733 necesse
352 703 423 732 foret
443 703 483 731 eis
501 702 543 731 vel
564 702 643 731 nobis
656 710 735 731 areas
755 705 865 731 nostras
879 709 936 729 am-

91 753 192 790 pliare,
214 759 267 780 non
290 758 450 787 possemus,
471 757 535 778 cum
557 749 601 777 alii
624 749 731 786 priores
753 756 798 777 eas
820 748 873 776 iam
893 756 936 776 oc-

91 801 245 836 cupassent.
267 798 293 826 Si
315 800 408 826 autem
430 796 539 833 aliquae
559 803 640 824 areae
662 796 733 824 inter
755 803 805 823 nos
829 797 855 823 et
876 794 937 823 11105

90 848 181 876 essent
205 845 322 878 mediae,
345 851 408 873 cum
433 843 546 880 utrique
568 850 614 871 eas
637 842 764 871 certatim
787 849 935 878 praeoccu-

90 900 157 930 pare
177 891 379 925 desiderarent,
401 898 436 919 ex
458 890 574 918 avaritia
591 897 642 918 sua
662 889 820 918 venditores
838 895 934 916 earnm

90 939 138 968 vix
153 947 204 976 pro
225 938 361 975 triplicato
376 937 465 974 pretio
485 944 531 965 eas
552 936 657 965 darent.
674 935 723 964 Vel
738 936 759 964 si
782 935 853 964 forte
867 943 934 971 pau-

90 993 170 1024 peres
184 987 275 1014 essent
295 991 467 1021 possessores
481 990 595 1017 carum,
616 983 716 1019 aliquis
735 982 812 1011 dives
833 989 935 1010 avarus

43 1028 46 1029 ⁷
90 1040 135 1063 eas
156 1034 341 1069 praeemeret‚
362 1033 395 1059 ut
418 1030 497 1059 nobis
518 1037 564 1058 eas
585 1032 679 1066 postea
699 1028 840 1057 carissime
869 1036 935 1056 ven-

89 1080 182 1113 deret,
207 1078 316 1112 videns,
344 1085 394 1106 nos
415 1077 482 1114 ipsis
509 1076 664 1105 necessario
692 1075 822 1112 indigere.
852 1075 933 1108 item,

89 1126 160 1156 forte
174 1125 333 1154 conveniret
348 1124 387 1153 eis
408 1124 450 1152 vel
465 1123 543 1152 nobis
557 1123 681 1151 officinas
696 1125 805 1151 nostras
821 1125 934 1158 propter

90 1173 172 1203 situm
194 1171 245 1201 loci
267 1170 415 1208 aliquando
436 1170 474 1199 sic
495 1169 637 1203 ordinare,
659 1169 733 1206 quod
762 1171 853 1197 essent
874 1168 934 1197 aliis

89 1228 140 1258 pro
161 1227 261 1256 magno
282 1218 454 1247 incommodo
475 1220 503 1246 et
523 1217 662 1254 frequenti
691 1216 816 1245 cordium
839 1215 936 1244 turba-

89 1268 175 1301 tione,
197 1269 228 1295 111
249 1266 271 1295 51
293 1265 397 1294 chorus
417 1265 541 1302 ipsorum
571 1266 722 1300 poneretur
743 1262 817 1300 apud
844 1262 934 1291 locum

88 1314 265 1343 infirmorum
282 1315 455 1345 nostrorum,
477 1312 520 1340 vel
541 1311 621 1340 aliter
636 1310 761 1348 quolibet
781 1309 880 1344 modo,
895 1309 935 1337 vi-

88 1361 186 1390 delicet
206 1360 319 1393 latrina,
347 1359 478 1396 coquina,
498 1358 711 1391 dormitorium,
740 1356 934 1390 refectorium,

89 1405 254 1445 capitulum,
282 1406 381 1435 domus
410 1405 563 1442 hospitum,
592 1404 666 1442 quod
695 1407 809 1441 propter
841 1411 935 1440 pacem

88 1454 264 1484 infirmorum
285 1452 410 1482 cordium
427 1452 513 1489 magis
527 1452 654 1488 expedit,
675 1459 725 1479 nos
746 1459 806 1480 esse
828 1450 936 1487 longius

90 1503 255 1539 segregatos.
269 1517 310 1520 —
324 1500 416 1528 Posset
437 1499 518 1528 etiam
540 1498 706 1536 quandoque
728 1498 853 1526 divinum
875 1497 936 1526 offi-

90 1549 163 1578 cium
184 1547 258 1585 apud
279 1547 429 1576 alterutros
449 1546 590 1583 impediri,
612 1546 634 1574 si
655 1545 777 1574 oratoria
791 1544 872 1573 nimis
894 1552 935 1573 es-

89 1598 149 1625 sent
169 1595 311 1632 contigua,
340 1596 423 1623 cantu
452 1601 503 1622 suo
531 1596 629 1621 mutuo
654 1600 683 1621 se
711 1591 933 1628 impedientibus.

88 1642 160 1671 Idem
181 1644 274 1679 posset
302 1640 361 1669 fieri
384 1640 417 1669 de
445 1639 663 1677 praedicatione,
693 1646 756 1667 cum
784 1638 935 1675 utrobique

88 1689 158 1718 forte
172 1697 223 1726 pro
237 1695 321 1717 causa
335 1687 427 1724 aliqua
441 1686 601 1723 praedicare
615 1685 795 1722 contingeret.
811 1685 836 1713 Si
852 1684 935 1713 etiam

88 1735 188 1773 aliquis
208 1735 375 1773 quandoque
396 1733 576 1763 confiteretur
598 1732 671 1770 apud
693 1733 769 1766 illos,
791 1735 818 1761 et
846 1732 936 1769 place-

88 1786 131 1812 ret
152 1782 176 1812 ei
198 1783 279 1812 etiam
301 1781 419 1811 alicuius
440 1781 512 1818 apud
534 1788 585 1809 nos
607 1779 751 1808 consilium
773 1779 934 1816 requirere,

87 1833 136 1859 aut
156 1838 211 1858 000
232 1829 347 1858 auderet
367 1828 457 1857 facere
473 1828 538 1862 hoc,
553 1827 665 1861 timens,
681 1826 755 1863 quod
777 1825 855 1863 prior
870 1833 935 1855 con—

87 1876 174 1906 fessor
196 1876 400 1913 indignaretur,
421 1874 501 1912 quasi
523 1882 578 1903 non
599 1873 739 1902 sufficeret
757 1873 782 1902 ei
804 1881 855 1910 pro
870 1880 936 1901 con-

87 1922 199 1958 fessore,
221 1922 287 1952 dum
308 1924 457 1960 quaereret
488 1921 588 1954 alium,
609 1923 659 1949 aut
684 1920 754 1949 forte
785 1922 933 1956 putaretur

87 1970 157 2000 velle
177 1970 339 2007 explorare,
360 1969 428 2007 quid
442 1969 488 1998 1110
510 1969 553 1998 vel
571 1968 616 1997 ille
637 1968 808 2001 consuleret,
829 1970 857 1996 et
871 1966 934 1995 inde

87 2025 222 2055 quaerere
251 2017 392 2046 materiam
420 2015 592 2045 detrahendi.
619 2015 645 2043 Si
666 2015 714 2052 qui
743 2015 825 2043 etiam
848 2014 934 2051 magis

86 2064 296 2102 frequentarent
317 2064 378 2093 illos
404 2071 488 2101 quam
511 2063 578 2092 istos
607 2062 634 2091 in
659 2062 749 2091 officio
776 2061 869 2090 divino
890 2061 934 2090 vel

87 2111 114 2140 in
136 2111 211 2146 aliis,
242 2111 405 2140 viderentur
425 2110 493 2139 alios
525 2110 618 2138 minus
645 2109 774 2146 diligere,
806 2111 833 2137 et
855 2108 934 2136 fieret

86 2158 202 2187 materia
221 2157 426 2187 murmurandi.
449 2157 568 2186 lnfirmis
588 2156 660 2186 enim
675 2155 807 2185 cordibus
828 2163 865 2183 ex
880 2155 932 2183 levi

87 2205 228 2235 occasione
242 2205 306 2242 plus
320 2204 476 2233 infirmandi
493 2203 608 2232 materia
622 2203 811 2236 ministratur;
830 2205 858 2231 01
872 2201 933 2230 ideo

87 2259 198 2280 necesse
219 2255 275 2286 est,
296 2253 328 2280 ut
355 2253 574 2288 praecaveantur
596 2249 675 2284 talia,
704 2257 775 2286 quac
797 2248 863 2285 ipsis
885 2256 934 2276 no-

88 2302 150 2327 cent
170 2301 198 2327 et
218 2298 286 2327 alios
307 2297 505 2331 scandalizant,
532 2305 566 2325 ne
587 2299 681 2333 postea
708 2295 849 2324 emendari
879 2303 933 2323 non

88 2345 192 2380 valeat,
214 2345 287 2383 quod
302 2345 329 2373 in
345 2344 480 2382 principio
494 2344 600 2373 facilius
617 2345 808 2380 praecavetur.
824 2358 862 2362 —-
877 2342 933 2371 Uti-

88 2392 164 2421 lius2
185 2392 267 2421 etiam
288 2394 330 2421 est
344 2391 502 2420 hominibus
524 2390 654 2424 civitatis,
676 2390 723 2418 ubi
745 2390 861 2418 Fratres*
874 2397 933 2417 mo-

87 2441 199 2474 rantur,
220 2439 295 2476 quod
316 2439 343 2467 in
365 2438 481 2467 diversis
503 2437 569 2466 locis
594 2446 610 2465 a
634 2445 663 2466 se
691 2436 836 2465 disiunctis
864 2435 933 2465 Reli-

151 2650 158 2663 ¹
177 2651 283 2674 Alexand.
293 2651 330 2673 lv.
342 2657 383 2679 per
395 2651 434 2673 litt.
446 2651 571 2672 decretales
580 2650 638 2673 Paci
648 2651 668 2672 el
680 2648 850 2678 tranquillitati
860 2649 932 2677 (apud

89 2689 231 2717 Sbaraleam,
248 2690 330 2712 Bullar.
343 2690 486 2712 Franciscon.
505 2693 559 2711 tom.
573 2690 597 2711 ll.
610 2695 630 2710 n.
644 2689 697 2710 212.
709 2694 763 2716 pag.
777 2688 832 2715 '142;
845 2694 867 2710 n.
880 2688 932 2709 336.

90 2735 142 2757 pag.
160 2729 203 2751 223
222 2732 243 2751 et
259 2735 282 2751 11.
299 2729 352 2751 576.
371 2735 424 2757 pag.
438 2729 546 2756 40511110
564 2730 677 2750 conventu
697 2727 845 2753 Bononiensi,
863 2727 933 2748 Mace·

88 2767 169 2790 ratensi
182 2770 204 2789 et
221 2768 333 2789 Asculano
344 2768 433 2794 statuit,
445 2770 470 2789 ut
486 2767 572 2789 nullum
585 2766 715 2788 aedificium
732 2765 881 2793 Regularium
897 2764 933 2786 vel

89 2806 254 2834 Religiosarum
268 2806 323 2828 infra
336 2806 436 2833 spatium
449 2806 493 2827 300
512 2811 621 2833 passuum
636 2805 687 2832 (pro
699 2804 812 2825 Asculano
824 2804 868 2825 300
880 2809 934 2825 can-

89 2846 179 2873 narum)
196 2845 255 2867 circa
279 2844 335 2867 fines
354 2845 523 2872 praedictorum
546 2846 702 2865 conventuum
725 2842 868 2864 aedificetur.
887 2841 934 2864 Cle-

89 2889 154 2905 mens
171 2884 208 2905 lv.
226 2889 286 2905 anno
302 2884 361 2906 1265
379 2884 399 2905 in
417 2883 542 2911 diplomate
559 2882 595 2905 Ad
611 2880 799 2911 rouseqaemlrim
816 2880 932 2909 aleriam,

89 2923 146 2944 lianc
163 2923 265 2945 locorum
289 2922 418 2945 distantiam
442 2922 578 2949 generaliter
603 2921 632 2943 ad
656 2921 700 2943 300
723 2926 809 2942 cannas
834 2920 933 2942 extendit

90 2967 131 2989 pro
148 2961 256 2983 omnibus
274 2961 454 2983 mendicantium
473 2961 641 2987 Religiosoxum
659 2959 725 2987 locis,
741 2960 782 2981 etsi
799 2965 859 2981 anno
875 2960 931 2981 1258

90 3005 130 3027 per
147 3000 207 3022 aliud
227 2999 288 3027 Quin
302 2999 443 3029 plez-nmque
460 2999 488 3020 ad
509 2999 552 3021 140
569 2998 694 3020 retraxerit.
718 2998 796 3020 Simile
818 2997 932 3020 indultum

1782 203 1837 233 363

993 281 1060 318 giosi
1082 285 1242 316 morentur,
1270 289 1354 319 quam
1381 281 1456 319 quod
1477 281 1504 310 in
1529 290 1585 310 uno
1611 282 1713 318 angulo
1741 282 1835 318 plures

994 331 1151 363 manerent,
1173 331 1200 357 et
1213 329 1266 357 alia
1287 336 1351 366 pars
1366 328 1454 357 inanis
1476 331 1628 362 remaneat,
1643 336 1692 365 per
1713 336 1835 366 quorum

993 374 1160 404 vicinitatem
1182 379 1293 411 possent
1313 375 1494 412 spiritualiter
1514 376 1658 404 consolari.
1681 392 1717 396 —
1733 375 1835 412 Quodsi

994 421 1064 450 forte
1085 422 1153 450 tales
1173 422 1264 451 forent
1293 423 1433 459 Religiosi,
1461 423 1509 460 qui
1530 423 1603 460 apud
1632 431 1681 452 nos
1709 422 1834 451 habitare

995 468 1107 502 vellent,
1129 476 1179 505 per
1202 477 1272 506 quos
1292 477 1346 497 non
1361 469 1573 498 aedificarentur
1594 469 1702 503 fideles,
1724 469 1771 498 sed
1786 477 1834 506 po-

994 514 1049 543 tius
1076 515 1343 550 scandalizarentur3
1373 519 1438 545 tunc
1465 516 1577 545 omnino
1604 516 1732 553 expedit,
1761 516 1835 554 quod

993 569 1047 590 non
1070 561 1124 590 sint
1147 562 1225 590 nobis
1253 562 1349 597 vicini,
1371 571 1405 592 ne
1425 562 1496 592 sorte
1522 563 1646 600 ipsorum
1675 563 1834 592 insolentiae

993 608 1073 637 nobis
1093 608 1241 645 aliquando
1261 609 1480 644 ascriberentur,
1501 613 1549 638 aut
1570 610 1733 644 nesciretur,
1754 618 1789 638 an
1803 610 1838 639 ad

993 663 1040 684 eos
1061 655 1104 684 vel
1118 655 1152 684 ad
1173 663 1223 684 nos
1238 656 1354 685 latenter
1375 656 1510 685 intrarent
1524 665 1657 694 personae
1678 660 1833 694 suspectae,

993 705 1041 730 aut
1062 705 1136 731 certe
1158 702 1281 739 ipsorum
1303 703 1446 732 dissolutio
1460 703 1539 732 fieret
1559 703 1706 741 aliquando
1727 704 1838 733 novitiis

993 748 1095 777 nostris
1116 749 1274 777 tentationis
1295 750 1413 784 occasio,
1435 750 1478 778 vel
1503 750 1584 779 etiam
1605 750 1665 779 aliis
1693 758 1776 779 causa
1796 750 1837 779 in-

993 795 1162 832 quietudinis
1183 799 1210 824 et
1230 796 1456 833 impedimentum
1478 797 1504 825 in
1527 797 1618 826 studio
1639 797 1784 834 spirituali.
1799 814 1838 817 —

993 842 1019 870 Si
1040 845 1134 871 autem
1162 843 1273 880 quidam
1296 843 1398 872 infirmi
1429 844 1577 881 aliquando
1603 844 1744 878 dolerent,
1773 852 1837 873 cum
1850 854 1983 878 035101ορ10-

993 888 1063 917 10110
1084 889 1224 924 viderent,
1252 889 1312 918 aliis
1333 890 1474 927 Religiosis
1496 891 1627 927 largiores
1650 891 1837 928 eleemosynas
1885 878 1946 897 ¹³³²⁰⁸⁴

992 934 1051 964 dari
1073 944 1156 972 quam
1179 936 1245 970 sibi,
1267 940 1293 965 et
1314 944 1350 965 ex
1370 937 1421 966 1100
1442 937 1544 966 invidia
1558 938 1569 954 ⁵
1591 941 1789 975 torquerentur
1802 938 1836 967 de

993 983 1131 1011 vicinitate
1147 983 1273 1017 illorum;
1292 984 1343 1012 1100
1364 992 1413 1013 nec
1432 984 1581 1020 probamus
1596 992 1646 1014 nec
1667 985 1778 1013 omnino
1792 993 1837 1014 ne-

992 1037 1103 1066 gamus,
1119 1030 1165 1058 sed
1186 1038 1240 1058 non
1256 1034 1297 1059 est
1315 1034 1409 1059 nostra
1429 1031 1544 1060 intentio
1560 1035 1672 1068 propter
1689 1032 1741 1060 hoc
1756 1040 1836 1068 prae-

992 1076 1064 1105 dicto
1086 1076 1126 1104 uti
1148 1076 1306 1114 privilegio,
1329 1077 1376 1106 sed
1397 1078 1489 1114 potius
1514 1081 1628 1114 propter
1647 1086 1745 1107 causas
1771 1082 1834 1107 ante

992 1122 1110 1159 positas,
1141 1126 1168 1151 et
1199 1123 1221 1151 si
1246 1131 1317 1160 quae
1348 1124 1416 1152 aliae
1447 1127 1563 1161 possunt
1592 1125 1767 1154 rationabiles
1795 1125 1836 1153 in-

994 1177 1089 1198 veniri.

1854 382 1906 401 Alius
1920 388 1981 401 casus.

1306 1265 1444 1301 Quans'mo
1462 1265 1526 1293 Vlil.

1021 1378 1023 1381 .
1067 1357 1129 1386 Cur
1150 1358 1273 1386 Fratres
1290 1356 1480 1395 prohibeant,
1502 1367 1536 1386 110
1557 1358 1611 1387 alii
1630 1357 1765 1396 deferant

1260 1408 1346 1433 uestes
1366 1405 1430 1433 suis
1450 1405 1567 1433 similes.

1072 1497 1140 1525 Cum
1162 1497 1313 1534 unicuique
1339 1498 1458 1526 liberum
1485 1498 1519 1526 sit
1547 1501 1650 1527 vestem
1675 1506 1754 1527 suam
1781 1499 1836 1528 for-

992 1552 1082 1578 mare,
1104 1548 1188 1580 prout
1210 1544 1281 1578 vult,
1303 1547 1330 1573 et
1351 1544 1384 1573 de
1405 1553 1494 1581 pauno
1516 1553 1564 1574 seu
1585 1545 1676 1574 colore
1697 1546 1835 1582 quolibet3

993 1591 1121 1620 videmini
1153 1591 1229 1619 valde
1259 1591 1385 1619 iniuriari
1413 1591 1578 1628 quibusdam
1608 1592 1741 1629 religiosis
1769 1593 1835 1622 vlris

993 1638 1035 1667 vel
1058 1638 1166 1667 feminis
1181 1638 1361 1675 prohibendo,
1389 1646 1423 1667 ne
1444 1638 1567 1667 deserant
1582 1642 1671 1667 vestes
1693 1639 1719 1667 in
1741 1640 1834 1668 colore

992 1685 1035 1714 vel
1057 1685 1146 1713 forma
1167 1685 1273 1713 habitui
1295 1688 1387 1714 vestro
1413 1685 1574 1714 conformes.

1072 1731 1239 1768 Respondeo.
1264 1731 1355 1759 Multis
1382 1731 1416 1760 de
1437 1731 1527 1760 causis
1555 1731 1679 1760 habitum
1709 1735 1834 1760 nostrum

992 1779 1059 1807 31105
1080 1779 1153 1807 ferre
1175 1787 1228 1806 non
1251 1778 1419 1807 sustinemus
1446 1781 1473 1807 et
1501 1786 1550 1815 per
1576 1778 1750 1816 privilegium
1771 1787 1836 1816 apo-

992 1825 1142 1854 5101101110·ί
1163 1825 1292 1853 omnibus
1306 1824 1479 1853 inhibemus:
1495 1833 1551 1853 una.
1565 1833 1660 1859 causa,
1675 1825 1754 1862 quia,
1770 1833 1834 1854 cum
1850 1837 1903 1856 natio
1914 1837 1981 1861 prima.

992 1872 1079 1901 simus
1109 1879 1146 1900 ex
1168 1872 1335 1909 professione
1357 1872 1474 1908 Regulae
1502 1871 1703 1906 mendicantes,
1728 1872 1751 1900 si
1781 1872 1834 1901 sub

992 1922 1087 1948 nostro
1108 1919 1204 1947 habitu
1225 1919 1326 1947 diversi
1350 1919 1414 1947 11100
1435 1919 1497 1947 inde
1519 1919 1721 1953 mendicarent,
1746 1919 1837 1948 homi-

992 1974 1053 2000 nes,
1075 1966 1121 2003 qui
1144 1966 1197 1994 iam
1219 1966 1272 1994 illis
1293 1966 1494 2002 eleemosynam
1509 1965 1659 2000 dedissent,
1682 1969 1709 1995 et
1729 1974 1780 1995 nos
1794 1966 1837 1995 vel

991 2013 1034 2041 3111
1057 2013 1086 2041 in
1107 2013 1188 2041 simili
1210 2013 1307 2041 habitu
1329 2012 1429 2041 iterum
1445 2012 1669 2049 supervenirent,
1691 2015 1835 2050 putarent,

991 2060 1065 2097 quod
1086 2060 1158 2089 idem
1180 2068 1216 2088 ex
1235 2060 1353 2088 avaritia
1380 2059 1482 2088 iterum
1504 2062 1625 2096 peteret,
1647 2062 1674 2088 et
1703 2060 1837 2089 scandali-

992 2110 1122 2136 zarentur
1143 2107 1177 2135 de
1197 2107 1279 2143 ipsis,
1301 2106 1344 2135 vel
1364 2106 1398 2135 de
1412 2106 1503 2140 nobis,
1525 2106 1599 2143 quod
1619 2106 1701 2135 nimis
1722 2114 1768 2135 eos
1788 2114 1837 2143 pe-

992 2153 1073 2182 tendo
1094 2161 1282 2190 gravaremus.
1300 2170 1334 2173 —
1351 2153 1431 2187 item,
1453 2161 1516 2181 cum
1537 2155 1668 2190 putarent
1689 2153 1768 2182 nobis
1787 2153 1836 2182 de-
1852 2165 1945 2184 Secunda.

990 2201 1078 2235 disse,
1100 2200 1174 2238 quod
1195 2200 1255 2229 aliis
1275 2200 1354 2228 nobis
1374 2200 1510 2228 similibus
1530 2199 1678 2233 dederunt;
1699 2200 1747 2237 qui
1763 2200 1835 2229 inter

991 2247 1102 2276 habitus
1124 2247 1262 2276 nescirent
1291 2247 1464 2280 discernere,
1486 2249 1648 2275 recusarent
1679 2247 1758 2275 nobis
1785 2247 1835 2276 ite-

991 2302 1054 2323 rum
1075 2294 1142 2323 dare
1163 2294 1380 2330 eleemosynam,
1402 2296 1428 2321 et
1449 2293 1487 2322 sic
1511 2293 1581 2321 nihil
1602 2293 1747 2330 acquirere
1773 2302 1835 2330 pos-

991 2349 1083 2370 semus
1104 2344 1131 2370 et
1153 2341 1316 2378 periremus.
1342 2357 1380 2361 —
1404 2341 1486 2374 Item,
1507 2348 1572 2369 cum
1600 2340 1680 2369 multi
1701 2341 1835 2378 intellige-
1851 2352 1921 2371 Tertia.

990 2391 1068 2422 rent,
1090 2387 1164 2425 quod
1186 2387 1311 2416 homines
1326 2387 1412 2424 magis
1431 2387 1577 2424 diligerent
1592 2395 1642 2416 nos
1662 2390 1689 2416 et
1703 2387 1834 2416 libentius

990 2435 1069 2463 nobis
1090 2434 1270 2463 subvenirent
1289 2442 1373 2471 quam
1395 2434 1470 2468 aliis,
1490 2434 1544 2462 sub
1559 2434 1655 2462 habitu
1676 2437 1771 2463 nostro
1785 2442 1834 2471 per

990 2654 1125 2670 concessum
1152 2650 1185 2669 est
1209 2647 1250 2669 FF.
1275 2647 1371 2673 i‘raed.;
1393 2647 1432 2669 cfr.
1459 2647 1540 2669 Bullar.
1562 2647 1616 2669 Ord.
1640 2647 1718 2669 Praed.
1742 2650 1796 2669 tom.
1820 2649 1834 2670 l.

991 2693 1043 2715 pag.
1063 2687 1114 2708 353.

1052 2724 1061 2737 ²
1079 2725 1130 2747 Sola
1149 2725 1200 2747 Vat.
1219 2724 1293 2747 Utilis.
1311 2724 1406 2746 inferius
1423 2726 1475 2752 post
1491 2730 1506 2746 α
1522 2730 1546 2747 se
1563 2723 1685 2747 disiunctis
1702 2724 1756 2747 edd.
1778 2725 1800 2751 1,
1818 2725 1831 2747 2

990 2765 1116 2791 incongrue
1134 2763 1223 2785 addunt
1238 2763 1278 2785 ris.

1053 2802 1061 2814 ³
1079 2802 1130 2824 Vat.
1148 2808 1200 2824 cum
1219 2802 1272 2824 edd.
1294 2803 1311 2829 l,
1329 2802 1342 2824 ·2
1360 2803 1381 2824 et
1397 2808 1428 2824 cac
1444 2801 1489 2824 hac
1506 2801 1602 2824 inuidia.

1052 2841 1061 2853 ⁴
1078 2842 1174 2869 Gregor.
1193 2841 1228 2863 lx.
1247 2841 1366 2863 Constitut.
1381 2840 1440 2868 Ouia
1453 2840 1559 2870 confusio
1573 2840 1664 2864 babitus
1675 2847 1744 2869 saepe
1756 2842 1834 2863 coufu-

990 2881 1077 2903 sionem
1096 2880 1182 2902 inducit
1198 2880 1310 2902 Ordinum
1328 2883 1350 2901 et
1366 2879 1433 2902 etiam
1450 2882 1494 2902 etc.
1508 2880 1579 2908 (apud
1591 2879 1736 2907 Sbaraleam,
1752 2880 1834 2903 Bullar.

989 2920 1132 2942 Frauciscan.
1147 2922 1200 2941 tom.
1214 2920 1228 2941 1.
1241 2926 1263 2941 n.
1276 2920 1328 2941 3⁴28.
1341 2925 1393 2947 pag.
1406 2920 1469 2948 289),
1481 2925 1550 2948 quam
1563 2919 1708 2942 confirmavit
1720 2920 1833 2942 innocent.

990 2959 1025 2981 lV.
1043 2965 1104 2980 anno
1125 2958 1180 2980 ¹243
1198 2958 1235 2980 (lie
1253 2959 1281 2980 29
1299 2958 1355 2980 Nov.
1367 2961 1389 2980 et
1400 2965 1460 2980 anno
1481 2958 1540 2980 '1244
1554 2958 1592 2980 die
1606 2958 1633 2980 23
1647 2958 1694 2981 iulii
1708 2958 1832 2986 (Sbaralea,

989 2998 1031 3020 100.
1048 2997 1086 3019 cit.
1105 3003 1158 3025 pag.
1172 2997 1215 3019 319
1229 2999 1250 3019 01
1263 2997 1324 3025 348).
1337 2997 1383 3019 Csr.
1396 2998 1478 3019 Bullar.
1489 2997 1543 3020 Ord.
1557 2997 1636 3020 l‘raed.
1648 3000 1703 3020 tom.
1717 2998 1730 3019 1,
1744 3004 1766 3019 11.
1779 2997 1833 3019 ⁴95.
