2133 3317
134 1002 210 1026 Triplex
218 1007 269 1021 exer-

147 1026 212 1044 citium
220 1026 269 1044 eirca

147 1050 221 1068 radium
243 1050 270 1068 in-

146 1073 268 1096 telligentiae.

145 1191 209 1209 Primo
221 1196 264 1214 pro-

152 1214 259 1233 tendendos

140 1240 169 1256 est
181 1238 205 1256 ad
218 1238 267 1256 mala

159 1261 244 1280 dimissa.

133 1995 228 2016 Secundo,
238 1994 265 2013 di-

144 2019 230 2037 latandus
241 2018 266 2036 ad

145 2042 226 2064 triplicia
234 2042 266 2060 be-

144 2066 211 2084 neficia
216 2070 265 2084 com-

144 2089 208 2108 missa.

285 213 302 241 6
888 211 1086 241 OPUSCULUM
1108 212 1126 239 Ι.
1148 212 1191 240 DE
1215 212 1353 241 TRiPLICl
1374 213 1437 241 VIA.

282 291 311 319 ln
332 290 473 328 praedicta
490 294 582 319 tamen
604 290 802 319 exercitatione
823 297 839 318 a
857 289 981 326 quolibet
1001 289 1134 326 praemis-

282 345 379 365 sorum
392 337 517 365 inchoari
536 339 626 373 potest
640 339 735 364 nostra
755 335 905 364 meditatio.
921 335 1134 364 Transeundum

282 386 375 413 autem
397 386 438 412 est
458 384 493 412 ab
512 391 567 411 uno
582 383 616 411 ad
630 382 705 411 aliud
727 385 754 411 et
769 382 874 411 tamdiu
895 381 1101 410 immorandum
1114 381 1133 416 ¹,

282 439 429 468 quousque
457 430 644 467 tranquillitas
671 433 698 459 et
720 429 854 458 serenitas
883 429 1068 466 percipiatur,
1097 437 1133 458 ex

282 486 338 515 qua
357 478 448 506 oritur
471 477 623 514 spiritualis
642 476 814 511 iucunditas,
829 484 885 513 qua
905 476 1017 513 adepta,
1039 484 1133 513 prom-

281 528 346 561 ptus
368 528 409 553 est
430 524 553 558 animus,
575 527 607 552 ut
628 531 742 552 sursum
765 524 866 552 tendat.
888 523 986 560 Incipit
1006 531 1073 561 ergo
1090 523 1135 552 via

280 572 333 600 ista
354 580 370 600 a
384 571 496 600 stimulo
513 571 696 600 conscientiae
721 573 748 600 et
762 571 929 599 terminatur
950 571 984 599 ad
1005 571 1134 600 affectum

281 618 433 655 spiritualis
454 618 588 652 laetitiae,
611 621 638 646 et
659 621 808 647 exercetur
830 617 858 646 in
879 617 989 652 dolore,
1012 617 1058 646 sed
1074 625 1135 646 con-

281 668 438 694 summatur
459 665 487 693 in
509 672 611 694 amore.

675 768 740 802 §a

399 860 429 884 De
446 860 486 884 via
502 860 662 884 illuminativa
679 860 703 884 ot
720 860 810 890 triplici
828 859 878 884 eius
895 859 1013 883 exercitio.

364 948 407 975 10.
431 947 556 976 Secundo
577 947 637 976 loco
659 950 720 984 post
743 947 814 975 viam
842 946 1018 984 purgativam
1041 947 1134 984 sequi-

281 997 328 1023 tur
350 994 567 1028 illuminativa,
590 994 618 1022 in
650 1002 706 1031 qua
734 1001 868 1023 exercere
896 1001 926 1022 se
947 993 1028 1022 debet
1049 993 1133 1021 homo

281 1041 315 1070 ad
336 1041 459 1070 radium
482 1041 685 1079 intelligentiae
711 1042 763 1070 1100
791 1041 888 1070 ordine
900 1041 920 1068 ².
942 1041 1008 1069 Nam
1038 1040 1133 1069 radius

281 1088 326 1118 1110
347 1089 437 1126 primo
459 1092 500 1117 est
518 1088 737 1125 protendendus
759 1088 798 1116 acl
819 1088 901 1116 nzala
922 1088 1061 1121 dimissa,
1091 1095 1133 1116 se-

281 1136 387 1170 cundo,
410 1135 583 1164 dilatandus
605 1136 645 1164 act
667 1135 805 1172 beneficia
832 1135 1005 1168 commissa,
1035 1135 1132 1168 tertio,

281 1182 469 1219 reflectendus
491 1183 531 1211 acl
549 1183 685 1219 praemia
706 1182 866 1219 promissa.
882 1198 921 1202 —
940 1182 1133 1210 protenditur

280 1232 373 1258 autem
395 1230 490 1258 radius
512 1229 707 1266 intelligentiae
718 1229 739 1263 ³,
761 1229 828 1257 dum
845 1229 960 1258 sollicite
981 1231 1133 1265 pensantur

280 1276 379 1311 mala,
400 1284 471 1313 quae
503 1276 637 1305 Dominus
659 1276 786 1310 indulsit,
808 1283 880 1313 quae
901 1279 941 1305 tot
962 1278 1043 1310 sunt,
1065 1279 1133 1312 quot

281 1327 346 1352 sunt
379 1327 502 1360 peccata,
535 1331 607 1360 quae
638 1323 844 1357 commisimus,
876 1326 903 1352 et
935 1326 990 1352 tam
1021 1331 1132 1360 magna,

281 1371 392 1407 quantis
414 1371 493 1399 malis
514 1378 626 1399 eramus
648 1371 753 1399 astricti
776 1374 803 1399 et
824 1371 936 1407 quantis
958 1371 1037 1399 bonis
1058 1370 1132 1407 digni

280 1417 393 1454 privari.
407 1417 438 1445 Et
450 1418 517 1446 haec
529 1417 671 1446 meditatio
682 1418 748 1446 satis
760 1420 834 1454 patet
845 1425 881 1446 ex
894 1417 1131 1454 praecedentibus.

279 1464 333 1493 Nec
355 1464 407 1493 1100
429 1464 520 1492 50111111
541 1464 740 1493 attendendum
763 1467 819 1498 est,
842 1464 888 1492 sed
904 1464 987 1493 etiam
1009 1464 1132 1493 conside-

279 1510 412 1545 randum,
435 1511 462 1539 in
484 1514 588 1548 quanta
608 1511 681 1539 mala
702 1511 924 1545 incidissemus,
947 1511 968 1539 si
999 1511 1133 1539 Dominus

279 1558 451 1594 permisisset
461 1558 481 1585 ⁴².
507 1557 536 1586 Et
558 1565 621 1586 cum
645 1558 712 1586 haec
734 1557 879 1594 diligenter
900 1560 1067 1594 pensantur,
1082 1565 1132 1594 per

279 1605 388 1633 radium
409 1605 605 1642 intelligentiae
626 1605 757 1634 tenebrae
789 1608 899 1633 nostrae
928 1605 1131 1633 illuminantur.

279 1652 311 1680 Et
333 1652 394 1681 talis
416 1652 581 1681 illuminatio
603 1653 750 1681 coniuncta
771 1652 852 1681 debet
874 1660 933 1681 esse
950 1652 1134 1689 qratitudini

279 1698 454 1737 affectionis,
477 1700 600 1737 alioquin
622 1708 676 1728 non
699 1703 740 1728 est
755 1700 920 1728 illuminatio
941 1699 1079 1733 000105115,
1098 1699 1132 1728 ad

279 1746 360 1775 0111115
382 1747 557 1783 splendorem
579 1747 706 1776 videmus
734 1747 812 1784 sequi
834 1747 963 1775 calorem.
990 1746 1065 1775 Unde
1088 1746 1132 1774 hic

279 1794 384 1830 gratiae
405 1794 526 1830 agendae
548 1797 613 1822 sunt
635 1802 686 1830 pro
707 1793 867 1822 dimissione
892 1793 1031 1822 malorum
1056 1801 1132 1821 com-

277 1841 439 1869 missorum
460 1841 503 1869 vel
522 1841 708 1878 possibilium
730 1841 871 1869 committi
892 1840 1068 1875 necessitate,
1091 1840 1131 1869 in-

278 1887 432 1917 firmitate⁵
454 1891 481 1917 et
506 1888 656 1917 voluntatis
677 1888 868 1925 perversitate.

360 1936 403 1963 11.
435 1935 560 1964 Secundo
588 1935 738 1964 videndum
767 1939 824 1969 est,
853 1935 972 1972 qualiter
1004 1935 1055 1964 iste
1088 1944 1131 1964 ra-

279 1982 342 2010 dius
363 1982 502 2010 dilatetur
524 1983 551 2010 in
581 1982 800 2011 consideratione
822 1981 1028 2018 beneficiorum
1055 1991 1130 2011 eom-

279 2029 454 2063 missorum,
487 2037 558 2066 quae
589 2029 702 2066 quidem
734 2033 799 2058 sunt
830 2029 858 2057 in
887 2029 989 2066 triplici
1018 2037 1128 2066 genere.

281 2076 420 2113 Quaedam
442 2077 514 2105 enim
537 2079 662 2113 spectant
683 2076 717 2105 ad
739 2076 977 2113 eonvzplemenmm
991 2080 1130 2111 naturae,

342 2266 349 2279 ¹
369 2266 443 2290 Codd.
460 2267 478 2289 U
489 2267 508 2289 V
527 2265 559 2289 ibi
574 2266 733 2294 morandum,
751 2267 790 2296 qui
802 2268 870 2289 ctiam
888 2274 942 2289 cum
961 2267 1068 2295 pluribus
1080 2267 1129 2290 aliis

278 2305 346 2328 codd.
364 2311 407 2333 pro
425 2311 547 2335 quousque
570 2305 712 2328 substituunt
729 2304 799 2334 quod.
822 2305 924 2328 Subinde
947 2312 990 2334 pro
1013 2305 1129 2329 serenitas

278 2343 307 2373 [N
326 2344 390 2367 addit
406 2343 499 2373 mentis]
515 2344 533 2366 Α
543 2344 559 2366 Β
569 2344 641 2366 DEH
652 2344 666 2365 S
683 2344 806 2372 securitas,
820 2347 841 2367 et
857 2351 901 2373 pro
918 2351 965 2374 qua
977 2344 1063 2374 adepta
1080 2345 1099 2367 K
1110 2346 1126 2367 R

278 2389 326 2412 qua
340 2385 444 2413 accepta.

341 2422 350 2435 2
367 2422 441 2446 Codd.
458 2423 501 2445 1⁷11
512 2424 527 2445 Z
544 2422 622 2446 modo.

341 2462 349 2475 ³
368 2463 419 2485 Vat.
437 2463 501 2485 addit
518 2462 549 2486 nd
566 2462 631 2486 nzalu
650 2461 748 2485 dimissa
769 2465 791 2485 et
811 2463 906 2485 interius
928 2469 971 2491 pro
994 2462 1061 2492 atym
1079 2462 1128 2492 pri-

279 2502 334 2525 vari
349 2502 466 2525 substituit
480 2502 579 2532 privati.

340 2541 349 2553 4
366 2541 489 2568 Bcrnard.,
507 2542 580 2564 Serm.
606 2543 627 2564 2.
646 2548 688 2569 pro
713 2542 833 2564 Dominica
851 2542 873 2564 (3.
893 2544 945 2570 post
965 2542 1039 2569 Pena,
1057 2548 1079 2564 n.
1099 2542 1127 2564 3:

277 2581 334 2609 Quis
350 2581 410 2603 enim
429 2587 473 2603 non
492 2581 581 2608 videat,
600 2581 676 2609 quod,
694 2581 752 2603 sicut
769 2582 791 2603 in
810 2582 879 2603 11111110
897 2581 983 2608 cecidi,
1005 2582 1038 2604 sic
1061 2584 1083 2603 et
1105 2581 1127 2603 in

277 2621 319 2642 alia
337 2620 472 2643 cecidissem
486 2622 592 2648 11000010,
609 2620 652 2642 11151
665 2620 834 2647 Omnipotentis
851 2621 924 2648 pietas
940 2626 977 2643 me
995 2626 1128 2643 conservas-

277 2660 329 2681 set?
346 2659 427 2681 Fateor
444 2662 466 2681 et
490 2658 589 2686 fatebor,
606 2659 649 2681 nisi
672 2659 726 2687 qnia
745 2659 857 2682 Dominus
879 2659 967 2682 adiuvit
991 2665 1039 2687 me,
1059 2659 1127 2687 paulo

276 2699 353 2721 minus
369 2698 490 2721 cecidisset
502 2699 524 2720 in
542 2705 611 2721 omne
623 2701 745 2726 peccatum
763 2699 841 2721 anima
858 2705 917 2721 11100.
930 2699 956 2721 Et
973 2700 1029 2721 11000
1042 2701 1127 2727 quanta

277 2737 380 2766 dignatio
398 2738 500 2765 pietatis,
517 2738 580 2766 quod
599 2738 715 2766 ingratum
733 2741 755 2760 et
773 2738 981 2766 parvipendentem
1003 2738 1036 2760 sic
1054 2738 1126 2766 gratia

276 2776 443 2805 conservabat,
461 2777 524 2806 quod
542 2777 563 2799 in
579 2778 656 2799 multis
673 2777 814 2800 contrarium
827 2780 849 2799 et
867 2780 1053 2800 contemnentem
1071 2777 1127 2799 111111-

277 2817 378 2839 lominus
395 2816 424 2838 ab
449 2817 497 2839 aliis
523 2817 689 2844 benignissime
715 2816 870 2845 protegebat?
892 2830 922 2833 —
941 2817 1053 2845 Superius
1075 2820 1128 2845 post

276 2854 445 2878 attendendum
462 2857 496 2878 est
513 2855 564 2878 Vat.
577 2855 641 2878 addit
658 2857 749 2885 quanta
765 2855 831 2879 mala
844 2855 1014 2879 commisimus.
1034 2856 1127 2878 interius

278 2900 320 2922 pro
339 2893 393 2917 tatis
412 2893 554 2917 illuminalio
572 2895 620 2916 KR
639 2894 693 2918 talis
711 2894 838 2923 meditatio,
853 2898 875 2917 et
892 2901 935 2923 pro
954 2894 1062 2924 alioquin
1079 2900 1126 2917 non

277 2935 311 2957 est
329 2934 372 2955 RU
383 2933 402 2955 V
420 2933 481 2956 alias
499 2939 546 2956 non
564 2935 629 2957 esset.

340 2972 349 2984 ⁵
366 2972 439 2995 Codd.
456 2973 472 2994 L
483 2973 501 2994 ll
512 2973 554 2995 ΟΡ
572 2972 667 3002 coynita
684 2974 768 2996 nostra
785 2973 934 3003 infirmitate,
952 2973 1095 2997 necessitate.

339 3011 349 3024 ⁴³
365 3011 423 3035 Cod.
439 3012 455 3034 F
471 3011 708 3041 superexcellentiae,
728 3019 799 3041 quam
817 3013 939 3036 lectionem
952 3013 1047 3036 inferius
1058 3013 1127 3035 etiam

1192 290 1327 326 quaedam
1339 290 1372 318 ad
1388 290 1576 320 adiutorium
1589 291 1716 329 qratiae,
1731 291 1866 328 quaedam
1881 292 1915 320 ad
1930 292 2040 321 (Ionum

1191 336 1484 373 superabundantiae
1495 338 1515 366 ⁶.
1537 354 1576 358 —
1597 338 1635 367 Ad
1657 338 1894 375 complementum
1913 343 2041 369 naturae

1191 386 1312 419 spectat,
1334 383 1409 420 quod
1429 384 1504 413 dedit
1525 385 1599 414 Deus
1620 393 1656 414 ex
1677 388 1757 422 parte
1778 386 1931 422 eorporis:
1953 395 2040 415 mem-

1192 429 1315 458 brorum
1330 430 1536 468 integritatem,
1551 432 1758 469 complexionis
1772 433 1939 467 scmitatem,
1952 442 2040 462 sexus

1190 476 1386 510 nobilitatem
1408 485 1444 506 ex
1466 480 1545 514 parte
1569 487 1673 507 sensus
1703 479 1777 508 dedit
1804 479 1903 508 visum
1933 481 2040 517 perspi-

1191 531 1293 558 cuum,
1316 524 1453 553 aziditum
1475 528 1589 554 acutum
1620 529 1647 555 et
1677 535 1841 555 sermonem
1872 526 2039 562 discretum3

1191 578 1227 599 ex
1249 574 1328 607 parte
1350 571 1469 600 (mimae
1490 572 1564 601 dedit
1586 572 1736 611 incenium
1752 573 1873 608 clarum,
1896 574 2040 603 iudicium

1191 620 1316 652 rectum,
1339 619 1475 647 animum
1496 619 1609 648 bonum.

1273 666 1316 693 12.
1340 665 1377 694 Ad
1400 666 1586 695 (altatarium
1605 667 1724 704 qratiae
1756 670 1876 704 spectat,
1899 668 1973 705 quod
1994 667 2040 697 de-

1191 711 1231 740 dit
1252 712 1342 749 primo
1357 713 1475 749 gratiam
1490 713 1710 750 baptismalem,
1726 722 1782 751 qua
1796 714 1898 743 delevit
1911 715 2039 752 eulpam,

1192 759 1320 787 restitnit
1340 759 1553 794 innocentiam,
1576 760 1696 789 contulit
1717 761 1881 795 iustitiam,
1907 770 1980 799 quae
2000 762 2040 790 di-

1190 814 1276 843 gnum
1298 806 1363 835 facit
1384 807 1440 835 vita
1460 810 1581 836 aeterna.
1614 807 1755 842 Secundo,
1778 808 1853 845 quod
1882 808 1956 838 dedit
1977 817 2039 846 gra-

1191 853 1257 881 tiam
1275 853 1508 890 poenitentialem
1530 857 1666 891 quantum
1688 854 1722 883 ad
1744 855 1882 892 temporis
1904 860 2040 893 opportu-

1190 900 1328 934 nitatem,
1344 901 1441 929 animi
1452 901 1644 935 voluntatem,
1660 901 1811 939 reliyionis
1822 901 2037 931 sublimitatem.

1190 948 1295 981 Tertio,
1318 948 1392 985 quod
1413 948 1487 977 dedit
1508 948 1625 986 gratiam
1640 949 1868 984 sacerdotalem,
1890 957 1940 987 per
1955 958 2039 987 quam

1190 997 1217 1023 te
1238 994 1302 1024 fecit
1322 995 1540 1032 dispensatorem
1562 995 1729 1030 doetrinae,
1751 996 1969 1033 dispensatorem
1995 997 2040 1026 in-

1190 1041 1356 1079 (lulyentiae
1376 1046 1403 1071 et
1424 1042 1644 1080 dispensatorem
1665 1042 1862 1072 eucharistiae
1869 1054 1879 1078 ‚·
1894 1044 1922 1072 in
1937 1044 2040 1081 quihus

1190 1088 1319 1117 omnibus
1340 1089 1493 1118 secundum
1516 1089 1579 1126 plus
1593 1093 1621 1119 et
1636 1090 1728 1119 minus
1742 1090 1940 1127 dispensantur
1955 1091 2040 1120 verba

1190 1135 1269 1163 vitae.
1798 1162 1815 1165 l

1272 1181 1315 1210 13.
1338 1182 1377 1210 Ad
1397 1182 1507 1211 (Ionum
1528 1186 1621 1212 autem
1642 1183 1957 1221 superabundantiae⁷
1979 1192 2040 1222 spe-

1190 1231 1260 1262 ctat,
1284 1229 1374 1266 primo
1395 1229 1470 1266 quod
1497 1229 1572 1258 dedit
1601 1233 1692 1259 totum
1723 1231 1914 1267 universum,
1936 1231 2041 1261 scilicet

1190 1275 1322 1304 inferiora
1342 1276 1376 1305 ad
1398 1276 1583 1315 obsequium,
1606 1277 1684 1314 paria
1714 1277 1748 1306 ad
1780 1279 1936 1313 meritum,
1958 1287 2040 1316 supe-

1190 1322 1265 1351 riora
1286 1323 1319 1351 ad
1338 1323 1551 1360 patrocinium.
1574 1323 1713 1359 Secundo,
1735 1325 1810 1362 quod
1832 1325 1907 1354 dedit
1928 1325 2039 1354 Filium

1189 1378 1295 1404 suum,
1317 1374 1345 1398 et
1366 1370 1418 1399 hoc
1440 1370 1467 1398 in
1488 1369 1616 1407 fratrem
1637 1374 1665 1400 et
1685 1371 1822 1406 amicum,
1844 1372 1919 1401 dedit
1933 1373 1960 1401 in
1973 1381 2040 1410 pre-

1190 1417 1281 1451 tium,
1302 1417 1349 1445 dat
1370 1417 1492 1454 quotidie
1514 1418 1542 1446 in
1563 1418 1678 1447 cibum:
1701 1419 1824 1456 primum
1845 1420 1873 1448 in
1899 1420 2040 1449 incarna-

1190 1464 1280 1498 tione,
1303 1464 1456 1493 secundum
1478 1464 1506 1493 in
1525 1465 1678 1502 passione,
1701 1466 1815 1495 tertium
1838 1466 1867 1495 in
1888 1475 2040 1496 eonsecra-

1190 1511 1272 1540 tione.
1296 1512 1403 1546 Tertio,
1426 1512 1500 1549 quod
1521 1512 1596 1541 dedit
1618 1512 1763 1550 Spiritum
1792 1516 1930 1542 sanetum.
1951 1514 1979 1543 in
2000 1514 2040 1543 si-

1187 1558 1349 1596 9naculum
1366 1559 1590 1596 acceptationiS,
1606 1559 1634 1588 in
1646 1560 1837 1598 privilegium
1856 1561 2039 1598 adoptionis,

1190 1606 1216 1634 in
1238 1606 1362 1634 anulimi
1386 1607 1626 1643 desponsationis.
1644 1607 1717 1636 Fecit
1731 1608 1804 1636 enim
1824 1608 1945 1637 animam
1966 1609 2041 1638 chri-

1189 1653 1305 1681 stianam
1322 1661 1401 1681 suam
1417 1653 1561 1687 amicam,
1577 1661 1656 1682 suam
1670 1653 1779 1691 liliam,
1796 1662 1875 1684 suam
1890 1664 2038 1692 sponsam.

1189 1700 1258 1729 Haec
1279 1700 1370 1728 onmia
1391 1700 1462 1729 mira
1483 1703 1549 1729 sunt
1569 1704 1596 1730 et
1611 1701 1836 1736 inaestimabilia,
1852 1705 1879 1731 et
1900 1703 1927 1731 in
1943 1703 2039 1732 talium

1189 1747 1365 1776 meditatione
1387 1747 1560 1776 admodum⁸
1581 1748 1673 1776 anima
1693 1748 1774 1777 debet
1795 1757 1855 1778 esse
1876 1750 1933 1779 Deo
1952 1753 2038 1787 grata.

1270 1794 1314 1822 ili.
1337 1794 1437 1823 Ultimo
1452 1795 1526 1823 circa
1540 1795 1612 1824 viam
1628 1795 1838 1825 illuminativam
1852 1796 1863 1813 ⁹
1878 1796 2038 1832 videndum,

1188 1842 1308 1879 qualiter
1330 1842 1381 1871 iste
1402 1841 1498 1871 radius
1523 1842 1718 1880 intelligentiae
1750 1851 1800 1880 per
1832 1844 2038 1874 meditationem

1188 1892 1230 1917 est
1245 1888 1449 1925 reflectenclus,
1465 1891 1497 1918 ut
1511 1889 1546 1917 ad
1560 1889 1663 1919 fontem
1678 1890 1767 1919 omnis
1782 1891 1847 1920 boni
1862 1894 2038 1926 revertatur,

1189 1936 1365 1973 recogitando
1384 1936 1522 1973 praemia
1544 1937 1704 1974 promissa.
1735 1938 1970 1967 Considerandum
1998 1941 2039 1968 est

1188 1991 1254 2020 ergo
1276 1983 1391 2012 sollicite
1412 1987 1439 2012 et
1460 1984 1621 2021 frequenter
1642 1985 1831 2021 pensandum,
1853 1986 1928 2023 quod
1948 1986 2038 2021 Deus,

1188 2031 1240 2069 qui
1252 2039 1312 2059 non
1322 2031 1462 2059 mentitur
1472 2031 1504 2065 ¹⁰,
1517 2031 1695 2061 credentibus
1709 2034 1736 2061 et
1750 2031 1928 2069 diligentibus
1939 2041 1968 2062 se
1979 2041 2040 2070 pro-

1187 2076 1262 2106 misit
1282 2077 1458 2106 amotionem
1479 2078 1611 2106 omnium
1635 2078 1795 2113 malorum,
1815 2079 2039 2108 associationem

1186 2268 1264 2295 plures
1281 2268 1317 2290 alii
1335 2268 1403 2290 codd.
1422 2268 1537 2291 exhibent.
1556 2268 1660 2291 Subinde
1676 2268 1776 2291 vocibus
1788 2275 1819 2292 ea:
1827 2271 1911 2298 parte,
1932 2272 2037 2298 [11100101

1186 2310 1323 2334 occurrunt,
1341 2307 1444 2329 nonnulli
1461 2308 1530 2330 codd.
1550 2308 1682 2336 praefigunt
1699 2307 1827 2337 quaedam,
1847 2311 1870 2331 et
1890 2315 1933 2337 pro
1949 2315 2037 2332 sermo-

1185 2352 1240 2369 nem
1257 2345 1386 2369 discretum
1404 2347 1422 2369 D
1432 2347 1474 2369 EG
1486 2347 1503 2369 T
1515 2347 1533 2369 V
1544 2348 1560 2369 Z
1576 2353 1711 2370 sermonem
1731 2347 1847 2371 disertum
1865 2348 1890 2377 (Ρ
1909 2347 2037 2372 discretum

1185 2384 1233 2408 sire
1250 2384 1386 2414 disertum).

1248 2423 1256 2436 ⁷
1275 2425 1353 2447 Plures
1370 2425 1439 2447 codd.
1457 2425 1683 2455 supereminentiae
1701 2425 1752 2454 (cfr.
1770 2429 1822 2448 nota
1840 2426 2000 2456 praecedens),
2017 2427 2033 2449 L

1185 2463 1419 2493 superabundantiae
1437 2466 1459 2487 et
1475 2464 1628 2488 excelle-ntiae
1645 2465 1674 2493 (Μ
1687 2464 1735 2488 sioe
1749 2465 1921 2495 excellentiae).
1938 2466 2034 2488 Inferius

1185 2509 1227 2531 pro
1244 2502 1276 2525 acl
1292 2503 1454 2532 patrocinium
1471 2504 1488 2526 B
1505 2503 1537 2526 ad
1549 2503 1701 2533 praemium,
1719 2504 1735 2526 P
1752 2503 1784 2527 ad
1797 2504 1964 2533 patrocinium
1987 2504 2034 2528 sire

1185 2541 1217 2565 ad
1230 2542 1376 2571 praemium.
1395 2543 1455 2565 Vide
1471 2545 1549 2565 tamen
1566 2550 1588 2565 n.
1611 2543 1644 2566 14.

1249 2580 1258 2593 ⁸
1275 2581 1327 2604 vat.
1344 2581 1376 2604 ad
1393 2581 1491 2605 modum
1508 2587 1616 2611 sponsae,
1634 2583 1651 2605 B
1669 2583 1723 2610 legit
1740 2582 1823 2605 anima
1840 2582 1908 2606 omni
1923 2582 1993 2606 modo
2010 2582 2038 2613 fit

1185 2620 1232 2642 Deo
1250 2621 1329 2649 orata.

1248 2658 1257 2670 ⁹
1274 2659 1353 2682 Plures
1370 2660 1439 2682 codd.
1456 2659 1645 2688 illuminantem,
1663 2661 1681 2683 U
1708 2660 1894 2684 illuminativam
1919 2666 1962 2684 seu
1985 2660 2036 2683 illu-

1185 2698 1329 2727 minantem,
1350 2699 1368 2720 T
1387 2698 1584 2728 illuminationis,
1602 2701 1608 2722 l
1627 2699 1691 2723 circa
1709 2699 1917 2723 illuminationem.

1249 2737 1268 2749 ¹⁰
1285 2738 1327 2760 Tit.
1347 2738 1368 2765 1,
1386 2740 1406 2761 2.
1424 2752 1456 2754 —
1472 2738 1569 2761 Interius
1594 2742 1646 2767 post
1670 2738 1814 2762 amotionem
1837 2738 1945 2762 omnuim
1962 2738 2036 2762 malo-

1184 2783 1240 2800 rum
1259 2778 1303 2800 MP
1320 2778 1410 2801 addunt
1427 2778 1598 2802 assecutionem
1624 2778 1732 2802 omnium
1755 2778 1886 2807 bonorum,
1908 2779 1973 2808 quod
1990 2778 2034 2802 BC

1184 2818 1200 2839 E
1210 2817 1244 2840 Gl
1255 2818 1274 2839 V
1285 2818 1300 2839 Z
1318 2817 1460 2841 substituunt
1472 2824 1514 2846 pro
1526 2817 1707 2841 associationem
1724 2818 1833 2841 omnium
1845 2818 1992 2842 Sanctorum
2010 2818 2035 2846 (S

1182 2856 1358 2885 promotionem
1372 2856 1480 2880 omnium
1492 2856 1628 2886 bonorum).
1638 2857 1671 2879 De
1683 2857 1769 2885 gaudio
1782 2863 1809 2879 ex
1821 2857 1971 2880 associatione
1980 2857 2035 2880 vide

1184 2895 1242 2917 infra
1260 2895 1412 2924 soliloquium
1430 2902 1450 2918 c.
1464 2896 1485 2918 4.
1497 2895 1601 2918 Subinde
1612 2895 1710 2919 vocibus
1727 2895 1752 2919 in
1768 2902 1793 2919 se
1811 2895 1860 2925 ipso
1878 2896 1895 2918 B
1905 2896 1923 2924 Q
1933 2896 1953 2918 V
1971 2901 2035 2924 prae-

1185 2934 1259 2962 figunt
1275 2936 1298 2958 et
1314 2934 1357 2958 hoc
1375 2934 1402 2964 (U
1421 2937 1443 2958 et
1459 2935 1534 2964 haec),
1556 2938 1578 2958 et
1600 2941 1643 2963 pro
1665 2941 1734 2958 omne
1750 2934 1894 2959 desiderium
1911 2935 1963 2957 Vat.
1981 2940 2034 2957 cum

1184 2974 1298 2996 nonnullis
1314 2974 1391 3003 codd„
1409 2975 1466 2997 inter
1483 2980 1543 3003 quos
1560 2975 1580 2997 K
1590 2975 1622 3003 R,
1638 2974 1756 2997 substituit
1773 2980 1867 2998 omnem
1879 2973 1989 2998 desiderii
2003 2973 2034 2997 di·

1185 3012 1335 3041 mintionem,
1354 3014 1374 3035 V
1392 3020 1461 3037 omne
1478 3012 1622 3037 desiderium
1638 3013 1675 3036 vel
1691 3013 1810 3043 affectum.

2069 350 2095 370 De
2100 340 2133 379 ciffi.

2057 376 2113 394 mente
2117 381 2133 399 311

2057 402 2088 416 rae
2101 400 2113 418 lx

2068 677 2098 704 ¹De
2109 669 2133 700 iit

2058 706 2085 720 1⁸1⁰
2110 707 2117 726 ξ
2121 705 2133 724 111

2058 725 2100 744 tria.

2062 1196 2089 1215 De
2097 1195 2133 1231 11011

2054 1219 2133 1246 pei-abui

2055 1245 2092 1262 tiae
2103 1245 2118 1262 tr

2085 1808 2122 1827 Ten

2056 1831 2122 1850 reneca
2129 1834 2133 1840 ‘¹

2055 1855 2079 1873 ad
2096 1854 2119 1873 tri

2077 1883 2122 1902 prae.

2067 1906 2123 1926 promi
2130 1905 2133 1932 Ι
