2133 3317
780 221 1022 251 PROLEGOMENA
1043 222 1111 250 C.L

77 304 248 327 Bonaventure.
266 302 414 330 Prosequitur
431 307 505 329 usque
522 301 551 323 ad
568 301 638 323 finem
662 303 686 323 ut
704 300 726 322 in
750 300 829 326 editis,
852 299 919 322 inde:

77 349 181 379 Eaplz'cit
196 350 314 372 tractatus
330 351 387 375 etc.,
403 351 429 370 ut
445 347 468 370 in
485 347 606 376 principio.

140 396 178 419 27.
195 395 329 423 Brumellis,
347 394 484 417 bibliotheca
503 394 586 422 Regia,
605 393 657 416 cod.
670 392 776 415 4927-44.
789 392 882 414 miscell.
896 392 919 414 in

78 444 100 467 4.
116 449 176 467 saec.
199 443 250 465 XV.
266 455 297 459 —
314 443 361 465 Fol.
379 442 432 464 ⁴27.
449 448 488 463 v.:
510 440 591 470 Incipit
616 441 733 463 tractatus
759 440 920 462 Bone-venture

78 491 105 515 de
121 496 220 520 corpore
237 489 325 513 Christi
340 491 362 512 et
375 487 545 518 preparatione
560 487 593 510 ad
616 486 724 510 devotam
749 486 919 516 susceptionem

78 536 180 561 eiusdem
205 536 324 566 ritantque
348 534 526 559 celebrationem
551 533 659 564 mysterii
679 532 756 556 Misse.
775 533 860 555 Desinit
882 533 918 554 tol.

79 583 130 606 434.
147 589 187 606 V.:
216 582 285 610 Quod
308 582 357 612 ipse
381 580 423 605 tibi
446 582 468 605 et
490 580 549 604 mihi
567 581 677 610 prestare
701 579 820 609 dignetur.
837 579 919 602 Amen.

78 629 188 660 Eaplicit.

140 677 177 699 28.
198 675 293 704 Ibidem,
305 675 357 698 cod.
369 674 478 697 2382-86.
496 675 569 696 chart.
586 673 609 695 in
630 673 649 696 4.
671 678 730 696 saec.
743 672 794 695 XV.
808 672 919 695 exeuntis.

79 736 109 741 —
125 724 178 746 Post
194 723 237 745 alia
254 722 334 750 incipit
351 721 489 750 opusculum
507 720 556 743 sine
573 720 616 743 ulla
634 719 727 742 rubrica
743 719 780 742 tol.
792 725 811 741 r.
823 725 869 741 non
880 725 920 741 nu-

79 772 181 792 merato:
198 768 235 792 Ad
251 768 364 791 honorem
382 770 424 790 etc.
442 768 465 790 ln
483 767 527 789 tine
544 772 600 789 vero
618 766 725 788 additur:
750 764 856 794 Explicit
872 766 921 788 tra-

79 818 155 841 ctatus
172 815 200 839 de
215 814 384 845 preparatione
401 814 434 838 ad
449 813 548 838 Missam
560 812 651 837 domini
666 812 791 842 seraphici
807 811 920 835 Iohannis

79 864 250 887 Bonaventure.

141 910 179 932 29.
198 908 297 936 Ibidem,
314 908 368 931 cod.
386 908 469 930 tl902.
487 908 559 930 chart.
576 907 597 929 in
616 907 636 929 8.
659 912 720 929 saec.
743 905 794 928 XV.
810 905 920 928 exeuntis.

79 969 110 973 -—
125 956 173 979 Fol.
190 955 241 978 224.
259 962 277 978 r.
295 956 408 983 opusculo
426 954 595 983 praemittitur:
613 952 696 982 Incipit
713 953 829 975 tractatus
845 950 924 974 sancti

81 1004 245 1028 Bonae-entare
261 1003 289 1026 de
306 1009 405 1032 corpore
421 1001 465 1025 Xti
475 1003 498 1024 et
505 1001 674 1031 preparatione
685 999 717 1023 ad
727 999 835 1022 devotam
847 1004 922 1022 susce-

78 1050 182 1081 ptionem
199 1049 303 1073 eiusdem
321 1049 438 1079 ritamque
463 1047 642 1072 celebrationem
668 1046 776 1077 mysterii
791 1045 869 1069 Misse.
886 1044 923 1068 Ad

81 1097 194 1121 honorem
211 1099 254 1119 etc.
272 1096 357 1118 Desinit
374 1096 409 1118 tol.
428 1095 480 1117 237.
498 1100 536 1116 v.:
555 1093 623 1122 Quod
640 1093 688 1123 ipse
705 1092 744 1116 tibi
760 1093 783 1115 et
797 1091 857 1115 mihi
870 1097 922 1121 pre-

80 1145 144 1168 stare
160 1143 278 1173 dignetur.
295 1143 377 1166 Amen.

143 1191 181 1214 30.
198 1189 297 1218 Ibidem,
318 1190 370 1212 cod.
387 1189 471 1212 21600.
489 1190 562 1211 chart.
579 1189 603 1210 in
620 1189 642 1210 8.
660 1193 720 1210 saec.
736 1187 805 1210 xvh.
823 1199 853 1203 —
868 1187 923 1214 Pag.

81 1238 104 1261 3.
120 1241 154 1260 est
169 1243 269 1267 sequens
285 1236 377 1259 rubrica
394 1236 447 1259 huic
458 1236 571 1264 opusculo
588 1235 730 1263 praemissa:
748 1234 832 1258 Sancti
847 1234 923 1257 Bona-

80 1286 186 1312 venture‚
198 1283 282 1307 eoeimit
292 1282 394 1307 Ecclesie
405 1282 507 1306 doctoris
519 1281 662 1311 opusculum
673 1287 727 1304 vere
737 1286 848 1308 aureum,
861 1279 924 1310 qnod

81 1330 217 1355 intitulatur
234 1330 262 1353 de
277 1329 445 1360 preparatione
462 1328 494 1352 ad
509 1328 617 1352 Missam.
634 1327 721 1350 Desinit
739 1333 793 1355 pag.
811 1327 856 1349 28:
874 1326 923 1349 Hoc

82 1379 161 1401 autem
177 1383 225 1400 non
242 1378 284 1400 tua
300 1376 398 1404 virtute,
412 1375 454 1399 sed
464 1375 545 1405 gratia
556 1374 644 1398 divium.
655 1374 738 1397 Ultima
750 1373 820 1396 verba
833 1373 924 1396 desunt.

144 1425 182 1447 31.
200 1423 359 1452 Camberiaci,
387 1422 524 1446 bibliotheca
541 1422 655 1450 Civitatis,
674 1421 726 1444 cod.
743 1421 796 1443 393.
812 1421 884 1442 chart.
901 1419 924 1441 in

82 1470 104 1493 4.
121 1477 180 1493 saec.
198 1471 250 1493 XV.
265 1482 297 1487 —
313 1470 359 1492 Fol.
376 1476 399 1491 v.
416 1475 462 1492 non
479 1471 600 1491 numerato
617 1468 715 1496 legitur:
735 1468 860 1490 Tractatus
877 1465 925 1489 bre-

82 1517 117 1541 vis
134 1517 224 1541 domini
239 1518 404 1540 Bonaventure
421 1515 448 1539 de
465 1515 534 1538 modo
551 1521 576 1538 se
589 1513 739 1544 preparandi
760 1513 793 1536 ad
809 1512 925 1536 celebran-

84 1563 140 1587 dam
156 1563 263 1588 Missam.
280 1562 317 1586 Ad
333 1562 448 1586 honorem
464 1561 567 1591 gloriose
583 1567 612 1584 ac
628 1560 747 1584 individue
771 1563 813 1582 etc.
840 1559 926 1582 Desinit

83 1611 121 1633 fol.
139 1617 160 1633 v.
178 1617 219 1639 per
237 1609 321 1632 verba:
348 1609 426 1637 Quam
451 1608 517 1632 nobis
541 1609 651 1638 prestare
668 1607 778 1637 dignetur
794 1606 843 1637 ipse
860 1607 925 1630 Iesus

84 1657 223 1681 benedictus.
239 1658 321 1680 Amen.

145 1705 183 1727 32.
203 1704 298 1727 Divione
316 1703 399 1731 (Dijon)
426 1702 448 1724 in
473 1702 557 1729 Gallia,
582 1700 718 1724 bibliotheca
742 1700 847 1728 Publica,
873 1699 925 1722 cod.

87 1752 139 1774 1162.
156 1750 254 1774 membr.
271 1750 294 1772 in
313 1750 349 1772 sol.
366 1755 427 1772 saec.
449 1749 500 1771 XV.
517 1761 548 1765 —
565 1748 610 1770 Fol.
628 1748 680 1770 288.
698 1753 718 1770 r.
734 1747 813 1775 incipit
829 1752 926 1774 opuscu-

84 1798 132 1820 lum
148 1798 197 1820 sine
215 1797 294 1820 titulo:
311 1796 348 1820 Ad
363 1796 478 1819 honorem
495 1791 597 1825 gloriose
613 1800 642 1818 ac
661 1793 780 1817 individue
801 1796 843 1816 etc.
867 1792 927 1815 Desi-

84 1844 116 1867 nit
134 1844 170 1866 sol.
189 1844 242 1866 296.
259 1850 281 1866 V.
299 1844 323 1865 in
348 1843 409 1865 fine:
435 1841 503 1870 Quod
519 1841 568 1871 ipse
591 1840 658 1864 nobis
680 1841 787 1870 prestare
808 1839 927 1869 dignetur.

84 1893 166 1915 Amen.

148 1938 186 1960 33.
203 1936 336 1961 Eichstadii
351 1936 498 1965 (Eichstaedt)
516 1936 539 1958 in
556 1935 666 1962 Bavaria,
689 1933 827 1957 bibliotheca
845 1933 927 1961 Regia,

89 1985 142 2008 cod.
162 1984 213 2007 410.
232 1985 303 2006 chart.
321 1983 345 2005 in
362 1983 399 2005 sol.
416 1989 476 2005 saec.
494 1982 545 2005 XV.
560 1994 591 1999 -
607 1982 659 2004 Post
676 1981 718 2003 alia
738 1981 775 2003 tol.
791 1987 809 2003 r.
827 1986 872 2002 non
889 1986 929 2002 nu-

87 2033 175 2053 merato
192 2033 227 2052 est
243 2029 351 2052 rubrica:
370 2029 496 2052 Tractatus
515 2028 578 2051 Bone
597 2027 699 2050 Venture
723 2026 750 2049 de
771 2026 927 2049 Sacramenta

86 2075 235 2100 eucharistie.
251 2075 289 2099 Ad
305 2075 419 2098 honorem
430 2074 533 2104 gloriose
549 2079 578 2097 ac
594 2073 713 2097 individue
729 2075 772 2095 etc.
790 2072 875 2095 Desinit
892 2072 928 2095 fol.

86 2131 104 2147 r.
121 2126 146 2147 ut
162 2123 184 2145 in
201 2123 275 2146 editis.

149 2170 187 2193 34.
200 2168 334 2193 Einsiedeln
346 2168 369 2191 in
380 2168 482 2190 Helvetia
490 2185 496 2195 ‚
509 2167 646 2190 bibliotheca
659 2166 800 2194 lllonasterii,
811 2166 864 2188 cod.
876 2165 929 2187 214.

89 2217 183 2240 miscell.
200 2217 222 2239 in
240 2217 277 2239 tol.
293 2222 353 2238 saec.
370 2215 421 2237 XV.
438 2227 469 2231 —
485 2215 533 2237 Fol.
548 2214 587 2236 76.
603 2220 626 2236 v.
639 2214 751 2242 opusculo
763 2212 928 2241 praemittitur:

92 2264 217 2287 Tractatus
235 2263 297 2286 Bone
314 2263 412 2286 venture
429 2261 456 2285 de
472 2267 572 2291 corpore
595 2260 645 2284 Xti.
669 2261 755 2283 Desinit
779 2260 816 2282 tol.
840 2260 879 2282 79.
895 2265 929 2282 r.:

93 2309 162 2338 Quod
177 2309 221 2333 tibi
234 2310 256 2332 et
272 2308 331 2332 mihi
343 2309 453 2338 prestare
470 2307 581 2337 dignetur
597 2308 663 2330 Iesus
679 2307 749 2334 cetus,
767 2305 809 2336 gui
831 2305 887 2329 vivit
909 2306 931 2328 et

89 2358 175 2386 regnat
192 2358 268 2380 tecum
285 2358 328 2378 etc.
346 2354 450 2384 Explicit
465 2355 583 2378 tractatus
599 2354 663 2377 Bone
679 2354 777 2376 venture
793 2352 820 2375 de
832 2358 931 2381 corpore

90 2402 134 2426 Xti
149 2404 171 2426 et
185 2401 355 2432 preparatione
380 2400 413 2424 ad
433 2400 540 2423 devotam
558 2399 715 2429 sumptionem
730 2398 834 2422 eiusdem
850 2398 931 2421 ritam-

91 2455 135 2479 que
153 2448 331 2472 celebrationem
347 2447 455 2478 mysterii
469 2447 549 2471 Misse.
565 2448 633 2470 Anno
651 2447 699 2469 LII.
717 2446 806 2475 (4452).

153 2495 191 2518 35.
208 2494 308 2522 Ibidem,
327 2494 378 2517 cod.
396 2494 448 2516 228.
467 2495 538 2516 chart.
555 2493 577 2515 in
596 2493 633 2516 fol.
649 2499 709 2515 saec.
726 2493 777 2515 XV.
788 2504 819 2508 —
831 2492 932 2520 opuscu-

91 2543 140 2565 lum
157 2541 236 2570 incipit
253 2542 290 2564 rol.
307 2541 345 2563 75.
362 2547 380 2563 r.
398 2541 447 2563 sine
468 2541 548 2563 titulo:
573 2539 610 2563 Ad
634 2539 748 2563 honorem
772 2538 873 2569 gloriose
890 2540 932 2560 etc.

93 2589 179 2611 Desinit
190 2589 227 2611 tol.
237 2588 276 2610 78.
293 2594 312 2610 r.
329 2594 382 2610 cnm
400 2587 531 2610 additione:
549 2585 654 2615 Explicit
670 2585 766 2609 devotus
777 2586 894 2608 tractatus
906 2584 933 2607 de

92 2635 199 2665 corporis
217 2634 260 2658 Xti
272 2634 427 2663 perceptione.

155 2683 194 2704 36.
211 2680 348 2710 Ersordiae,
374 2680 512 2703 bibliotheca
536 2679 619 2707 Regia,
645 2679 695 2702 cod.
719 2679 826 2706 Amplon.
853 2678 888 2700 18.
911 2678 933 2700 in

94 2730 115 2751 8.
133 2734 196 2751 num.
214 2730 292 2754 vacat,
310 2728 382 2750 chart.
398 2733 458 2749 saec.
476 2727 528 2749 XV.
546 2738 577 2742 —
594 2726 646 2748 Post
662 2725 704 2747 alia
726 2725 761 2747 fol.
783 2731 806 2746 v.
823 2730 870 2746 non
893 2730 934 2746 nn-

94 2778 197 2799 merato:
215 2774 299 2804 Incipit
310 2773 406 2797 devotus
423 2774 540 2796 tractatas
552 2772 579 2795 de
591 2778 690 2801 corpore
700 2771 749 2799 xli,
761 2770 835 2794 editus
844 2777 888 2800 per
900 2777 935 2793 ve-

93 2821 223 2845 nerabilem
248 2820 273 2843 in
298 2822 340 2843 ,τέο
364 2821 459 2849 patrem
476 2818 598 2842 dominum
616 2818 714 2841 Petrum
731 2816 877 2840 cardinalem
895 2816 936 2839 Ga-

93 2874 265 2894 meracensem‚
281 2866 401 2896 qnondam
417 2865 491 2889 studii
506 2864 647 2888 l'arisiensis
664 2862 848 2890 cancellarium,
868 2868 935 2886 sacer

96 2913 209 2943 theologie
225 2913 346 2936 doctorem
363 2911 486 2935 ea'imium.
504 2911 589 2933 Desinit
606 2911 642 2933 tol.
659 2917 697 2932 vm
715 2909 783 2938 Quod
794 2909 842 2939 ipse
858 2908 900 2932 tibi
915 2910 936 2932 et

96 2960 156 2984 mihi
169 2961 278 2990 prestare
295 2959 412 2988 dignetur.
431 2960 511 2981 Amen.
531 2957 633 2987 Explicit
650 2960 692 2979 etc.
711 2959 734 2979 ut
752 2957 774 2978 in
791 2956 912 2984 principio.

1766 221 1819 249 1.lll

1038 301 1075 322 37.
1093 299 1215 329 Erlangen
1233 300 1254 322 in
1276 301 1385 327 Bavaria‚
1411 300 1549 323 bibliotheca
1570 299 1739 326 Universitatis,
1765 299 1818 321 cod.

975 346 1029 369 716.
1048 348 1120 369 chart.
1137 347 1159 369 in
1177 347 1198 369 4.
1215 353 1275 370 saec.
1293 347 1344 370 XV.
1365 359 1396 364 —
1412 347 1458 369 Fol.
1475 347 1512 369 61.
1529 353 1568 368 ν.;
1593 345 1678 375 Incipit
1700 346 1817 368 tractatus

976 392 1140 416 Bonaoentare
1156 393 1183 416 de
1200 400 1299 423 corpore
1315 393 1355 417 aeti
1370 395 1392 417 et
1404 392 1574 423 preparatione
1590 392 1622 415 ad
1633 392 1740 415 devotam
1751 397 1816 415 sunz-

974 438 1078 468 ptionem
1099 439 1202 463 eiusdem
1227 440 1346 470 ritamgne
1363 439 1541 463 celebrationem
1557 438 1666 469 mysterii
1681 438 1759 462 Misse.
1777 438 1818 460 De-

976 486 1028 508 sinit
1045 486 1081 508 sol.
1100 487 1136 509 65.
1155 493 1177 509 V.
1199 487 1244 509 snb
1266 487 1401 510 additione:
1423 486 1527 516 Eaeplicit
1548 486 1592 510 hoc
1616 491 1676 515 opus
1698 491 1742 515 per
1767 484 1818 514 fra-

976 533 1036 555 trem
1054 532 1078 556 C.
1095 533 1226 556 meichsner
1243 533 1267 556 in
1293 534 1366 556 Fonte
1390 533 1475 556 salutis
1500 533 1635 563 professum
1652 533 1675 555 et
1690 531 1714 554 in
1736 530 1814 554 stadio

975 578 1097 602 viennensi
1112 579 1206 609 finitam
1223 586 1287 602 anno
1304 579 1400 603 Domini
1415 577 1570 603 M0000420.
1590 579 1647 608 post
1667 578 1752 607 festum
1774 577 1820 600 Αη·

976 625 1133 648 nuntiationis
1155 625 1258 655 Virginis
1274 625 1385 656 gloriose.

1040 672 1076 694 38.
1096 671 1190 695 Giessae
1208 673 1230 694 in
1246 673 1339 701 Hassia,
1356 672 1494 695 bibliotheca
1511 671 1680 699 Universitatis‚
1697 671 1750 693 cod.
1762 670 1815 692 786.

976 719 1047 741 chart.
1065 718 1088 740 in
1106 718 1128 741 4.
1139 725 1198 741 saec.
1211 719 1261 742 XV.
1280 732 1309 735 —-
1326 719 1469 747 Opuseulum
1486 718 1566 746 incipit
1584 718 1621 740 fol.
1640 718 1677 740 11.
1695 723 1714 739 r.
1731 716 1775 739 sub
1793 716 1819 739 ti-

976 766 1036 788 tulo:
1049 765 1173 789 Tractatzts
1185 765 1212 789 de
1221 765 1391 795 preparatione
1402 765 1434 788 ad
1443 765 1542 789 Missam
1554 764 1645 787 domini
1654 763 1767 787 Iohannis
1780 763 1818 787 Se-

977 812 1070 842 raphici
1079 813 1249 836 Bonacentnre.
1261 813 1346 835 Desinit
1359 813 1396 835 rol.
1406 813 1442 834 49.
1451 819 1470 835 r.
1482 813 1574 835 addito:
1587 811 1691 841 Eaeplicit
1702 812 1818 834 tractatus

977 859 1005 882 de
1018 860 1188 889 preparatione
1205 859 1236 883 ad
1252 860 1351 883 Missam
1368 859 1480 883 Iohannis
1493 860 1657 883 Bonaventure
1671 858 1819 882 venerabilis.

1041 907 1078 929 39.
1092 907 1220 935 Gottwicii,
1236 907 1373 930 bibliotheca
1385 907 1526 935 Monasterii,
1539 907 1590 929 cod.
1602 906 1655 929 241.
1665 906 1738 935 (238.)
1748 907 1819 928 chart.

978 954 1000 976 in
1021 954 1057 976 fol.
1075 960 1134 976 saec.
1153 954 1203 977 XV.
1220 966 1252 971 —-·
1268 955 1320 976 Post
1337 954 1484 977 medietatem
1501 954 1625 976 voluminis
1642 954 1680 976 tol.
1691 960 1710 976 r.
1721 959 1766 976 non
1781 959 1821 975 nu-

978 1004 1066 1024 merato
1084 1004 1118 1023 est
1135 1000 1226 1023 rubrica
1244 1001 1349 1029 opusculi
1367 1001 1402 1023 his
1413 1000 1492 1023 verbis
1503 1007 1627 1029 expressa:
1641 1001 1768 1023 Tractatus
1781 999 1820 1022 bo-

979 1054 1024 1071 nus
1043 1047 1070 1071 de
1087 1053 1187 1077 corpore
1204 1047 1252 1071 Xti.
1270 1047 1307 1071 Ad
1323 1047 1436 1071 honorem
1459 1047 1562 1077 gloriose
1587 1053 1615 1071 ac
1636 1046 1755 1070 individue
1777 1048 1834 1069 etc.-

979 1095 1064 1117 Desinit
1082 1095 1118 1117 tol.
1137 1101 1171 1117 r.:
1189 1094 1258 1122 Quod
1274 1094 1323 1124 ipse
1334 1093 1377 1117 tibi
1387 1095 1408 1117 et
1419 1093 1479 1117 mihi
1485 1095 1595 1124 prestare
1606 1093 1724 1123 dignetur.
1736 1094 1821 1116 Amen.

1042 1141 1078 1163 40.
1098 1140 1204 1169 Graecii,
1216 1140 1354 1163 bibliotheca
1366 1141 1451 1169 Regia,
1463 1141 1515 1163 cod.
1527 1140 1579 1162 655.
1592 1141 1664 1162 chart.
1675 1140 1696 1161 in
1709 1139 1746 1161 tol.
1761 1145 1820 1161 saec.

979 1189 1030 1211 XV.
1043 1201 1073 1204 —
1090 1189 1135 1210 Fol.
1154 1189 1174 1210 t.
1192 1194 1210 1210 r.
1228 1190 1262 1211 est
1279 1188 1369 1210 titulus:
1385 1187 1471 1217 Incipit
1487 1186 1630 1216 opusculum
1649 1185 1739 1209 domini
1756 1185 1822 1208 Bona

984 1235 1085 1258 Ventnre
1101 1234 1129 1257 de
1145 1234 1214 1257 modo
1228 1233 1380 1264 properandi
1394 1233 1426 1257 ad
1443 1233 1583 1257 celebranda
1600 1232 1688 1256 divina.
1705 1231 1741 1255 Ad
1752 1231 1822 1254 hono-

979 1287 1030 1305 rem
1047 1281 1149 1311 gloriose
1166 1287 1195 1304 ac
1212 1280 1330 1304 individue
1347 1283 1390 1303 etc.
1407 1280 1493 1303 Desinit
1510 1281 1547 1302 sol.
1560 1281 1581 1302 6.
1594 1286 1631 1302 v.:
1645 1278 1713 1307 Quod
1724 1279 1773 1308 ipse
1783 1284 1823 1302 no-

980 1327 1015 1351 bis
1028 1330 1138 1357 prestare
1150 1327 1266 1357 dignetur.
1282 1329 1365 1350 Amen.
1380 1327 1410 1350 Et
1419 1327 1453 1350 sic
1465 1328 1498 1350 est
1509 1326 1564 1357 finis
1579 1325 1732 1355 expositionis
1744 1325 1822 1348 Misse.

1044 1375 1081 1397 41.
1099 1374 1201 1404 Hafniae
1219 1374 1409 1403 (Kopenhagen),
1427 1373 1565 1396 bibliotheca
1582 1373 1667 1401 Regia,
1684 1372 1735 1395 cod.
1747 1372 1786 1394 79.
1801 1372 1823 1394 in

981 1422 1018 1444 sol.
1035 1422 1108 1444 chart.
1124 1427 1184 1443 saec.
1202 1421 1252 1443 XV.
1269 1433 1300 1437 —
1316 1421 1363 1443 Fol.
1382 1421 1403 1443 l.
1420 1427 1438 1443 r.
1456 1420 1535 1448 incipit
1559 1419 1674 1442 absolute:
1700 1418 1737 1442 Ad
1753 1418 1823 1441 hono-

980 1474 1031 1491 rem
1049 1467 1151 1497 gloriose
1167 1469 1189 1490 et
1205 1467 1324 1491 individue
1340 1470 1383 1490 etc.
1401 1467 1486 1490 Desinit
1515 1467 1552 1489 tol.
1577 1467 1598 1488 3.
1622 1473 1660 1488 v.:
1687 1465 1755 1494 Quod
1775 1465 1824 1495 ipse

981 1513 1023 1537 tibi
1037 1515 1059 1537 et
1074 1513 1134 1537 mihi
1148 1513 1278 1543 impetrare
1295 1513 1413 1543 dignetur.
1431 1514 1513 1536 Amen.
1536 1511 1638 1542 Explicit
1662 1511 1758 1535 devotus
1776 1512 1822 1534 tra-

981 1562 1058 1584 ctatus
1075 1560 1102 1584 de
1119 1566 1218 1590 corpore
1235 1560 1284 1584 Xti.

1044 1608 1082 1630 42.
1098 1607 1196 1636 Ibidem,
1214 1607 1265 1630 cod.
1283 1607 1321 1630 77.
1341 1607 1413 1629 insol.
1430 1608 1500 1629 chart.
1518 1612 1578 1629 saec.
1600 1606 1651 1628 XV.
1668 1605 1775 1628 ineuntis.
1793 1618 1824 1621 —

981 1655 1062 1683 incipit
1077 1655 1215 1683 opusculum
1234 1655 1277 1676 hoc
1294 1654 1333 1676 rol.
1353 1653 1404 1676 lll7.
1417 1660 1452 1680 v.‚
1464 1653 1550 1675 omisso
1567 1652 1645 1675 titulo:
1663 1651 1699 1675 Ad
1710 1652 1824 1675 honorem

981 1701 1085 1731 gloriose
1101 1704 1144 1723 etc.
1162 1702 1199 1723 Est
1215 1701 1267 1723 tinis
1284 1701 1321 1722 tol.
1340 1700 1392 1722 1120.
1410 1706 1448 1722 v.:
1468 1698 1536 1727 Quod
1553 1698 1601 1728 ipse
1617 1697 1659 1722 tibi
1669 1697 1761 1721 etmihi
1769 1704 1825 1727 pre-

979 1754 1071 1777 parare
1096 1748 1145 1777 (sic)
1171 1747 1289 1777 dignetur.
1314 1748 1398 1770 Amen.
1423 1745 1527 1776 Empticit
1543 1745 1638 1769 devotus
1656 1746 1772 1768 tractatus
1796 1743 1825 1767 de

983 1800 1082 1824 corpore
1098 1793 1144 1822 acti,
1163 1793 1213 1823 ipso
1228 1793 1333 1823 profesto
1351 1786 1414 1816 beate
1431 1792 1551 1816 Elisabeth
1568 1791 1645 1815 vidue.

1049 1841 1084 1863 43.
1103 1841 1184 1870 Hagae
1201 1840 1318 1864 Comitum
1332 1840 1415 1868 (Haag)
1428 1839 1450 1862 in
1462 1839 1593 1866 {ioli-andin,
1606 1838 1743 1861 bibliotheca
1755 1838 1826 1860 Meet·-

985 1888 1074 1916 manni,
1092 1887 1142 1910 cod.
1162 1887 1214 1909 476.
1231 1888 1303 1909 chart.
1316 1887 1338 1908 in
1352 1886 1372 1908 4.
1390 1892 1450 1909 saec.
1464 1886 1514 1908 XV.
1527 1888 1579 1913 post
1595 1885 1706 1908 medium.
1723 1897 1754 1901 —
1766 1885 1827 1907 Titu-

984 1935 1019 1957 lus
1030 1934 1135 1963 opusculi
1147 1936 1181 1956 est
1192 1936 1244 1962 post
1256 1933 1401 1956 medietatem
1419 1932 1544 1955 voluminis
1561 1932 1597 1955 sol.
1608 1939 1632 1955 v.
1644 1938 1688 1954 non
1705 1934 1827 1954 numerato

984 1981 1028 2004 sic:
1045 1981 1129 2011 Incipit
1153 1982 1270 2004 tractatus
1294 1981 1356 2003 Bone
1373 1981 1471 2003 venture
1487 1979 1514 2002 de
1531 1985 1631 2008 corpore
1647 1978 1692 2002 Xti
1706 1980 1728 2001 et
1741 1984 1827 2008 prepa-

983 2027 1076 2051 ratione
1092 2026 1124 2050 acl
1140 2026 1248 2050 devotam
1265 2026 1436 2055 susceptionem
1460 2025 1564 2048 eiusdem
1590 2024 1709 2054 ritamque
1725 2023 1828 2047 celebra-

984 2073 1070 2097 tionem
1087 2072 1194 2102 mysterii
1209 2072 1287 2095 Misse.
1307 2072 1392 2094 Desinit
1408 2071 1501 2094 verbis:
1522 2070 1590 2099 Quod
1606 2070 1655 2100 ipse
1672 2070 1731 2093 mihi
1746 2071 1767 2093 et
1787 2069 1828 2093 tibi

984 2121 1092 2150 prestare
1107 2118 1225 2148 dignetur.
1242 2119 1323 2142 Amen.

1049 2165 1087 2188 44.
1103 2164 1224 2194 Herbipoli
1240 2163 1393 2193 (Wiirzburg)
1412 2164 1433 2186 in
1452 2163 1558 2191 Bavaria,
1578 2162 1715 2185 bibliotheca
1728 2162 1828 2184 Semina-

985 2212 1025 2239 rii,
1042 2212 1094 2234 cod.
1111 2212 1138 2234 U.
1154 2211 1177 2233 7.
1194 2212 1263 2233 chart.
1282 2210 1306 2233 in
1323 2210 1344 2233 4.
1361 2216 1421 2233 saec.
1439 2210 1489 2232 XV.
1502 2209 1613 2232 exeuntis.
1626 2221 1658 2225 —
1670 2209 1759 2231 Titulus
1770 2214 1827 2236 opu-

986 2259 1043 2282 sculi
1061 2262 1095 2281 est
1113 2259 1150 2281 tol.
1168 2258 1220 2280 l52.
1237 2264 1256 2280 r.
1273 2260 1379 2280 exaratus
1396 2257 1431 2280 his
1448 2256 1539 2279 verbis:
1567 2257 1692 2279 Tractatus
1709 2256 1829 2279 Bonaven-

987 2307 1040 2329 ture
1056 2305 1083 2329 de
1100 2311 1199 2335 corpore
1216 2304 1254 2328 oeti
1270 2306 1291 2328 et
1307 2304 1335 2327 de
1348 2304 1518 2334 preparatione
1543 2303 1576 2326 ad
1600 2303 1649 2326 eius
1666 2302 1773 2326 devotam
1790 2308 1830 2325 su-

987 2353 1128 2382 sceptionem
1152 2352 1271 2382 ritumque
1296 2351 1474 2375 celebrationem
1499 2350 1576 2374 Misse.
1601 2350 1686 2372 Desinit
1709 2349 1744 2372 tol.
1772 2349 1829 2371 ¹58:

990 2399 1058 2428 Quod
1074 2399 1122 2429 ipse
1139 2399 1181 2422 tibi
1195 2400 1217 2422 et
1232 2398 1293 2422 mihi
1307 2400 1414 2428 prestare
1430 2397 1550 2428 dignetur.
1567 2398 1649 2420 Amen.

1052 2446 1088 2468 45.
1105 2445 1204 2474 Ibidem,
1225 2445 1362 2467 bibliotheca
1380 2445 1550 2472 Universitatis,
1567 2444 1624 2466 lilch.
1644 2445 1657 2466 t.
1676 2444 1727 2465 220.
1748 2443 1770 2465 in
1794 2443 1831 2465 sol.

988 2499 1048 2515 saec.
1066 2493 1116 2515 XV.
1133 2505 1164 2508 —-
1181 2493 1228 2515 I-loc
1245 2492 1383 2520 opusculum
1401 2491 1480 2520 incipit
1492 2491 1529 2513 sol.
1541 2491 1594 2513 363.
1611 2497 1629 2512 r.
1641 2490 1690 2513 sine
1702 2491 1778 2512 titulo:
1794 2488 1832 2512 Ad

989 2539 1104 2562 honorem
1121 2538 1223 2568 gloriose
1239 2544 1268 2562 ac
1284 2537 1403 2561 individue
1420 2540 1464 2560 etc.
1481 2537 1565 2560 Desinit
1582 2537 1618 2559 sol.
1636 2537 1688 2559 366.
1706 2543 1745 2559 ν.;
1762 2535 1831 2564 Quod

990 2584 1039 2614 ipse
1055 2584 1097 2607 tibi
1112 2586 1133 2607 et
1148 2584 1208 2607 mihi
1220 2586 1330 2614 prestare
1347 2583 1465 2613 dignetur.
1483 2584 1566 2606 Amen.

1053 2631 1090 2653 46.
1110 2630 1208 2659 Ibidem,
1227 2631 1283 2653 Men.
1302 2632 1316 2653 s.
1334 2632 1387 2653 228.
1405 2631 1497 2653 miscell.
1515 2631 1538 2652 in
1555 2631 1593 2652 fol.
1608 2636 1669 2652 saec.
1682 2630 1732 2652 XV.
1743 2641 1774 2645 —
1786 2629 1831 2652 Fol.

991 2678 1044 2700 475.
1055 2683 1086 2700 r.:
1105 2677 1189 2706 Incipit
1205 2678 1322 2700 tractatus
1333 2676 1429 2700 devotus
1441 2676 1468 2699 de
1479 2682 1579 2705 corpore
1591 2675 1634 2699 Xti
1644 2677 1666 2699 et
1676 2675 1704 2698 de
1712 2681 1831 2705 prepara-

991 2725 1052 2748 tione
1068 2724 1100 2747 ad
1115 2723 1292 2753 suscipiendum
1309 2722 1369 2746 idem
1386 2723 1570 2746 Sacramentum
1587 2722 1750 2752 salutiferum,
1769 2728 1832 2745 com-

988 2770 1079 2801 pilatas
1095 2776 1138 2799 per
1155 2769 1380 2793 reverendissimum
1402 2775 1431 2792 ac
1453 2768 1609 2792 venerabilem
1631 2769 1750 2792 doctorem
1773 2768 1831 2791 Gan-

992 2817 1066 2839 torem
1083 2815 1240 2838 Pariszensem
1257 2816 1279 2838 et
1296 2814 1318 2838 in
1337 2814 1439 2838 Concilio
1458 2814 1635 2838 constanciensi
1650 2814 1727 2838 datus.
1744 2814 1833 2836 Desinit

992 2863 1029 2884 sol.
1043 2862 1095 2884 l80.
1110 2868 1143 2884 r.:
1163 2861 1230 2889 Quod
1247 2861 1295 2891 ipse
1307 2860 1347 2884 tibi
1357 2863 1378 2884 et
1389 2860 1449 2884 mihi
1458 2862 1565 2890 prestare
1576 2860 1686 2890 dignetur
1699 2861 1763 2883 lesus
1775 2861 1832 2883 :ctus

992 2908 1068 2932 Mario
1088 2908 1165 2939 silius,
1187 2908 1228 2938 gui
1247 2909 1281 2931 est
1298 2907 1429 2931 benedictus
1446 2907 1470 2930 in
1487 2907 1568 2930 secula
1587 2906 1730 2930 seculorum.
1748 2907 1832 2929 Anien.

994 2956 1050 2978 Ilinc
1066 2955 1183 2978 adduntur
1200 2955 1280 2978 eadem
1298 2954 1383 2982 verba,
1400 2960 1459 2983 quae
1478 2954 1604 2982 praemissa
1621 2956 1673 2976 sunt
1690 2954 1712 2976 in
1731 2953 1800 2976 initio.
