2133 3317
181 314 263 333 Tertius.

148 1158 257 1181 Exemplum

144 1181 164 1199 S.
184 1181 261 1201 Paulae.

280 229 337 258 280

285 307 328 336 Est
351 310 377 336 et
399 307 480 336 tertia
494 307 620 341 nuditas,
636 314 708 343 quae
723 306 848 335 consistit
862 306 890 335 in
905 306 949 335 his
964 314 1035 343 quae
1050 314 1130 343 prae-

282 354 354 383 dicta
376 357 441 383 sunt
461 356 488 383 et
509 353 624 390 insuper
645 353 673 381 in
695 353 866 382 abdicatione
891 353 980 382 omnis
1002 353 1131 382 transito-

281 401 338 429 riae
362 400 500 429 facultatis
527 408 591 428 cum
620 400 737 436 penuria
768 402 795 428 et
825 399 976 436 indigentia
997 403 1130 437 opportu-

281 456 332 476 nae
364 447 588 481 sustentationis,
624 450 651 475 et
679 447 748 475 haec
779 446 910 484 competit
937 446 1072 484 Apostolis
1103 449 1131 476 et

281 494 437 530 apostolicis
457 493 538 528 viris,
560 497 587 522 et
612 493 646 522 de
667 494 719 522 hac
750 501 834 530 super
866 493 935 522 illud
960 494 1129 523 Matthaei¹z

282 541 340 576 Qui
356 543 459 577 polum
480 540 591 569 dederit
611 540 666 568 uni
694 549 729 569 eac
760 540 892 569 minimis
919 540 983 569 istis
1011 541 1130 570 calicem

280 595 375 624 aquae
396 585 528 624 friyidae
550 590 666 615 tantum
696 587 729 615 in
758 587 875 615 nomine
905 586 1045 624 discipuli
1072 596 1130 616 non

276 633 376 670 perdet
396 633 555 662 merceden‘t
576 641 680 667 suam;
701 633 811 662 Glossa:
838 644 852 658 «
866 633 969 661 Minimi
995 636 1061 662 sunt
1081 634 1129 671 qui

279 680 347 708 nihil
369 680 479 716 penitus
500 680 603 708 habent
624 680 651 708 in
673 680 726 708 hoc
747 679 890 708 mundo».
912 680 991 709 Tales
1016 680 1130 709 fuerunt

279 726 408 763 Apostoli.
430 726 506 755 Unde
528 726 711 763 Hieronymus
739 726 772 755 ad
796 726 1030 763 Exsuperantium
1044 727 1054 742 ²
1075 727 1128 756 ait:

283 784 296 798 «
311 773 396 801 Nemo
418 773 551 809 Apostolis
572 773 722 810 pauperior
743 773 797 801 fuit
817 776 845 802 et
858 781 939 802 nemo
955 776 1062 802 tantum
1078 782 1129 811 pro

278 819 394 848 Domino
424 820 581 857 dereliquit.
616 820 704 849 Vidua
725 820 771 848 illa
792 820 819 848 in
841 820 988 857 Evangelio
1009 828 1130 857 pauper-

279 867 350 901 cula,
372 874 444 903 quae
465 867 520 895 1100
542 867 649 895 minuta
671 867 745 896 misit
760 867 788 895 in
809 867 1046 904 gazophylacium,
1061 875 1129 896 cun-

278 913 329 942 ctis
350 913 508 950 praefertur
529 913 677 949 divitibus,
699 914 764 951 quia
786 917 889 948 totum,
916 914 990 951 quod
1015 914 1128 949 babuit,

278 960 391 989 dedit».
407 960 477 989 Haec
498 961 691 997 Hieronymus.
714 961 741 989 Si
762 961 848 998 igitur
862 961 931 990 haec
952 961 1035 990 vidua
1049 961 1129 990 iuxta

278 1008 466 1037 testimonium
488 1008 595 1037 Domini
618 1011 706 1038 totum
729 1009 818 1037 dando
839 1009 909 1037 nihil
930 1009 981 1038 sibi
1003 1017 1129 1038 reserva-

278 1055 332 1089 vit,
354 1055 382 1083 in
403 1058 532 1084 extrema
552 1063 581 1084 se
602 1056 727 1084 nuditate
749 1056 899 1084 constituit.

358 1102 404 1130 23.
427 1102 464 1131 Ad
486 1103 557 1131 hanc
578 1102 732 1131 nuditatem
754 1102 894 1139 aspirabat
915 1102 961 1131 illa
975 1102 1074 1131 nobilis
1089 1103 1129 1130 vi-

279 1149 335 1178 dua
357 1149 454 1183 Paula,
476 1149 509 1178 de
530 1157 587 1186 qua
608 1149 791 1186 Hieronymus
812 1149 840 1178 in
872 1149 981 1178 laudem
1002 1149 1128 1186 ipsius3:

284 1207 298 1221 «
311 1196 366 1224 Hoc
387 1195 485 1224 habuit
505 1196 578 1230 voti,
599 1199 631 1224 ut
663 1196 821 1225 mendicans
842 1196 902 1233 ipsa
923 1198 1080 1225 moreretur
1102 1199 1129 1224 et

278 1250 365 1271 unum
388 1250 535 1271 nummum
566 1242 639 1271 filiae
665 1251 720 1271 000
748 1243 901 1272 dimitteret
931 1246 958 1271 et
980 1243 1007 1271 in
1029 1242 1129 1271 funere

279 1297 330 1318 suo
351 1290 440 1318 aliena
461 1289 575 1318 sindone
604 1290 794 1318 involveretur
808 1301 835 1318 ».
865 1290 993 1319 Eiusdem
1016 1297 1129 1326 quoque

278 1336 384 1365 felicem
411 1336 570 1365 describens
602 1336 723 1370 obitum,
745 1336 797 1364 ait:
824 1336 941 1365 «Testis
963 1338 1004 1364 est
1036 1336 1127 1369 lesus,

277 1390 312 1411 08
333 1391 421 1411 1101101
443 1382 555 1420 quidem
577 1391 723 1411 nummum
745 1383 780 1411 ab
808 1391 840 1411 ea
860 1382 1034 1411 derelictum.
1057 1382 1129 1418 Quid

278 1429 330 1458 hac
351 1429 455 1458 virtute
483 1429 654 1464 mirabilius,
676 1429 807 1458 feminam
839 1429 1028 1458 nobilissimae
1049 1429 1129 1457 fami-

278 1476 344 1510 liae,
366 1476 473 1513 magnis
494 1476 634 1513 quondam
665 1476 782 1513 opibus,
804 1479 880 1505 tanta
901 1476 954 1504 fide
975 1476 1068 1504 omnia
1088 1475 1129 1504 di-

278 1523 423 1559 largitam,
443 1526 475 1551 ut
497 1523 531 1551 ad
553 1526 703 1560 egestatem
732 1523 859 1552 nltimam
887 1523 1067 1559 perveniret?
1089 1523 1128 1551 la-

278 1571 352 1598 ctent
372 1569 418 1597 alii
439 1570 570 1606 pecunias
592 1569 619 1598 in
642 1569 792 1598 corbonam
813 1569 1010 1606 funalibusque
1035 1569 1128 1598 aureis

277 1615 349 1644 dona
370 1616 532 1653 pendentia;
555 1624 636 1645 nemo
657 1616 721 1653 plus
746 1616 820 1645 dedit
841 1616 1021 1653 pauperibus,
1043 1624 1127 1653 quam

278 1671 349 1700 quae
370 1663 422 1692 sibi
443 1664 511 1692 nihil
534 1663 687 1701 reliquit».
711 1664 781 1692 Haec
801 1663 1001 1699 Hieronymus,
1024 1663 1072 1700 qui
1094 1663 1128 1691 ad

277 1710 349 1738 hanc
370 1710 523 1739 nuditatem
550 1713 683 1747 tanquam
698 1718 808 1739 summe
822 1710 972 1747 perfectam
998 1710 1128 1738 hortatur

278 1756 434 1791 Hedibiam,
456 1757 483 1785 in
505 1757 621 1794 epistola
633 1758 655 1791 4,
677 1765 761 1794 quam
782 1756 817 1785 ad
837 1764 898 1785 eam
919 1756 1053 1791 scribens,
1076 1756 1127 1785 ait:

281 1815 295 1829 α
310 1803 357 1832 Vis
378 1811 438 1833 esse
459 1804 580 1841 perfecta
603 1807 630 1833 et
650 1804 679 1832 10
700 1804 790 1840 primo
812 1806 886 1832 stare
910 1803 1017 1841 fastigio
1040 1804 1129 1841 digni-

276 1850 360 1879 tatis?
375 1851 425 1879 Fac
440 1850 514 1888 quod
530 1851 657 1880 fecerunt
670 1850 798 1888 Apostoli.
821 1851 912 1879 Vende
926 1851 1037 1885 omnia,
1053 1859 1128 1889 quae

277 1896 381 1932 habes,
402 1901 428 1926 et
448 1898 488 1926 da
508 1898 692 1935 pauperibus
713 1901 737 1926 et
768 1906 885 1936 sequere
906 1898 1077 1927 Salvatorem
1100 1901 1127 1927 et

277 1944 380 1973 nudam
408 1945 551 1982 solamque
580 1953 692 1974 crucem
724 1944 799 1973 nuda
829 1944 956 1981 sequaris
977 1947 1004 1973 et
1026 1944 1124 1973 sola».

277 2008 315 2012 -—
337 1992 364 2020 In
387 1992 430 2021 his
451 1992 624 2021 manifestius
645 1991 757 2026 asserit,
779 1991 854 2028 quod
875 1999 906 2020 ea
927 1994 1078 2028 paupertas
1093 1991 1127 2020 ad

277 2038 453 2075 perfectionis
474 2038 584 2075 attingit
611 2038 767 2076 fastigium,
790 2046 846 2075 qua
873 2038 936 2075 quis
964 2037 1127 2074 expressius

278 2088 305 2114 et
326 2085 495 2114 conformius
515 2085 670 2114 nuditatem
702 2085 793 2113 crucis
824 2085 1002 2121 amplectitur
1023 2087 1050 2113 et
1072 2092 1124 2113 nu-

278 2131 343 2160 dum
366 2131 539 2160 Crucifixum
560 2131 694 2160 imitatur.

342 2358 349 2370 ¹
368 2358 423 2386 Cap.
445 2359 484 2386 10,
504 2359 540 2381 42.
557 2359 637 2381 Glossa
656 2362 690 2381 est
714 2358 847 2382 ordinaria.
865 2358 908 2381 Csr.
936 2359 1010 2381 Mattli.
1030 2359 1072 2386 25,
1092 2359 1127 2381 40,

278 2401 300 2420 et
318 2398 354 2420 45.

342 2436 351 2449 ²
368 2438 437 2465 Epist.
461 2437 508 2459 145.
528 2437 593 2465 (alias
611 2437 666 2466 35.).
685 2436 729 2460 Cl‘r.
755 2437 784 2459 de
805 2437 920 2465 Apostolis
946 2438 1022 2459 11101111.
1046 2437 1071 2464 4,
1090 2438 1126 2459 18.

282 2483 354 2505 581111.,
372 2479 393 2498 81
410 2477 440 2499 de
457 2476 526 2499 vidua
545 2477 613 2498 111010.
634 2477 675 2503 12,
695 2476 731 2498 41.
749 2482 827 2505 5811113
846 2477 898 2499 Luc.
917 2477 953 2504 21,
976 2477 992 2498 l.
1011 2482 1077 2505 seqq.

341 2514 350 2527 ²³
367 2516 437 2543 Epist.
456 2516 508 2538 los.
532 2515 597 2543 (alias
620 2516 667 2544 27.)
693 2515 722 2537 ad
750 2516 898 2538 Eustochium
922 2516 1052 2543 virginem,
1077 2516 1127 2538 sive

278 2554 432 2584 Epitaphium
449 2554 539 2577 Paulae
555 2554 654 2582 matris,
669 2561 691 2576 11.
708 2554 742 2576 15.
757 2557 779 2576 et
791 2555 827 2576 30.
842 2555 927 2577 Textus
944 2554 1062 2582 originalis
1074 2555 1125 2577 voci

278 2592 416 2616 (181·8118111111
433 2593 540 2621 praefigit
556 2592 631 2623 filiae,
650 2592 735 2615 deinde
754 2593 819 2620 plura
837 2593 901 2615 addit
918 2596 938 2615 81
957 2594 978 2615 in
997 2593 1041 2614 fine
1059 2593 1125 2621 legit:

278 2633 361 2654 lactent
378 2632 414 2654 alii
431 2632 541 2660 pecunias
558 2635 580 2654 et
596 2632 619 2654 in
637 2631 764 2654 corbonam
781 2632 820 2654 Dei
843 2638 895 2654 aera
917 2635 1025 2660 congesta
1045 2632 1126 2654 funali-

278 2670 391 2699 busque...
410 2671 480 2693 Nemo
499 2672 550 2699 plus
566 2671 630 2693 dedit
646 2671 802 2699 pauperibus,
821 2677 891 2699 quam
909 2677 969 2700 quae
986 2670 1032 2700 [ed.
1045 2672 1058 2692 2
1071 2677 1125 2693 cum

278 2710 313 2732 ed.
337 2710 341 2731 l
363 2713 385 2732 et
402 2710 452 2732 Vat.
470 2709 520 2739 qui]
539 2709 581 2732 sibi
599 2710 653 2732 nihil
671 2710 805 2732 reservavit.

341 2748 349 2760 '¹
368 2749 438 2776 Epist.
455 2749 508 2771 120.
526 2748 591 2777 (alias
613 2749 671 2778 150.)
689 2755 708 2771 c.
731 2750 747 2771 l.
774 2749 906 2777 Allegautur
932 2749 1007 2771 Δ1101111.
1029 2749 1063 2776 19,
1087 2750 1123 2771 21.

278 2787 323 2810 Csr.
341 2794 411 2815 supra
428 2794 482 2816 pag.
500 2788 553 2816 244,
571 2791 623 2810 11010
642 2789 663 2811 5.
681 2791 703 2810 et
720 2789 740 2810 6.

342 2826 350 2839 5
369 2826 428 2849 Libr.
447 2827 475 2849 X.
494 2828 569 2849 Moral.
588 2833 607 2850 e.
635 2828 672 2849 30.
695 2834 716 2849 0.
735 2828 777 2849 4οῑ
795 2828 843 2850 Non
868 2830 902 2850 est
919 2834 975 2855 ergo
993 2833 1077 2850 census
1102 2827 1123 2849 in

279 2866 386 2894 crimine,
403 2866 443 2888 sed
460 2867 561 2888 affectus.

340 2904 349 2918 Β
367 2904 421 2932 Cap.
443 2905 480 2932 10,
498 2905 535 2926 23.
553 2917 582 2920 ——
600 2904 644 2927 Csr.
662 2911 732 2932 supra
750 2911 770 2927 0.
788 2905 848 2927 5.11.
868 2905 904 2932 14,
927 2904 967 2927 ubi
984 2905 1066 2927 eadem
1092 2905 1123 2927 di-

278 2944 368 2966 stinctio
385 2944 491 2966 occurrit.

341 2981 349 2994 ⁷
367 2982 428 3004 Libr.
445 2983 468 3004 ll.
486 2989 505 3005 c.
524 2983 560 3005 26.
579 2989 600 3005 u.
619 2983 671 3005 132.
690 2984 741 3005 Post
758 2983 895 3012 inferiorem
913 2986 986 3006 textus
1003 2983 1121 3011 originalis

279 3022 438 3050 prosequitur:
456 3024 531 3044 tamen
549 3025 570 3044 et
587 3023 661 3050 ipsam
680 3022 857 3045 desiderantem.
874 3023 934 3050 Quid
960 3022 989 3044 ad
1007 3028 1060 3044 eum
1082 3022 1121 3050 qui

753 228 951 258 OPUSCULUM
973 229 1015 257 xl.
1037 228 1198 257 APOLOGIA
1219 228 1400 258 PAUPERUM.
1423 229 1491 258 CAP.
1512 229 1566 258 Vll.

1267 307 1312 336 24.
1335 307 1404 336 Illud
1425 310 1519 336 autem
1547 307 1694 345 Gregorii⁵
1717 307 1851 342 verbum,
1880 315 1935 345 quo
1956 307 2034 343 dicit,

1187 403 1228 429 est
1242 401 1401 438 praemissis
1416 401 1596 435 contrarium,
1612 401 1633 430 si
1651 404 1725 430 recte
1739 401 1917 438 intelligatur.
1934 401 1960 429 Si
1975 401 2036 438 quis

1187 447 1260 476 enim
1276 448 1328 476 boc
1342 447 1457 482 sentiat,
1473 447 1547 484 quod
1562 455 1662 476 census
1683 448 1715 476 in
1729 447 1817 485 culpa
1832 448 1867 476 sit
1888 448 2034 477 causaliter

1187 494 1230 523 vel
1247 494 1416 528 formaliter,
1438 502 1502 523 cum
1517 494 1675 523 Manichaeo
1696 498 1787 529 errat,
1810 497 1837 523 et
1859 494 1911 523 1100
1935 494 2036 531 Grego-

1188 540 1247 569 rius
1268 540 1407 577 reprobat.
1431 540 1457 568 Si
1477 540 1539 577 quis
1560 543 1653 569 autem
1674 540 1820 577 intelligat,
1843 548 1956 569 censum
1977 548 2036 569 esse

1187 586 1290 624 culpae
1304 586 1501 621 occasionem,
1522 595 1539 614 a
1553 586 1689 615 sententia
1710 587 1834 616 veritatis
1855 595 1909 616 non
1930 587 2036 620 deviat,

1187 641 1250 662 cum
1272 636 1299 662 et
1314 634 1373 670 ipsa
1387 633 1495 662 Veritas
1516 633 1588 662 dicat
1609 633 1636 661 in
1659 634 1782 662 Marcofl:
1801 634 1897 669 Quam
1911 633 2035 672 difficile,

1186 680 1239 718 qui
1262 680 1405 718 pecunias
1435 679 1538 708 liabent
1566 680 1598 708 in
1626 689 1750 718 regynum
1784 680 1835 708 Dei
1865 680 2034 709 introibunt.

1186 727 1265 755 Nullo
1287 727 1359 756 enim
1381 727 1462 755 modo
1484 727 1601 763 pecunia
1622 727 1850 763 impedimentum
1867 727 2036 756 difficultatis

1186 774 1234 803 Dei
1255 782 1373 811 regnum
1388 774 1492 802 intrare
1515 773 1670 806 volentibus
1691 776 1828 810 praestat,
1844 774 1896 802 nisi
1912 774 1977 811 quia
1991 774 2035 803 vel

1186 823 1228 849 est
1243 820 1349 858 occasio
1360 820 1561 849 inclinationis
1575 820 1609 849 ad
1624 820 1739 855 malum,
1750 821 1794 849 vel
1806 821 2007 849 distractionis
2021 829 2037 849 a

1186 867 1265 895 bono.
1282 883 1320 887 —
1334 867 1388 895 Hoc
1403 868 1568 895 Sanctorum
1583 866 1746 896 testimoniis
1761 867 1835 896 clare
1854 870 2034 896 monstratur.

1186 914 1264 951 Quod
1278 914 1351 943 enim
1366 914 1477 943 divitiae
1499 913 1666 942 habentibus
1687 914 1760 951 ipsas
1782 914 1895 943 occasio
1910 914 1965 943 sint
1985 923 2035 943 cu-
2048 920 2133 967 fflssflffi

1182 961 1318 998 putitatis
1332 961 1360 990 in
1382 961 1452 989 libro
1467 961 1500 989 de
1515 960 1619 989 Officiis
1631 961 1641 977 ⁷
1656 960 1721 989 dicit
1735 961 1911 990 Ambrosius:
1932 973 1945 986 «
1956 961 2036 990 Fera-
2048 968 2095 987 tatis.

1185 1008 1227 1042 lis,
1243 1008 1348 1045 inquit,
1370 1007 1501 1041 avaritia,
1516 1007 1678 1036 illecebrosa
1692 1007 1824 1044 pecunia,
1840 1015 1912 1045 quae
1932 1008 2036 1037 haben-

1186 1057 1227 1083 tes
1241 1054 1422 1088 contaminat,
1445 1062 1499 1082 non
1526 1053 1659 1082 babentes
1679 1061 1734 1081 non
1749 1053 1834 1082 iuvat.
1850 1054 1914 1082 Esto
1929 1057 2035 1088 tamen,

1185 1104 1217 1129 ut
1244 1100 1392 1137 aliquando
1414 1101 1490 1129 iuvet
1504 1101 1621 1137 pecunia
1641 1100 1800 1129 inferiorem
1822 1103 1850 1129 et
1877 1101 1968 1138 ipsum
1989 1100 2036 1129 118-

1186 1147 1368 1181 siderantem,
1391 1147 1458 1184 quid
1479 1147 1513 1175 ad
1534 1147 1617 1181 alios,
1639 1147 1661 1175 si
1684 1147 1719 1175 sit
1740 1147 1786 1175 1118
1814 1147 1966 1184 copiosior,
1988 1147 2037 1184 qui

1186 1193 1287 1222 habet?
1308 1194 1440 1230 Nunquid
1467 1193 1570 1222 idcirco
1601 1194 1759 1228 honestior,
1787 1194 1853 1231 quia
1877 1194 1961 1223 habet
1981 1201 2036 1231 quo

1186 1240 1315 1269 honestas
1336 1240 1503 1276 plerumque
1524 1240 1661 1268 amittitur
1673 1252 1686 1265 »
1694 1243 1705 1268 ¹?
1726 1257 1764 1261 —-
1785 1240 1835 1269 Cui
1862 1244 1889 1269 81
1919 1241 2036 1269 Bernar-

1185 1287 1238 1315 dus
1259 1286 1409 1315 concordat
1430 1286 1464 1315 de
1485 1286 1627 1323 Colloquio
1648 1287 1767 1315 Simonis
1782 1290 1809 1316 et
1824 1287 1921 1316 lesu3:
1942 1287 2036 1315 «Haec

1186 1333 1381 1369 fugiendarum
1413 1333 1575 1361 divitiarum
1607 1333 1757 1370 praecipua
1778 1341 1862 1362 causa
1882 1336 1936 1368 est,
1962 1333 2036 1370 quod

1186 1380 1234 1408 vix
1255 1383 1304 1409 aut
1324 1388 1469 1417 nunquam
1491 1380 1550 1409 sine
1571 1388 1665 1409 amore
1691 1381 1800 1409 valeant
1828 1380 1971 1418 possideri.
1994 1380 2036 1409 Li-

1186 1435 1263 1455 mosa
1284 1427 1421 1464 siquidem
1443 1430 1471 1456 et
1499 1427 1638 1464 glutinosa
1669 1427 1763 1461 nimis,
1786 1436 1841 1456 non
1862 1427 2036 1456 solummodo

1186 1475 1326 1509 exterior,
1348 1482 1447 1503 verum
1469 1475 1552 1504 etiam
1574 1475 1689 1504 interior
1712 1475 1867 1504 substantia
1881 1477 1976 1504 nostra
1996 1475 2037 1504 vi-

1185 1522 1284 1555 detur,
1306 1524 1334 1551 et
1354 1522 1433 1551 facile
1455 1530 1502 1551 cor
1524 1522 1679 1551 humanum
1711 1522 1856 1556 omnibus,
1882 1530 1955 1559 quae
1982 1522 2036 1551 fre-

1185 1572 1316 1605 quentat,
1339 1569 1472 1597 adhaeret
1487 1580 1514 1596 ».
1531 1585 1568 1589 —
1583 1569 1628 1597 His
1649 1572 1782 1597 consonat
1804 1569 1975 1606 Augustinus
1989 1576 2035 1598 su·
2053 1578 2132 1602 Augusta

1185 1623 1235 1652 per
1257 1616 1394 1644 psalmum
1417 1615 1599 1644 centesimum
1622 1615 1788 1653 vigesimum
1802 1616 1956 1645 5800011001
1969 1615 1979 1632 ⁹
1994 1615 2034 1644 di-

1185 1670 1264 1691 cens:
1291 1673 1305 1687 «
1319 1663 1377 1691 Non
1393 1665 1459 1691 sunt
1473 1662 1541 1691 istae
1560 1670 1642 1691 verae
1655 1662 1782 1697 divitiae,
1798 1662 1845 1692 sed
1861 1662 2034 1697 mendicitas,

1185 1709 1251 1746 quia
1278 1712 1382 1746 quanto
1410 1709 1497 1746 magis
1528 1709 1686 1743 abundant,
1715 1712 1791 1738 tanto
1823 1709 1910 1747 magis
1937 1709 2036 1738 crescit

1185 1755 1276 1792 inopia
1297 1756 1437 1785 avaritiae.
1460 1756 1518 1784 Non
1540 1759 1605 1785 sunt
1626 1764 1708 1785 verae
1729 1756 1855 1791 divitiae,
1878 1763 1949 1793 quae
1970 1756 2033 1793 plus

1184 1806 1287 1839 augent
1308 1803 1488 1839 cupiditatem
1511 1803 1535 1832 ei
1557 1803 1605 1840 qui
1626 1811 1673 1832 eas
1693 1803 1856 1840 possidet».

1264 1850 1310 1878 25.
1323 1849 1402 1886 Quod
1417 1852 1509 1879 autem
1525 1849 1580 1878 sint
1594 1850 1701 1879 occasio
1715 1850 1858 1879 vanitatis
1880 1853 1965 1888 atque
1985 1858 2035 1878 su-
2051 1859 2102 1886 aqna,
2124 1864 2133 1878 a

1181 1896 1310 1934 pei-biae,
1323 1897 1493 1933 Augustinus
1504 1896 1538 1925 de
1549 1897 1639 1933 Lapsu
1650 1896 1746 1925 mundi
1759 1897 1795 1925 ¹⁰:
1816 1908 1829 1921 «
1841 1897 1869 1925 10
1881 1896 1983 1926 divitiis
1997 1896 2036 1926 nil
2063 1887 2112 1925 ἰῗῑῗιεῗ
2121 1887 2133 1907 ”’

1184 1947 1240 1972 tam
1255 1943 1409 1972 cavendum
1430 1946 1472 1972 est
1493 1951 1576 1980 quam
1592 1943 1739 1980 superbiae
1753 1943 1877 1972 morbus.
1894 1943 1946 1980 Qui
1961 1943 2034 1972 enim

1183 1999 1238 2019 non
1260 1990 1344 2019 habet
1364 1990 1486 2024 divitias,
1508 1998 1563 2018 non
1585 1990 1668 2019 habet
1689 1990 1872 2027 amplissimas
1891 1989 2036 2019 facultates

1183 2045 1237 2066 non
1250 2037 1342 2071 habet,
1354 2037 1428 2066 unde
1440 2045 1469 2066 se
1480 2037 1596 2066 extollat
1607 2048 1633 2064 ιι.
1643 2036 1717 2066 Idem
1728 2037 1761 2065 de
1770 2037 1868 2065 Verbis
1876 2036 1985 2065 Domini
1998 2037 2033 2064 ¹¹:

1188 2096 1201 2109 «
1216 2084 1288 2112 Nihil
1309 2087 1365 2118 est,
1387 2083 1462 2120 quod
1483 2083 1522 2112 sic
1543 2086 1676 2121 generent
1689 2083 1813 2118 divitiae,
1829 2083 1967 2121 quomodo
1989 2091 2035 2112 su-

1182 2130 1315 2167 perbiam.
1332 2130 1419 2159 Omne
1434 2138 1568 2167 granum,
1583 2138 1664 2159 omne
1678 2138 1791 2167 germen
1807 2130 1890 2159 habet
1911 2137 2034 2159 vermem

1186 2365 1230 2381 non
1249 2359 1372 2386 desiderat,
1390 2358 1430 2387 qui
1448 2365 1494 2381 non
1512 2359 1618 2387 requirit,
1636 2359 1674 2387 qui
1692 2359 1775 2381 auxilio
1797 2359 1846 2381 8105
1869 2365 1914 2381 non
1932 2359 2033 2387 indiget,

1185 2398 1261 2420 studio
1273 2404 1319 2420 11011
1338 2398 1452 2420 flectitur?
1464 2398 1524 2426 Quid
1543 2398 1572 2420 ad
1589 2398 1646 2420 alios
1663 2401 1705 2421 etc.

1248 2436 1256 2449 Β
1273 2438 1327 2459 Sive
1345 2437 1467 2459 Declamat.
1485 2439 1528 2459 810.
1547 2437 1597 2465 (cfr.
1614 2444 1683 2465 supra
1703 2444 1755 2465 pag.
1775 2437 1813 2466 45,
1831 2440 1884 2460 0010
1897 2437 1927 2466 8.)
1940 2438 1964 2460 ll.
1977 2444 1998 2460 n.
2011 2439 2031 2460 2.

1185 2476 1243 2498 Vide
1260 2482 1330 2504 supra
1349 2482 1403 2503 pag.
1424 2476 1477 2503 272,
1494 2479 1573 2498 1101001
1592 2477 1613 2498 2.

1247 2514 1256 2527 ⁹
1273 2516 1340 2538 Num.
1359 2516 1367 2537 1
1378 2516 1395 2537 1.
1413 2521 1461 2544 58(1.
1474 2516 1559 2537 Textus
1571 2515 1689 2543 originalis
1701 2521 1743 2543 pro
1755 2514 1836 2545 inopia
1848 2514 1964 2538 avaritiae
1976 2515 2031 2538 sub-

1183 2554 1255 2576 stituit
1271 2553 1352 2582 inopia
1369 2556 1389 2576 et
1407 2552 1510 2576 avaritia
1523 2556 1544 2575 et
1556 2553 1653 2580 deinde,
1671 2552 1777 2581 pluribus
1794 2553 1887 2580 additis,
1900 2554 1969 2581 legit:
1981 2554 2030 2576 Non

1183 2595 1236 2615 sunt
1253 2593 1303 2614 illae
1321 2598 1389 2615 verae
1407 2593 1512 2619 divitiae3
1531 2592 1582 2620 plus
1599 2595 1685 2620 augent
1709 2592 1860 2620 cupiditatem
1878 2593 1911 2615 eis
1935 2593 1975 2622 qui
1993 2599 2031 2615 eas

1184 2631 1311 2660 possident.

1246 2670 1265 2683 ¹⁰
1283 2672 1357 2693 Serm.
1375 2671 1412 2692 14.
1431 2671 1494 2700 (alias
1512 2671 1563 2692 11110.
1582 2670 1611 2693 de
1629 2670 1753 2699 Tempore)
1771 2677 1792 2693 c.
1811 2672 1830 2693 11.
1848 2677 1872 2694 n.
1889 2672 1914 2700 2,
1932 2671 1971 2694 ubi
1988 2677 2031 2699 pro

1183 2709 1276 2733 diuitias
1293 2712 1366 2732 textus
1383 2709 1501 2738 originalis
1518 2709 1635 2732 substituit
1648 2709 1784 2739 pecuniam.
1802 2710 1843 2732 Ed.
1864 2710 1961 2733 lllaurin.
1978 2710 2031 2733 huic

1182 2749 1284 2771 sermoni
1301 2749 1423 2777 praefigit:
1443 2748 1563 2771 «Habitus
1579 2748 1717 2776 Carthagine
1743 2748 1766 2770 in
1792 2748 1885 2771 basilica
1911 2749 2029 2771 Novarum

1182 2788 1219 2810 die
1231 2788 1347 2810 dominico
1360 2796 1370 2807 n
1379 2805 1385 2814 ,
1404 2787 1460 2809 nihil
1475 2787 1593 2810 insinuans
1604 2788 1633 2809 de
1646 2788 1795 2815 inscriptione
1807 2787 1833 2810 tle
1845 2788 1924 2817 Lapsa
1936 2787 2028 2811 munds.

1246 2826 1263 2840 ¹¹
1281 2828 1355 2849 Serm.
1374 2827 1402 2854 53
1425 2832 1487 2848 nune
1505 2827 1580 2849 Serui.
1596 2827 1633 2848 61.
1651 2833 1671 2849 e.
1689 2827 1711 2849 9,
1727 2833 1750 2848 0.
1768 2827 1812 2848 1οε
1830 2827 1888 2849 Nihil
1906 2826 1966 2849 enim
1984 2829 2029 2853 est,

1180 2866 1244 2894 quod
1261 2866 1294 2888 510
1311 2869 1421 2894 generent
1438 2866 1544 2893 divitiae,
1556 2866 1675 2894 quomodo
1687 2865 1828 2893 superbiam.
1839 2866 1913 2888 Omne
1924 2871 2029 2893 pomum,

1181 2911 1249 2927 omne
1267 2911 1379 2933 granum,
1396 2911 1464 2927 omne
1483 2906 1636 2931 frumentum,
1653 2911 1722 2927 omne
1738 2905 1826 2932 lignum
1840 2904 1909 2926 habet
1925 2910 2028 2927 vermem

1180 2950 1256 2966 suum.
1274 2944 1300 2966 Et
1317 2944 1375 2966 alius
1392 2946 1426 2966 est
1443 2943 1530 2965 vermis
1547 2944 1611 2970 mali,
1629 2944 1685 2966 alius
1702 2944 1765 2971 pyri,
1789 2944 1845 2966 alius
1869 2943 1946 2970 fabae,
1972 2943 2029 2965 alius

1180 2983 1257 3009 u·itici;
1277 2983 1362 3005 vermis
1379 2983 1526 3009 divitiarum,
1544 2982 1660 3010 superbia.
1679 2982 1723 3005 Csr.
1741 2985 1795 3005 tom.
1824 2983 1869 3005 Vll.
1894 2989 1946 3011 pag.
1971 2983 2028 3008 321,

1179 3024 1231 3044 nota
1254 3022 1287 3043 13.

1188 361 1301 383 0805001
1323 362 1377 382 000
1399 362 1459 383 8558
1472 354 1501 383 10
1516 354 1612 391 culpa,
1629 354 1676 383 sed
1691 353 1843 392 affectum,
1859 362 2035 391 nequaquam
2051 340 2133 386 {333³}OE

2052 1238 2131 1268 Bet-nari.
