2133 3317
247 227 302 255 680

502 266 555 289 Asss

293 318 323 322 —
336 306 444 328 Sanctum
457 308 491 328 est
508 304 538 327 ab
553 304 670 334 aliquibus
686 304 814 332 abstinere,

246 351 306 374 quae
329 344 502 367 occasionaliter
526 343 738 372 concupiscentiam
758 344 815 366 exci-

246 386 294 407 tant
312 384 351 406 261
378 383 403 405 14

294 435 324 439 -
341 422 471 445 0000553113
488 425 522 445 051
539 422 568 445 ad
580 422 751 445 edomationem
769 428 816 445 car-

247 462 293 489 nis,
312 461 341 484 ad
364 461 550 484 exercitationem
577 461 667 484 virtutis
692 464 714 484 et
731 462 816 484 satisfa-

247 502 346 523 ctionem
365 507 408 529 pro
430 501 505 529 culpis
528 501 659 523 commissis
676 501 721 523 265
739 501 768 523 26
785 514 816 517 -

248 540 367 563 Abstinere
384 546 396 562 a
414 540 502 563 deliciis
513 540 670 563 necessarium
685 543 720 563 est
737 540 765 563 ad
780 547 817 562 va-

246 580 347 602 candum
366 579 494 607 sapientiae
511 579 593 602 studiis
611 579 655 601 258
676 579 689 602 4
701 591 732 596 -
744 579 817 602 Absti-

246 625 301 641 nere
318 618 348 641 ab
365 619 469 647 appetitu
482 619 550 647 gulae
566 619 723 641 necessarium
742 622 776 641 est
787 619 817 642 ad

246 658 400 681 resistendum
419 658 440 681 in
458 658 518 681 bello
539 658 650 687 spirituali
669 657 699 681 ib.
719 659 740 681 3.
758 665 794 688 sq.

294 710 325 714 —
342 697 532 726 Temperandum
549 704 561 720 a
579 697 636 720 cibis
653 700 693 720 aut
713 698 743 720 ad
766 704 817 721 con·

247 737 413 765 cupiscentiam
430 737 605 765 refrenandam,
622 737 704 760 autad
726 737 818 760 infirmi-

247 776 287 798 tati
304 776 396 799 alterius
407 776 552 804 parcendum
570 776 614 798 260
630 776 652 798 11
668 789 699 793 -
715 776 776 799 valet
788 777 817 799 ad

247 815 388 838 servandum
408 815 532 843 pudicitiae
553 818 647 838 sanctae
674 816 773 838 nitorem
796 818 817 838 et

247 855 277 877 ad
295 855 424 877 custodiam
443 855 586 883 paupertatis
609 855 732 878 altissimae
749 858 771 878 et
788 856 817 878 ad

249 894 431 923 conquirendam
444 894 514 916 animi
532 895 689 917 fortitudinem
702 897 724 917 et
736 895 766 917 ad
778 894 817 917 ob-

248 933 365 956 tinendam
382 934 466 956 mentis
483 934 628 957 serenitatem
648 935 692 956 260
706 935 719 956 9
731 947 762 951 -
774 935 816 957 Ρο1

247 972 408 995 abstinentiam
426 973 494 1001 vigor
511 976 641 996 attenuatur
663 974 685 996 in
706 980 815 1002 corpore,

247 1016 269 1035 et
285 1015 449 1040 augmentatur
475 1013 548 1035 virtus
568 1013 590 1035 in
617 1013 694 1036 animo
720 1013 742 1036 in
766 1013 816 1037 viro

247 1054 349 1081 perfecto
366 1051 421 1075 ibid.

294 1105 323 1107 —
343 1098 355 1113 a
372 1091 439 1114 licitis
452 1094 486 1114 est
502 1092 649 1119 perfectionis
662 1092 707 1114 244
721 1092 757 1114 15.
770 1093 815 1115 266

248 1131 286 1153 31.
304 1131 344 1153 281
368 1131 396 1153 26
414 1144 445 1146 -
462 1130 619 1154 Abstinentiae
639 1134 731 1154 sanctae
752 1132 816 1160 rigor

248 1170 437 1198 pernecessarius
462 1173 496 1193 est
521 1170 556 1193 his
581 1170 621 1199 qui
649 1171 815 1199 perfectionem

248 1209 345 1237 adipisci
361 1212 384 1232 et
407 1209 528 1232 defensare
553 1212 666 1232 conantur
692 1210 737 1232 257
755 1211 763 1232 1
785 1223 817 1227 -

248 1248 404 1271 Abstinentiae
421 1249 546 1271 necessitas
563 1251 641 1271 contra
659 1249 745 1277 dogma
763 1256 816 1278 per-

247 1294 343 1310 versum
350 1288 553 1312 subintroductum
564 1289 684 1317 probanda
694 1296 736 1318 per
742 1295 816 1312 exem·

248 1328 284 1355 pla
303 1331 325 1350 01
342 1328 480 1351 documenta
495 1329 632 1351 Sanctorum
651 1328 705 1351 ibid.
716 1342 747 1345 —
759 1329 816 1352 viris

248 1367 355 1395 perfectis
372 1370 394 1390 et
411 1367 548 1390 caelestibus
566 1368 675 1396 competit
696 1368 725 1391 ad
743 1369 815 1397 perfe-

248 1409 283 1429 cte
296 1407 424 1429 cavendam
437 1407 556 1430 libidinem
569 1411 591 1430 et
599 1408 755 1431 edomandam
768 1414 815 1430 car-

248 1452 302 1468 nem
321 1446 365 1468 260
384 1447 396 1468 8
409 1459 440 1463 -
452 1450 576 1474 promovet
587 1447 617 1469 ad
631 1448 756 1475 perfectam
772 1448 815 1469 vir-

248 1487 321 1507 tutem
346 1484 375 1508 ib.
399 1486 412 1507 9
437 1498 468 1502 -
485 1485 642 1509 Abstinentiae
666 1487 730 1515 rigor
755 1493 816 1515 opus

247 1527 282 1547 est
299 1526 414 1552 perfectae
430 1525 522 1548 virtutis
539 1526 583 1548 258
601 1527 623 1548 2.
640 1532 676 1555 sq.

295 1576 325 1580 —
342 1564 463 1588 Abstinere
479 1568 514 1588 est
530 1572 590 1593 opus
608 1566 708 1588 maxime
724 1572 816 1595 compe-

248 1606 297 1626 tens
314 1604 371 1627 viris
388 1604 495 1633 perfectis
511 1605 556 1627 258
576 1605 588 1627 4
601 1617 631 1621 -
643 1606 772 1628 0000553113
784 1606 816 1628 vi-

248 1644 279 1666 ris
296 1644 416 1672 perfectis,
429 1650 474 1666 non
486 1644 561 1667 solum
573 1644 715 1672 imperfectis
727 1645 772 1667 262
787 1645 816 1667 15

247 1695 278 1700 —-
295 1689 341 1706 non
359 1684 471 1711 competit
487 1684 563 1712 magis
588 1684 728 1712 imperfectis
745 1690 815 1713 quam

249 1723 356 1751 perfectis
374 1723 413 1745 261
442 1723 470 1745 12
488 1736 519 1739 -
537 1723 678 1751 imperfectis
702 1730 748 1746 non
771 1730 817 1746 ma-

248 1762 283 1790 gis
300 1762 408 1785 com-enit
420 1768 491 1791 quam
509 1764 615 1791 perfectis
629 1763 673 1785 266
692 1763 716 1785 31

295 1814 325 1818 -
346 1802 402 1824 falso
427 1805 449 1824 et
474 1802 546 1830 impie
571 1803 681 1825 astruitur
707 1805 815 1832 tanquam

248 1841 401 1869 spiritualium
414 1841 611 1864 medicamentum
623 1841 761 1864 morborum
771 1848 817 1864 ma-

247 1880 308 1903 xime
325 1883 458 1909 competere
484 1881 625 1909 imperfectis
651 1881 696 1903 235
720 1882 733 1903 2
750 1893 782 1897 -
798 1881 817 1904 51

247 1920 300 1942 50115
312 1923 455 1948 competeret
467 1920 619 1949 imperfectis,
633 1920 653 1942 ei
664 1921 817 1948 praeferretur

248 1966 303 1982 usus
326 1960 460 1982 moderatus
483 1962 505 1983 et
529 1960 622 1983 sobrius
647 1960 753 1983 ciborum
772 1961 816 1983 263

251 1999 290 2026 18,
308 2000 337 2021 20

295 2052 325 2054 —
342 2039 398 2061 falso
416 2039 500 2062 dicitur
516 2040 658 2068 imperfectis
670 2046 714 2062 non
731 2040 817 2068 praeci-

247 2079 283 2106 pi,
301 2079 344 2101 sed
371 2079 485 2107 indulgeri
510 2079 555 2101 266
582 2080 606 2101 31
629 2092 659 2096 -
677 2079 817 2108 praecipitur

248 2118 355 2145 perfectis
379 2118 423 2140 263
447 2118 476 2140 20
498 2131 527 2134 -
550 2119 661 2147 competit
683 2118 778 2141 senibus
796 2121 818 2141 et

247 2157 354 2185 perfectis
372 2157 401 2180 ib.
418 2158 442 2179 21

295 2209 326 2212 —
343 2197 365 2219 in
383 2199 430 2219 toto
447 2198 483 2220 vel
506 2197 528 2219 in
545 2201 610 2225 parte
633 2200 708 2225 potest
729 2203 817 2220 recom-

248 2237 341 2264 pensari
358 2242 400 2264 per
418 2236 509 2264 pietatis
526 2236 599 2259 officia
618 2236 664 2259 264
682 2237 711 2259 23

297 2289 326 2291 -
343 2276 507 2304 restringenda
530 2282 573 2304 pro
594 2276 712 2298 debilitate
734 2282 817 2304 corpo-

249 2321 301 2338 rum
321 2315 366 2337 264
384 2316 413 2337 23

296 2367 326 2370 -
343 2353 465 2377 Abstinere
479 2360 492 2377 a
509 2360 578 2377 carne
594 2357 617 2377 et
634 2354 736 2377 delicatis
758 2354 817 2377 ciba-

248 2393 288 2416 riis
305 2396 382 2416 actum
405 2393 460 2416 dicit
482 2399 610 2416 consonum
633 2393 767 2421 perfectioni
788 2393 818 2416 de

251 2438 336 2460 genere
354 2433 431 2461 operis
448 2432 493 2455 258
517 2433 537 2455 4.
560 2433 605 2455 259
622 2432 636 2454 7
654 2446 684 2448 —
707 2433 818 2456 Perfecto-

248 2478 300 2494 rum
318 2475 353 2495 est
370 2471 486 2495 abstinere
503 2478 515 2494 a
527 2472 636 2495 carnibus
650 2472 695 2495 259
714 2473 726 2495 8
739 2485 770 2489 -
781 2473 818 2495 Ec-

249 2511 317 2534 clesia
334 2511 399 2534 iubet
416 2511 532 2534 abstinere
549 2518 561 2534 a
579 2511 687 2535 carnibus
704 2512 749 2534 260
768 2512 797 2534 10

295 2563 326 2568 -
343 2550 477 2579 Abstinere,
488 2557 542 2573 cum
555 2554 705 2579 apponuntur
721 2551 818 2574 delicata

249 2589 349 2617 cibaria,
367 2590 482 2613 difficilius
500 2593 534 2613 est
551 2596 577 2613 ex
594 2590 766 2613 circumstantia
783 2596 818 2613 ex-

250 2630 362 2652 trinsecus
379 2635 468 2652 annexa
492 2629 537 2652 248
564 2629 593 2652 17
610 2642 641 2646 —-
657 2629 779 2652 Abstinere
804 2636 817 2652 a

250 2669 352 2691 delicatis
368 2671 402 2692 est
419 2669 511 2692 difficile
528 2671 550 2692 et
565 2669 665 2692 arduum
687 2672 709 2692 et
726 2675 818 2698 supere-

250 2708 406 2737 rogatoriam,
423 2708 476 2731 ideo
488 2708 518 2731 de
535 2711 615 2731 natura
627 2709 662 2731 sui
681 2709 774 2736 generis
785 2711 819 2731 est

250 2749 377 2776 perfectum
395 2750 505 2777 tanquam
522 2748 552 2770 ad
570 2748 735 2776 perfectionem
755 2753 819 2776 prae-

250 2793 335 2815 parans
352 2789 374 2809 et
390 2787 466 2815 ipsam
483 2793 626 2815 promovens
639 2789 661 2810 et
677 2793 819 2810 conservans

252 2826 296 2848 259
314 2827 327 2848 8

297 2878 328 2882 -
345 2864 467 2888 Abstinere
484 2872 497 2888 a
519 2865 577 2889 cibis
595 2866 697 2889 delicatis
719 2866 819 2889 salutare

251 2907 296 2933 est,
313 2904 367 2933 quia
380 2911 422 2932 per
439 2905 602 2929 ,excitationem
618 2905 819 2933 concupiscentiae

251 2943 307 2965 dant
323 2944 468 2966 occasionem
489 2944 600 2972 peccandi
623 2944 668 2966 259
686 2945 699 2966 8
717 2957 747 2960 —
768 2950 819 2972 per-

251 2982 330 3004 fectior
347 2985 381 3005 est
398 2989 469 3011 quam
493 2984 556 3006 vesci
581 2983 683 3006 delicatis
710 2984 755 3006 262
782 2983 819 3006 17.

250 3021 296 3043 263
319 3022 344 3044 19
362 3033 393 3038 -
410 3021 555 3045 Abstinentes
571 3023 702 3046 discernere
719 3023 777 3046 inter
789 3023 820 3046 ci-

946 226 1048 256 INDEX
1068 226 1317 256 ALPHABETICUS.

848 304 912 328 haria
930 305 1027 328 delicata
1039 308 1061 328 et
1077 311 1159 334 aspera
1172 312 1219 328 non
1236 308 1361 335 repugnat,
1374 306 1416 329 sed

848 347 959 367 consonat
975 344 1082 373 religioni
1099 345 1235 367 christianae
1252 345 1293 367 261
1316 345 1344 367 13

897 396 926 400 ——-
943 383 1065 407 Abstinere
1076 387 1151 412 potest
1162 384 1211 407 fieri
1224 384 1359 412 imperfecte
1371 384 1416 407 259

849 422 863 444 7
881 435 912 439 —
929 423 1037 452 Quinque
1058 423 1182 446 abusiones
1205 426 1284 446 contra
1305 423 1417 446 abstinen-

850 461 904 484 tiam
921 462 1064 490 explicantur
1081 462 1126 485 217
1145 463 1198 485 135.
1215 469 1267 492 sqq.
1284 475 1316 479 —
1332 462 1418 485 ridicu-

850 501 898 523 losa
915 504 950 524 est
965 507 1046 524 carnes
1057 508 1103 524 non
1120 504 1215 529 tangere
1227 504 1249 524 et
1260 501 1336 530 pisces
1347 507 1418 530 quae-

851 546 901 563 rere
918 541 1019 563 cariores
1037 540 1081 563 406
1100 541 1129 563 26

896 592 928 596 -
944 579 1053 609 Exempla.
1065 579 1217 603 abstinentiae
1233 580 1279 602 257
1298 581 1318 602 1.
1336 580 1381 602 258
1394 582 1416 604 2.

851 619 896 641 262
915 619 952 641 17.
970 619 1014 641 263
1034 619 1063 641 19
1083 632 1110 635 -
1128 619 1231 642 Strictior
1242 619 1289 642 vita
1306 619 1419 648 probatur

852 658 962 686 exemplis
979 659 1116 681 Sanctorum
1135 658 1180 681 265
1199 659 1229 681 27

900 710 929 713 —
946 698 1046 725 perfecta
1063 697 1086 720 in
1103 696 1193 720 Christo
1212 697 1257 719 259
1275 698 1288 720 6
1305 711 1336 714 —
1358 698 1420 727 Quo-

852 736 922 759 modo
939 736 1044 759 Christus
1065 736 1132 759 nobis
1150 737 1283 765 exemplum
1306 736 1419 760 abstinen-

852 775 896 797 tiae
912 775 1003 798 dederit
1024 776 1068 798 216
1093 775 1137 799 134
1155 788 1186 793 --
1210 777 1347 799 Recordatio
1369 783 1420 805 pas-

851 814 922 837 sionis
939 814 1021 837 Christi
1038 815 1091 838 facit
1102 821 1196 838 omnem
1213 815 1374 838 abstinentiam
1388 817 1420 839 fa—

851 854 918 877 cilem
937 853 981 876 483
1000 855 1013 876 3

897 908 929 913 —
946 896 1050 918 eminens
1067 896 1089 917 in
1106 896 1189 918 Ioanne
1206 901 1357 923 praecursore
1374 896 1420 918 lau-

850 936 918 959 datur
936 936 981 958 257
1008 936 1028 957 1.
1052 935 1097 957 259
1120 935 1133 957 5
1150 947 1181 951 -
1197 935 1231 957 Ad
1257 934 1419 958 abstinentiam

850 978 992 1004 provocatur
1008 974 1113 1002 exemplo
1124 974 1282 1002 agonistarum
1300 975 1345 997 258
1365 976 1372 997 1
1389 987 1420 992 -—

850 1017 983 1037 sanctorum
1001 1014 1169 1042 Aegyptiorum
1187 1013 1217 1037 ib.
1235 1015 1248 1036 2
1271 1026 1302 1031 -
1321 1015 1420 1037 anacho-

850 1057 952 1076 retarum
971 1055 993 1076 et
1009 1052 1184 1076 coenobitarum
1198 1053 1242 1075 263
1261 1054 1285 1075 21
1303 1066 1334 1070 -
1345 1053 1420 1076 admi-

851 1093 928 1116 rabilis
945 1094 969 1115 S.
987 1092 1102 1116 Francisci
1120 1093 1165 1115 516
1184 1093 1204 1115 1.
1221 1099 1274 1122 sqq.

899 1144 929 1148 -ο
946 1138 1031 1160 magna
1051 1134 1073 1154 01
1089 1131 1147 1154 10113
1168 1131 1191 1154 10
1209 1132 1265 1155 viris
1287 1132 1419 1155 clarissimis

850 1171 895 1193 260
915 1172 943 1193 10
955 1183 985 1187 -
997 1171 1046 1193 Viri
1064 1171 1136 1193 sancti
1148 1170 1309 1194 abstinuerunt
1325 1174 1419 1200 propter

851 1210 1030 1233 macerationem
1048 1210 1123 1233 carnis
1140 1210 1169 1233 ad
1183 1210 1345 1241 ¹edomandum
1368 1217 1419 1234 con-

850 1250 1014 1278 cupiscentias,
1027 1252 1122 1278 propter
1133 1250 1265 1272 cavendum
1283 1250 1418 1273 scandalum

850 1289 996 1312 infirmorum
1014 1291 1036 1312 et
1052 1291 1148 1318 propter
1168 1290 1275 1312 evitanda
1293 1290 1419 1318 idolothyta

850 1329 895 1351 265
917 1328 945 1351 29

897 1381 926 1384 —
944 1369 1052 1396 Exempla
1069 1368 1221 1391 abstinentiae
1242 1369 1380 1392 ludaeorum
1397 1372 1420 1392 et

849 1408 1041 1436 philosophorum
1058 1414 1104 1430 non
1122 1408 1251 1436 spernenda
1269 1408 1314 1431 264
1332 1410 1362 1431 22

897 1460 925 1462 -
938 1446 1059 1469 Abstinere
1071 1453 1083 1469 a
1095 1447 1153 1470 cibis
1163 1448 1224 1476 Lege
1236 1447 1359 1476 prohibitis
1371 1451 1419 1470 erat

849 1486 959 1515 obligatio
976 1487 1081 1510 omnium
1096 1487 1141 1509 265
1154 1488 1183 1510 30

896 1539 927 1542 —
944 1533 957 1548 a
970 1526 1086 1549 loviniano
1098 1533 1145 1549 non
1162 1529 1274 1556 aequatur
1292 1527 1420 1555 gulositati,

850 1565 891 1588 sed
908 1566 960 1588 usui
978 1565 1083 1588 ciborum
1102 1566 1147 1588 263
1167 1566 1194 1588 18

897 1605 1000 1628 ΑΒ503οΑ
1012 1617 1042 1621 -
1054 1607 1183 1634 sequuntur
1195 1611 1221 1628 ex
1233 1606 1336 1628 erroneis
1347 1606 1393 1628 268
1406 1606 1419 1628 6

898 1646 982 1667 Assosus
997 1656 1029 1661 ——·
1049 1644 1203 1667 sinceritatem
1225 1645 1351 1673 Religionis
1373 1645 1420 1667 infi-

851 1684 926 1713 ciunt,
943 1684 1089 1712 perfectionis
1107 1684 1268 1707 celsitudinem
1286 1684 1421 1712 deprimunt

850 1726 873 1746 et
889 1723 1016 1746 sanctitatis
1028 1723 1154 1746 claritatem
1166 1723 1289 1746 obfuscant
1301 1723 1346 1746 470
1365 1724 1373 1746 1
1389 1737 1419 1741 -

850 1763 1031 1791 Redarguuntur
1049 1765 1094 1785 tres
1111 1762 1199 1785 abusus
1221 1762 1296 1791 magis
1315 1769 1421 1786 commu-

851 1809 890 1825 nes
908 1801 937 1825 ib.
956 1803 969 1824 2

898 1842 1034 1864 Αο005501οΑ
1054 1855 1082 1857 -
1100 1841 1215 1865 Concesso
1233 1842 1367 1871 principali⁷
1384 1849 1421 1866 ac-

851 1881 951 1904 cessoria
969 1881 1038 1904 etiam
1056 1881 1132 1904 omnia
1151 1881 1309 1904 conceduntur
1327 1882 1372 1904 400
1392 1883 1405 1904 9

899 1921 989 1943 Aecum
1009 1933 1038 1936 —
1055 1920 1112 1949 quid
1124 1921 1153 1943 sit
1171 1920 1214 1943 197
1233 1921 1262 1943 66

898 1973 929 1976 —
952 1960 1005 1982 facit
1027 1960 1128 1982 animam
1152 1966 1253 1989 nequam
1277 1961 1290 1983 5
1312 1961 1325 1982 6
1343 1973 1374 1977 -
1393 1961 1422 1984 Ex

852 1999 953 2029 nequitia
971 1999 1074 2022 accidiae
1090 2000 1193 2022 oriuntur
1210 2000 1354 2028 suspiciones
1376 2006 1422 2023 ma-

851 2039 896 2068 lae,
919 2039 1070 2067 cogitationes
1093 2038 1251 2068 blasphemae,
1269 2040 1423 2063 detractiones

851 2079 965 2107 malignae
982 2077 1036 2101 ibid.

899 2131 929 2134 —-
947 2118 990 2147 Qui
1007 2118 1052 2141 sint
1072 2119 1166 2141 effectus
1190 2121 1213 2141 et
1229 2118 1332 2142 remedia
1353 2119 1422 2141 liuius

852 2157 899 2180 vitii
922 2157 963 2179 197
981 2158 1010 2179 66

898 2209 929 2212 ——
940 2196 1064 2224 Frigiditas
1075 2197 1177 2219 accidiae
1189 2203 1281 2219 summo
1293 2197 1370 2219 studio
1382 2197 1422 2220 de-

852 2236 959 2263 pellenda
977 2238 1011 2257 est
1028 2235 1073 2257 495
1091 2242 1103 2257 3

899 2287 930 2290 —
947 2275 995 2297 Hoc
1012 2274 1068 2297 vitio
1082 2275 1183 2303 religiosi
1200 2275 1306 2298 homines
1321 2276 1421 2298 maxime

851 2314 986 2342 affliguntur
1012 2314 1056 2336 197
1083 2314 1111 2336 66
1129 2327 1160 2331 -
1177 2314 1271 2343 quando
1297 2315 1375 2343 vigeat
1398 2315 1421 2338 10

851 2354 968 2382 Religioso
987 2354 1030 2376 109
1050 2353 1062 2376 4

899 2394 1010 2415 Accirnnss
1028 2405 1057 2408 —-
1075 2395 1097 2415 ct
1113 2393 1169 2416 dare
1191 2396 1343 2421 opponuntur
1367 2394 1421 2416 rela-

852 2432 898 2454 tive
915 2432 960 2454 417
978 2432 1007 2454 16
1024 2444 1056 2449 -
1073 2435 1233 2460 comparatum
1248 2433 1276 2455 ad
1290 2433 1358 2462 dare,
1370 2433 1422 2456 licet

852 2472 882 2494 de
899 2478 984 2500 genere
1001 2471 1078 2500 operis
1097 2472 1174 2495 minus
1185 2472 1214 2494 sit
1231 2471 1326 2495 beatum
1351 2475 1421 2501 atque

852 2512 992 2540 perrectum,
1016 2514 1093 2540 potest
1115 2513 1192 2534 tamen
1215 2518 1242 2534 ex
1259 2511 1421 2540 superadiecta

852 2551 1023 2573 circumstantia
1040 2556 1091 2573 esse
1108 2550 1198 2573 beatius
1210 2553 1280 2580 atque
1296 2552 1421 2579 perfectius

853 2590 896 2613 327
917 2590 945 2612 33

900 2630 976 2652 Aenon
993 2641 1024 2646 ·—
1040 2629 1093 2652 Eius
1111 2630 1196 2652 furtum
1214 2629 1346 2652 secundum
1363 2630 1421 2653 litte-

852 2668 923 2691 ralem
948 2674 1042 2691 sensum
1068 2668 1179 2696 accipitur
1203 2669 1225 2691 in
1252 2669 1313 2691 malo
1338 2672 1360 2692 et
1385 2676 1421 2692 se-

853 2708 956 2730 cundum
973 2708 1085 2731 moralem
1102 2707 1241 2730 intellectum
1254 2708 1276 2730 in
1294 2708 1356 2731 bono
1375 2709 1420 2732 442

857 2747 883 2769 15

900 2787 968 2810 Acria
987 2800 1016 2803 —
1033 2787 1138 2816 sequitur
1152 2793 1179 2810 ex
1196 2787 1278 2810 ordine
1289 2790 1311 2810 et
1327 2787 1421 2810 scientia

853 2826 875 2848 in
892 2826 1020 2849 hierarchia
1038 2826 1083 2849 397
1102 2827 1110 2848 1

900 2866 983 2888 ΑοτινΑ
995 2879 1026 2882 -
1037 2866 1084 2888 vita
1101 2865 1171 2888 debet
1189 2865 1308 2889 deservire
1322 2868 1421 2889 contem·

853 2905 954 2933 plativae
972 2905 1017 2927 334
1030 2905 1043 2927 9
1055 2917 1086 2922 -
1097 2905 1147 2928 Non
1158 2907 1193 2928 est
1204 2911 1278 2934 aeque
1292 2906 1421 2933 perfectum

852 2944 875 2966 in
892 2950 992 2972 persona
1009 2944 1099 2972 privata
1114 2950 1156 2973 per
1167 2944 1306 2967 extrinsecas
1322 2950 1421 2973 occupa-

853 2983 926 3006 tiones
943 2983 1044 3011 turbari‚
1061 2984 1120 3006 sicut
1137 2989 1179 3012 per
1202 2983 1420 3012 contemplationem

853 3022 974 3051 quiescere
991 3022 1036 3045 294
1055 3023 1084 3045 22

1707 266 1762 289 AEG

1497 318 1528 322 —
1545 307 1568 328 ln
1585 306 1631 328 vita
1650 305 1725 328 activa
1742 308 1776 328 est
1798 306 1963 329 condescensio
1986 308 2015 330 ad

1450 345 1581 373 proximum
1599 344 1644 367 246
1662 345 1675 367 6

1497 384 1557 406 Acro
1575 397 1605 401 —
1622 384 1714 407 iuvenis
1730 384 1827 413 quidam
1845 390 1886 413 per
1908 385 1930 407 S.
1949 385 2017 408 Fran-

1450 424 1538 446 ciscum
1555 429 1568 446 a
1586 424 1649 452 lepra
1667 424 1793 446 mundatur
1811 424 1851 446 561
1874 424 1888 446 5

1498 463 1571 485 Acras
1589 475 1617 478 —
1635 463 1682 485 Alia
1700 465 1734 485 est
1751 463 1893 491 comparatio
1911 465 2018 491 actuum,

1451 501 1492 523 alia
1511 507 1663 529 personarum
1682 502 1726 524 268
1740 502 1753 524 6
1771 501 1824 525 Vide
1835 502 1904 525 etiam
1922 508 1942 526 υ.
1955 502 2018 526 Hier-

1450 539 1535 563 archia
1552 543 1574 563 et
1591 546 1612 563 υ.
1634 540 1745 564 νίνὶῖίιαε,

1499 580 1564 602 Anam
1581 592 1612 596 —
1628 580 1647 602 A
1665 580 1777 608 principio
1794 581 1932 604 conditionis
1953 584 2019 605 natu-

1452 624 1491 641 rae
1508 618 1611 641 collocati
1628 621 1682 641 sunt
1698 622 1806 647 parentes
1823 620 1893 648 primi
1911 621 1931 643 in
1955 627 2019 649 para-

1453 657 1503 680 diso
1520 657 1546 680 71
1569 658 1582 679 2
1596 670 1624 673 -
1637 660 1732 686 propter
1744 664 1811 681 esum
1828 659 1884 687 ligni
1902 660 1965 682 vetiti
1977 666 2019 688 per

1452 697 1524 719 divini
1542 697 1629 719 decreti
1645 698 1792 720 severItatem
1814 698 1902 726 expulsi
1926 702 1979 722 sunt
2006 705 2019 722 e

1453 736 1561 764 paradiso
1579 736 1633 759 ibid.
1653 749 1682 753 ——
1699 737 1788 765 lignum
1800 737 1909 761 scientiae
1926 738 1980 761 boni
1998 741 2020 762 et

1453 776 1506 797 mali
1524 776 1632 804 praetulit
1650 776 1712 804 ligno
1730 777 1792 799 vitae
1809 777 1837 799 69
1856 777 1870 799 5

1501 827 1531 832 —
1556 821 1598 843 per
1626 818 1720 843 gustum
1745 816 1801 844 ligni
1829 817 1908 839 suavis
1932 819 1954 839 et
1980 823 2020 840 ve-

1453 854 1486 877 titi
1504 855 1573 877 totius
1590 857 1682 878 nostrae
1700 855 1834 883 perditionis
1851 862 1921 879 causa
1938 857 2020 879 exstitit

1453 894 1482 916 78
1501 895 1530 916 28

1500 946 1532 950 -
1550 934 1610 956 Deus
1622 940 1668 956 non
1680 934 1767 957 distulit
1782 935 1899 957 nominem
1911 934 2020 958 errabun-

1453 973 1509 995 dum
1528 979 1639 996 revocare
1655 973 1684 995 ad
1702 973 1856 1001 poenitentiae
1873 974 1936 997 viam
1953 981 2019 1003 spem

1453 1012 1535 1035 veniae
1552 1012 1630 1035 dando
1647 1019 1689 1040 per
1705 1013 1873 1041 repromissum
1893 1014 2019 1037 Salvatoris

1452 1052 1579 1074 adventum
1596 1052 1621 1074 71
1644 1053 1657 1074 2

1500 1092 1592 1114 Ananias
1609 1103 1640 1108 —
1656 1091 1705 1114 solo
1723 1092 1790 1114 haedi
1810 1092 1923 1121 sanguine
1944 1095 2019 1121 potest

1453 1130 1549 1153 emolliri
1569 1130 1613 1152 180
1632 1132 1645 1153 2

1501 1171 1625 1192 1100011110
1642 1183 1673 1186 ——
1689 1171 1746 1192 Prae
1768 1170 1927 1199 magnitudine
1948 1171 2020 1194 admi-

1453 1209 1548 1232 rationis
1565 1210 1635 1231 homo
1652 1209 1776 1232 deducitur
1796 1210 1818 1232 in
1836 1210 1919 1233 mentis
1935 1211 2019 1234 aliena-

1453 1249 1540 1271 tionem
1562 1249 1602 1271 119
1621 1249 1648 1274 6,
1666 1249 1679 1270 8

1500 1301 1531 1305 -
1547 1288 1630 1311 Christi
1647 1289 1754 1317 patientis
1772 1289 1800 1311 13
1819 1289 1831 1311 3

1500 1340 1530 1343 —
1547 1328 1674 1350 Admiratio
1692 1328 1715 1350 in
1736 1328 1864 1351 exhibenda
1886 1329 1934 1351 Deo
1956 1335 2021 1352 reve-

1453 1367 1524 1389 rentia
1542 1368 1660 1395 praecedit
1676 1370 1786 1397 tanquam
1803 1368 1931 1396 propositio
1948 1369 2022 1392 maior

1454 1407 1478 1429 11
1504 1408 1530 1429 12

1501 1447 1599 1469 ΑῡοΡτιο
1617 1459 1646 1462 —-
1663 1447 1810 1475 Privilegium
1823 1447 1954 1475 adoptionis
1965 1447 2021 1470 divi-

1454 1491 1496 1508 nae
1508 1488 1543 1508 est
1554 1486 1642 1509 donum
1655 1486 1741 1509 mirum
1753 1489 1775 1508 et
1786 1486 1954 1509 inaestimabile
1965 1487 1978 1509 6
1993 1487 2021 1509 13

1501 1525 1614 1548 Anoamuo
1633 1538 1662 1541 ——
1680 1526 1719 1548 Dei
1742 1526 1866 1554 requiritur
1891 1526 1913 1548 in
1938 1526 2021 1549 exhibi-

1453 1564 1514 1587 tione
1530 1564 1608 1587 latriae
1626 1565 1639 1586 9
1657 1564 1670 1586 4

1502 1603 1648 1626 ,1001110005
1666 1617 1694 1620 -
1712 1604 1827 1627 seducunt
1847 1604 1977 1632 hominem,
1998 1608 2023 1627 ut

1454 1643 1529 1671 magis
1547 1643 1577 1665 de
1601 1649 1637 1670 se,
1662 1649 1733 1672 quam
1759 1644 1863 1672 expedit,
1889 1647 2023 1672 praesumat

1456 1681 1501 1704 147
1517 1683 1546 1704 20

1503 1734 1533 1738 -
1550 1721 1585 1744 Ab
1603 1722 1635 1744 eis
1652 1723 1782 1745 cavendum
1800 1725 1834 1745 est
1852 1722 1897 1745 147
1915 1723 1944 1745 20

1502 1773 1533 1778 -
1550 1761 1655 1784 Adulatio
1672 1768 1718 1785 non
1735 1764 1769 1784 est
1780 1761 1913 1785 adhibenda
1930 1763 2023 1786 erranti-

1456 1800 1500 1823 bus
1517 1800 1562 1824 234
1580 1802 1593 1823 2

1504 1841 1622 1864 Αο0110οΑ
1634 1853 1665 1857 -
1678 1841 1739 1864 10505
1757 1844 1856 1864 tentatur
1868 1841 1928 1865 circa
1942 1842 2023 1865 mulie-

1455 1886 1505 1903 rem
1523 1880 1651 1903 adulteram
1670 1881 1714 1902 162
1733 1881 1740 1902 1

1504 1920 1644 1942 ΑυνεκειΤΑε
1660 1932 1691 1936 -
1710 1920 1802 1948 Triplex
1823 1923 1857 1943 est
1880 1921 1962 1944 utilitas
1983 1921 2023 1944 ad-

1456 1960 1591 1982 versitatum
1611 1959 1654 1981 139
1673 1960 1693 1982 8.
1713 1959 1757 1982 140
1778 1960 1799 1982 9.
1815 1966 1851 1989 sq.
1868 1973 1898 1976 —
1914 1960 2021 1984 Adversi-

1457 1999 1508 2021 tatis
1526 1999 1606 2027 iugum
1624 1999 1707 2022 collum
1722 2000 1900 2028 praesumtionis
1918 2000 2022 2023 humiliat

1457 2039 1501 2061 140
1522 2039 1535 2060 9

1503 2091 1533 2094 ——
1551 2078 1647 2101 Devotio
1665 2081 1743 2101 contra
1755 2078 1853 2101 adversa
1872 2079 2022 2102 constantiam

1456 2120 1557 2145 praestat
1569 2117 1613 2140 148
1631 2118 1644 2139 2

1502 2157 1644 2179 Α131>111οΑ110
1660 2169 1692 2173 -
1708 2157 1806 2185 proximi
1830 2157 1882 2179 facit
1903 2157 1933 2179 ad
1950 2158 2022 2185 perfe-

1455 2196 1553 2218 ctionem
1571 2196 1670 2218 exercitii
1693 2196 1784 2218 virtutis
1806 2196 1851 2218 249
1876 2196 1903 2218 19
1920 2208 1952 2213 —-
1968 2202 2022 2225 pro-

1454 2235 1510 2257 ximi
1527 2236 1630 2258 consistit
1646 2235 1669 2258 in
1690 2235 1826 2258 exhibendis
1848 2235 1959 2264 exemplis
1975 2236 2022 2259 vir-

1454 2277 1542 2302 tutum,
1555 2275 1701 2297 documentis
1713 2275 1896 2303 Scripturarum,
1913 2275 2022 2298 remediis

1455 2314 1670 2341 Sacramentorum,
1687 2314 1808 2342 praesidiis
1819 2314 1972 2342 regiminum,
1990 2315 2022 2337 iu-

1455 2353 1520 2376 diciis
1532 2353 1671 2376 iustitiarum
1683 2356 1706 2376 et
1718 2353 1834 2376 beneficiis
1845 2353 2021 2376 miserationum

1455 2392 1501 2415 250
1519 2393 1548 2415 20

1503 2444 1534 2448 -—
1551 2433 1714 2460 lmperfectnm
1730 2432 1760 2455 de
1776 2438 1819 2455 suo
1831 2438 1916 2460 genere
1928 2432 1959 2455 ad
1970 2438 2020 2460 per-

1455 2472 1577 2494 fectionem
1600 2471 1718 2494 reducitur
1741 2477 1782 2500 per
1805 2471 1923 2494 utilitatem
1940 2471 2019 2495 aedifi-

1455 2511 1551 2534 cationis
1563 2512 1684 2540 fraternae,
1701 2511 1748 2534 scil.
1760 2517 1802 2539 per
1813 2510 1957 2534 caritativam
1968 2517 2020 2534 con-

1454 2550 1628 2573 descensionem
1646 2550 1691 2572 259
1709 2550 1723 2572 4

1501 2590 1660 2612 Aaoifmmaun
1682 2603 1712 2605 —
1735 2589 1874 2612 constructio
1899 2592 2019 2612 sumtuosa

1455 2632 1477 2652 et
1493 2629 1583 2652 curiosa
1601 2629 1692 2652 diversa
1716 2629 1776 2651 mala
1798 2631 1878 2652 causat
1896 2628 1940 2651 469
1959 2629 1972 2651 2
1990 2641 2019 2645 —

1455 2669 1485 2692 ad
1508 2669 1596 2692 excelsa
1621 2668 1736 2697 porrectio
1757 2668 1934 2697 prostrationem
1960 2668 2021 2696 parit

1455 2709 1586 2731 animarum
1604 2707 1648 2730 470
1666 2708 1679 2730 2

1502 2747 1578 2770 Anam
1604 2760 1635 2763 —
1659 2747 1748 2775 indiget
1778 2747 1863 2775 duplici
1894 2747 2019 2769 refectione

1456 2787 1502 2810 137
1520 2787 1533 2809 5

1502 2828 1607 2849 Amimus
1623 2838 1654 2843 —
1670 2828 1719 2848 erat
1744 2825 1822 2848 tertius
1847 2825 1974 2854 discipulus
1995 2825 2018 2848 S.

1455 2866 1569 2889 Francisci
1586 2865 1631 2887 510
1650 2865 1663 2888 4
1681 2878 1710 2881 -
1722 2867 1770 2888 erat
1781 2865 1816 2887 vir
1834 2865 1881 2888 Deo
1898 2865 1981 2893 plenus
1997 2867 2020 2887 et

1455 2905 1539 2928 celebri
1557 2905 1669 2927 memoria
1694 2905 1779 2933 dignus
1794 2903 1849 2927 ibid.
1866 2917 1897 2920 —
1913 2904 1954 2926 fuit
1970 2904 2017 2926 vir-

1455 2947 1531 2967 tutum
1548 2943 1683 2967 sublimium
1703 2944 1863 2967 exercitatione
1886 2943 2017 2972 praeclarus

1455 2982 1510 3007 ibid.
1526 2996 1556 2999 —
1574 2983 1604 3006 ad
1620 2983 1722 3006 excelsae
1739 2982 1938 3011 contemplationis
1949 2981 2017 3005 subli-

1456 3025 1532 3045 matus
1548 3025 1583 3045 est
1600 3023 1711 3045 verticem
1728 3021 1781 3045 ibid.
1799 3035 1828 3038 —
1846 3021 1905 3044 adeo
1930 3020 2017 3043 crebris
