2133 3317
19 621 95 647 sponsio.

0 596 18 786 cuchema*
0 559 3 589 m
0 528 3 548 a
2 464 3 515 Q-.
3 417 4 424 .

8 1182 33 1202 Ex
43 1181 94 1201 tatsia

0 1210 92 1233 immoq-

0 1234 20 1272 Ε.
33 1233 93 1252 '¹⁸⁰¹‘

0 1874 47 1894 ntivo
61 1880 92 1894 ve-

0 1899 25 1919 ta
35 1898 92 1923 expli-

584 211 778 241 OPUSCULUM
799 212 840 240 XI.
862 212 1022 241 APOLOGlA
1043 212 1223 242 PAUPERUM.
1245 213 1313 242 CAP.
1335 213 1365 242 X.

112 292 243 325 reddere,
265 299 328 320 cum
358 289 515 326 subiungit,
536 289 657 326 allegans
686 289 878 318 auctoritatem
899 290 953 318 Au—

112 338 212 377 gustini
240 337 274 366 de
302 336 487 366 Haeresibus¹
511 338 537 364 et
568 336 649 364 etiam
680 339 776 364 contra
806 336 951 370 Faustum,

112 385 185 423 quod
210 395 223 409 α
238 383 371 420 quaedam
393 385 435 412 est
456 382 577 411 haeresis
602 382 683 410 nudis
710 382 826 418 pedibus
854 382 951 410 ambu-

111 430 242 464 lantium,
263 437 316 458 non
339 429 403 466 quia
424 431 538 465 propter
558 428 682 465 corporis
709 428 884 456 afflictionem
913 428 951 456 sic

111 476 267 510 ambulant,
289 475 336 504 sed
357 475 423 512 quia
443 474 535 503 divina
555 474 711 503 testimonia
739 474 830 502 taliter
851 474 950 502 intelli—

111 525 194 561 gunt;
216 522 254 550 sic
275 524 303 550 et
317 521 465 549 Manichaei
480 520 638 549 iudicantur
653 520 801 553 haeretici,
816 528 870 548 non
886 520 951 557 quia

110 569 240 607 pecunias
260 571 308 596 aut
330 568 434 596 loculos
454 575 507 595 non
530 567 657 600 habeant,
679 567 725 595 sed
747 567 813 603 quia
827 567 950 595 testimo—

111 616 155 644 nia
175 615 267 643 divina
287 614 319 642 ad
342 615 395 643 hoc
416 613 520 642 referre
542 614 708 642 nituntur».
724 630 761 633 —
776 613 845 642 Haec
866 613 950 641 verba

110 662 211 699 ipsius,
231 661 259 689 in
280 660 384 697 quibus
403 660 509 688 foveam
530 660 634 689 erroris
655 660 758 696 aperit,
784 667 867 696 quam
895 668 950 688 non

110 707 219 737 claudit.
241 707 307 735 Nam
328 714 365 735 ex
386 707 430 735 his
449 706 591 735 manifeste
606 706 753 743 relinquit,
769 706 849 743 quia,
864 706 885 735 si
901 706 949 743 qui

109 754 190 784 nudis
210 753 326 790 pedihus
347 753 478 782 incedunt
498 756 524 781 et
546 753 642 781 loculis
663 756 774 786 carent,
799 753 821 781 si
842 753 875 781 ad
898 753 950 782 hoc

109 801 200 830 diviua
220 800 375 829 testimonia
395 800 535 833 referunt,
557 800 583 828 in
605 799 742 836 duplicem
759 800 893 828 haeresim
909 800 950 828 in-

109 847 219 881 cidunt,
240 847 343 876 scilicet
363 846 445 875 nudis
466 846 581 883 pedihus
602 846 804 874 ambulantium
825 849 852 874 et
867 846 950 874 Mani—

109 895 267 923 chaeorum.
289 893 400 922 Constat
420 896 528 926 autem,
550 893 624 929 quod
640 892 797 921 huiusmodi
814 901 950 929 pauperes

108 940 168 969 ideo
188 939 270 968 nudis
290 939 406 976 pedibus
427 938 557 967 incedunt
576 941 603 967 et
624 938 720 967 loculis
741 943 850 973 carent,
872 942 903 967 ut
918 939 949 967 il-

108 987 156 1016 lud
177 986 312 1023 Evangelii
335 986 450 1015 verbum
482 985 515 1013 ad
548 985 666 1013 litteram
697 985 843 1022 impleant,
875 986 950 1023 quod

108 1033 241 1061 Dominus
261 1032 333 1061 dixit
354 1031 486 1068 Apostolis
499 1031 518 1065 2,
541 1034 572 1059 ut
592 1039 646 1060 non
669 1031 774 1060 ferrent
795 1040 841 1061 aes
862 1032 888 1061 in
905 1041 950 1061 zo-

108 1080 151 1109 nis
171 1087 221 1108 nec
241 1079 424 1108 calceamenta
444 1079 472 1107 in
493 1078 617 1115 pedibus.
640 1079 724 1115 Igitur
739 1079 890 1107 secundum
907 1087 949 1108 as-

108 1126 255 1155 sertionem
287 1124 445 1153 huiusmodi
476 1125 611 1161 dogmatis
641 1125 717 1161 impii
753 1125 780 1153 in
811 1125 948 1162 duplicem

108 1173 244 1202 haeresim
265 1175 330 1201 sunt
351 1171 479 1209 prolapsi.
501 1188 540 1192 —-
560 1171 638 1207 Quod
659 1172 680 1200 si
702 1179 800 1200 verum
821 1175 877 1206 est,
900 1180 949 1209 per

108 1227 217 1249 omnem
238 1219 351 1247 modun]
372 1218 521 1256 apostolica
541 1218 644 1247 erravit
667 1218 793 1252 Ecclesia,
809 1227 880 1255 quae
895 1222 949 1248 sta-

108 1269 167 1295 tum
187 1266 284 1294 talium
304 1264 489 1302 approbavit³
509 1268 536 1293 et
557 1268 684 1293 auctores
705 1265 861 1293 huiusmodi
885 1266 949 1294 hae-

107 1320 201 1342 resum
222 1313 344 1349 catalogo
365 1312 527 1340 Sanctorum
549 1311 683 1348 ascripsit.
711 1312 880 1341 Erraverunt
907 1312 948 1340 ni-

107 1359 256 1388 hilominus
271 1358 445 1392 Ambrosius,
460 1358 644 1394 Augustinus,
660 1358 849 1395 Hieronymus,
864 1358 950 1395 Chry-

107 1408 260 1439 sostomus,
281 1405 366 1439 Beda,
389 1404 515 1433 Rabanus
535 1407 562 1433 et
583 1404 755 1438 Bernardus,
777 1405 824 1442 qui
853 1413 949 1434 omnes

107 1453 260 1486 affirmant,
282 1452 357 1489 quod
377 1451 573 1480 documentum
595 1451 696 1480 Christi
711 1451 745 1479 ad
761 1452 901 1488 Apostolos
915 1452 949 1481 de

107 1508 162 1529 non
182 1499 294 1528 serenda
315 1498 432 1535 pecunia
452 1498 487 1527 sit
515 1497 722 1534 intelligendum
750 1498 784 1526 ad
813 1498 948 1533 litteram,

107 1546 178 1575 sicut
199 1545 373 1574 manifestum
395 1547 436 1573 est
456 1552 492 1573 ex
520 1544 711 1581 praeallegatis
737 1545 949 1574 auctoritatibus

107 1593 231 1630 ipsorum
245 1592 273 1620 in
284 1591 472 1628 praecedentis
486 1591 671 1628 responsionis
682 1591 818 1628 particula
828 1592 917 1628 prima
927 1592 947 1620 4.

106 1639 185 1676 Quod
205 1638 271 1676 quia
291 1638 436 1675 profanum
458 1640 499 1666 est
520 1637 622 1666 sentire
642 1637 675 1666 de
696 1638 816 1672 Sanctis,
838 1646 949 1668 necesse

107 1685 190 1714 habet
210 1685 256 1714 hic
276 1685 409 1721 impostor
430 1691 558 1712 errorum
586 1684 619 1712 ad
641 1685 713 1721 piam
736 1685 825 1714 redire
850 1685 949 1714 intelli-

107 1731 226 1769 gentiam
247 1731 385 1765 veritatis‚
408 1731 430 1759 si
451 1730 523 1759 iusta
543 1738 598 1759 non
623 1731 683 1759 vult
711 1731 787 1759 feriri
815 1732 950 1760 sententia

106 1777 296 1807 damnationis.

187 1825 212 1853 5.
234 1824 359 1853 Attendat
380 1823 464 1861 igitur
485 1823 641 1852 insensatus
661 1827 688 1852 et
709 1823 847 1860 perfidus,
875 1825 949 1861 quod

106 1870 198 1900 divina
219 1870 375 1899 testimonia
395 1870 542 1906 dupliciter
563 1869 607 1898 his
627 1874 742 1906 possunt
767 1871 871 1907 aptari,
899 1878 949 1907 per

107 1917 220 1946 modum
241 1917 367 1946 videlicet
386 1916 517 1950 consilii,
538 1916 581 1945 vel
603 1924 652 1953 per
666 1916 778 1945 modum
790 1917 947 1954 praecepti.

107 1964 134 1993 Si
154 1963 217 2001 quis
237 1963 322 2000 igitur
343 1963 377 1992 ad
397 1963 550 1992 nuditatem
570 1963 671 1999 pedum
693 1965 720 1992 et
741 1963 890 1992 carentiam
910 1964 948 1992 lo-

107 2010 234 2039 culorum
255 2010 294 2039 sic
313 2010 406 2038 divina
426 2012 535 2046 coaptat
554 2010 679 2046 eloquia,
701 2012 733 2038 ut
753 2018 785 2038 ea
806 2018 856 2046 per
877 2010 948 2039 Scri-

106 2059 216 2094 pturam
238 2059 344 2085 astruat
365 2064 424 2085 esse
441 2060 598 2093 praecepta
619 2059 646 2085 et
666 2056 821 2085 necessaria
847 2057 880 2085 ad
905 2065 948 2086 sa-

107 2103 207 2137 lutem,
229 2106 359 2140 tanquam
381 2103 475 2131 nullus
496 2103 594 2132 salvari
623 2103 723 2140 possit,
752 2103 803 2132 nisi
832 2103 948 2140 pedihus

106 2149 188 2179 nudis
207 2149 315 2178 incedat
335 2152 362 2178 et
383 2149 480 2178 loculis
501 2153 606 2184 careat;
629 2149 776 2187 dupliciter
798 2152 874 2179 errat
884 2150 903 2178 ⁵.
920 2150 946 2178 Si

106 2196 169 2234 quis
190 2204 255 2225 vero
276 2196 310 2225 ad
338 2197 390 2225 hoc
417 2199 513 2233 aptare
542 2197 640 2225 nititur
671 2196 763 2226 divina
794 2196 948 2226 testimonia

107 2246 236 2280 tanquam
259 2243 313 2272 sint
333 2243 466 2272 consulta
486 2246 513 2272 et
534 2243 774 2280 supererogatoria
794 2246 821 2272 et
844 2243 877 2272 ad
906 2251 948 2271 sa-

1790 213 1845 243 305

1009 290 1094 319 lutem
1115 291 1303 327 expedienti&
1324 299 1378 319 non
1393 294 1435 320 est
1448 291 1601 320 censendus
1615 291 1785 325 haereticus,
1800 291 1847 320 sed

1008 344 1092 365 verus
1112 337 1212 366 Christi
1233 337 1400 374 discipulus,
1421 346 1476 366 non
1496 338 1685 372 Manichaeus‚
1704 337 1751 367 sed
1766 346 1849 366 verus

1007 381 1187 411 Christianus.
1211 399 1247 404 ——-
1270 384 1301 412 Et
1321 383 1395 420 quod
1416 384 1460 412 hic
1480 384 1564 412 fuerit
1579 384 1733 413 intellectus
1748 384 1783 420 pii
1799 384 1846 412 do-
1884 390 1942 431 ttqcps
1955 391 1993 433 ‘³1¹³'

1008 428 1091 457 ctoris
1112 429 1271 466 Augustini,
1286 430 1428 459 manifeste
1442 430 1579 467 colligitur
1594 438 1630 459 ex
1646 431 1737 459 verbis
1752 431 1846 467 ipsius,
1860 418 1992 455 {mamm-

1007 475 1104 511 quinto
1125 475 1195 504 libro
1216 480 1311 505 contra
1332 477 1470 505 Faustum.
1490 477 1556 505 Nam
1571 477 1749 514 praemittens
1764 477 1848 506 verba

1007 521 1112 555 Fausti,
1135 522 1161 550 in
1183 522 1285 559 quihus
1306 531 1335 552 se
1355 523 1489 560 gloriatur
1511 524 1686 561 Evangelium
1706 524 1846 561 accipere,

1007 567 1072 604 quia
1092 572 1237 604 argentum
1259 573 1286 597 et
1306 577 1406 598 aurum
1428 570 1522 598 reiecit
1543 573 1569 599 et
1590 578 1636 599 aes
1657 570 1684 599 in
1705 571 1780 599 zonis
1798 571 1846 599 ha-

1007 613 1072 642 bere
1093 614 1211 648 destitit,
1233 619 1259 644 et
1280 618 1371 644 cetera
1392 616 1434 645 his
1455 617 1590 651 similia⁶;
1612 617 1786 653 postmodum
1804 625 1847 646 re-

1007 660 1121 696 spondet
1142 661 1193 689 hoc
1214 661 1322 695 ordine,
1339 662 1428 699 primo
1442 663 1532 699 ipsum
1553 662 1700 692 ostendens
1720 665 1847 701 hypocri-

1008 709 1062 735 tam
1084 710 1110 735 et
1131 708 1288 736 mendacem
1310 712 1337 737 et
1359 709 1467 738 tandem
1489 710 1675 745 haereticum,
1698 711 1725 739 in
1740 711 1792 739 hoc
1806 711 1847 739 vi-

1006 752 1119 787 delicet,
1140 754 1214 790 quod
1236 754 1353 783 Ecclesia
1374 755 1517 792 distinguit
1537 756 1563 784 iu
1589 756 1669 785 modo
1696 757 1845 794 accipiendi
1878 762 1992 803 Consssiadet

1008 800 1184 837 Evangelium
1212 804 1346 838 quantum
1377 802 1409 830 ad
1439 802 1574 838 perfectos
1601 807 1628 831 et
1655 787 1990 840 imperf00103‚222{}⁰21⁹tfn²?urff'

1006 847 1053 875 sed
1074 847 1222 876 Manichaei
1244 856 1427 885 nequaquam.
1450 849 1491 877 Ait
1518 850 1590 878 enim
1619 850 1695 878 sic⁷:
1729 861 1742 875 α
1757 851 1844 886 Quam

1006 892 1084 920 multi
1106 892 1133 920 in
1155 896 1249 921 nostra
1269 895 1461 923 communione
1482 895 1617 923 veraciter
1638 896 1742 924 faciunt
1762 897 1847 925 subli-

1006 939 1060 967 mia
1081 939 1126 967 illa
1147 944 1307 976 praecepta,
1329 941 1363 969 de
1384 949 1504 978 quorum
1527 942 1616 978 specie
1640 942 1734 971 fallitis
1762 943 1848 979 impe-

1006 985 1074 1014 ritos
1088 988 1118 1014 »l
1141 986 1172 1014 Et
1192 986 1335 1023 assignatis
1356 988 1438 1023 paulo
1458 991 1519 1024 post
1540 988 1700 1017 differentiis
1715 989 1741 1017 in
1759 990 1847 1018 Eccle-

1006 1031 1061 1065 sia,
1083 1032 1213 1061 subditS:
1240 1044 1253 1057 «
1269 1033 1361 1070 Neque
1386 1034 1458 1062 enim
1488 1034 1525 1062 illi
1553 1035 1619 1068 soli,
1641 1035 1704 1072 qui,
1732 1039 1763 1064 ut
1794 1035 1848 1064 sint

1006 1078 1134 1114 perfecti,
1157 1078 1279 1107 vendunt
1300 1083 1327 1108 et
1347 1080 1490 1108 dimittunt
1510 1081 1601 1109 omnia
1620 1089 1670 1110 sua
1684 1085 1711 1110 et
1725 1089 1847 1118 sequun-

1006 1127 1053 1153 tur
1075 1125 1235 1160 Dominum,
1258 1126 1396 1162 pertinent
1416 1127 1449 1155 ad
1471 1135 1586 1164 regnum
1616 1128 1771 1162 caelorum;
1800 1129 1846 1157 sed

1006 1171 1071 1200 huic
1093 1171 1204 1200 militiae
1226 1173 1391 1201 christianae
1411 1177 1525 1210 propter
1545 1174 1682 1211 quoddam
1711 1182 1846 1204 commer-

1006 1217 1079 1246 cium
1101 1218 1222 1247 caritatis
1243 1219 1420 1256 subiungitur
1441 1220 1523 1249 etiam
1544 1221 1678 1258 quaedam
1700 1222 1846 1258 stipendia-

1006 1263 1047 1292 ria
1069 1264 1230 1299 multitudo,
1255 1266 1299 1294 cui
1320 1266 1427 1294 dicetur
1448 1266 1475 1294 in
1497 1267 1566 1296 fine:
1589 1268 1725 1301 Esurz'vi,
1754 1272 1779 1296 et
1799 1268 1845 1296 de-

1005 1310 1090 1339 distis
1110 1310 1184 1339 milti
1203 1312 1385 1341 manducare
1392 1323 1402 1346 ;
1422 1313 1518 1347 sitivi,
1539 1317 1566 1342 et
1585 1314 1704 1342 dedistis
1718 1313 1792 1343 milii
1806 1315 1846 1343 bi-

1007 1356 1076 1385 bere.
1099 1357 1223 1394 Alioquin
1245 1359 1391 1388 damnandi
1420 1363 1503 1388 erunt
1530 1360 1568 1388 illi
1600 1368 1719 1397 quorum
1751 1361 1847 1389 domos

1006 1406 1060 1432 tam
1081 1404 1202 1441 diligenti
1224 1409 1252 1434 et
1272 1406 1387 1434 sollicita
1410 1414 1477 1435 cura
1505 1408 1643 1444 componit
1671 1408 1815 1444 Apostolus
1826 1408 1846 1442 ⁹,

1006 1458 1132 1484 monens,
1148 1452 1277 1480 mulieres
1292 1453 1415 1482 subditas
1435 1461 1495 1482 esse
1516 1453 1583 1482 viris
1604 1454 1677 1488 suis,
1700 1455 1773 1483 viros
1787 1454 1846 1482 dili-

1004 1505 1069 1533 gere
1089 1505 1210 1531 uxores,
1226 1498 1296 1527 filios
1310 1499 1500 1536 obtemperare
1515 1500 1684 1536 parentibus.
1701 1501 1751 1529 Sed
1767 1501 1846 1535 absit,

1004 1546 1036 1573 ut
1056 1544 1123 1573 istos
1143 1552 1159 1572 a
1180 1545 1314 1574 mandatis
1334 1546 1497 1582 evangelicis
1516 1547 1619 1575 alienos
1639 1549 1666 1575 et
1686 1555 1702 1575 a
1723 1547 1779 1575 vita
1802 1555 1846 1576 ae-

1004 1594 1083 1619 terna
1104 1591 1270 1628 separandos
1291 1592 1406 1626 iudicet,
1428 1592 1509 1629 quia,
1530 1593 1578 1621 ubi
1603 1593 1736 1622 Dominus
1757 1594 1795 1622 ait
1806 1594 1845 1622 ¹⁰:

1007 1638 1039 1666 Si
1058 1638 1124 1675 quis
1146 1646 1203 1666 non
1225 1638 1322 1666 tulerit
1342 1647 1456 1667 erucem
1488 1647 1576 1668 suam
1602 1644 1627 1668 et
1657 1644 1773 1668 secutus
1803 1649 1846 1669 me

1004 1684 1111 1722 faerit,
1133 1693 1191 1713 non
1210 1689 1301 1722 potest
1320 1693 1401 1713 meus
1422 1694 1480 1714 esse
1500 1686 1678 1723 disciputus,
1694 1687 1846 1715 exhortans

1006 1731 1142 1760 firmiores
1162 1731 1195 1759 ad
1217 1731 1425 1768 perfectionem,
1446 1732 1483 1760 ibi
1504 1732 1595 1761 statim
1616 1735 1643 1761 et
1664 1733 1730 1761 istos
1751 1741 1845 1762 conso-

1006 1777 1077 1806 latus
1098 1781 1154 1811 est,
1176 1777 1283 1806 dicens:
1307 1778 1365 1814 Qui
1385 1778 1486 1815 recipit
1500 1779 1609 1807 iustum
1625 1779 1656 1807 in
1670 1780 1785 1808 ‘nomine
1799 1779 1845 1807 izi-

1004 1824 1043 1852 stc'
1062 1824 1219 1852 mercedem
1240 1824 1311 1853 iusti
1331 1825 1459 1861 accipiet.
1479 1825 1550 1861 Quid
1570 1828 1663 1854 autem
1684 1825 1776 1854 fallitis
1797 1834 1845 1854 au-

1004 1870 1107 1899 ditores
1128 1873 1250 1905 vestros,
1271 1871 1318 1907 qui
1340 1879 1403 1899 cum
1425 1871 1482 1900 suis
1512 1872 1651 1900 uxoribus
1671 1875 1698 1900 et
1729 1872 1792 1901 filiis
1819 1876 1846 1901 et

1004 1917 1113 1945 familiis
1133 1919 1160 1945 et
1181 1917 1308 1946 domibus
1329 1920 1355 1946 et
1375 1918 1449 1954 agris
1469 1918 1546 1946 vobis
1561 1918 1700 1953 serviunt,
1715 1919 1754 1953 si,
1769 1919 1844 1956 quis-

1004 1963 1066 2000 quis
1087 1963 1180 1992 omnia
1200 1964 1250 1992 ista
1272 1972 1326 1992 non
1347 1964 1498 1998 dimiserit,
1524 1973 1577 1993 non
1605 1965 1704 2002 accipit
1725 1965 1845 2003 Evange-

1004 2010 1098 2039 lium?
1119 2010 1169 2038 Sed
1190 2010 1255 2046 quia
1276 2010 1315 2039 eis
1335 2019 1389 2039 non
1411 2011 1658 2045 resurrectionem,
1673 2011 1720 2040 sed
1735 2012 1845 2041 revolu-

1004 2057 1105 2085 tionem
1127 2056 1160 2084 ad
1185 2056 1263 2084 istam
1293 2057 1486 2085 mortalitatem
1508 2058 1681 2093 promittitis,
1703 2061 1735 2086 ut
1755 2058 1810 2087 vita
1823 2059 1844 2075 ¹¹

1004 2103 1154 2131 electorum
1175 2106 1332 2131 vestrorum
1355 2103 1446 2131 vivant
1462 2106 1515 2131 tam
1531 2112 1599 2132 vana
1614 2106 1641 2132 et
1655 2104 1747 2141 inepta
1761 2107 1788 2133 et
1802 2113 1844 2133 sa-

1004 2149 1120 2186 crilega,
1142 2158 1197 2186 qua
1217 2152 1244 2178 et
1265 2157 1313 2178 vos
1335 2149 1440 2183 vivitis,
1462 2150 1571 2186 quando
1587 2150 1664 2179 valde
1679 2150 1842 2186 laudamini3

1004 2196 1103 2224 merito
1130 2203 1177 2225 eos
1203 2204 1219 2224 a
1246 2195 1380 2224 mandatis
1407 2196 1569 2233 evangehcis
1589 2196 1753 2225 alienatis».
1775 2198 1844 2227 Haec

1004 2242 1179 2279 Augustinus.
1196 2243 1222 2270 In
1239 2242 1341 2279 quihus
1355 2246 1448 2279 aperte
1462 2242 1646 2277 demonstrat,
1665 2243 1738 2280 quod
1752 2243 1844 2280 aliqua

169 2441 177 2454 ¹
195 2442 300 2464 llaeresis
317 2443 361 2464 68:
381 2451 392 2462 u
405 2443 442 2465 Est
458 2443 500 2465 alia
522 2443 622 2465 haeresis
644 2443 712 2465 nudis
735 2442 834 2471 pedibus
856 2448 947 2470 semper

107 2480 286 2508 ambulantium,
297 2486 325 2503 eo
336 2481 400 2509 quod
417 2481 530 2504 Dominus
545 2481 626 2504 dixerit
637 2482 667 2504 ad
679 2482 771 2509 Moysen
783 2481 865 2510 [Exod.
878 2482 903 2508 3,
915 2481 946 2510 5.]

106 2519 143 2542 vel
159 2519 190 2542 ad
207 2520 272 2542 losue
289 2519 328 2549 [5,
346 2519 406 2548 ¹¹6.]:
423 2519 492 2543 Soloe
508 2519 693 2543 calceamentum
716 2519 743 2542 cte
763 2519 862 2549 pedibus
885 2520 946 2548 tuis,-

106 2560 129 2580 et
144 2558 208 2586 quod
225 2559 336 2586 propheta
355 2558 423 2581 lsaias
444 2557 496 2587 [20,
519 2558 549 2587 2.]
571 2558 640 2581 nudis
661 2558 760 2586 pedibus
782 2558 858 2581 iussus
881 2558 947 2581 ruerit

106 2596 230 2619 ambulare.
248 2596 301 2619 ideo
318 2603 374 2625 ergo
391 2597 492 2620 haeresis
513 2600 560 2624 est,
582 2598 636 2626 quia
658 2603 703 2619 non
727 2600 821 2625 propter
843 2598 947 2625 corporis

105 2635 251 2658 afflictionem
268 2636 301 2658 sic
317 2635 445 2664 ambulant,
463 2636 504 2658 sed
520 2636 574 2665 quia
592 2636 719 2658 testimonia
732 2636 810 2659 divina
827 2636 900 2659 taliter
917 2636 947 2658 in-

106 2674 209 2702 telligunt
220 2683 242 2696 n.
259 2673 319 2696 Libr.
337 2674 366 2696 V.
382 2677 460 2697 contra
477 2675 599 2702 Faustum,
616 2681 635 2697 c.
655 2675 680 2702 Ἰ1;
695 2674 750 2697 vide
766 2674 823 2697 infra
841 2681 862 2696 n.
880 2674 902 2697 5.

168 2711 177 2725 ⁹
194 2713 271 2735 matth.
288 2713 330 2740 to,
348 2714 369 2735 9.
386 2716 409 2736 et
427 2714 463 2735 io.

169 2749 178 2763 ⁸
195 2750 240 2773 Cir.
257 2757 326 2779 supra
344 2757 399 2779 pag.
416 2752 473 2779 292,
491 2754 544 2774 nota
565 2753 598 2774 t2.

168 2789 178 2802 ⁴
195 2790 249 2812 Sive
265 2795 316 2817 cap.
333 2790 355 2812 7.
372 2796 396 2812 n.
412 2790 434 2812 9.
457 2796 522 2819 seqq.
542 2803 570 2807 -
588 2790 682 2812 interius
705 2796 747 2818 pro
769 2789 884 2819 impostor
907 2790 946 2818 (im

107 2828 124 2851 A
134 2829 160 2857 B)
177 2828 232 2851 edd.
248 2827 380 2858 impositor.

168 2865 178 2879 ⁶
195 2867 238 2889 Ci'r.
256 2873 326 2895 supra
343 2873 363 2890 c.
381 2868 403 2890 8.
420 2874 442 2890 n.
465 2868 508 2895 23,
528 2867 568 2890 ulfi
590 2868 664 2890 simile
686 2867 715 2890 de
737 2868 821 2890 tuliano
843 2870 946 2896 apostata

107 2905 212 2928 habetur.

169 2943 179 2956 ⁴³
195 2943 250 2972 Cap.
271 2944 294 2966 l:
313 2945 361 2972 Ego
377 2947 466 2972 patrem
484 2944 560 2967 dimisi
577 2948 598 2967 et
615 2947 734 2967 matrem...
755 2945 803 2972 Ego
824 2947 945 2972 argentum

107 2985 130 3005 et
145 2988 228 3005 aurum
245 2983 313 3005 reieci
330 2986 352 3005 et
368 2989 407 3005 aes
425 2983 446 3004 in
464 2983 526 3006 zonis
543 2982 628 3006 habere
644 2983 733 3011 destiti,
744 2982 878 3012 quotidiano
894 2989 947 3006 con-

199 3028 226 3051 S.
239 3029 330 3052 Bonan.
340 3041 370 3046 —
382 3029 452 3051 Tom.
461 3029 517 3051 Vlll.

1004 2446 1079 2464 tentus
1096 2442 1147 2464 cibo
1170 2448 1211 2464 nec
1231 2442 1261 2464 de
1283 2442 1382 2464 crastino
1397 2447 1505 2464 curans...
1523 2444 1544 2464 et
1560 2442 1653 2470 quaeris
1669 2448 1681 2464 a
1700 2447 1749 2469 me,
1767 2446 1842 2464 utrum

1004 2481 1114 2509 accipiam
1133 2481 1281 2508 Evangelium
1292 2482 1302 2502 ⁹?

1067 2519 1074 2532 ⁷
1092 2519 1148 2547 Cap.
1164 2520 1191 2547 9,
1210 2519 1248 2541 ubi
1266 2525 1308 2547 pro
1324 2518 1435 2542 sublimia
1447 2518 1488 2542 clla
1500 2520 1625 2548 praecepto.
1642 2522 1715 2542 textus
1727 2519 1843 2547 originalis

1003 2558 1050 2581 ista
1065 2557 1205 2581 sublimiora
1219 2559 1347 2587 praecepta
1363 2557 1507 2587 evangelica.

1066 2595 1075 2608 Β
1092 2597 1145 2629 Loc.
1162 2596 1199 2619 cit.
1216 2597 1345 2624 Respicitur
1362 2597 1438 2618 Matth.
1457 2597 1498 2624 49,
1516 2597 1558 2619 2νΙι
1573 2597 1595 2619 Si
1608 2597 1643 2619 vis
1656 2598 1769 2624 perfectus
1780 2603 1842 2624 esse,

1003 2635 1076 2663 vade,
1093 2635 1168 2657 vende
1185 2638 1238 2663 ete.,
1250 2638 1271 2657 et
1283 2635 1393 2662 allegatur
1410 2635 1485 2658 Mattli.
1500 2636 1543 2662 25,
1555 2636 1592 2658 35.
1605 2635 1708 2658 Vocibus
1724 2635 1842 2665 quoddam

1003 2673 1171 2697 commercium
1188 2676 1261 2696 textus
1278 2674 1396 2702 originalis
1412 2674 1525 2696 interserit
1542 2673 1618 2703 quasi.

1065 2712 1074 2725 ¹³
1091 2713 1138 2735 Col.
1156 2714 1182 2740 3,
1196 2713 1231 2735 18.
1243 2719 1308 2742 seqq.
1325 2713 1377 2736 Post
1389 2712 1528 2742 parentibus
1540 2713 1605 2741 plura
1617 2713 1734 2736 adduntur
1749 2714 1770 2736 in
1783 2716 1842 2737 textu

1002 2751 1116 2779 originali.

1065 2789 1085 2803 ¹⁰
1102 2791 1178 2820 Matth.
1196 2791 1237 2817 lo,
1255 2790 1292 2812 38.
1311 2790 1360 2819 (cfr.
1376 2791 1431 2813 Luc.
1446 2790 1485 2819 it,
1497 2791 1544 2819 27.)
1562 2794 1584 2813 et
1595 2790 1694 2813 subinde
1706 2797 1728 2813 v.
1742 2791 1778 2818 41,
1792 2795 1842 2819 post

1002 2835 1073 2857 quem
1091 2831 1164 2851 textus
1180 2829 1298 2856 originalis
1314 2829 1379 2856 plura
1396 2829 1468 2852 addit.
1479 2829 1542 2858 Quae
1553 2832 1681 2858 sequuntur
1698 2832 1772 2852 sumta
1790 2832 1842 2852 suut

1003 2873 1029 2889 ex
1046 2873 1097 2894 cap.
1116 2867 1151 2889 «¹0.

1065 2904 1083 2918 ¹¹
1102 2906 1187 2928 Textus
1204 2906 1320 2933 originalis
1331 2907 1358 2929 ut
1368 2912 1455 2929 rursus
1473 2907 1604 2930 nascantur
1616 2908 1638 2930 et
1649 2906 1697 2930 vila
1709 2907 1841 2936 (Manichaei

1002 2943 1116 2973 siquidem
1134 2943 1284 2967 admittebant
1295 2944 1327 2967 sic
1339 2944 1424 2967 dictam
1440 2945 1677 2975 metempsychosim),
1688 2946 1728 2974 qui
1745 2946 1842 2969 subinde

1002 2985 1055 3011 post
1071 2982 1204 3006 laudamini
1219 2983 1282 3011 plura
1301 2982 1420 3006 subnectit.

1718 3032 1747 3053 39
