2133 3317
277 212 400 240 LXXXIV

276 290 355 314 Patris
372 292 394 313 ct
410 290 465 314 Filii
482 292 503 313 et
520 291 626 320 Spiritus
643 290 727 314 sancti.
740 291 822 314 Amen.
840 290 904 314 Sunt
920 290 1003 320 aliqua
1019 297 1125 315 neccssa-

276 337 313 359 ria
333 337 392 360 inter
409 337 508 360 virtutes
521 340 562 360 etc.
576 338 600 359 ln
612 336 728 366 aliquibus
740 337 815 359 dissert
832 336 862 359 ab
874 337 935 359 edito
944 354 949 364 ,
962 337 1045 360 desinit
1057 338 1125 360 etiam

276 385 313 406 fol.
334 384 386 406 156.
404 391 425 406 v.
444 385 479 407 his
497 384 586 406 verbis:
603 386 629 407 ut
646 384 749 413 accipias
767 384 879 413 qloriam,
897 390 970 414 quam
985 385 1126 415 preparavit

275 431 337 453 Deus
355 430 505 460 diliqcntibus
521 437 553 453 se.
573 431 654 453 Amen.

338 479 375 500 53.
392 477 493 506 Ibidem,
512 478 533 500 in
550 478 633 500 eodem
651 478 702 501 cod.
715 479 847 506 colligatum
865 482 899 501 est
915 479 976 502 aliud
994 480 1124 508 exemplar,

275 524 342 552 quod⁴
352 524 431 552 incipit
442 525 479 546 fol.
493 524 546 546 240.
563 531 575 546 a
593 524 698 547 rubrica:
717 524 799 554 Incipit
812 524 913 554 quedam
928 525 1026 554 epistola
1037 525 1123 555 fratris

274 571 440 595 Bona'ztenture
459 570 555 594 Ordinis
572 571 695 594 Minorum
712 571 744 594 ad
759 572 861 601 fratrem
879 578 958 595 suum.
976 573 1003 595 In
1015 572 1063 595 Xto
1080 575 1123 595 etc.

276 618 361 640 Desinit
380 619 416 640 l‘ol.
436 618 489 640 242.
507 624 529 640 v.
548 621 572 640 ut
588 618 611 640 in
628 618 703 641 editis.

337 665 374 687 54.
393 664 493 692 Ibidem,
512 664 649 687 bibliotheca
673 665 804 694 Principum
826 665 999 695 Chisianorum,
1024 666 1074 689 cod.
1097 667 1124 689 A.

274 712 311 734 lV.
333 712 381 733 102.
401 711 498 734 membr.
517 718 576 734 saec.
596 712 656 734 XlV.
672 725 703 728 —
720 713 782 735 Folio
801 713 837 735 65.
855 719 889 735 v.:
901 713 1020 742 Incipiunt
1036 720 1124 737 memo-

273 758 352 782 rialia.
371 760 397 781 In
416 760 463 782 Xto
481 765 525 782 suo
542 758 617 788 fratri
632 759 714 782 dilecto
734 760 758 782 Τ.
776 760 802 783 Β.
822 760 944 789 confrater
960 760 1010 784 eius
1027 763 1070 783 etc.
1083 761 1124 783 De-

275 807 328 828 sinit
346 807 383 828 rol.
400 807 439 828 79.
459 813 478 828 r.
497 809 520 828 ut
538 806 558 828 in
577 806 644 829 editis
665 813 718 829 cum
742 807 871 829 additione:
899 806 967 836 Vale,
984 808 1073 837 frater,
1099 807 1124 831 in

274 853 375 876 Domino
394 854 446 876 Iesu
458 853 513 880 le,
527 852 578 876 sine
595 859 641 883 quo
659 853 738 876 omnio
752 853 812 877 nihil
823 854 910 877 valent.
925 854 1067 884 Empliciunt
1077 861 1124 878 me—

274 900 386 923 morialia
402 900 517 929 pauperis
529 900 620 923 servuli
632 901 683 923 Iesu
695 900 739 923 Xti
750 900 862 931 crucifixi
874 901 1047 924 Bonaventure.
1060 902 1124 924 Laus

274 948 326 970 Iesu
343 947 399 969 A'to.
418 948 500 969 Amen.

337 994 373 1016 55.
393 993 492 1021 Ibidem,
511 994 562 1016 cod.
580 995 606 1016 Α.
625 994 662 1016 Vl.
680 994 731 1016 188.
750 994 848 1017 membr.
868 995 888 1016 in
908 995 944 1017 sol.
958 1001 1018 1018 saec.
1031 996 1082 1017 XV.
1094 1007 1124 1011 —

275 1041 417 1069 Opusculum
436 1041 515 1069 incipit
534 1042 571 1063 fol.
589 1041 642 1063 ⁴204.
661 1048 678 1063 r.
696 1041 741 1064 sub
759 1043 801 1063 hac
822 1041 926 1064 rubrica:
949 1042 1057 1071 Epistola
1081 1043 1124 1065 Bo-

274 1090 412 1112 nazienture.
431 1090 459 1111 In
476 1089 524 1112 Xto
542 1095 585 1112 suo
603 1089 678 1119 fratri
688 1088 770 1113 dilecto
785 1090 808 1112 Τ.
823 1090 992 1113 bonaventura
1004 1090 1125 1120 confrater

274 1135 323 1158 eins
341 1139 383 1158 etc.
403 1136 487 1158 Desinit
505 1136 541 1158 t'ol.
560 1136 612 1158 207.
631 1142 649 1158 r.
674 1136 766 1158 addito:
788 1136 854 1164 Vale,
874 1137 962 1166 stater,
981 1137 1005 1160 in
1024 1137 1123 1161 Domino

276 1183 340 1210 Ιιέιι,
358 1182 408 1205 sine
426 1188 472 1212 quo
490 1182 571 1205 onznia
588 1182 649 1205 nillil
666 1182 750 1205 calent.
769 1183 874 1212 Ezpticit
890 1183 989 1212 epistola
1007 1184 1124 1207 Bonavcn-

275 1230 328 1251 turc
344 1228 462 1257 reliyiosis
479 1227 608 1251 vutilissima
624 1230 645 1251 et
663 1228 762 1252 clericis.

338 1275 375 1297 56.
393 1274 542 1305 Salisburgyi,
561 1275 698 1298 bibliotheca
714 1276 843 1298 Monasterii
861 1276 882 1298 S.
900 1276 938 1303 B.‚
951 1276 1002 1299 cod.
1016 1276 1038 1298 b.
1050 1277 1075 1299 ll.
1087 1277 1124 1298 39.

274 1324 346 1344 chart.
359 1323 381 1344 in
394 1323 415 1344 8.
428 1328 487 1344 saec.
501 1322 551 1344 XV.
564 1335 594 1338 —-
607 1323 665 1345 Huic
677 1323 789 1350 opusculo
802 1323 854 1345 solio
867 1329 912 1345 non
930 1325 1051 1345 numerato
1064 1329 1127 1351 prae-

276 1369 371 1391 mittitur
389 1371 475 1391 tautum
494 1372 547 1397 post
559 1369 615 1391 alia:
635 1369 775 1398 Sequuntur
788 1368 825 1393 25
837 1369 979 1393 memoralia
995 1370 1073 1393 sancti
1084 1371 1126 1394 Bo-

275 1417 413 1443 naocnture,
427 1422 470 1445 istie
483 1416 552 1445 quasi
563 1415 648 1445 reytdu
659 1417 716 1439 sunt
728 1416 835 1439 oninium
846 1416 884 1446 pie
898 1418 920 1440 et
931 1417 1089 1446 spiritualiter
1101 1417 1125 1440 in

274 1462 322 1484 ,Xto
339 1461 417 1485 vivere
435 1461 571 1485 colentium.
583 1461 694 1485 Primum
706 1462 851 1485 memoriale.
864 1464 924 1486 Ante
936 1463 1017 1486 omnia
1028 1465 1126 1493 oportet,

273 1510 300 1531 ut
318 1510 339 1531 te
356 1512 399 1531 etc.
418 1509 514 1531 Desinit:
531 1509 586 1539 finis
609 1510 631 1532 et
654 1509 852 1539 complementum
875 1510 982 1533 omnium
1003 1510 1127 1534 desiderio-

275 1561 330 1578 rum
347 1557 496 1578 nostrorum.
515 1555 588 1579 Finis.

338 1603 376 1625 57.
395 1602 494 1631 Ibidem,
513 1603 566 1626 cod.
583 1603 606 1625 b.
624 1605 648 1626 ll.
666 1604 704 1626 26.
716 1605 788 1626 chart.
801 1604 823 1626 in
837 1605 873 1626 sol.
885 1610 946 1627 saec.
959 1605 1008 1627 XV.
1021 1617 1051 1621 —
1064 1605 1126 1627 Folio

275 1650 311 1671 60.
325 1655 358 1671 v.:
372 1649 457 1679 Incipit
474 1649 573 1679 epistola
589 1650 675 1679 fratris
693 1651 859 1673 Bouaveuturc
876 1651 904 1673 dc
918 1650 1029 1681 Bali-epto
1043 1651 1093 1680 (sic)
1106 1653 1127 1675 et

277 1697 379 1719 multum
399 1696 466 1720 bona.
485 1698 511 1720 In
528 1698 576 1720 Xto
594 1703 638 1720 suo
654 1697 729 1727 fratri
745 1697 895 1721 dilectissimo
913 1698 940 1720 E.
958 1698 985 1720 B.
1002 1698 1124 1728 confrater

276 1744 325 1767 eins
343 1748 386 1767 etc.
406 1744 492 1767 Desinit
510 1745 546 1767 sol.
563 1745 602 1767 72.
619 1751 642 1767 v.
661 1745 719 1767 utin
732 1745 799 1768 editis
810 1751 864 1767 cum
877 1745 1008 1768 additione:
1022 1745 1125 1775 Eoeplicit

275 1791 373 1821 epistola
390 1792 476 1821 fratris
493 1792 660 1815 Bonareuture
677 1792 743 1815 utilis
760 1794 781 1815 et
798 1792 865 1815 valde
891 1792 960 1816 bona.
988 1795 1056 1816 Anno
1085 1793 1127 1817 Do-

274 1838 334 1860 mini
351 1837 425 1862 4447.

337 1886 374 1907 58.
393 1886 477 1909 Sancti
493 1886 627 1909 Audomari
643 1887 664 1909 in
682 1887 765 1914 Gallia,
784 1887 923 1910 bibliotheca
942 1887 1058 1915 Civitatis,
1075 1888 1127 1911 cod.

276 1933 328 1955 242.
347 1932 445 1955 membr.
464 1934 487 1955 in
506 1933 527 1955 4.
544 1940 603 1956 saec.
622 1934 672 1956 XV.
685 1947 716 1950 —
728 1935 789 1956 Folio
807 1941 852 1957 non
873 1938 995 1957 numerato
1013 1938 1065 1963 post
1083 1936 1126 1958 alia

275 1981 374 2008 legitur:
392 1980 531 2010 Sequuntur
548 1981 621 2004 A'XV
636 1981 787 2004 memorialia
798 1982 876 2004 sancti
897 1982 1071 2009 ammomum-e,
1083 1988 1127 2012 que

276 2027 346 2058 quasi
362 2027 447 2057 rapula.
464 2029 520 2051 suut
537 2028 646 2051 omnium
661 2029 699 2058 pie
716 2030 739 2052 et
758 2028 916 2058 spiritualiter
934 2029 957 2052 in
980 2030 1028 2052 Xto
1050 2030 1127 2052 rivere

276 2074 412 2097 volentium.
431 2074 540 2097 Primum
557 2074 703 2097 nientorialc.
723 2076 782 2098 Ante
805 2075 887 2098 omnia
909 2077 1000 2105 oportet
1022 2079 1065 2098 etc.
1088 2076 1126 2098 De-

276 2122 329 2144 sinit
346 2121 437 2144 verhis:
455 2121 509 2151 finis
527 2123 550 2145 et
566 2121 763 2151 complementum
780 2122 887 2145 connium
900 2122 1073 2146 desideriorum
1085 2129 1126 2146 no-

276 2171 391 2192 strorum.
410 2171 492 2191 Amen.

340 2216 375 2238 59.
395 2215 478 2239 Sancti
496 2215 571 2244 Galli,
590 2215 729 2238 bibliotheca
747 2216 888 2244 monasterii,
906 2216 956 2239 cod.
976 2216 1028 2238 142.
1055 2217 1126 2239 chart.

276 2263 298 2284 in
319 2262 340 2284 ¹l.
357 2268 418 2284 saec.
435 2262 488 2284 XV.
513 2274 543 2278 —
569 2262 712 2290 Opusculum
731 2262 810 2290 incipit
833 2268 888 2290 pag.
913 2263 953 2285 291
984 2264 1027 2285 hoc
1050 2263 1126 2285 titulo:

276 2309 383 2339 Epistola
400 2308 519 2338 seraphici
535 2310 556 2332 et
572 2308 730 2332 illustrissimi
746 2309 849 2332 doctoris
876 2315 904 2333 ac
929 2309 1060 2332 cardinalis
1086 2310 1127 2333 Bo-

275 2358 408 2379 naventure
431 2355 458 2379 de
475 2356 639 2385 compendioso
662 2356 731 2379 modo
754 2356 907 2387 proficiendi,
934 2356 1009 2380 missa
1032 2356 1128 2380 cuidam

277 2403 394 2433 rcliqioso.
414 2405 438 2426 Iu
458 2404 505 2426 Xto
528 2409 573 2427 sito
596 2403 678 2427 dilecto
702 2404 732 2427 N.
756 2405 781 2427 Β.
802 2404 879 2433 frater
902 2404 952 2427 eius
974 2407 1018 2426 etc.
1043 2404 1129 2426 Desinit

277 2457 331 2479 pag.
349 2451 392 2473 298
412 2450 502 2473 verbis:
521 2451 568 2474 tuis
588 2450 735 2474 orationibus
752 2450 898 2474 commando.
911 2450 955 2473 Cui
966 2452 1000 2474 est
1018 2451 1094 2474 honor
1107 2452 1129 2474 et

276 2497 354 2527 gloria
372 2500 393 2520 ct
410 2497 540 2527 imperium
554 2504 600 2527 per
616 2497 733 2527 indefessa
750 2499 772 2521 et
788 2497 936 2521 immortalia
953 2499 974 2521 et
991 2497 1084 2528 infinita
1095 2504 1127 2520 se-

277 2544 332 2568 cula
349 2544 493 2568 seculorum.
511 2546 594 2568 Anien.

340 2592 376 2613 60.
395 2591 545 2619 Stronconii,
563 2591 703 2614 bibliotheca
721 2591 855 2614 Conventus
871 2592 976 2614 Fratrum
1002 2592 1127 2620 minorum,

277 2639 328 2662 cod.
347 2640 418 2661 chart.
436 2645 495 2661 saec.
515 2639 564 2661 XV.
584 2639 628 2661 iani
647 2641 740 2661 notatus
757 2645 827 2667 supra
845 2645 900 2667 pag.
915 2639 977 2661 XXll
990 2645 1011 2661 n.
1024 2638 1076 2661 235.
1097 2651 1127 2655 -

277 2686 395 2714 Opusculo
413 2686 568 2714 praemittitur
586 2687 642 2708 hacc
659 2685 764 2709 rubrica:
784 2685 891 2713 Qualiter
908 2692 980 2708 ueras
1002 2685 1127 2715 rcliyiosus

277 2732 359 2756 debeat
374 2732 460 2756 ducere
477 2733 551 2757 vitam
567 2739 639 2756 suam
656 2739 737 2757 coram
761 2734 809 2756 Deo
832 2734 852 2756 et
875 2732 1016 2756 hominibus.
1038 2733 1066 2755 In
1089 2738 1127 2755 no-

279 2781 341 2808 mine
358 2780 438 2803 Patris
456 2782 478 2803 et
494 2780 550 2803 Filii
565 2782 586 2803 ct
603 2780 709 2809 Spiritus
726 2780 810 2803 sancti.
827 2781 910 2803 Amen.
924 2779 987 2803 Sunt
997 2779 1080 2808 aliqua
1091 2785 1128 2802 ne-

281 2827 385 2850 cessaria
403 2827 464 2850 inter
481 2827 581 2850 virtutes
598 2830 640 2849 etc.
657 2827 743 2850 Desinit
760 2830 785 2849 ut
801 2827 824 2849 in
842 2827 916 2849 editis.

341 2874 378 2895 61.
400 2873 565 2902 Vindobonae,
583 2874 721 2897 bibliotheca
740 2875 847 2903 Palatina,
865 2874 916 2897 cod.
937 2875 1006 2896 1359.
1029 2873 1127 2896 membr.

278 2921 300 2943 in
319 2921 339 2943 4.
356 2926 416 2943 saec.
434 2921 484 2943 XV.
507 2934 538 2937 —-
563 2922 653 2944 Titulus
670 2921 768 2944 habetur
785 2922 823 2944 fol.
840 2921 877 2944 34.
895 2928 913 2944 r.
932 2921 967 2944 his
982 2920 1074 2944 verbis:
1092 2921 1128 2943 In-

278 2968 333 2997 cipit
350 2967 446 2997 epistola
464 2968 550 2997 fratris
567 2968 735 2991 Bonaventure
752 2968 779 2991 de
796 2968 884 2991 Balnco
901 2968 967 2998 reqio
985 2969 1007 2991 et
1023 2967 1127 2991 multum

974 212 1216 242 PROLEGOMENA
1238 214 1265 243 C.
1290 215 1317 242 11.

1182 291 1250 315 bona.
1269 294 1295 315 In
1313 294 1360 317 Xto
1378 299 1421 316 suo
1438 293 1513 322 fratri
1528 293 1678 317 dilectissimo
1699 294 1723 316 T.
1737 294 1762 316 B.
1779 294 1900 324 confrater
1917 294 1967 317 eius
1984 298 2028 318 etc.

1182 340 1268 362 Desinit
1286 341 1322 363 sol.
1341 340 1376 363 43.
1390 347 1425 362 xz:
1438 340 1501 370 quod
1517 340 1566 370 ipse
1583 340 1624 364 tibi
1640 340 1762 368 concedat,
1780 340 1823 370 qui
1837 342 1872 364 est
1882 347 1945 364 unus
1956 341 2028 364 attri-

1181 393 1227 410 nus
1244 386 1268 409 in
1286 387 1366 410 secula
1384 387 1523 410 benedictus.
1541 388 1623 410 Amen.
1637 387 1742 417 Emplicit
1751 387 1850 417 epistota
1863 388 2027 411 Bouaventure

1180 432 1246 455 utilis
1263 434 1285 456 et
1300 433 1368 456 valde
1386 432 1453 456 bona.
1472 434 1541 456 Anno
1558 432 1654 456 Domini
1671 432 1744 456 4447.

1245 480 1277 502 De
1295 480 1333 508 pio
1350 480 1462 508 scriptore
1480 480 1549 502 huius
1565 480 1651 502 codicis
1669 486 1751 502 manus
1763 481 1809 502 fere
1826 486 1911 502 coaeva
1925 481 1981 502 haec
1993 486 2028 502 re-

1180 526 1258 555 liquit:
1276 527 1344 550 Hunc
1362 532 1416 549 vero
1436 525 1540 549 libellum
1557 526 1653 556 scripsit
1670 532 1745 549 manu
1761 526 1861 556 propria
1886 525 2026 550 venerabilis

1179 575 1247 603 pater
1257 574 1368 597 dominus
1378 573 1495 597 Henricus
1504 573 1595 602 tertius,
1601 573 1737 603 prepositus
1747 573 1819 597 huius
1828 573 1968 597 Monasterii
1975 580 2028 597 san-

1180 622 1214 643 cte
1231 620 1346 644 Dorothee
1362 620 1463 650 virqtm's
1480 621 1502 643 et
1518 620 1640 648 martiris,
1662 626 1725 643 anno
1743 620 1840 643 Domini
1851 619 1976 644 MGCCCX
1979 620 2027 643 VII.

1181 669 1228 691 Iste
1245 667 1320 691 bonus
1333 669 1404 697 pater
1421 667 1468 697 fuit
1482 667 1597 696 maqister
1614 666 1705 690 artium
1721 669 1744 690 et
1760 666 1910 690 baccalarius
1927 667 1951 689 in
1966 666 2025 690 theo-

1181 714 1245 744 loqz'a
1261 720 1290 737 ac
1307 714 1472 743 colleyiatus...
1490 713 1574 741 Orate,
1592 713 1723 741 carissimi,
1738 720 1785 743 pro
1805 719 1831 736 eo
1849 713 1978 737 Dominum
1996 713 2028 737 be-

1180 761 1299 785 nedictum
1319 762 1341 783 et
1356 760 1497 790 ploriosum.
1510 760 1573 783 Idem
1587 760 1657 783 etiam
1674 760 1815 783 venerabilis
1831 761 1899 790 pater
1913 761 1968 790 post
1984 760 2027 790 epi-

1180 809 1266 832 stolam
1283 808 1369 838 fratris
1387 796 1553 831 Bonacenture
1569 807 1665 837 scripsit
1681 807 1751 831 etiam
1773 807 1874 837 propria
1895 814 1970 830 manu
1986 807 2028 831 ati-

1182 862 1229 885 qua
1246 854 1361 878 notabilia
1375 861 1421 884 pro
1440 853 1565 884 temptatis.

1244 903 1282 924 62.
1301 901 1400 929 Ibidem,
1418 901 1469 924 cod.
1488 901 1556 923 3655.
1574 902 1646 923 chart.
1664 901 1684 923 in
1703 902 1724 923 8.
1742 907 1801 923 saec.
1813 901 1864 923 XV.
1877 901 1987 923 exeuntis.
1998 913 2029 918 -—-

1183 950 1326 977 Opusculum
1345 950 1388 971 hoc
1405 952 1440 970 est
1456 948 1509 970 solio
1527 948 1565 970 60.
1582 954 1600 970 r.
1625 947 1669 970 sub
1695 948 1772 971 titulo:
1795 948 1878 978 Incipit
1902 948 2029 972 utilissima

1182 995 1281 1026 quedam
1299 995 1397 1025 epistola
1413 998 1464 1023 etc.,
1483 998 1507 1017 ut
1523 1002 1592 1023 supra
1612 1002 1634 1017 n.
1653 996 1688 1018 13.
1706 996 1735 1018 In
1746 995 1793 1019 Xto
1807 1001 1851 1019 suo
1868 995 1951 1019 dilecto
1964 995 1990 1018 E.
2004 997 2028 1019 B.

1181 1043 1208 1066 cte
1226 1043 1380 1073 Balneoreqio
1398 1043 1519 1073 confrater
1536 1042 1586 1065 eius
1604 1042 1628 1065 in
1640 1042 1748 1065 Domino.
1762 1043 1848 1065 Desinit
1858 1049 1911 1065 cum
1929 1043 2030 1066 editione

1181 1091 1217 1113 101.
1235 1090 1274 1112 75.

1246 1138 1282 1159 63.
1301 1137 1398 1163 Ibidem,
1417 1138 1469 1159 cod.
1487 1137 1556 1159 4742.
1573 1138 1644 1159 chart.
1663 1137 1683 1159 in
1703 1137 1723 1159 4.
1741 1143 1801 1160 saec.
1819 1137 1870 1159 XV.
1887 1149 1917 1154 -
1939 1137 2028 1160 Initium

1182 1185 1250 1206 huius
1267 1184 1371 1212 opusculi
1390 1188 1423 1206 est
1441 1184 1493 1206 solio
1513 1184 1564 1206 193.
1579 1190 1602 1206 v.
1614 1183 1703 1206 verbis:
1722 1184 1848 1207 Tractatus
1865 1183 2031 1206 Bonaventurc

1182 1230 1209 1253 de
1227 1230 1414 1254 consideratione
1431 1229 1505 1253 editus
1522 1233 1565 1252 etc.
1584 1231 1610 1252 In
1622 1230 1669 1253 Xto
1687 1235 1730 1252 suo
1746 1228 1822 1259 fratri
1837 1228 1987 1252 dilectissimo
2002 1229 2027 1252 T.

1181 1278 1207 1301 B.
1225 1278 1346 1307 confrater
1363 1281 1405 1300 etc.
1426 1278 1513 1300 Desinit
1531 1278 1566 1299 101.
1586 1278 1638 1299 199.
1656 1284 1677 1299 v.
1696 1277 1774 1300 verbis
1791 1284 1814 1299 n.
1832 1277 1870 1299 25.
1881 1280 1973 1299 nostrae
1985 1276 2030 1299 edi-

1182 1325 1266 1348 tionis:
1285 1324 1394 1348 continue
1410 1330 1438 1347 ac
1454 1323 1544 1354 fervide
1560 1324 1679 1352 caritatis,
1694 1324 1817 1347 decoratos
1834 1323 1941 1347 omnium
1960 1323 2030 1346 virtit-

1183 1374 1256 1395 tum...
1274 1372 1368 1400 Reliqua
1387 1372 1477 1394 desunt.

1246 1419 1283 1441 64.
1302 1418 1401 1446 Ibidem,
1420 1419 1473 1441 cod.
1491 1419 1560 1441 1713.
1578 1419 1670 1441 miscell.
1690 1419 1712 1440 in
1730 1419 1751 1440 8.
1768 1424 1827 1441 saec.
1846 1418 1896 1440 XV.
1918 1430 1949 1434 —
1970 1418 2030 1445 Opu-

1183 1466 1274 1488 sculum
1292 1465 1373 1493 incipit
1390 1466 1427 1487 sol.
1446 1465 1498 1487 123.
1516 1471 1535 1487 r.
1552 1465 1595 1487 sub
1614 1465 1691 1487 titulo:
1711 1465 1837 1488 Tractatus
1849 1463 1951 1487 doctoris
1968 1470 2031 1487 sera-

1179 1512 1245 1542 pliici
1262 1513 1339 1535 sancti
1355 1513 1520 1535 Bonaventure
1537 1511 1564 1534 dc
1581 1511 1721 1534 humilitate.
1739 1512 1765 1534 ln
1782 1511 1830 1534 Xto
1842 1517 1886 1534 suo
1903 1510 1978 1540 fratri
1998 1510 2030 1533 di-

1184 1559 1308 1583 lectissimo
1328 1560 1496 1582 Bonaventura
1513 1558 1634 1588 confrater
1652 1561 1694 1581 etc.
1712 1559 1800 1581 Desinit
1811 1565 1834 1581 n.
1852 1559 1874 1580 6.
1891 1557 1981 1580 verbis:
1995 1563 2031 1581 re-

1182 1606 1288 1635 sectionis
1305 1608 1395 1634 eterne,
1414 1605 1456 1628 ubi
1469 1607 1527 1628 sunt
1542 1611 1631 1635 maqna
1649 1606 1670 1628 et
1682 1604 1855 1633 inscrutabilia,
1867 1610 1972 1634 quorum
1983 1610 2031 1627 non

1183 1655 1217 1676 est
1233 1659 1356 1676 numerus.

1247 1700 1284 1722 65.
1306 1700 1405 1728 Ibidem,
1419 1700 1471 1722 cod.
1489 1699 1557 1722 3859.
1575 1701 1647 1722 chart.
1665 1700 1686 1722 in
1705 1700 1726 1721 8.
1744 1705 1803 1722 saec.
1816 1699 1866 1721 XV.
1879 1711 1909 1714 —
1920 1698 1981 1721 Folio
1994 1698 2031 1720 37.

1184 1754 1202 1769 r.
1221 1747 1300 1775 incipit
1318 1748 1361 1769 hoc
1378 1747 1517 1775 opusculum
1530 1747 1579 1769 sine
1592 1747 1668 1773 titulo,
1680 1749 1702 1768 et
1714 1746 1800 1768 omisso
1812 1746 1922 1773 prologo:
1936 1744 2033 1774 Oportet

1184 1796 1275 1822 autem,
1296 1797 1317 1818 tc
1334 1794 1465 1824 cupientem
1482 1794 1549 1824 sequi
1564 1794 1662 1824 vestigia
1679 1797 1721 1816 etc.
1734 1794 1820 1816 Desinit
1838 1793 1890 1816 solio
1903 1793 1939 1815 43.
1951 1799 1970 1815 r.
1983 1799 2032 1815 ver-

1184 1844 1231 1866 bis:
1249 1843 1312 1866 Deus
1327 1842 1446 1872 propitius
1463 1843 1510 1865 esto
1528 1841 1588 1864 milii
1599 1841 1727 1871 peccatori.

1248 1891 1286 1912 66.
1305 1889 1405 1917 Ibidem,
1423 1889 1446 1911 in
1463 1889 1545 1911 eodem
1564 1889 1616 1911 cod.
1633 1891 1667 1911 est
1683 1888 1745 1910 aliud
1762 1888 1879 1915 exemplar
1891 1887 1960 1910 huius
1976 1893 2033 1915 opu-

1184 1937 1241 1960 sculi
1259 1937 1295 1959 101.
1318 1937 1368 1959 133.
1384 1943 1407 1959 v.
1420 1937 1463 1958 hac
1475 1935 1567 1958 rubrica
1581 1935 1720 1957 indicatum:
1733 1934 1816 1964 Incipit
1827 1935 1944 1957 tractatus
1957 1933 2031 1957 bonus

1184 1986 1206 2007 et
1221 1984 1289 2007 utilis
1306 1983 1392 2013 fratris
1412 1984 1577 2006 Bonaventure
1593 1982 1620 2005 de
1636 1982 1724 2005 Balnea
1742 1982 1808 2011 reqio
1825 1985 1867 2004 etc.
1891 1981 1978 2004 Desinit
1995 1981 2032 2004 tol.

1185 2031 1249 2053 l43.:
1264 2030 1304 2060 qui
1316 2032 1350 2053 est
1365 2036 1429 2053 unus
1447 2031 1469 2053 et
1485 2029 1563 2052 trinus
1576 2028 1601 2052 in
1612 2028 1693 2052 secuta
1705 2028 1844 2052 benedictus.
1857 2029 1940 2052 Amen.
1951 2027 2032 2058 Empti-

1184 2078 1215 2101 cit
1231 2077 1328 2107 epistolii
1347 2077 1433 2106 fratris
1451 2077 1616 2100 Bonavcnturc
1633 2076 1660 2099 de
1677 2075 1765 2099 Balneo
1778 2076 1830 2105 (sic)
1843 2075 1947 2098 mullum
1959 2075 2031 2099 utilis.

1186 2123 1265 2147 «1470.
1283 2124 1307 2146 in
1324 2124 1359 2147 dic
1376 2123 1454 2147 sancti
1469 2122 1583 2147 Maurilii.

1248 2171 1284 2193 67.
1303 2170 1403 2198 Ibidem,
1421 2171 1474 2193 cod.
1492 2170 1560 2192 4348.
1578 2171 1649 2192 chart.
1671 2170 1694 2192 in
1718 2170 1740 2192 8.
1761 2176 1821 2192 saec.
1844 2170 1895 2191 XV.
1922 2169 2032 2192 exeuntis.

1185 2231 1216 2235 —
1234 2218 1295 2241 Folio
1316 2219 1367 2240 126.
1384 2225 1402 2240 r.
1419 2218 1531 2246 opusculo
1548 2217 1714 2245 praemittitur:
1733 2216 1839 2247 Epistola
1860 2216 1939 2240 sancti
1958 2217 2032 2239 Bona-

1184 2266 1290 2292 venture,
1310 2271 1354 2294 que
1371 2266 1404 2287 cst
1420 2264 1506 2294 regula
1518 2264 1543 2286 in
1554 2264 1602 2287 Xto
1619 2263 1697 2287 vicere
1715 2263 1849 2287 volentium.
1864 2263 1957 2291 incipit,
1969 2268 2033 2291 prae·

1185 2313 1296 2334 termissis
1314 2311 1467 2341 quibusdam,
1484 2318 1505 2334 n.
1525 2312 1545 2334 3.
1563 2314 1585 2333 et
1601 2310 1692 2333 verbis:
1709 2311 1786 2333 Venite
1797 2310 1829 2334 ad
1839 2317 1876 2334 me
1888 2316 1979 2338 omnes,
1992 2309 2034 2339 qui

1185 2358 1307 2382 laboratis.
1327 2359 1413 2381 Desinit
1431 2359 1482 2381 lolio
1501 2359 1552 2380 132.
1572 2365 1589 2380 r.
1607 2364 1661 2380 cum
1679 2358 1786 2380 editione.

1249 2407 1287 2428 68.
1304 2406 1404 2434 Ibidem,
1423 2406 1475 2429 cod.
1496 2406 1560 2428 1288.
1579 2406 1650 2427 chart.
1669 2405 1691 2427 in
1710 2405 1730 2427 8.
1749 2411 1808 2427 saec.
1826 2405 1875 2427 XV.
1887 2417 1918 2421 —
1931 2404 2033 2432 opuscu-

1184 2454 1231 2476 lum
1250 2453 1329 2481 incipit
1346 2454 1399 2475 solio
1418 2453 1471 2476 145.
1488 2459 1507 2475 r.
1528 2459 1582 2475 cum
1600 2453 1750 2475 indicatione:
1776 2452 1880 2482 Epistola
1905 2451 2032 2475 utilissima

1184 2500 1285 2530 quedam
1302 2500 1385 2523 eoeimii
1401 2499 1504 2523 doctoris
1522 2500 1701 2527 Bonacenture,
1719 2505 1764 2529 que
1780 2500 1814 2522 est
1839 2498 1910 2528 quasi
1932 2498 2032 2528 quedam

1183 2547 1270 2577 reputa
1287 2549 1307 2570 et
1326 2547 1441 2570 institutio
1456 2547 1495 2576 pic
1512 2548 1533 2569 rt
1554 2546 1711 2576 spiritualiter
1733 2546 1758 2569 in
1777 2546 1825 2570 Xto
1847 2545 1983 2569 viventium.
2005 2546 2032 2568 In

1183 2594 1231 2617 Xto
1254 2600 1298 2617 suo
1316 2593 1398 2617 dilecto
1425 2594 1593 2617 Bonacentura
1610 2593 1647 2616 del
1663 2593 1752 2616 Balneo
1769 2592 1834 2623 reyio
1852 2596 1895 2615 etc.
1911 2592 1997 2615 Desinit
2009 2595 2033 2615 ut

1182 2641 1205 2663 in
1223 2641 1291 2664 editis
1309 2642 1347 2663 sol.
1365 2641 1416 2663 Ἰ154.
1434 2647 1457 2663 v.

1248 2688 1286 2710 69.
1302 2687 1403 2716 Ibidem,
1425 2688 1476 2710 cod.
1494 2688 1563 2710 3808.
1581 2688 1653 2710 chart.
1670 2687 1693 2709 in
1712 2687 1733 2709 4.
1751 2693 1811 2710 saec.
1828 2687 1879 2710 XV.
1891 2699 1920 2702 ——
1931 2687 2034 2715 Opuscu-

1183 2735 1230 2757 lum
1256 2735 1336 2762 incipit
1359 2735 1395 2757 sol.
1414 2735 1452 2756 53.
1469 2741 1488 2756 r.
1505 2735 1555 2757 sine
1572 2734 1616 2757 ullo
1635 2734 1713 2756 titulo:
1730 2735 1757 2757 In
1778 2735 1821 2757 :cto
1842 2733 1917 2763 fratri
1936 2739 1979 2756 suo
2002 2732 2034 2755 di·

1186 2781 1313 2804 lectissimo
1327 2781 1351 2804 Ο.
1366 2781 1536 2804 bonaventura.
1553 2781 1674 2810 confrater
1691 2783 1734 2803 etc.
1753 2781 1838 2803 Desinit
1853 2781 1889 2803 59.
1907 2786 1926 2802 r.
1943 2779 2032 2802 verbis:

1170 2825 1307 2851 ”humiliter
1318 2828 1398 2858 quoad
1411 2829 1491 2851 Deum.
1501 2828 1531 2851 Et
1541 2828 1575 2851 sic
1587 2829 1620 2851 est
1631 2827 1685 2857 finis
1699 2827 1764 2851 iltius
1777 2829 1900 2851 tractatus.
1911 2827 1979 2850 Anno
1988 2825 2032 2850 56.

1185 2873 1274 2902 (1436.)
1292 2873 1317 2896 in
1334 2873 1370 2896 die
1386 2873 1464 2897 sancti
1480 2873 1567 2897 IlIatItie
1578 2873 1686 2903 apostoli.
1705 2873 1778 2896 Orate
1791 2879 1838 2903 pro
1856 2879 1892 2896 me
1901 2873 2032 2902 peccatore.

1246 2921 1284 2942 70.
1304 2920 1403 2949 Ibidem,
1418 2920 1555 2943 bibliotheca
1568 2921 1697 2943 Monasterii
1710 2921 1846 2948 Scotorum,
1858 2920 1909 2944 eod.
1926 2919 1997 2942 5411.
2015 2920 2033 2942 1.

1186 2968 1258 2989 chart.
1271 2967 1293 2989 in
1306 2968 1326 2989 8.
1340 2973 1400 2990 saec.
1411 2967 1464 2990 XV.
1473 2980 1502 2982 —
1514 2967 1576 2989 Folio
1588 2973 1606 2989 r.
1618 2973 1662 2989 non
1675 2970 1808 2989 numerato:
1827 2966 1911 2996 Incipit
1930 2965 2033 2995 epistola
