2133 3317
130 699 181 717 llaec
194 698 208 716 si
211 702 247 721 gna

123 721 248 745 spiritualiter

122 745 235 764 innovanda.

121 1721 206 1739 Christus
214 1726 255 1740 cum

138 1745 246 1763 doctoribus

128 1768 253 1791 quaerendus,

120 1795 141 1810 ut
150 1792 182 1810 det
190 1797 253 1810 veram

121 1815 240 1839 sapientiam.

264 231 299 259 96
658 227 856 257 OPUSCULUM
877 227 919 255 lV.
941 227 984 255 DE
1006 227 1037 255 V.
1059 226 1333 256 FESTIVITATIBUS.
1355 226 1626 255 ADDITAMENTUM.

264 310 328 335 soles
356 308 530 341 apparuerunt
562 307 587 332 et
615 306 737 338 paulatim
765 307 792 331 in
820 313 898 331 unum
916 313 1007 337 corpus
1032 305 1113 331 solare

265 352 325 378 sunt
343 352 445 378 redacti.
464 351 496 376 In
515 351 553 375 die
571 350 652 375 media
670 350 779 375 circulus
800 356 892 374 aureus
911 348 1031 380 apparuit
1049 349 1114 374 circa

264 396 354 425 solem,
382 395 407 420 et
434 395 459 419 in
488 393 567 418 medio
595 393 681 418 circuli
705 393 776 424 virgo
802 392 984 424 pulcherrima,
1009 399 1114 423 puerum

263 439 367 471 gestans
385 438 411 462 in
429 437 532 469 gremio.
552 435 585 461 Et
604 436 663 467 quid
682 436 777 467 plura?
794 435 876 460 Istam
888 435 1060 460 beatissimam
1072 443 1114 460 na-

264 481 390 507 tivitatem
409 480 501 512 Augeli
519 478 668 504 mirabiliter
682 478 874 510 praedicabant,
888 478 1003 510 pastores
1016 486 1115 503 annun-

264 523 376 553 tiabant,
396 523 515 548 animalia
533 522 610 547 bruta
628 521 838 553 cognoscebant¹.
858 521 933 551 Ecce,
951 522 1002 546 iam
1014 521 1114 551 vidisti,

264 567 380 599 qualibus
400 566 479 598 signis
498 565 523 590 et
542 565 663 597 prodigiis
682 565 720 590 est
738 564 872 590 visibiliter
890 564 1032 590 monstrata
1050 564 1114 589 nati-

263 609 330 634 vitas
349 608 497 633 Salvatoris.
657 610 658 613 ’

334 651 381 676 Sed
399 652 449 676 iam
467 651 570 676 adverte
590 650 737 683 diligenter,
756 650 837 675 fidelis
857 651 954 680 anima,
969 658 1031 682 quae
1044 650 1115 682 cupis

265 703 318 721 esse
336 695 395 720 Iesu
413 694 494 720 mater
513 702 542 719 ex
561 694 660 726 gratia,
679 694 765 719 utrum
784 695 810 719 in
829 694 853 719 te
867 694 1034 726 spiritualiter
1046 695 1115 719 inno-

264 738 325 764 vata
343 738 395 763 sint
413 738 474 763 haec
492 738 566 769 signa
585 738 609 763 et
630 738 763 762 immutata
782 737 907 762 mirabilia
918 736 941 767 ²,
961 737 990 762 ut
1009 738 1044 762 sic
1061 744 1115 769 pos—

264 783 298 807 sis
317 782 462 814 aliqualiter
480 782 612 807 certificari
631 782 660 806 de
679 781 726 806 hac
744 781 879 806 nativitate
903 781 1042 806 salutifera.
1066 781 1115 806 Ad-

264 826 333 851 verte
351 826 498 858 diligenter,
518 825 647 851 considera
670 825 826 857 frequenter,
855 832 887 850 an
915 825 1015 856 aliquod
1038 825 1065 850 in
1090 825 1115 850 te

263 869 386 895 corruerit
405 870 541 901 tempium,
560 869 606 895 hoc
625 869 664 894 est
682 869 811 900 appetitus
830 876 909 894 vanae
928 868 1071 894 ambitionis
1090 868 1115 893 et

265 914 413 945 superbiae;
433 913 519 938 utrum
539 913 654 938 ceciderit
672 913 787 944 idolum,
806 913 832 937 id
850 912 889 937 est
908 912 1012 937 affectus
1030 912 1115 937 foedae

264 958 428 989 possessionis
448 957 473 982 et
491 957 630 987 avaritiae;
649 956 767 982 utrumne
786 956 867 981 adhuc
883 956 960 988 aliqui
973 956 1115 981 interierint

265 1001 413 1031 sodomitae,
443 1000 537 1026 scilieet
563 1001 678 1026 carnales
700 1000 877 1026 delectationes
897 1000 922 1025 et
940 1000 1115 1031 concupiscen-

264 1044 322 1070 tiae.
341 1045 410 1070 Haec
429 1044 489 1070 sunt
508 1044 580 1076 quasi
599 1044 680 1075 prima
699 1044 772 1075 signa
790 1043 864 1068 istius
887 1042 1031 1068 nativitatis
1050 1043 1115 1067 salu-

265 1087 366 1117 tiferae,
386 1087 485 1119 quando
504 1088 553 1112 iam
573 1087 656 1111 anima
676 1094 701 1111 se
721 1086 798 1111 sentit
817 1086 964 1111 evacuatam
978 1085 1115 1110 ambitione

264 1138 309 1162 per
327 1130 447 1156 virtutem
466 1130 632 1160 humilitatis,
653 1129 793 1161 cupiditate
819 1136 863 1160 per
891 1128 1013 1153 virtutem
1039 1128 1115 1160 pieta-

265 1174 312 1203 tis,
331 1174 461 1205 voluptate
480 1181 524 1205 per
543 1173 665 1198 virtutem
684 1172 811 1197 castitatis
822 1171 840 1197 ³.
859 1187 895 1190 —
912 1172 975 1197 Post
987 1172 1048 1197 haec
1061 1179 1115 1197 eon-

266 1217 347 1242 sidera
365 1211 420 1242 011111
439 1224 532 1248 magna
550 1216 693 1248 diligentia,
713 1216 798 1249 utrum
827 1216 853 1240 in
876 1215 900 1240 te
929 1214 1018 1240 floreat
1040 1215 1115 1239 vinea

265 1259 380 1291 Engaddi
399 1258 424 1284 et
442 1258 583 1289 balsamifi
603 1258 649 1284 hoc
668 1258 707 1283 est
725 1258 861 1283 multitudo
889 1258 1033 1283 sanctarum
1059 1257 1115 1282 affe-

265 1302 391 1332 ctionum;
411 1302 497 1327 utrum
516 1302 580 1327 fluat
599 1300 658 1331 fons
677 1302 737 1331 olei,
756 1301 782 1326 id
801 1301 852 1331 est,
873 1301 902 1325 de
921 1301 964 1326 1110
984 1301 1056 1325 corde
1078 1308 1116 1325 ex-

265 1345 324 1371 eant
343 1353 418 1377 opera
436 1345 632 1375 misericordiae3
660 1345 747 1369 utrum
777 1345 826 1369 tres
853 1344 933 1375 soles,
956 1343 981 1368 id
1000 1344 1038 1368 est
1063 1343 1115 1368 tres

266 1389 419 1421 theologicae
438 1388 556 1419 virtutes,
576 1388 690 1414 oriantur
708 1389 735 1413 in
754 1388 862 1417 oriente,
881 1387 906 1412 id
925 1387 963 1412 est
981 1388 1008 1412 111
1026 1387 1116 1412 devota

1170 305 1252 331 mente
1277 305 1303 330 et
1329 305 1451 330 uniantur
1474 305 1541 330 inter
1568 312 1594 330 se
1622 304 1724 330 mutuae
1752 305 1820 336 pacis
1847 304 2021 330 foederatione.

1170 348 1231 373 Vide
1251 348 1335 378 etiam,
1354 349 1376 373 si
1393 347 1470 373 stella
1487 354 1568 373 novae
1587 347 1733 379 claritatis,
1752 347 1778 372 id
1802 347 1841 372 est
1863 348 1960 373 divinae
1985 355 2022 373 co-

1170 392 1299 424 gnitionis,
1318 392 1399 417 adhuc
1414 391 1509 423 aliquid
1527 390 1641 423 fulgeat;
1662 391 1682 416 si
1702 391 1814 416 circulus
1833 398 1928 416 anrens
1947 391 2021 416 iuxta

1170 435 1262 467 solem,
1276 435 1301 460 id
1314 435 1366 465 est,
1386 435 1474 460 sancta
1493 434 1590 459 affectio
1603 434 1673 459 iuxta
1686 434 1815 465 limpidam
1826 432 1836 446 ⁵
1855 433 2021 465 cognitionem

1171 478 1310 510 appareat;
1330 479 1351 503 si
1368 479 1442 510 viryo
1461 485 1518 502 cum
1532 484 1616 508 puero
1634 477 1686 502 illic
1705 476 1803 507 sedeat,
1822 477 1847 502 id
1866 477 1918 507 est,
1939 478 1959 502 si
1970 485 2021 503 ora—

1171 521 1206 546 tio
1225 529 1289 553 pura
1307 528 1363 546 011111
1383 520 1512 546 devotione
1532 521 1628 545 sincera
1652 520 1678 544 in
1700 519 1829 545 affectione
1857 519 2020 551 permaneat3

1171 564 1229 596 post
1246 564 1307 589 haec
1326 564 1416 593 omnia,
1437 564 1457 588 si
1483 564 1591 588 adorent
1615 563 1757 594 animalia,
1785 563 1811 587 id
1838 562 1890 592 ost,
1914 562 2022 594 perfecte

1172 607 1264 632 rationi
1283 607 1381 632 obediat
1400 614 1460 638 pars
1480 606 1614 636 sensitiva3
1635 606 1655 630 si
1675 607 1802 637 quaerant
1819 613 1904 637 reyes,
1923 606 1949 630 id
1969 605 2021 635 est,

1171 650 1299 675 desideriis
1318 650 1343 675 et
1362 649 1534 674 affectionibus
1561 649 1633 674 novis
1653 649 1685 673 ad
1703 649 1788 674 Iesum
1806 647 1955 674 moveantur
1973 649 2022 673 vir-

1171 694 1240 720 tutes
1258 693 1458 723 intellectuales3
1478 693 1499 717 si
1518 691 1628 724 Anqen,
1647 692 1673 717 id
1693 692 1732 717 est
1751 699 1835 717 omnes
1853 691 1956 717 habitus
1974 692 2022 717 vir-

1171 738 1251 767 tuosi,
1281 745 1325 768 per
1353 736 1444 761 mentis
1470 735 1626 760 hilaritatem
1654 735 1776 767 iubilant,
1804 735 1908 767 propter
1930 734 2022 760 mentis

1171 780 1383 813 tranquillitatem
1407 786 1499 811 paoem
1517 779 1651 810 nuntient,
1671 779 1775 810 propter
1803 779 1884 804 cordis
1906 778 2023 804 serenita-

1172 824 1222 849 tem
1241 824 1329 849 Iesum
1345 823 1503 854 praedicent.
1522 822 1557 847 Et
1576 822 1703 853 postremo
1728 822 1857 847 subtiliter
1879 822 2022 852 considera,

1173 868 1193 892 si
1209 869 1341 899 pastores,
1361 866 1386 891 id
1405 866 1443 891 est
1462 866 1563 891 sanctae
1583 865 1772 896 meditationes,
1787 866 1921 897 parvulum
1934 865 2023 890 natum

1171 911 1255 936 Iesum
1283 909 1329 934 tibi
1357 909 1444 934 datum
1472 909 1498 933 in
1524 909 1654 940 praesepio
1674 908 1812 933 inveniant.
1832 908 1961 939 Praesepe
1985 907 2024 933 est

1172 953 1322 979 couscientia
1340 952 1444 977 inferius
1464 952 1549 977 clausa
1568 959 1613 983 per
1631 951 1802 983 contemptum
1825 951 2023 983 mundanorum,

1173 997 1287 1028 superius
1306 996 1395 1027 aperta
1415 1003 1459 1027 per
1478 995 1626 1020 desiderium
1645 994 1812 1020 aeternorum.
1832 995 1880 1020 Hic
1899 994 1937 1020 est
1953 995 2023 1020 locus

1172 1040 1333 1072 requietionis
1352 1039 1469 1071 pauperis
1487 1039 1576 1070 Regis,
1595 1038 1647 1063 illic
1666 1038 1723 1069 post
1736 1037 1895 1062 nativitatem
1914 1045 1930 1062 a
1942 1037 2024 1062 Matre

1173 1082 1316 1115 reponitur,
1336 1082 1370 1107 ibi
1389 1090 1404 1107 a
1424 1081 1568 1113 pastoribus
1591 1081 1726 1106 invenitur.
1755 1080 1775 1106 O
1803 1080 1862 1106 felix
1889 1088 2022 1112 praesepe,

1173 1134 1235 1158 quae
1254 1125 1366 1151 contines
1384 1125 1477 1156 Regem
1495 1125 1604 1156 gloriae!
1624 1124 1656 1149 In
1674 1124 1699 1149 te
1718 1125 1817 1149 invenio
1836 1124 1917 1149 cibum
1930 1124 2024 1149 iumen-

1173 1169 1257 1195 torum
1276 1169 1301 1194 et
1320 1169 1477 1194 refectionem
1491 1169 1646 1200 Angelorum
1657 1167 1675 1193 ὃ.
1695 1168 1732 1193 De
1750 1168 1775 1193 te
1795 1168 1934 1200 pascuntur
1947 1167 2023 1193 bruta

1173 1213 1305 1242 animalia,
1326 1213 1351 1237 et
1369 1212 1480 1237 refieitur
1498 1212 1582 1236 anima
1607 1211 1710 1241 devota,
1731 1211 1768 1241 te,
1787 1211 1846 1236 11001
1873 1211 2022 1242 improprie,

1173 1256 1257 1281 tamen
1271 1256 1365 1280 felicem
1380 1255 1510 1286 praedic0;
1531 1255 1574 1279 sed
1591 1255 1672 1280 multo
1685 1254 1818 1280 feliciorem
1837 1255 1890 1280 dico
1909 1254 2024 1279 devotam

1173 1299 1362 1327 conscientiam,
1387 1305 1449 1329 quae
1468 1305 1518 1323 non
1537 1297 1576 1322 est
1594 1297 1619 1322 id
1639 1298 1704 1329 quod
1722 1297 1751 1322 tu
1770 1305 1815 1329 per
1828 1297 1969 1327 essentiam,
1983 1297 2026 1322 sed

1173 1342 1258 1367 tamen
1282 1341 1394 1367 continet
1423 1341 1590 1372 spiritualiter
1619 1341 1684 1372 quod
1712 1341 1741 1366 tu
1771 1341 1915 1366 continebas
1943 1347 2026 1372 corpo-

1173 1386 1270 1411 raliter.

951 1530 1281 1567 ADDITAMENTUM
1307 1530 1347 1565 II.

338 1672 454 1703 Quaerite
479 1672 566 1702 etiam,
588 1679 601 1697 0
623 1679 708 1703 reges,
728 1679 783 1696 cum
803 1670 949 1696 doctoribus
960 1669 977 1701 ⁷,
1000 1670 1030 1694 ut
1048 1670 1118 1695 vobis

267 1717 363 1748 pandat
382 1716 477 1741 secreta
502 1723 560 1740 suae
585 1714 756 1740 inscrutabilis
776 1714 927 1745 sapientiae,
953 1714 983 1738 ut
1001 1713 1118 1738 ostendat

267 1760 394 1791 magnalia
418 1767 476 1784 suae
495 1758 650 1783 admirabilis
678 1758 816 1789 potentiae,
836 1757 866 1782 ut
893 1751 937 1783 vos
962 1757 1049 1782 doceat
1079 1757 1118 1782 be-

266 1803 392 1835 neplacita
420 1810 478 1828 suae
506 1801 676 1827 desiderabilis
703 1800 843 1826 voluntatis
870 1800 896 1825 et
914 1800 1117 1832 compl-acontiae.

267 1847 393 1877 Quaerite,
413 1847 529 1878 iuquam,
549 1853 606 1870 cnm
631 1845 784 1875 reverentia,
811 1844 931 1876 quomodo
957 1845 1039 1869 omnia
1065 1844 1117 1869 tam

265 1891 381 1923 potenter
394 1890 423 1915 de
436 1889 514 1915 nihilo
527 1889 662 1919 creaverit,
683 1888 803 1920 quomodo
816 1888 906 1913 cuncta
925 1888 977 1913 tam
991 1887 1118 1919 sapienter

265 1935 292 1959 in
309 1935 426 1959 universo
445 1932 612 1963 ordinaverit,
639 1932 758 1964 quomodo
781 1931 882 1963 singula
906 1931 960 1956 tam
984 1930 1118 1956 clementer

265 1978 385 2003 ineffabili
403 1975 486 2003 (10110Β
505 1975 667 2002 decoraverit.
687 1974 803 2005 Quaerite
823 1974 968 2006 humiliter,
988 1975 1009 1999 si
1033 1974 1118 1999 tamen

265 2022 359 2047 homini
378 2021 417 2046 fas
435 2020 474 2046 est
491 2021 517 2045 in
536 2019 583 2044 hac
601 2019 654 2044 vita
672 2018 837 2050 investigare,
857 2017 966 2049 qualiter
988 2017 1046 2042 illae
1065 2017 1118 2042 tres

266 2071 386 2097 personae
405 2063 550 2094 coaequales
568 2062 593 2087 et
612 2061 756 2087 coaeternae
769 2059 911 2085 subsistant
928 2060 955 2084 in
973 2067 1024 2084 una
1042 2059 1068 2084 et
1080 2060 1119 2084 in-

266 2107 367 2132 dividua
386 2106 540 2135 substantia,
561 2105 586 2130 et
604 2105 651 2129 hoc
668 2105 695 2129 in
714 2103 838 2129 Trinitate
859 2102 1018 2133 beatissima,
1038 2102 1119 2133 quali-

267 2150 306 2175 ter
323 2150 381 2175 illae
409 2148 461 2174 tres
480 2148 651 2177 substantiae,
679 2146 794 2171 videlicet
816 2146 899 2171 earnis
927 2146 952 2170 et
971 2145 1068 2170 animae
1094 2145 1119 2169 et

267 2193 387 2223 Deitatis,
406 2191 556 2218 conveniant
568 2192 594 2216 iu
606 2198 657 2215 una
676 2197 796 2222 persona,
816 2189 842 2214 et
859 2189 905 2214 1100
923 2189 950 2213 111
970 2188 1064 2213 Christi
1083 2188 1118 2212 in-

267 2236 411 2261 carnatione
430 2234 614 2264 sacratissima,
628 2233 735 2265 qualiter
754 2232 786 2257 ab
799 2232 900 2257 aeterno
919 2231 996 2256 Pater
1009 2238 1023 2255 a
1036 2231 1117 2260 nullo,

267 2280 347 2305 Filius
369 2286 384 2304 a
408 2278 485 2303 Patre
510 2278 574 2306 solo,
600 2276 709 2308 Spiritus
734 2275 836 2300 sauctus
861 2275 892 2299 ab
917 2274 1031 2305 utroque.
1060 2274 1119 2305 Ipse

268 2330 340 2355 quem
359 2322 480 2354 quaeritis
504 2320 590 2346 doctor
608 2320 647 2345 est
671 2319 696 2344 et
719 2319 831 2350 cognitor
857 2318 936 2343 omnis
955 2316 1085 2346 veritatis,
1105 2324 1119 2341 a

1174 1676 1222 1701 quo
1242 1670 1321 1694 omnis
1340 1668 1434 1693 veritas
1462 1668 1657 1699 primordialiter
1680 1667 1851 1699 progreditur,
1881 1675 1925 1699 per
1953 1675 2027 1699 quem

1175 1713 1254 1738 omnis
1273 1712 1367 1736 veritas
1380 1711 1554 1743 principaliter
1573 1710 1702 1742 quaeritur
1713 1709 1731 1740 ⁹,
1751 1718 1795 1742 per
1808 1718 1881 1742 quem
1894 1711 1974 1736 omnis
1987 1718 2026 1735 ve-

1174 1755 1238 1780 ritas
1251 1755 1427 1786 exemplariter
1446 1754 1603 1785 producitur,
1618 1753 1649 1778 ad
1668 1761 1741 1785 quem
1754 1753 1834 1778 omnis
1852 1753 1946 1778 veritas
1965 1753 2026 1778 fina-

1174 1799 1233 1824 liter
1252 1798 1379 1823 reducitur
1398 1798 1423 1823 et
1442 1797 1581 1823 ordinatur.
1600 1797 1659 1828 Ipse
1678 1797 1743 1822 enim
1763 1796 1801 1821 est
1814 1796 1911 1826 doctor,
1931 1797 1973 1828 qui
1986 1797 2026 1822 do-

1174 1842 1214 1868 cet
1232 1849 1329 1867 omnem
1356 1841 1503 1866 veritatem:
1532 1839 1665 1865 veritatem
1693 1840 1772 1871 vitae,
1802 1847 1876 1871 quam
1894 1840 1921 1865 in
1940 1839 2027 1865 multis

1175 1885 1300 1911 destruxit
1316 1884 1401 1910 lutosa
1419 1883 1554 1916 gulositas3
1568 1882 1700 1908 veritatem
1714 1883 1858 1914 doctrinae,
1878 1890 1953 1914 quam
1965 1882 2027 1915 heu,

1174 1930 1201 1954 in
1220 1929 1345 1961 plerisque
1364 1927 1474 1953 caecavit
1496 1926 1647 1958 voluptuosa
1666 1926 1781 1956 vanitas;
1800 1925 1932 1951 veritatem
1955 1926 2028 1951 insti-

1176 1973 1239 2003 tiae,
1258 1979 1333 2003 quam
1352 1972 1379 1996 iu
1397 1970 1485 1996 multis
1504 1970 1625 2002 effugavit
1644 1970 1783 2001 periculosa
1802 1968 1951 2000 improbitas
1975 1969 2029 1993 avi-

1175 2015 1263 2040 ditatis
1274 2013 1303 2039 ²⁰.
1317 2029 1353 2032 ——
1371 2014 1487 2044 Quaerite
1507 2020 1579 2045 ergo,
1593 2020 1607 2038 0
1620 2020 1664 2038 vos
1683 2019 1754 2044 reges
1773 2011 1869 2042 devoti,
1882 2012 1979 2042 Iesum,
1999 2011 2029 2037 ut

1175 2064 1219 2082 vos
1239 2056 1325 2082 doceat
1344 2063 1441 2082 omnem
1459 2055 1606 2080 veritatem:
1626 2054 1759 2080 veritatem
1777 2055 1860 2086 vitae,
1881 2054 1910 2079 ut
1928 2054 2027 2083 sciatis,

1175 2100 1283 2132 qualiter
1302 2107 1346 2125 vos
1364 2100 1432 2130 ipsos
1451 2098 1549 2124 utiliter
1573 2106 1658 2130 regere
1677 2097 1805 2127 debeatis;
1831 2097 1964 2122 veritatem
1983 2097 2028 2122 clo-

1176 2144 1287 2174 ctrincn’,
1307 2143 1336 2167 ut
1355 2142 1524 2174 cognoscatis,
1543 2142 1652 2173 qualiter
1671 2140 1794 2166 subiectos
1811 2140 1973 2165 laudabiliter
1992 2140 2029 2165 dj-

1176 2186 1282 2218 rigatis;
1301 2186 1434 2211 veritatem
1458 2185 1587 2216 institiae,
1606 2184 1636 2209 ut
1660 2184 1824 2216 intelligatis,
1844 2183 1952 2215 qualiter
1977 2183 2028 2209 Deo

1176 2230 1283 2255 viriliter
1294 2228 1314 2241 ¹²
1329 2229 1453 2253 serviatis.
1463 2243 1499 2246 —
1509 2228 1624 2258 Quaerite
1638 2228 1713 2253 etiam
1726 2227 1810 2252 Iesum
1826 2227 1960 2258 aliquando
1973 2234 2029 2252 cum

1176 2280 1273 2303 sponsa
1293 2271 1454 2305 dilectissima
1472 2272 1498 2296 in
1523 2271 1598 2295 horto
1626 2270 1791 2301 cleliciczrnm,
1817 2270 1859 2294 ubi
1887 2269 2030 2295 deambulat

1177 2323 1232 2341 cum
1251 2314 1454 2344 adolescentulis,
1474 2314 1517 2339 ubi
1540 2314 1595 2338 lilia
1614 2313 1710 2345 colligit
1728 2321 1783 2338 cum
1808 2313 1961 2345 virginibus,
1986 2313 2030 2338 ubi

269 2505 361 2528 Mariam
381 2505 489 2526 infantem
511 2503 532 2525 in
556 2502 616 2525 ulnis
639 2501 775 2528 habentem,
801 2503 909 2523 monente
934 2499 1024 2528 Sibilla,
1050 2499 1118 2522 subli-

268 2543 330 2559 mem
349 2537 371 2558 in
389 2536 442 2558 acre
459 2534 489 2557 ab
506 2534 588 2557 eodem
607 2535 711 2561 Augusto
735 2533 779 2555 illic
796 2538 846 2555 esse
864 2534 1010 2559 conspectam
1024 2540 1046 2553 n.
1058 2531 1118 2553 Vide

270 2570 384 2591 innocent.
397 2568 433 2593 ill,
452 2568 525 2589 Serm.
543 2566 579 2588 cit.
597 2578 627 2581 —
645 2566 687 2587 Pro
705 2570 779 2594 usqne
796 2563 820 2586 in
840 2563 942 2586 Tiberim
959 2563 976 2585 G
994 2568 1069 2592 usqne
1086 2561 1119 2585 ad

272 2599 379 2623 Tiberim..
396 2598 500 2621 Subinde
521 2598 572 2619 Vat.
590 2603 643 2619 cuin
661 2596 679 2618 G
696 2596 752 2623 legit
778 2595 859 2623 (secuti
885 2601 966 2617 sumus
991 2594 1032 2623 F):
1049 2593 1118 2617 stella

269 2637 360 2661 munna
376 2629 502 2660 apparuit,
523 2635 583 2658 [June
600 2628 705 2658 termam
721 2625 883 2656 pnlcrz'pneri
898 2625 982 2649 habuit
997 2627 1020 2648 et
1037 2625 1062 2647 in
1080 2631 1119 2648 cn—

266 2662 315 2692 ]n'le
337 2668 401 2685 crux
426 2660 550 2691 splendida
558 2669 568 2688 ,·
594 2661 641 2683 tres
666 2658 727 2681 soles
750 2659 918 2688 apparuerunt
939 2656 964 2679 in
986 2656 1075 2680 oriente
1097 2657 1120 2679 et

266 2693 387 2724 paulatim
404 2695 447 2715 etc.
464 2693 563 2714 Demum
581 2698 624 2719 pro
642 2690 707 2714 circa
724 2689 799 2713 solnm
821 2690 839 2712 G
862 2688 980 2711 substituit
996 2688 1065 2711 intem
1083 2693 1118 2711 so·

271 2725 323 2748 lenz.

333 2756 339 2771 ¹
359 2755 405 2778 Csr.
422 2756 478 2777 Luc.
495 2755 522 2782 2,
539 2755 561 2777 7.
579 2760 644 2783 seqq,
661 2766 691 2770 —
708 2753 751 2775 Pro
766 2751 943 2775 annuntiabant
962 2752 1000 2780 (ita
1018 2750 1045 2777 G)
1063 2751 1078 2773 F
1097 2753 1118 2773 et

271 2788 323 2810 Vat.
339 2786 489 2810 nnntntbani.

334 2818 343 2831 ²
361 2818 428 2841 Eccli.
445 2818 487 2845 36,
505 2818 534 2839 6:
553 2817 637 2839 lnnova
655 2816 721 2844 signa
740 2818 761 2838 et
779 2815 874 2837 immina
893 2813 1013 2836 mirabilia.
1032 2826 1061 2829 -—
1079 2813 1118 2835 Su-

271 2850 349 2878 perius
367 2856 408 2878 pro
426 2855 456 2872 (¹ae
473 2848 553 2878 qratia·
570 2849 588 2870 G
605 2848 706 2877 yratme.
724 2847 820 2869 lnserius
838 2853 880 2874 pro
897 2845 978 2875 foedae
989 2844 1117 2874 possessio—

270 2881 308 2904 nis
326 2881 366 2908 (ita
382 2881 407 2909 F)
427 2881 476 2902 Vat.
494 2883 516 2902 et
533 2880 550 2901 G
567 2879 643 2909 falsae
658 2878 822 2908 possessionis,
846 2881 868 2900 et
885 2884 927 2905 pro
947 2876 1026 2900 adhuc
1042 2875 1119 2905 aliqui

272 2912 413 2936 interierunt
429 2912 468 2940 (ita
485 2911 513 2939 G)
532 2911 583 2933 Vnt.
601 2914 623 2933 et
640 2911 655 2932 F
672 2909 751 2933 adhuc
768 2909 904 2933 iusim-ant.

334 2943 343 2956 ³
360 2944 389 2965 lta
408 2943 435 2970 F;
454 2943 505 2965 Yet.
522 2948 575 2964 cum
594 2943 611 2964 G
628 2947 671 2971 per
687 2942 799 2964 virtutem
817 2939 970 2967 hamilitatis,
987 2938 1118 2962 alienatum

271 2974 301 2998 ab
317 2973 421 2998 avaritia
434 2980 479 3003 per
496 2972 639 2996 desiderium
657 2972 822 3002 paupertatis,
838 2973 972 3001 put-yatam
989 2976 1004 2993 a
1020 2968 1118 2993 macula

271 3006 385 3030 lnoenrz'ue.
400 3011 443 3035 per
460 3011 569 3028 mliorem
586 3003 707 3027 castitatis.

334 3037 343 3050 ⁴
361 3038 391 3060 lta
409 3037 440 3064 F,
457 3037 475 3059 G
493 3038 515 3059 et
532 3036 583 3058 Vat.
602 3036 685 3058 ulrum
702 3034 780 3057 adhuc
797 3034 882 3063 floreat
899 3033 981 3063 aliqua
1000 3032 1061 3062 [Vah
1076 3031 1118 3055 ali-

1175 2497 1244 2528 quid]
1263 2497 1330 2520 vinosi
1348 2495 1456 2520 balsami.
1475 2496 1569 2518 inferius
1586 2501 1629 2523 pro
1654 2496 1752 2518 mutuae
1771 2493 1839 2524 1111013
1864 2493 2024 2524 foederatione

1178 2530 1228 2552 Nfat.
1245 2531 1331 2552 munia
1347 2527 1515 2558 foederatione.

1239 2560 1248 2573 ⁵
1265 2562 1295 2583 Ex
1313 2561 1331 2582 G
1349 2560 1511 2588 supplevimus
1529 2557 1661 2588 Il'nzpz'clsmz.

1238 2591 1248 2604 ⁶
1265 2592 1387 2618 Bernard.,
1405 2592 1479 2613 Serm.
1498 2590 1535 2613 35.
1552 2590 1575 2612 in
1593 2589 1657 2612 Cant.
1674 2595 1696 2611 n.
1716 2589 1743 2611 4:
1761 2588 1828 2610 Panis
1839 2588 1981 2616 Angelorum
1995 2588 2024 2610 ra-

1175 2626 1226 2646 ctus
1243 2626 1277 2646 est
1295 2624 1388 2645 foenum
1407 2623 1507 2650 positum
1525 2622 1547 2643 in
1571 2620 1705 2649 praesepio,
1731 2620 1863 2648 appositum
1886 2619 1953 2641 nobis
1976 2621 2024 2641 tan-

1175 2661 1245 2684 quam
1264 2655 1380 2677 iumentis.
1398 2653 1442 2676 Csr.
1460 2656 1516 2676 tom.
1534 2653 1581 2675 Vll.
1599 2658 1653 2680 pag.
1673 2651 1714 2678 47,
1741 2654 1793 2674 nota
1812 2652 1834 2673 2.
1858 2650 1931 2673 rerba
1948 2650 2024 2672 Bedae

1175 2690 1197 2709 et
1214 2686 1328 2714 Gregorii.
1349 2698 1375 2702 —
1393 2686 1436 2707 Pro
1454 2684 1532 2708 cibum
1550 2683 1712 2706 iumentorum
1738 2682 1777 2711 (ita
1794 2683 1819 2710 F)
1845 2683 1897 2704 Vat.
1920 2684 1942 2704 et
1958 2682 1977 2703 G
1999 2682 2026 2704 ul

1175 2717 1321 2744 iumentum,
1333 2720 1355 2739 et
1366 2723 1409 2745 pro
1426 2716 1576 2746 refectionem
1593 2714 1742 2744 Anqelorunz
1765 2714 1805 2742 (ita
1823 2714 1850 2742 G)
1869 2713 1920 2736 Vat.
1938 2719 1991 2735 cum
2009 2713 2025 2735 F

1174 2749 1327 2779 refectorium
1345 2747 1502 2777 Anyelornm.

1239 2780 1247 2793 ⁷
1265 2780 1394 2808 Respicitur
1411 2779 1540 2802 secundum
1562 2777 1693 2800 membrum
1711 2783 1781 2804 supra
1800 2782 1853 2804 pag.
1871 2776 1913 2802 94,
1931 2778 1983 2798 nota
2001 2776 2023 2797 2.

1175 2814 1198 2834 et
1215 2811 1235 2834 l.
1254 2818 1266 2834 a
1285 2812 1335 2834 Vnt.
1353 2812 1455 2833 allatum.
1473 2822 1504 2827 —
1520 2809 1616 2832 Inferius
1633 2815 1676 2837 pro
1690 2807 1809 2838 potentine
1826 2808 1842 2830 F
1856 2806 1958 2837 pietatis.

1238 2842 1247 2855 Β
1265 2844 1295 2865 lta
1314 2843 1340 2869 F;
1358 2843 1410 2865 Vat.
1428 2848 1481 2865 cum
1499 2841 1517 2863 G
1534 2846 1578 2864 sno
1596 2839 1764 2863 inaestimabili
1781 2838 1849 2862 bono.

1238 2873 1248 2886 ⁰
1266 2875 1316 2896 Vat.
1334 2880 1388 2896 cum
1405 2874 1423 2896 G
1436 2880 1450 2896 a
1463 2878 1509 2903 qno
1527 2871 1604 2895 omnis
1617 2871 1704 2895 ceritas
1713 2870 1881 2900 principaliter
1893 2868 2025 2899 quaeritur.

1176 2906 1227 2928 Vat.
1245 2906 1394 2934 prosequitur
1407 2906 1464 2934 post
1480 2910 1549 2934 quem
1565 2903 1653 2926 veritas
1671 2901 1841 2932 exemplarz'ter
1857 2900 2004 2931 perducitur.

1239 2936 1258 2949 ¹⁰
1275 2938 1368 2959 Deliae
1393 2936 1475 2964 triplici
1498 2936 1595 2958 veritate
1618 2934 1672 2957 vide
1697 2940 1758 2963 quae
1783 2933 1883 2956 diximus
1916 2935 1970 2954 tom.
1989 2931 2026 2953 Vl.

1176 2974 1230 2997 pag.
1248 2968 1306 2995 460,
1324 2971 1390 2990 notas
1411 2968 1444 2990 10,
1462 2969 1483 2990 et
1502 2967 1509 2989 l
1521 2967 1538 2989 Ι.
1551 2979 1580 2982 -
1594 2966 1645 2989 Vnt.
1662 2971 1715 2988 cum
1733 2966 1751 2987 G
1769 2970 1842 2994 qnam
1861 2962 1974 2993 elfnqavii
1987 2968 2026 2992 pe-

1175 2999 1282 3023 riculosa
1298 2998 1406 3022 aviditas.

1239 3031 1257 3043 ¹¹
1276 3032 1305 3053 lta
1324 3031 1354 3058 G3
1371 3031 1387 3053 F
1406 3029 1504 3057 utiliter,
1526 3029 1577 3052 Vat.
1594 3027 1718 3052 serviliter.

2054 2230 2105 2253 Item,
2117 2235 2126 2249 0

2048 2259 2124 2304 {affl

2047 2306 2122 2320 ciarum.
