2133 3317
1 1288 85 1332 μ»...

332 231 527 261 OPUSCULUM
547 231 613 259 xvi.
635 229 809 258 EXPOSITIO
830 230 933 259 SUPER
954 230 1107 258 REGULAM
1128 230 1281 258 FRATRUM
1302 229 1463 258 MINORUM.
1485 229 1553 258 CAP.
1572 229 1614 257 xl.

106 313 209 348 quanto
229 309 315 346 magis
336 309 454 342 amicos,
469 312 494 336 et
515 311 597 336 orate
614 315 671 344 pro
690 307 944 345 persequentibus,

105 358 132 386 in
152 357 238 390 facto,
263 359 289 384 et
312 354 562 384 calumniantibus
591 362 655 387 voe,
682 353 709 382 in
734 353 793 382 falsi
822 354 945 382 criminis

104 402 282 440 impositione.
310 401 396 430 Cuius
417 401 552 429 rationem
573 400 680 434 subdit,
702 400 814 429 dicens:
844 400 944 434 Beati,

104 450 155 489 qui
163 448 392 487 persecutionem
402 448 561 485 patiuntur
570 450 690 484 propter
704 446 861 481 iustitiam,
876 455 946 485 quo-

104 496 185 525 niam
206 495 338 532 ipsorum
359 498 399 522 est
420 502 544 531 reynum
568 493 715 522 caelorum
729 494 747 521 ¹.
769 493 828 529 Qui
848 497 943 522 autem

101 541 329 580 perseveraverit
350 549 441 579 usque
459 540 490 569 iu
510 540 598 577 finem
619 539 665 568 hic
686 539 787 569 salvus
809 540 871 568 erit.

384 623 589 655 (CAPITULUM
607 623 663 655 XI.)

194 701 263 731 Quon
281 701 399 726 Funus
417 708 465 726 11011
483 707 672 726 monunmrrtm
690 707 849 725 mouss’rnnm

428 744 614 769 MONAGHARUM.

171 822 299 854 Praecipio
326 822 431 847 firmiter
458 821 592 846 Fratribus
619 822 756 851 universis,
782 829 812 846 ne
836 821 946 846 habeant

102 865 217 897 suspecta
235 865 360 890 consortia
378 865 417 889 vel
439 865 541 890 consilia
559 865 690 889 mulierum
712 864 737 889 et
758 872 788 889 ne
807 864 946 895 ingredian-

101 908 144 933 tur
161 908 313 933 monasteria
337 907 525 936 monacharum,
545 907 645 938 praeter
668 907 726 932 illos
744 907 834 938 quibus
852 914 867 931 a
886 907 945 932 Sede

101 950 237 982 apostolica
264 956 379 974 concessa
398 949 437 974 est
455 949 555 974 licentia
577 949 699 980 specialis
723 949 775 974 Nec
799 949 863 973 fiant
881 956 946 974 com-

102 992 187 1024 patres
204 993 315 1018 virorum
333 992 372 1017 vel
391 992 536 1021 mulierum,
555 999 586 1017 ne
599 992 645 1016 hac
664 992 789 1017 occasione
808 992 874 1016 inter
886 992 946 1016 Fra-

102 1035 154 1060 tres
172 1035 212 1060 vel
231 1035 259 1060 de
279 1034 412 1059 Fratribus
431 1034 575 1059 scandalum
594 1034 697 1059 oriatur.

430 1108 611 1137 EXPOSlTiO.

184 1196 207 1223 1.
231 1194 387 1231 Praecipio
406 1194 541 1231 firmiter.
564 1194 611 1223 Hic
632 1194 712 1223 docet
731 1194 841 1223 Fratres
858 1194 946 1223 famae

102 1241 286 1270 sinceritatem
308 1249 420 1270 servare
440 1250 456 1270 a
477 1241 538 1270 labe
559 1241 708 1278 praecipue
733 1241 944 1278 turpitudinis?

102 1288 133 1317 Et
154 1288 221 1317 baec
242 1296 307 1325 pars
329 1288 411 1317 habet
433 1291 497 1317 tres.
521 1288 625 1322 Primo,
654 1288 761 1317 inhibet
781 1288 946 1325 generaliter

103 1335 241 1364 consortia
261 1338 390 1372 suspecta
409 1335 534 1364 omnium
549 1335 709 1364 mulierum.
726 1335 866 1369 Secundo,
882 1343 946 1364 cau-

103 1381 184 1411 telam
205 1381 317 1411 adhibet
338 1382 411 1410 circa
432 1381 570 1410 consortia
590 1381 759 1410 monialium.
782 1381 890 1415 Tertio,
906 1381 947 1409 10-

103 1428 180 1457 hibet
200 1429 370 1457 occasionem
394 1428 579 1465 spiritualium
601 1428 804 1465 cognationum.

182 1476 208 1503 2.
230 1475 301 1503 Dicit
328 1482 394 1512 ergo
422 1483 473 1512 pro
501 1475 610 1511 primo:
641 1475 796 1512 Praecipio
820 1474 947 1511 firmiter

52 1540 76 1554 ,,
103 1521 264 1550 Fratribus
284 1521 448 1555 universa,
469 1530 504 1549 ne
525 1520 651 1550 habeant
673 1525 808 1558 suspecta
830 1530 947 1550 consor-

104 1568 146 1597 tia
166 1567 210 1596 vel
229 1568 351 1597 consilia
372 1568 538 1597 mulierum.
569 1568 739 1605 Suspectum
767 1568 947 1597 consortium

102 1617 144 1644 est
164 1622 218 1643 non
239 1614 328 1643 solum
351 1615 476 1643 mulieris
490 1618 653 1651 suspectae,
675 1614 759 1643 immo
781 1622 845 1643 6001
867 1614 948 1642 omm'

100 1661 233 1695 muliere,
263 1661 308 1690 ubi
339 1661 415 1690 10605
442 1665 469 1690 et
495 1664 619 1698 tempus,
641 1664 735 1698 gestus
763 1664 791 1690 et
818 1664 947 1697 aspectus

101 1711 128 1738 et
155 1708 208 1737 alia
234 1708 382 1737 laudabilia
409 1708 509 1737 indicia
538 1708 720 1745 suspicionem
744 1708 946 1745 probabiliter³

101 1763 155 1784 non
187 1755 349 1784 excludunt.
385 1755 487 1792 Quodsi
515 1755 591 1784 locus
620 1758 772 1792 quaeratur
807 1763 858 1792 pro
886 1763 947 1783 mu-

102 1802 202 1831 lierum
230 1802 367 1839 colloquio
395 1802 550 1836 solitarius,
578 1805 627 1830 aut
656 1802 793 1830 obscurus
822 1805 849 1830 et
877 1805 946 1830 tem-

102 1856 155 1885 pus
175 1849 219 1878 vel
240 1851 430 1883 nocturnum,
447 1849 489 1877 vel
511 1849 578 1877 alias
592 1849 800 1885 importunum,
816 1848 838 1877 si
853 1851 947 1885 gestus

103 1895 138 1925 sit
158 1895 324 1930 dissolutus,
346 1898 441 1932 utpote
462 1903 498 1924 ex
520 1895 605 1924 nimia
625 1895 659 1924 ad
674 1896 819 1924 mulierem
834 1895 946 1932 propin-

103 1942 223 1980 quitate,
245 1943 288 1972 vel
309 1942 397 1971 faciali
418 1942 452 1971 ad
473 1950 533 1971 eam
553 1942 748 1976 conversione,
764 1942 829 1970 fixis
843 1942 946 1976 oculis,

103 1988 232 2017 manibus
259 1988 375 2022 iunctis;
404 1996 485 2017 omne
507 1988 560 2017 tale
581 1988 760 2017 consortium
781 1991 822 2016 est
851 1996 946 2025 suspe-

104 2038 187 2065 ctum.
216 2035 291 2064 Unde
319 2038 447 2072 suspecta
474 2038 539 2064 sunt
571 2036 708 2064 consortia
739 2037 766 2063 et
794 2035 945 2072 colloquia,

104 2081 251 2119 praedictis
278 2082 492 2111 circumstantiis
520 2082 790 2116 concurrentibus43
813 2082 894 2115 item,
924 2081 945 2110 si

1790 229 1846 258 435

1003 307 1125 336 solitaria
1145 308 1215 341 sint,
1231 307 1348 336 aliorum
1364 307 1479 336 excluso
1493 307 1606 341 auditu,
1622 307 1685 336 licet
1700 315 1754 335 non
1769 307 1846 341 visu;

1002 362 1038 382 ex
1060 354 1227 387 intentione,
1256 355 1314 383 sine
1335 362 1418 383 causa
1440 355 1499 391 pia,
1521 354 1643 384 maxime
1665 354 1686 383 si
1708 354 1763 383 sint
1783 354 1846 382 5011-

1003 400 1071 428 13116
1093 400 1270 437 proiongata,
1292 404 1340 429 aut
1361 409 1424 429 cum
1447 401 1540 429 eadem
1570 409 1688 438 persona
1716 401 1774 430 5106
1803 408 1847 429 ra-

1003 447 1076 475 tione
1097 446 1215 475 evidenti
1236 447 1426 484 frequentata,
1448 451 1575 484 suspecta
1596 451 1661 476 sunt
1686 447 1845 486 colloquia,

1003 493 1074 521 sicut
1096 493 1178 522 credo
1189 494 1208 521 5.
1231 494 1267 521 Ad
1288 494 1481 530 suspicionem
1503 497 1595 523 autem
1618 495 1767 523 mulierum
1784 494 1847 523 facit

1002 543 1092 574 aetas,
1119 540 1161 568 vel
1189 540 1307 569 conditio
1335 541 1524 577 colloquentis.
1549 541 1621 570 illam
1643 544 1736 570 autem
1758 542 1848 578 suspi-

1003 586 1108 615 cionem
1136 586 1179 615 bic
1206 587 1321 615 aestimo
1349 587 1507 624 prohiberi,
1535 596 1606 624 quae
1631 588 1719 616 Fratri
1744 588 1848 617 excitat

1002 633 1123 661 enormis
1146 633 1303 662 tentationis
1325 634 1485 668 stimulum,
1502 634 1544 663 vel
1559 642 1629 671 quae
1645 635 1752 663 crimini
1768 643 1847 672 prae-

1003 683 1056 708 stat
1078 680 1245 713 fomentum,
1268 680 1310 709 vel
1332 688 1403 717 quae
1425 684 1514 717 potest
1535 681 1607 718 apud
1622 681 1689 710 alios
1705 681 1746 710 vel
1761 682 1846 710 alium

1003 727 1161 755 scandalum
1184 734 1325 763 generare.
1349 727 1380 755 Et
1402 727 1446 756 hic
1461 727 1575 756 aestimo
1589 736 1670 756 omne
1685 732 1845 765 suspectum

1002 773 1144 810 prohiberi
1166 773 1351 810 colloquium,
1373 774 1446 811 quod
1468 774 1614 803 ordinatur
1634 775 1667 803 ad
1689 775 1780 804 carnis
1795 776 1845 804 im-

1003 820 1165 848 munditiam
1188 828 1410 858 quamcumque,
1432 821 1474 849 vel
1496 822 1569 858 quod
1591 825 1680 858 potest
1702 822 1786 850 huius
1808 822 1847 851 rei

1003 867 1161 895 scandalum
1178 868 1221 895 vel
1236 867 1418 904 suspicionem
1434 868 1613 904 probabiliter
1624 869 1761 902 excitare;
1778 869 1849 897 sicut

1002 913 1157 942 DominusG
1180 913 1351 950 prohibendo
1372 914 1525 942 moechiam
1546 914 1674 950 prohibet
1689 923 1742 943 non
1758 916 1847 943 solum

1003 960 1137 988 minorem
1160 960 1284 997 lapsum,
1305 960 1353 997 qui
1375 963 1416 989 est
1437 960 1596 995 fornicatio,
1619 961 1665 990 sed
1687 964 1714 990 et
1738 969 1848 990 omnem

1003 1005 1135 1034 maiorem
1157 1006 1375 1043 turpitudinem,
1397 1014 1452 1043 qua
1480 1014 1582 1044 corpus
1610 1008 1779 1036 seminaliter
1807 1008 1848 1036 in-

1003 1052 1167 1089 (1111031017.

1082 1098 1108 1127 3,
1124 1099 1256 1136 Sequitur
1271 1108 1321 1136 pro
1336 1100 1457 1128 secunda
1471 1104 1565 1138 parte:
1582 1102 1616 1129 Et
1630 1110 1664 1130 ue
1678 1101 1850 1139 ingredian-

1004 1148 1053 1174 tur
1074 1146 1255 1175 monasteria
1275 1146 1507 1182 monacharum,
1528 1152 1644 1185 praeter
1666 1148 1729 1177 illos
1743 1149 1849 1187 quibus

1003 1200 1022 1220 a
1045 1192 1114 1221 Sede
1135 1193 1294 1229 apostolica
1322 1202 1457 1223 concessa
1489 1198 1528 1223 cst
1560 1195 1674 1224 licentia
1704 1195 1847 1232 specialis.

1003 1239 1072 1267 Haec.
1093 1239 1220 1267 inhibitio
1240 1239 1274 1268 de
1295 1240 1424 1269 omnibus
1447 1241 1605 1270 monialium
1627 1242 1755 1271 domibus
1770 1243 1849 1271 intel-

1003 1285 1106 1322 ligitur.
1130 1286 1178 1314 Ubi
1200 1287 1272 1314 60101
1296 1287 1385 1315 maius
1406 1291 1447 1316 est
1468 1288 1623 1324 periculum
1645 1289 1790 1326 colloquii,
1812 1290 1849 1318 ibi

1004 1332 1171 1369 prudentius
1192 1341 1302 1362 necesse
1323 1337 1364 1363 est
1393 1338 1424 1363 ut
1454 1335 1590 1363 obvietur.
1614 1352 1650 1357 —
1674 1336 1735 1365 illae
1756 1340 1848 1365 autem

1004 1379 1136 1407 moniales
1158 1380 1243 1408 sancti
1266 1380 1411 1409 Damiani8
1434 1389 1499 1418 prae
1521 1382 1620 1410 ceteris
1634 1383 1800 1411 mulieribus
1815 1383 1849 1411 ab

1004 1426 1134 1454 humanis
1165 1427 1310 1455 consortiis
1341 1427 1547 1461 excluduntur;
1577 1429 1640 1457 licet
1660 1437 1726 1466 ergo
1748 1430 1774 1458 in
1796 1430 1850 1458 fre-

1004 1473 1181 1509 quentatione
1202 1481 1298 1502 63111111
1329 1478 1419 1511 posset
1449 1475 1516 1503 oriri
1549 1476 1703 1512 periculum
1736 1480 1850 1513 propter

1004 1519 1142 1556 quandam
1164 1520 1376 1549 familiaritatem
1392 1521 1518 1550 Fratrum
1535 1522 1680 1557 maiorem,
1696 1527 1722 1551 et
1738 1527 1851 1560 propter

1004 1566 1056 1594 hoc
1078 1566 1113 1594 sit
1135 1566 1243 1594 licentia
1263 1567 1381 1595 adeundi
1398 1568 1461 1596 talia
1478 1568 1536 1597 loca
1550 1569 1610 1597 Sedi
1626 1570 1791 1605 apostolicae
1806 1578 1849 1598 re-

1004 1616 1128 1646 servata;
1151 1616 1258 1647 tamen,
1280 1614 1346 1650 quia
1366 1614 1435 1643 aliae
1456 1615 1588 1644 moniales
1609 1616 1728 1652 amplius
1749 1624 1778 1645 se
1800 1624 1849 1645 ex-

1003 1662 1111 1695 ponunt
1133 1660 1262 1689 humanis
1283 1660 1427 1697 colloquiis
1448 1670 1531 1698 quam
1554 1662 1631 1696 illae,
1653 1670 1764 1691 necesse
1792 1667 1849 1698 est,

1004 1710 1035 1735 ut
1057 1706 1124 1734 illud
1146 1707 1305 1736 mandatum
1327 1708 1361 1736 ad
1375 1716 1471 1737 omnes
1486 1709 1634 1738 monachas
1649 1709 1796 1742 reseratur,
1812 1718 1851 1739 se-

1004 1753 1126 1782 cundum
1148 1754 1350 1790 expositionem
1372 1754 1473 1783 domini
1495 1755 1619 1792 Gregorii
1632 1756 1643 1772 ⁹
1664 1760 1691 1784 et
1706 1756 1850 1793 induigen-

1004 1800 1068 1828 tiam
1091 1800 1124 1829 de
1146 1800 1248 1829 talibus
1270 1800 1419 1830 visitandis.
1443 1802 1474 1830 Et
1488 1802 1559 1830 sicut
1574 1803 1700 1831 monachi
1716 1806 1781 1832 sunt
1795 1811 1850 1832 non

1003 1847 1092 1875 solum
1114 1847 1265 1884 collegiati,
1288 1856 1385 1876 verum
1407 1848 1488 1877 etiam
1511 1849 1641 1883 solitarii;
1661 1849 1699 1878 sic
1714 1853 1741 1878 et
1756 1858 1850 1878 mona-

1003 1894 1071 1922 chae
1092 1896 1119 1922 et
1141 1894 1273 1923 moniales
1294 1894 1486 1931 intelligendae
1508 1898 1574 1924 sunt
1594 1904 1648 1924 000
1677 1896 1765 1924 solum
1794 1896 1849 1925 col-

1004 1940 1141 1977 legiatae,
1164 1948 1261 1969 verum
1283 1941 1365 1969 etiam
1387 1945 1414 1970 et
1435 1950 1506 1978 quae
1529 1942 1657 1970 inclusae
1675 1942 1808 1972 dicuntur
1822 1947 1849 1972 et

1003 1987 1153 2016 solitariam
1176 1988 1259 2016 vitam
1281 1991 1375 2024 agunt.
1398 1988 1429 2016 Et
1450 1989 1502 2017 hae
1523 1989 1604 2017 etiam
1630 1992 1696 2018 sunt
1723 1990 1849 2019 vitandae

1003 2034 1075 2063 51601
1096 2034 1253 2071 collegiatae
1275 2038 1388 2071 propter
1413 2035 1502 2064 maius
1524 2036 1680 2072 periculum
1695 2036 1850 2065 solitudinis

1003 2089 1039 2110 ex
1061 2084 1156 2110 tenore
1178 2082 1332 2118 praecepti,
1355 2085 1385 2110 ut
1407 2082 1536 2116 aestimo,
1558 2083 1747 2119 praecedentis
1760 2083 1790 2111 ¹⁰.

167 2240 175 2253 ¹
193 2242 269 2264 Matth.
287 2241 314 2269 5,
335 2242 372 2268 10,
391 2246 442 2270 post
458 2248 528 2271 quem
551 2243 589 2269 lO,
607 2243 644 2265 22.
663 2242 710 2271 (cfr.
729 2242 771 2270 ²24,
793 2243 846 2271 13.).

167 2278 176 2292 ²
193 2279 237 2303 Csr.
255 2286 325 2308 supra
342 2286 362 2303 c.
383 2281 416 2302 10.
435 2287 455 2302 0.
478 2282 496 2303 1.
515 2293 546 2298 --
562 2281 658 2304 inferius
684 2288 726 2309 pro
752 2281 873 2305 consortia
899 2282 947 2304 Vat.

105 2324 158 2342 curn
177 2319 195 2341 D
212 2318 319 2342 consiliu.

168 2357 177 2370 ³
191 2358 242 2380 Vat.
254 2357 411 2386 laudabiliter,
422 2362 443 2380 et
453 2359 545 2381 inferius
557 2361 718 2388 opportunum
726 2366 767 2387 pro
775 2359 948 2389 importunum.

168 2395 178 2408 ⁴
194 2396 266 2419 Codd.
285 2397 358 2419 ADG
376 2400 397 2419 et
414 2397 451 2419 ed.
472 2398 477 2419 l
500 2397 675 2421 covicurrenliu.

169 2435 178 2448 ⁵
195 2436 246 2458 Vat.
263 2436 346 2458 omittit
362 2436 424 2459 sicut
440 2436 518 2459 credo.

168 2473 178 2487 ὅ
195 2475 270 2497 11131111.
289 2475 316 2502 5,
335 2476 373 2497 27.
389 2481 449 2504 seq,
466 2476 495 2497 de
512 2476 578 2498 cuius
596 2476 736 2503 expositione
754 2477 793 2498 cfr.
811 2477 921 2504 August„
935 2477 948 2498 i.

107 2513 136 2536 de
153 2513 227 2535 Serm.
243 2513 334 2535 Domini
351 2514 375 2535 in
393 2517 482 2541 monte,
501 2520 521 2536 c.
542 2515 574 2536 12.
593 2521 615 2536 n.
634 2515 671 2536 33.
683 2521 748 2543 seqq.
763 2514 820 2536 Vide
833 2515 901 2536 etiam
914 2520 949 2536 su-

107 2558 148 2580 pra
165 2558 185 2575 c.
203 2553 224 2574 2.
242 2558 265 2574 11.
284 2552 305 2574 4.

170 2590 179 2603 ⁷
196 2590 240 2614 Csr.
259 2592 373 2619 Expositio
391 2596 490 2620 quatuor
508 2592 669 2619 Magistrorum
686 2592 708 2614 10
727 2598 746 2614 c.
765 2593 788 2614 11
802 2601 806 2614 :
819 2593 948 2621 Quaeritur,

107 2630 161 2658 quid
180 2630 208 2652 sit
224 2633 357 2658 suspectum
380 2631 535 2657 consortium;
561 2631 700 2658 dicendum,
726 2632 789 2660 quod
815 2634 948 2659 suspectum

108 2669 248 2691 consortium
266 2669 349 2691 dicitur
366 2676 411 2691 non
428 2676 455 2691 ex
473 2676 516 2692 una
535 2676 616 2697 causa,
635 2670 674 2692 sed
692 2676 718 2692 ex
742 2670 859 2698 pluribus,
882 2675 906 2693 ut
923 2677 948 2693 ex

109 2713 193 2736 genere
210 2710 287 2735 actus,
304 2714 331 2730 ex
344 2708 520 2731 circumstantiis
532 2709 586 2736 loci,
599 2709 721 2736 temporis,
735 2710 887 2738 frequentiae,
901 2716 950 2737 per-

109 2752 178 2769 sonae
194 2749 217 2769 et
233 2747 377 2774 huiusmodi;
394 2753 454 2775 quae
472 2750 549 2775 patent
566 2747 659 2769 cuilibet
676 2748 778 2769 intuenti.

170 2783 179 2797 8
196 2785 285 2808 Scilicet
309 2785 433 2813 Clarissae,
458 2792 557 2814 quarum
583 2787 685 2814 primum
712 2787 876 2809 monasterium
903 2790 950 2809 erat

110 2824 132 2846 S.
150 2824 253 2847 Damiani
278 2825 364 2847 Assisii.
391 2837 419 2841 —
445 2825 539 2848 interius
565 2832 607 2853 pro
623 2825 813 2855 familiaritatem
834 2826 950 2849 Fratrum

110 2862 225 2886 maiorem
242 2863 281 2891 (ita
299 2864 316 2885 Α
326 2863 342 2886 C
352 2864 367 2885 F
385 2867 407 2886 et
423 2864 459 2886 ed.
482 2865 501 2891 l)
520 2865 568 2886 Vat.
581 2864 769 2893 fi‘miiliaritatcm
782 2865 898 2887 Fratrum
911 2865 952 2888 Mi-

110 2907 206 2924 norum.

172 2938 181 2951 ⁹
199 2941 222 2962 in
240 2946 280 2962 sua
297 2941 342 2962 iam
361 2941 446 2968 pluries
463 2942 558 2969 allegata
576 2941 742 2964 Constitutione
761 2942 812 2969 Ouo
833 2942 950 2971 elonyati:

111 2978 258 3007 Quamquam
276 2980 319 3001 1106
337 2979 448 3008 [Fratres
465 2986 512 3002 nou
530 2980 697 3009 inqrediantur
714 2981 859 3003 monasteria
871 2988 951 3004 mona-

111 3017 211 3041 charum
229 3018 283 3047 616]
301 3018 330 3040 de
348 3019 490 3041 monasteriis
507 3026 637 3047 pauperum
655 3019 789 3042 monialium
812 3020 950 3043 inclusarum

1006 2242 1095 2264 Fratres
1113 2243 1222 2264 hactenus
1240 2242 1411 2270 intelligendum
1430 2249 1480 2265 esse
1492 2243 1643 2270 crediderint,
1656 2248 1708 2265 cum
1722 2249 1801 2265 earum
1815 2244 1851 2265 Se-

1005 2281 1047 2303 des
1064 2281 1187 2308 apostolica
1205 2287 1284 2303 curam
1303 2281 1386 2303 11311631
1403 2281 1550 2309 specialem...
1569 2282 1689 2304 certificari
1701 2282 1850 2304 nibilominus

1006 2320 1150 2347 postulastis,
1168 2326 1196 2342 30
1214 2321 1257 2342 1106
1273 2320 1303 2342 (16
1320 2320 1429 2342 0111011105
1442 2321 1585 2348 generaliter,
1598 2327 1650 2343 cum
1663 2321 1750 2348 Regula
1763 2321 1848 2342 nullum

1006 2360 1116 2387 excipiat,
1134 2366 1162 2381 30
1181 2360 1209 2381 (16
1227 2360 1281 2381 50115
1298 2360 1442 2381 monasteriis
1460 2360 1593 2382 monialium
1606 2360 1775 2388 praedictarum
1790 2360 1850 2382 intel-

1006 2398 1044 2425 ligi
1063 2398 1157 2425 debeat;
1175 2399 1220 2420 Nos
1238 2399 1317 2427 utique
1334 2399 1469 2426 generaliter
1485 2404 1535 2421 esse
1547 2398 1689 2426 prohibitum
1702 2399 1731 2421 de
1742 2405 1850 2427 quarum-

1006 2437 1060 2459 libet
1077 2437 1194 2459 coenobiis
1212 2437 1344 2459 monialium
1363 2438 1537 2464 respondemus.
1556 2439 1580 2460 Et
1602 2438 1695 2460 nomine
1718 2438 1849 2460 monasterii

1006 2476 1122 2502 volumus,
1134 2476 1268 2502 claustrum,
1280 2476 1363 2498 domos
1372 2478 1393 2497 61
1405 2476 1507 2498 officinas
1521 2476 1638 2498 interiores
1648 2477 1753 2504 intelligi,
1767 2483 1808 2504 pro
1821 2483 1848 2498 eo

1006 2515 1069 2543 quod
1082 2514 1111 2536 ad
1124 2515 1164 2537 alia
1178 2515 1234 2541 loca,
1248 2514 1285 2537 ubi
1298 2515 1365 2537 etiam
1380 2515 1484 2537 homines
1496 2516 1625 2537 saeculares
1637 2516 1785 2543 conveniunt,
1798 2522 1850 2543 pos-

1005 2556 1059 2576 sunt
1070 2554 1159 2576 Fratres
1170 2554 1200 2575 illi
1213 2560 1280 2575 causa
1298 2554 1488 2581 praedicationis,
1505 2555 1541 2576 vel
1559 2555 1719 2582 eleemosmae
1737 2555 1850 2582 petendae

981 2605 987 2609 -
1006 2593 1129 2619 accedere,
1141 2592 1227 2621 (10111115
1236 2593 1258 2615 id
1269 2599 1280 2614 a
1291 2592 1449 2620 superioribus
1462 2593 1509 2615 suis
1521 2600 1563 2621 pro
1575 2600 1616 2615 sua
1630 2594 1696 2615 fucrit
1708 2594 1848 2621 maturitate,

1007 2632 1042 2653 vel
1060 2632 1183 2654 idoneitate
1199 2638 1348 2659 concessum,
1365 2632 1465 2659 exceptis
1482 2638 1574 2659 semper
1590 2633 1760 2660 praedictorum
1774 2639 1850 2655 mona-

1007 2671 1127 2693 steriorum
1147 2671 1284 2692 inclusarum
1303 2671 1371 2697 iocis,
1389 2671 1417 2692 ad
1435 2677 1494 2699 (11136
1513 2671 1565 2693 nulli
1583 2671 1650 2694 datur
1672 2672 1797 2694 accedendi
1819 2673 1850 2694 13-

1007 2711 1078 2732 601135
1095 2710 1143 2731 5106
1161 2710 1249 2732 licentia
1269 2710 1334 2731 Sedis
1351 2710 1488 2737 apostolicae
1505 2710 1606 2738 speciali.
1622 2710 1668 2733 Csr.
1687 2711 1799 2733 innocent.
1813 2711 1849 2733 iv.

1006 2748 1140 2771 Constitutio
1159 2748 1270 2771 Orantem
1285 2749 1386 2771 vestrum
1402 2748 1531 2775 1511313163,
1545 2749 1626 2771 bullar.
1639 2750 1782 2772 Franciscan.
1794 2753 1849 2772 1001.

1008 2789 1022 2810 1.
1043 2795 1064 2809 n.
1086 2787 1133 2809 114.
1153 2794 1204 2815 pag.
1225 2787 1285 2815 400).
1305 2800 1334 2803 —
1353 2788 1462 2815 Superius
1480 2788 1530 2809 voci
1548 2788 1668 2817 reseratur
1685 2789 1720 2810 ed.
1745 2789 1749 2810 Ι
1766 2789 1848 2816 praeii-

1008 2827 1040 2854 git
1057 2826 1200 2849 emendatur
1217 2828 1244 2849 ct.

1071 2864 1090 2877 ¹⁰
1107 2864 1153 2887 (Ilia
1170 2865 1284 2892 Expositio
1301 2868 1400 2894 quatuor
1417 2865 1575 2893 Magistrorum
1595 2866 1616 2887 in
1633 2872 1652 2888 c.
1675 2866 1711 2893 11,
1729 2866 1768 2888 ubi
1782 2866 1849 2888 ctiam

1007 2904 1117 2931 allegatur
1135 2907 1265 2931 praenotata
1282 2904 1385 2931 Gregorii
1404 2905 1441 2926 tx.
1459 2905 1580 2927 declaratio
1598 2908 1619 2926 et
1637 2905 1773 2933 proponitur
1785 2905 1851 2927 ‹lubi-

1009 2943 1074 2969 tatio,
1092 2946 1167 2964 utrum
1181 2949 1222 2971 pro
1235 2943 1284 2965 aliis
1301 2943 1376 2965 (311515
1394 2944 1505 2970 1101165115,
1524 2947 1547 2966 ut
1565 2950 1607 2971 pro
1624 2944 1746 2966 audiendis
1763 2946 1850 2967 conses-

1008 2981 1124 3009 sionibus,
1143 2982 1177 3003 vel
1194 2983 1327 3004 consulendi
1346 2983 1366 3004 111
1385 2983 1543 3010 spiritualibus
1561 2986 1582 3005 ct
1600 2983 1744 3010 huiusmodi,
1763 2984 1851 3011 possint

1010 3021 1041 3043 116
1058 3024 1101 3043 etc.
1122 3030 1132 3040 ιι
1146 3021 1209 3044 Unde
1227 3027 1296 3049 super
1314 3022 1357 3043 1106
1374 3025 1433 3044 essct
1446 3022 1567 3049 apostolica
1581 3022 1691 3050 expositio
1704 3023 1849 3051 requirenda.

1866 499 1971 518 Notandum
1974 514 1978 518 .

1866 1105 1958 1127 Secundo,
1970 1106 1995 1124 de

1861 1129 1935 1148 cautela
1941 1129 1995 1147 adhi-

1862 1152 1923 1171 henda
1932 1152 1995 1176 quoad

1862 1176 1958 1195 moniales.

1867 1339 1893 1358 De
1901 1338 1994 1358 Clarissie.
