2133 3317
787 393 1096 430 OPUSCULUM
1120 394 1187 430 IV.

243 528 633 586 COLLATIO
671 530 781 585 DE
819 529 1308 588 GONTEMPTU
1351 533 1695 591 SAEGULI
1714 528 1737 592 ¹.

184 1119 208 1145 1.
228 1119 304 1145 Nota.
317 1119 415 1151 Septem
440 1119 501 1145 sunt
517 1120 542 1144 in
561 1120 665 1150 mundo,
684 1127 746 1151 quae
764 1120 784 1144 si
802 1120 875 1145 homo
897 1120 958 1145 bene

0 1173 44 1199 ptqm
56 1173 98 1189 sunt
113 1163 276 1194 perpenderet
294 1163 320 1188 et
344 1162 440 1188 attente
465 1163 646 1192 consideraret,
669 1162 741 1188 facile
766 1163 885 1188 mundum
904 1170 958 1188 con-

0 1194 93 1215 auderan-

19 1217 49 1237 da.

0 1387 18 1405 te
27 1384 92 1410 primu.

111 1205 245 1235 temneret,
263 1205 373 1230 vinceret
398 1205 423 1230 et
445 1204 542 1236 fugeret
569 1205 594 1230 et
623 1205 654 1229 ad
677 1205 833 1230 serviendum
857 1205 906 1230 Deo
932 1213 957 1230 se

111 1247 241 1273 conferret.
264 1258 277 1270 ‹<
290 1248 340 1273 Deo
357 1248 422 1273 enim
441 1248 534 1273 servire
558 1255 663 1279 regnare
681 1246 738 1272 est²
753 1258 781 1277 »,
799 1248 842 1272 sed
867 1248 957 1273 mundo

111 1291 203 1316 servire
222 1291 261 1316 est
279 1291 408 1316 servitium
427 1291 537 1322 perdere.

180 1334 206 1358 2.
225 1334 337 1358 Primum
350 1334 388 1358 est
408 1334 479 1358 labor
492 1335 619 1360 amatores
632 1333 722 1358 mundi
734 1333 856 1365 fatiqans.
874 1344 886 1356 «
897 1334 957 1364 Quis

110 1377 174 1402 enim
193 1378 220 1402 in
238 1377 331 1402 honore
355 1378 408 1402 sine
432 1377 527 1406 dolore,
546 1377 571 1401 in
597 1377 750 1407 praelatione
769 1377 821 1402 sine
850 1377 957 1403 tribula-

109 1419 190 1449 tione,
209 1419 235 1444 in
254 1419 407 1444 sublimitate
426 1419 479 1444 sine
497 1418 609 1443 vanitate
624 1426 677 1443 esse
696 1418 788 1449 poterit
802 1417 811 1430 ⁸
829 1429 842 1442 a
857 1420 868 1444 ’ἓ
886 1419 956 1444 Unde

109 1463 221 1488 damnati
238 1463 264 1487 in
283 1462 331 1487 fine
344 1462 440 1487 dicent:
458 1462 567 1487 Lassati
585 1469 673 1487 snmus
693 1462 720 1487 in
741 1462 784 1487 via
808 1463 956 1493 iniqnitatis

109 1507 134 1531 et
158 1506 332 1537 perditionis,
360 1505 549 1530 ambulavimus
575 1506 632 1530 vias
659 1505 785 1536 dtfficiles.
818 1515 831 1528 (ε
848 1505 955 1536 Reprobi

108 1548 148 1573 hic
166 1548 308 1580 fatigantur
326 1549 352 1573 in
370 1548 512 1577 desideriis,
538 1549 624 1579 postea.
645 1548 788 1573 cruciantur
806 1549 831 1573 in
850 1548 955 1573 tormen-

109 1591 143 1616 tis
155 1590 165 1604 ⁴
177 1601 204 1615 n.
227 1601 240 1613 α
251 1591 344 1622 Mag-na
362 1591 401 1616 est
418 1591 520 1622 proinde
542 1591 662 1616 securitas
680 1590 761 1615 cordis
781 1590 843 1615 nihil
865 1590 955 1615 habere

109 1634 321 1665 concupiscentiae
340 1634 483 1659 saecularis.
502 1634 567 1658 Nam
587 1634 607 1658 si
626 1633 658 1658 ad
676 1634 775 1658 terrena
796 1633 955 1664 adipiscenda

109 1677 200 1707 inhiat,
233 1684 346 1702 securum
370 1677 584 1708 tranquillumque
611 1676 756 1701 nullatenus
781 1684 834 1702 esse
860 1677 953 1708 potest,

108 1720 166 1751 quia
184 1720 229 1744 aut
256 1727 305 1745 nou
323 1720 410 1744 habita
428 1720 591 1751 concupiscit,
619 1720 648 1744 ut
669 1719 772 1749 habeat,
800 1720 845 1744 aut
863 1720 954 1751 adepta

108 1762 208 1792 metuit,
222 1770 253 1787 ne
266 1762 355 1794 perdat
366 1773 392 1787 ι).
410 1763 501 1788 Nolite
520 1770 590 1794 ergo,
604 1763 739 1792 carissimi,
759 1763 866 1794 diltqere
883 1771 954 1787 mun-

108 1806 169 1830 dum
191 1813 272 1837 neque
299 1813 329 1830 ea
347 1813 412 1837 qnae
432 1806 458 1830 in
475 1806 571 1830 mundo
589 1807 650 1830 sunt
663 1805 682 1836 ⁵,
701 1806 793 1830 scilicet
811 1806 910 1831 delicias
929 1806 954 1831 et

108 1848 217 1873 divitias.
242 1849 360 1874 «Beatus
378 1849 462 1878 homo,
485 1850 527 1880 qui
545 1849 593 1873 scit
614 1849 740 1874 Christum
762 1849 859 1879 Iesum,
879 1850 953 1874 etiam

108 1892 129 1916 si
148 1892 198 1916 alia
216 1892 308 1921 nescit;
333 1891 432 1921 infelix,
452 1892 493 1923 qui
519 1892 566 1916 scit
585 1892 666 1917 omnia
691 1892 754 1921 alia,
773 1892 844 1917 illum
870 1892 953 1917 autem

107 1934 186 1959 nescit
198 1944 223 1959 ».
242 1934 312 1959 Unde
331 1942 435 1959 versus:

201 2023 249 2046 Iloc
265 2026 299 2046 est
315 2023 404 2046 nescire
419 2024 468 2045 sine
484 2023 574 2046 Christo
592 2024 690 2051 plurimu
707 2023 778 2052 scire;

202 2062 224 2085 Si
242 2062 358 2085 Christum
376 2062 435 2085 bene
452 2062 508 2090 scis,
525 2063 579 2085 satis
591 2065 632 2089 cst,
649 2063 668 2085 si
685 2066 759 2085 cetera
777 2063 859 2086 nescis.

177 2148 202 2172 3.
222 2148 358 2173 Secundum
377 2148 415 2173 est
433 2149 588 2180 neyltyentta
606 2149 720 2173 melioris
742 2149 802 2174 boni
820 2157 849 2174 ex
870 2157 953 2174 amore

83 2209 90 2216 .
107 2191 199 2216 mundi.
219 2191 351 2217 Amatores
374 2192 439 2216 euim
457 2192 543 2216 mundi
565 2191 625 2217 adeo
652 2192 743 2216 intenti
773 2192 798 2216 et
822 2192 953 2224 diligentes

107 2234 167 2259 sunt
184 2235 249 2259 circa
267 2234 332 2260 bona.
349 2234 449 2259 terrena
462 2235 623 2266 acquirenda,
642 2234 706 2266 quod
718 2242 802 2260 omnes
821 2235 953 2267 negligunt

106 2277 216 2301 aeterna.
236 2277 341 2302 Amator
359 2277 424 2301 enim
452 2277 537 2301 mundi
561 2277 635 2301 huius
660 2277 753 2308 quanto
775 2277 883 2308 amplius
907 2277 952 2302 Dei

109 2319 277 2349 obliviscitur,
297 2319 369 2344 tanto
383 2320 439 2350 plus
452 2326 467 2344 a.
480 2319 530 2344 Deo
549 2319 736 2350 derelinquitur,
754 2320 779 2344 et
791 2327 861 2344 mens
873 2320 952 2351 ipsius

108 2362 254 2387 obdurescit.
280 2372 292 2384 α
306 2362 403 2392 Quanto
422 2362 478 2393 quis
495 2362 568 2386 malis
581 2362 712 2391 adhaeret,
732 2362 804 2387 tanto
822 2363 904 2387 minus
917 2363 951 2387 in-

107 2405 200 2437 telligit
219 2405 297 2434 bona,
317 2412 379 2436 quae
397 2405 479 2436 perdit
493 2403 502 2416 ⁰
515 2415 540 2428 n.
563 2404 754 2429 Contemnentes
772 2405 847 2429 etiam
872 2405 951 2430 Deum

109 2449 207 2473 minime
236 2448 363 2479 sentiunt,
390 2448 511 2479 quantum
537 2447 571 2472 sit
598 2447 668 2477 mali,
696 2447 760 2478 quod
787 2447 836 2478 ipsi
862 2448 950 2479 agunt.

1018 1121 1126 1146 «Sancti
1146 1121 1237 1146 etenim
1264 1122 1325 1151 viri,
1351 1123 1408 1154 quia
1435 1123 1498 1148 nihil
1525 1123 1599 1148 huius
1624 1124 1710 1148 mundi
1736 1124 1858 1156 diligunt,

1014 1164 1056 1189 sed
1074 1164 1205 1189 caelestem
1224 1165 1332 1196 patriam
1351 1166 1487 1196 appetunt,
1507 1173 1598 1198 magna
1616 1166 1801 1198 tranquillitate
1823 1168 1860 1192 vi-

1013 1207 1077 1231 vunt
1091 1206 1099 1219 ⁷
1113 1217 1142 1237 »;
1161 1207 1236 1232 huius
1255 1208 1337 1232 autem
1357 1208 1443 1233 mundi
1461 1208 1566 1234 felicitas
1585 1216 1677 1240 magna
1695 1209 1735 1234 est
1756 1209 1860 1235 infelici-

1013 1249 1063 1274 tas.
1082 1249 1102 1274 Ο
1120 1257 1195 1281 quam
1213 1250 1271 1275 felix
1291 1251 1330 1275 est
1348 1252 1386 1276 cui
1405 1251 1491 1276 datum
1511 1252 1549 1276 est
1566 1252 1685 1277 mundum
1703 1252 1859 1278 contemnere

1012 1292 1038 1316 et
1066 1291 1165 1317 Christo
1196 1293 1308 1317 servire!
1328 1293 1401 1318 Omni
1419 1293 1535 1318 libertate
1565 1294 1652 1319 melior
1682 1295 1720 1319 est
1751 1295 1858 1320 servitus

1013 1334 1107 1359 Christi
1121 1333 1138 1360 ⁸.

1082 1378 1108 1402 4.
1128 1378 1252 1407 Tertium,
1271 1379 1336 1409 quod
1355 1386 1400 1404 nos
1419 1380 1525 1404 excitare
1544 1380 1616 1405 debet
1634 1380 1665 1404 ad
1688 1380 1857 1411 contemptum

1012 1420 1097 1445 mundi
1115 1420 1141 1445 et
1154 1428 1236 1445 rerum
1251 1420 1439 1452 temporalium,
1460 1422 1498 1447 est
1509 1423 1610 1447 vanitas
1628 1423 1752 1453 ipsarum.
1774 1433 1787 1445 0<
1799 1423 1858 1448 Lae-

1011 1464 1070 1489 titia
1089 1465 1179 1490 saecnli
1193 1465 1294 1490 vanitas
1311 1466 1362 1490 est:
1383 1473 1437 1491 cum
1458 1474 1548 1498 magna
1567 1468 1748 1498 exspectatione
1777 1475 1857 1499 spera·

1011 1507 1065 1537 tur,
1085 1508 1114 1532 ut
1141 1509 1241 1537 veniat,
1261 1509 1286 1533 et
1313 1516 1362 1534 non
1391 1509 1474 1540 potest
1501 1510 1593 1539 teneri,
1613 1517 1667 1534 cuin
1695 1511 1804 1540 venerit,
1833 1510 1858 1536 et

1011 1550 1145 1575 transeunt
1170 1552 1252 1576 omnia
1280 1551 1306 1576 et
1333 1552 1435 1577 evolant
1462 1553 1544 1577 omnia
1569 1552 1593 1577 et
1612 1553 1676 1578 sicut
1702 1553 1785 1578 fumus
1804 1561 1858 1579 eva-

1010 1594 1127 1623 nescunt,
1146 1595 1171 1618 et
1190 1601 1235 1619 vae
1254 1595 1296 1625 qui
1315 1595 1401 1619 amant
1419 1595 1480 1620 talia
1491 1594 1500 1607 ⁹
1514 1596 1542 1619 »l
1562 1595 1631 1620 Unde
1645 1596 1756 1627 quidam.-

1104 1683 1212 1705 Praeterit
1229 1683 1270 1705 ista
1288 1683 1347 1712 dies,
1365 1684 1465 1707 nescitur
1481 1684 1548 1712 origo
1565 1684 1672 1712 secundi,

1105 1723 1139 1744 An
1155 1722 1233 1749 labor,
1251 1729 1278 1745 an
1297 1723 1400 1752 requies;
1417 1723 1450 1745 sic
1467 1723 1545 1746 transit
1558 1723 1628 1752 gloria
1647 1724 1734 1746 mundi.

1010 1807 1084 1837 Ecce,
1097 1807 1208 1832 mundus
1222 1808 1317 1832 transit
1329 1809 1352 1832 ez·
1365 1809 1569 1839 concupiscentia
1582 1809 1636 1833 cius
1648 1807 1677 1833 ¹⁰.
1695 1818 1707 1830 <t
1720 1808 1782 1838 Quid
1797 1816 1855 1841 ergo

1010 1851 1069 1875 vis?
1087 1850 1128 1875 An
1151 1858 1234 1875 amare
1259 1851 1407 1882 temporalia
1425 1851 1450 1876 et
1468 1851 1576 1876 transire
1602 1858 1657 1876 cum
1681 1851 1803 1882 tempore,
1823 1859 1855 1877 an

1010 1893 1139 1917 Christum
1158 1901 1241 1918 amare
1260 1894 1326 1918 etin
1345 1893 1474 1918 aeternum
1487 1894 1569 1919 vivere
1582 1895 1617 1918 »Ρ
1640 1903 1652 1916 α
1665 1894 1735 1919 Unde
1754 1894 1856 1925 perfecti

1009 1937 1056 1960 viri
1079 1936 1248 1961 indesinenter
1277 1936 1425 1961 brevitatem
1454 1936 1593 1968 praesentis
1612 1937 1678 1962 vitae
1705 1937 1854 1968 respiciunt,

1009 1979 1080 2010 quasi
1100 1979 1208 2010 quotidie
1221 1979 1354 2004 morientes
1367 1979 1467 2009 vivunt,
1487 1979 1512 2004 et
1524 1979 1596 2005 tanto
1609 1980 1739 2005 sollicitius
1751 1980 1782 2004 ad
1799 1987 1856 2005 ven-

1009 2023 1068 2047 tura
1086 2029 1112 2047 se
1131 2023 1296 2053 praeparant,
1316 2022 1410 2053 quanto
1429 2022 1454 2047 et
1472 2023 1542 2047 nulla
1558 2030 1611 2048 esse
1630 2023 1776 2048 transitoria
1795 2031 1854 2048 sem-

1009 2073 1053 2096 per
1071 2073 1100 2089 ex
1119 2065 1168 2089 fine
1187 2065 1302 2096 pensant.
1321 2065 1473 2090 Immensum
1493 2065 1608 2096 estquod
1627 2066 1679 2090 sine
1698 2066 1803 2091 termino
1820 2073 1854 2091 se-

1009 2108 1107 2139 quitur,
1126 2108 1151 2132 et
1171 2115 1258 2138 parum
1280 2108 1319 2132 est
1341 2108 1459 2139 quidquid
1481 2108 1569 2132 finitur
1583 2107 1601 2120 ²¹
1620 2118 1644 2134 x».
1669 2108 1728 2133 «Et
1745 2115 1793 2139 quo
1815 2116 1854 2133 ve-

1009 2152 1061 2176 rius
1086 2158 1182 2175 summa
1201 2151 1360 2182 cognosc-unt,
1380 2158 1407 2176 eo
1436 2151 1553 2175 subtilius
1577 2150 1677 2175 terrena
1698 2151 1852 2182 despiciunt,

1007 2193 1067 2224 quia
1085 2193 1241 2217 illuminatae
1263 2193 1355 2217 mentis
1377 2193 1460 2218 oculos
1482 2193 1686 2218 considerationis
1704 2194 1729 2218 in
1751 2194 1853 2218 aeterna

1008 2235 1092 2267 figunt
1105 2234 1125 2248 ¹²
1139 2246 1162 2260 x».
1183 2236 1218 2260 Et
1235 2236 1287 2261 ideo
1311 2246 1325 2258 e
1337 2236 1428 2268 gaudia
1446 2236 1586 2268 praesentis
1598 2236 1678 2266 vitae,
1691 2244 1754 2268 quae
1766 2237 1853 2261 iniusti

1007 2278 1143 2303 aestimant
1162 2285 1266 2310 magna,
1283 2279 1332 2310 ipsi
1350 2279 1473 2310 deputant
1485 2279 1515 2303 ut
1533 2279 1643 2304 stercora
1655 2289 1683 2308 x»,
1703 2279 1728 2304 et
1746 2287 1775 2304 ea
1790 2286 1852 2310 quae

1008 2321 1099 2345 saeculi
1118 2321 1271 2346 amatoribus
1284 2329 1341 2346 cara
1360 2322 1432 2351 sunt,
1452 2322 1500 2352 ipsi
1513 2322 1583 2346 velut
1600 2322 1730 2346 adversam
1749 2329 1800 2346 rem
1814 2321 1853 2346 fu-

1007 2363 1090 2394 giunt.
1108 2363 1210 2388 Alienos
1229 2364 1293 2388 enim
1312 2364 1394 2388 sciunt
1412 2372 1465 2388 esse
1484 2372 1499 2388 a
1519 2364 1581 2394 Deo,
1601 2364 1689 2395 quibus
1708 2364 1753 2389 hoc
1771 2372 1851 2390 saecu—

1007 2405 1059 2430 lum
1079 2405 1111 2430 ad
1131 2413 1201 2430 omne
1220 2406 1372 2431 commodum
1386 2406 1555 2437 prosperatur.
1579 2406 1600 2432 O
1616 2414 1678 2438 glans
1698 2407 1753 2432 sine
1772 2408 1852 2433 const-

1007 2448 1043 2473 Ζὶο
1065 2449 1089 2473 ct
1106 2449 1160 2473 sine
1174 2448 1335 2479 prudentia!
1359 2449 1464 2474 Utinam
1491 2450 1609 2480 saperent
1633 2450 1657 2474 et
1679 2449 1851 2481 intettc'qerent

170 2607 178 2621 ¹
197 2609 229 2630 De
245 2612 338 2631 auctore
364 2609 432 2630 liuius
456 2608 561 2636 opusculi
583 2609 633 2630 sive
652 2608 729 2636 potius
751 2609 872 2636 fragmenti
895 2609 950 2631 nihil

108 2639 163 2661 certi
180 2640 224 2661 dici
242 2643 323 2667 potest.
341 2640 401 2662 Vide
418 2640 581 2667 l‘rnlegomenn
600 2646 619 2662 c.
637 2640 668 2662 ΙΙΙ.
687 2643 728 2661 art.
745 2640 759 2661 l.
777 2640 790 2667 ξ’,
808 2639 830 2662 4.

169 2670 178 2682 ²
197 2671 253 2693 x'ide
271 2677 338 2698 supra
358 2677 411 2698 pag.
429 2672 487 2697 210,
504 2674 580 2693 notaui
603 2671 640 2697 ¹53
658 2670 687 2692 (le
705 2671 825 2698 Diligeudo
840 2671 887 2693 Deo
905 2671 950 2697 (in-

107 2704 140 2724 ter
151 2707 221 2729 opera
231 2703 346 2730 August),
358 2709 377 2724 c.
390 2703 410 2724 3.
421 2705 443 2724 et
456 2702 579 2730 Speculum
593 2702 661 2729 (inter
673 2708 742 2729 opera
754 2702 869 2730 August),
882 2708 901 2724 e.
911 2703 948 2724 33.

107 2745 136 2748 —
153 2733 217 2759 Vnt,
235 2732 403 2760 refragantibus
415 2733 467 2755 cod.
484 2736 505 2755 et
517 2733 553 2755 ed.
571 2733 578 2754 l
591 2751 595 2759 ,
613 2738 735 2760 perperam
747 2733 831 2755 omittit
846 2739 949 2762 reynare

106 2765 150 2791 est,
162 2763 202 2786 sed
215 2764 302 2786 mundo
314 2764 414 2791 servire,
428 2764 451 2786 in
463 2764 511 2792 ipsa
524 2764 591 2785 eliani
604 2764 712 2792 superins
723 2764 866 2786 desideratur
877 2764 948 2787 Nota.

169 2794 178 2807 ¹⁵
196 2795 314 2821 uerum-11„
332 2796 404 2817 Serm.
423 2795 459 2817 42.
477 2795 507 2817 (le
524 2795 636 2822 Diversis,
655 2801 677 2816 n.
694 2796 720 2821 33
742 2795 782 2817 cfr.
802 2801 871 2822 supra
893 2801 946 2823 pag.

107 2825 149 2853 45,
167 2829 217 2848 nota
238 2826 257 2848 t.
274 2826 330 2848 Cod.
351 2832 399 2849 esse
414 2826 494 2855 possit.
513 2838 542 2842 —
560 2825 663 2848 Subinde
683 2826 793 2854 allegatur
809 2827 863 2854 Sap.
880 2826 905 2854 5,
924 2826 946 2848 7.

168 2857 177 2868 ⁴
194 2858 302 2885 Gregor„
321 2857 370 2879 XV.
388 2858 464 2879 uorat.
481 2864 500 2879 c.
518 2858 555 2879 23.
573 2864 595 2879 ιι.
613 2858 650 2879 28.
668 2856 723 2879 ibid.
741 2857 810 2879 ΧΧΙΙ.
830 2863 852 2879 (“.
872 2857 905 2879 16.
924 2863 946 2879 ιι.

107 2887 144 2910 35.
162 2887 258 2910 liabetur
275 2894 322 2917 seq.
340 2889 457 2910 sententia.

168 2917 178 2930 ⁶
196 2919 264 2947 Epist.
277 2920 290 2941 l.
300 2919 359 2941 loon.
372 2920 394 2945 2,
408 2919 443 2941 15.
455 2931 485 2936 -—
497 2919 619 2946 sententia,
631 2925 690 2947 quae
702 2919 811 2947 sequitur,
824 2922 857 2941 est
868 2925 947 2941 secun-

107 2948 162 2971 dum
178 2950 286 2977 August,
299 2951 325 2971 V.
338 2950 438 2972 Cuntcss.
450 2956 471 2972 c.
483 2950 504 2972 l».
517 2956 537 2972 n.
549 2950 575 2978 Ἲς
588 2951 629 2972 cfr.
641 2956 710 2978 supra
723 2956 776 2978 pag.
791 2949 832 2977 46,
845 2953 896 2972 nota
909 2950 946 2972 tl.
977 2950 979 2954 “

168 2980 178 2993 ⁰
194 2982 304 3009 (ir0g01·.‚
321 2981 371 3003 XX.
389 2981 466 3004 Mor-al.
481 2988 501 3003 c.
520 2981 557 3003 Μ.
576 2987 599 3003 ιι.
616 2981 652 3003 37.
669 2992 702 2997 -
718 2981 814 3003 interius
830 2987 872 3009 pro
884 2980 947 3010 quod

107 3009 152 3040 ipsi
167 3014 242 3041 ayunt
260 3012 301 3037 (ita
320 3012 371 3034 cod.
389 3016 411 3034 et
426 3012 462 3035 ed.
482 3013 503 3040 t)
523 3012 573 3034 Vnt.
590 3011 654 3041 quad
667 3012 702 3035 sic
717 3013 801 3041 uqicnt.

1068 2609 1078 2623 ⁷
1095 2610 1203 2637 Gregor.,
1223 2609 1258 2631 lV.
1276 2609 1352 2631 uorat.
1364 2615 1383 2631 c.
1402 2609 1438 2631 30.
1456 2616 1478 2631 n.
1495 2609 1533 2631 58.
1546 2610 1587 2631 Pro
1605 2609 1727 2633 caelestem
1742 2609 1848 2639 patriam.

1008 2640 1058 2662 Vat.
1075 2639 1196 2663 caelestem
1214 2640 1326 2669 qratiam.

1069 2669 1078 2683 ⁸
1094 2670 1235 2698 Cassiodor.,
1252 2671 1275 2693 in
1288 2672 1322 2693 Ps.
1335 2671 1377 2697 99,
1394 2672 1420 2693 2:
1438 2670 1456 2693 Ο
1474 2671 1544 2693 libera
1562 2671 1676 2693 servitus!
1698 2678 1712 2693 o
1729 2672 1847 2694 servitium

1005 2708 1074 2730 supra
1092 2705 1186 2724 cunctas
1207 2702 1374 2724 dominationes
1395 2702 1517 2729 eximium,
1534 2702 1620 2731 quibus
1642 2703 1691 2725 talis
1714 2703 1795 2725 lactit‘m
1813 2703 1848 2725 tri-

1005 2733 1082 2756 buitur
1099 2736 1142 2755 etc.

1067 2763 1077 2776 ⁰
1094 2764 1202 2792 August,
1220 2764 1242 2786 in
1260 2765 1320 2786 loun.
1343 2765 1430 2791 Evang.
1447 2767 1475 2786 tr.
1501 2764 1523 2786 7.
1541 2771 1563 2786 n.
1589 2765 1614 2791 1l;
1632 2765 1672 2786 cfr.
1697 2771 1767 2792 supra
1793 2771 1847 2793 pag.

1005 2795 1046 2822 ts,
1064 2798 1115 2817 nota
1134 2795 1155 2817 4.

1067 2825 1086 2838 ¹⁰
1104 2826 1173 2853 Epist.
1190 2827 1206 2848 l.
1222 2827 1282 2848 loan.
1300 2827 1325 2854 2,
1346 2826 1380 2848 17.
1397 2838 1428 2842 -
1445 2826 1553 2854 Sequitur
1578 2826 1688 2848 sententia
1705 2828 1802 2855 August.
1825 2827 1845 2849 in

1004 2858 1064 2880 liunc
1080 2857 1122 2879 loc.
1140 2860 1166 2879 tr.
1183 2857 1205 2879 2.
1221 2863 1243 2879 n.
1261 2857 1297 2879 110.

1067 2887 1084 2900 ¹¹
1103 2889 1210 2915 Gl'egor.,
1229 2888 1273 2910 Vll.
1295 2888 1372 2910 llloral,
1389 2894 1407 2910 c.
1429 2888 1467 2910 30.
1491 2894 1514 2910 n.
1532 2888 1569 2910 125.
1586 2888 1637 2910 Post
1651 2890 1754 2917 pensant
1773 2892 1846 2912 textus

1003 2919 1121 2947 originalis
1139 2920 1203 2947 plura
1221 2919 1341 2941 interserit.

1066 2949 1085 2962 ¹²
1102 2951 1211 2977 (irc-goin,
1228 2950 1283 2972 vlu.
1299 2950 1375 2972 moral.
1392 2956 1413 2972 o.
1429 2950 1467 2972 27.
1487 2956 1509 2972 n.
1526 2950 1562 2972 46,
1581 2950 1666 2973 Textus
1682 2951 1798 2978 originalis
1820 2950 1845 2973 in

1003 2980 1192 3023 consideratione!
1204 2980 1350 3004 aeternitatis
1366 2981 1450 3011 fiqunt.
1468 2982 1520 3010 ch.
1544 2982 1653 3004 sententia
1672 2981 1769 3004 liabetur
1786 2981 1844 3004 ibid.

1003 3012 1053 3034 XV.
1071 3018 1090 3034 c,
1109 3012 1130 3034 lo.
1148 3018 1169 3034 n.
1187 3012 1208 3034 ό.

1874 1385 1902 1404 De
1914 1386 1977 1404 terlio.
