2133 3317
88 1128 127 1147 Uva
138 1127 220 1146 comedi-

100 1153 130 1170 tur
143 1153 162 1170 et
171 1151 220 1170 lubi-

100 1177 137 1194 tur.

231 224 288 252 228

232 302 324 333 optime
343 300 475 326 distincta:
496 299 558 324 Non
570 298 650 328 enim,
664 296 746 328 iuquit
759 298 776 325 ¹,
795 295 862 320 sicut
873 301 918 319 vos
931 293 1082 324 aestimatis,

232 345 260 370 7ιὶ
288 345 352 369 ebrii
374 344 442 369 sunt.
468 342 536 367 Sicut
564 348 608 365 vos
634 339 789 367 aestimatis,
818 337 914 369 inquit;
942 344 993 361 non
1018 336 1083 361 em'm

232 388 314 413 musto
334 389 433 412 terreno
453 385 513 410 ebrii
532 384 604 413 sunt,
624 383 689 407 sicut
707 389 751 407 vos
770 380 880 412 putatis,
901 380 944 404 sed
968 379 1082 409 caelesti,

232 430 380 462 spirituali,
407 428 471 453 sicut
498 433 544 452 nos
567 427 666 451 scimus.
692 425 846 449 Hauriamus
870 423 949 454 igitur
974 422 999 447 et
1023 429 1083 451 nos,

232 473 367 503 carissimi,
387 472 415 496 de
435 471 492 495 vino
511 469 687 494 iucundissimo
712 468 787 498 grani
810 466 899 496 110105;
927 466 980 495 vel,
1010 466 1032 490 si
1058 466 1084 490 in

233 523 281 548 quo
299 516 458 542 hauriamus,
479 512 572 538 scilicet
600 519 645 536 vas
669 510 826 539 intellectus,
852 516 903 534 non
926 509 1047 533 habemus
1060 510 1084 538 ²3

232 565 389 585 recurramus
408 564 462 582 curn
482 556 556 587 plena
575 554 665 579 fiducia
684 554 716 578 ad
735 553 889 584 singularem
912 552 1028 577 nostrum
1056 558 1085 576 ac

233 602 362 634 providum
377 600 548 627 Conditorem,
562 598 632 623 cuius
645 596 792 628 figmentum
807 603 906 625 sumus,
926 602 1083 626 oremusque,

232 645 261 670 ut
280 651 325 669 vas
343 643 433 669 formet
460 643 486 667 in
514 642 598 666 anima
625 640 713 665 nostra
740 639 815 664 huius
843 638 981 663 dulcissimi
1008 638 1085 663 musti

233 695 324 719 0011011,
344 687 373 711 ut
392 685 479 710 nostro
498 684 667 713 consolatore,
686 682 782 714 Spiritu
809 682 907 713 gratiae
933 681 1085 713 septiformis

233 731 347 762 accepto,
367 728 528 754 multiformis
547 727 696 758 tentatoris,
716 726 854 751 adversarii
878 725 960 750 nostri
983 725 1086 756 laqueos

233 774 380 802 evadamus,
400 772 425 797 et
439 771 518 803 perles
536 770 670 796 affectuum
688 769 833 795 nostrorum
851 769 881 793 in
899 768 1029 800 compedes
1049 776 1086 793 sa·

236 817 342 849 pientiae
361 816 509 840 iniiciamus
520 816 545 844 ²³,·
563 814 606 844 ut,
626 821 681 838 cum
695 814 750 844 ipsa
763 820 823 837 vera
836 812 961 843 sapientia
973 812 1085 843 colligati

234 860 340 885 vinculis
359 858 487 888 caritatis,
508 857 677 882 indesinenter
696 856 721 881 et
739 856 860 880 indefesse
879 862 1010 880 curramus
1029 854 1087 886 post

234 905 316 932 illam,
335 903 411 928 donec
433 902 458 927 et
483 901 580 932 saporis
604 900 684 931 ipsius
709 899 890 931 plenitudinem
916 898 1085 930 attingamus,

233 947 274 972 ubi
287 947 337 971 iam
356 953 405 971 11011
420 952 468 976 per
487 944 619 975 speculum
638 944 661 968 ci
679 944 707 968 in
727 943 886 974 aenigmate,
906 942 949 967 sed
967 941 1033 971 facie
1053 941 1088 967 ad

235 990 327 1021 faciem
340 991 349 1004 ⁴
369 990 462 1021 Reyem
480 988 596 1014 nostrum
615 988 644 1012 in
662 994 709 1012 suo
723 987 811 1012 decore
824 986 969 1017 videamus,
983 985 1008 1010 et
1021 985 1088 1010 sicui

232 1041 321 1059 sumus
340 1033 448 1064 couniti,
468 1037 658 1063 coynoscamus.

306 1077 365 1102 174.
385 1076 432 1101 Hic
450 1076 516 1100 enim
535 1074 714 1099 advertendum
735 1073 807 1104 puto,
828 1072 893 1104 quod
911 1072 1009 1097 fructus
1028 1072 1088 1097 vitis

235 1121 337 1146 nostrae
356 1120 381 1144 et
399 1118 535 1144 comeditur
554 1117 579 1142 et
597 1117 701 1142 bibitur,
714 1116 864 1141 Masticatur
882 1116 948 1141 enim
966 1123 1030 1145 uva,
1051 1115 1088 1139 111-

235 1165 304 1189 bitur
322 1170 380 1188 vero
400 1163 499 1193 vinum,
520 1161 585 1193 quod
604 1161 629 1185 in
648 1168 698 1185 uva
716 1160 870 1189 continetur,
891 1159 916 1184 et
937 1160 962 1184 in
981 1159 1087 1190 utroque

234 1214 282 1232 usu
300 1205 442 1231 iucunditas
465 1205 516 1234 est,
537 1204 580 1229 sed
607 1205 634 1229 in
652 1204 709 1228 vino
735 1204 760 1228 et
778 1203 877 1228 utilitas
896 1202 921 1227 et
945 1202 1088 1227 iucunditas

235 1251 314 1275 maior
333 1250 358 1274 et
377 1248 496 1280 prolixior
515 1247 567 1277 est,
586 1247 651 1279 quod
664 1247 696 1272 ad
715 1246 781 1271 botri
799 1246 887 1275 huius,
902 1246 931 1270 de
950 1253 998 1277 quo
1011 1245 1088 1270 locuti

236 1300 335 1322 sumus,
364 1292 508 1317 fruitionem
533 1291 593 1315 mihi
621 1290 746 1321 pertinere
765 1289 873 1314 videtur.
901 1289 933 1314 In
961 1288 1088 1320 praesenti

235 1338 299 1362 enim
319 1337 372 1361 vita
390 1336 457 1360 hunc
475 1334 575 1360 botrum
595 1333 771 1362 masticamus,
791 1340 847 1357 cum
866 1332 1032 1362 suavitatem,
1051 1332 1089 1356 iu-

234 1380 387 1407 cunditatem
406 1379 431 1404 et
449 1378 586 1403 utilitatem
605 1376 707 1402 nostrae
726 1376 904 1407 redemptionis
922 1375 1039 1400 dentibus
1051 1375 1089 1400 in-

235 1424 350 1449 tellectus
369 1421 450 1448 nostri
468 1421 630 1450 discutimus;
649 1427 704 1445 cum
724 1419 914 1444 resurrectionis
937 1418 1088 1450 potentiam,

235 1467 385 1493 ascensionis
403 1466 510 1497 gloriam
529 1464 554 1489 et
573 1464 696 1489 adventus
715 1463 796 1488 sancti
821 1462 930 1494 Spiritus
951 1462 1089 1487 utilitatem

236 1511 262 1536 10
283 1510 363 1535 cordis
390 1508 471 1534 nostri
496 1507 692 1533 consideratione
717 1513 860 1535 versamus,
886 1506 1008 1536 tanquam
1026 1512 1090 1529 uvas

236 1555 261 1579 in
281 1561 335 1583 ore,
365 1552 443 1583 fitque
461 1552 491 1576 de
518 1551 558 1575 his
580 1557 760 1581 nonnunquam
788 1550 873 1580 aliqua
899 1549 998 1574 laetitia
1023 1548 1091 1573 cordi

237 1597 332 1622 nostro.
352 1596 409 1620 Erit
427 1595 511 1620 autem
524 1594 613 1625 plena,
633 1592 767 1625 postquam
785 1592 922 1617 cessaverit
940 1592 1052 1623 tempus,
1065 1591 1090 1616 id

237 1640 276 1666 est
295 1639 452 1664 mutabilitas
471 1638 626 1669 temporum,
647 1636 746 1668 quando
763 1636 824 1661 haec
842 1636 891 1660 iam
911 1643 961 1661 non
981 1635 1091 1660 comede-

237 1691 307 1712 mus,
327 1683 370 1708 sed
397 1682 521 1711 bibemus,
541 1680 750 1706 inaestimabilem
777 1680 806 1704 de
824 1679 864 1704 his
892 1679 918 1704 et
942 1679 1091 1710 perpetuam

237 1727 361 1752 laetitiam
379 1725 513 1751 consecuti.
532 1725 563 1750 In
581 1724 729 1750 comedendo
747 1724 813 1748 enim
831 1723 923 1754 aliquis
941 1723 1013 1747 labor
1037 1722 1090 1752 est,

239 1771 303 1802 quod
322 1777 380 1795 vero
399 1769 494 1794 bibitur
507 1769 559 1794 51110
577 1768 662 1793 labore
676 1767 804 1799 recipitur.
824 1766 894 1791 Unde
908 1774 952 1798 per
965 1765 1091 1791 comestio-

237 1820 294 1839 nem
312 1813 444 1838 delectatio
462 1819 630 1844 quaecumque
655 1811 695 1836 vel
718 1811 906 1842 qualiscumque
924 1810 965 1834 vel
983 1809 1092 1841 quanta-

239 1865 354 1889 cumque,
374 1857 432 1889 quia
451 1857 504 1881 sine
522 1862 625 1887 corpore
649 1862 698 1880 non
724 1854 874 1886 percipitur,
903 1853 969 1885 quod
993 1859 1091 1883 seuiper

241 1901 369 1933 aygyravai
387 1900 531 1930 animamss,
550 1898 693 1930 accipienda
712 1897 758 1923 est.
778 1898 827 1922 Per
843 1898 935 1928 poium
957 1904 1015 1922 vero
1039 1897 1092 1921 51110

237 1944 323 1969 labore
341 1943 470 1974 acceptum
489 1942 558 1967 illius
576 1943 623 1967 loci
642 1941 667 1966 et
685 1941 806 1972 temporis
824 1940 916 1972 gaudia
934 1939 1091 1971 figurantur,

240 1988 283 2013 ubi
301 1987 326 2012 et
351 1987 449 2019 quando
477 1987 530 2011 iam
556 1993 609 2010 non
634 1985 685 2010 erit
708 1984 824 2016 amplius
850 1990 931 2015 neque
952 1983 1036 2008 luctus
1049 1988 1093 2007 ne-

239 2038 287 2062 que
306 2030 416 2059 clamor,
437 2029 481 2054 sed
498 2036 542 2054 nec
566 2029 638 2054 ullus
657 2028 731 2053 dolor
738 2047 745 2059 ,
769 2027 894 2059 quoniam
919 2027 981 2051 71000
1003 2026 1093 2051 omnia

240 2073 410 2098 transierunt.
428 2072 463 2097 Et
486 2072 539 2104 ipse
558 2072 590 2097 ab
615 2071 716 2096 aeterno
736 2071 847 2100 stabilis,
866 2069 1091 2099 incommutabilis,

240 2117 282 2147 qui
296 2123 340 2147 pro
353 2116 436 2145 nobis,
450 2123 480 2140 ne
494 2115 564 2140 velut
573 2115 662 2140 umbra
675 2114 853 2143 transiremus,
868 2113 998 2138 transiens
1011 2112 1093 2137 factus

240 2159 302 2189 fuit,
321 2158 484 2183 ministrabit
502 2158 574 2183 nobis
584 2158 602 2182 ⁰.
621 2157 660 2182 Ibi
679 2156 705 2182 et
723 2157 783 2182 tunc
801 2157 851 2181 iam
864 2162 914 2181 non
933 2163 989 2180 cum
1007 2155 1092 2180 labore

241 2202 266 2227 et
285 2202 373 2227 timore
386 2201 412 2227 et
431 2209 486 2227 cum
499 2200 675 2232 impedimento
688 2200 805 2231 corporis
817 2199 910 2224 mortis
922 2199 1001 2224 liuius
1017 2205 1093 2223 come-

240 2246 338 2275 demus,
358 2245 401 2270 sed
420 2252 475 2270 cum
491 2252 584 2276 magna
602 2243 757 2269 iucunditate
770 2243 884 2268 bibemus
902 2243 988 2267 vinum
1001 2241 1093 2267 redem-

240 2289 332 2321 ptionis
350 2288 465 2317 nostrae,
485 2288 511 2313 et
533 2287 667 2313 secundum
680 2286 798 2312 naturam
817 2286 908 2312 nobilis
920 2286 984 2315 vini,
999 2285 1093 2317 quanto

242 2333 299 2364 plus
318 2332 465 2361 biberimus,
480 2331 539 2356 licet
552 2330 706 2359 saturemur,
720 2330 793 2355 tanto
806 2330 865 2361 plus
878 2329 1004 2358 sitiemus,
1018 2329 1093 2353 admi·

240 2376 326 2400 rantes
345 2375 371 2400 et
388 2374 521 2400 laudantes
535 2375 587 2399 sine
600 2374 718 2403 termino,
733 2374 785 2398 sine
800 2374 985 2399 intermissione
998 2373 1093 2398 bonita-

669 217 867 247 OPUSCULUM
890 216 921 245 X.
944 215 1031 244 VlTIS
1050 214 1201 243 MYSTlCA.
1223 215 1487 244 ADDITAMENTUM
1508 216 1551 244 Vl.

1140 294 1191 319 tem
1204 294 1375 319 admirabilem
1388 294 1561 325 Redemptoris
1573 294 1668 324 nostri,
1681 294 1819 319 dulcissimi
1831 294 1889 319 Iesu
1897 314 1903 324 ,
1917 302 1991 326 quam

1140 338 1165 362 in
1184 337 1293 363 fructum
1311 337 1489 368 redemptionis
1505 337 1606 363 nostrae
1625 338 1690 362 circa
1708 344 1754 362 nos
1771 337 1852 362 voluit
1870 337 1991 363 exhibere.

1213 380 1272 405 175.
1292 381 1326 405 Et
1344 381 1411 410 vide,
1431 381 1453 405 si
1471 388 1521 406 non
1539 381 1590 405 ista
1609 380 1750 405 differentia
1768 380 1815 405 cibi
1832 380 1857 405 et
1876 381 1950 412 potus
1963 388 1992 406 ex
2006 386 2092 407 Confirma
2131 376 2133 408 1

1140 424 1224 449 verbis
1243 424 1331 455 Sponsi
1350 424 1376 448 iu
1396 424 1497 449 Cantico
1516 424 1608 449 amoris
1627 423 1825 453 commendetur,
1843 431 1900 449 cum
1918 424 1955 449 ait
1968 423 1990 449 ⁷:

1144 466 1285 498 Comedite,
1305 467 1394 498 amici,
1416 466 1492 491 bibite
1510 468 1534 491 et
1552 467 1733 498 inebriamini,
1752 467 1890 491 carissimi.
1916 466 1993 492 Prae-

1141 510 1225 535 monet
1244 511 1308 535 enim
1328 510 1466 541 comedere,
1487 510 1552 541 quod
1569 510 1656 541 utique
1680 510 1712 534 ad
1731 510 1887 541 praesentem
1914 510 1993 535 vitam

1142 553 1265 584 pertinet,
1285 553 1311 577 in
1330 560 1392 584 qua,
1413 553 1478 577 sicut
1491 553 1609 582 diximus,
1630 552 1808 584 contemplatio
1826 553 1906 578 labori
1919 553 1993 578 actio-

1141 597 1181 621 nis
1200 596 1311 621 admixta
1330 596 1377 621 est.
1396 596 1428 621 In
1452 596 1540 621 futura
1558 603 1616 621 vero
1641 596 1706 626 vita,
1727 604 1789 627 quae
1808 597 1875 621 omni
1897 596 1993 621 actione

1141 640 1223 669 caret,
1242 639 1333 671 gaudio
1352 639 1474 671 tanquam
1497 639 1584 670 poculo
1604 639 1769 670 perfruemur.
1788 639 1906 664 Bibemus
1928 639 1994 664 enim

1142 684 1167 708 et
1185 682 1375 708 inebriabimur
1394 682 1427 707 ab
1454 682 1570 707 ubertate
1589 682 1680 707 domus
1698 683 1750 707 Dei
1774 684 1798 707 ct
1823 683 1934 707 torrente
1951 690 1994 707 vo-

1143 727 1242 758 luptate
1255 727 1309 751 eius
1318 726 1470 758 potabimur
1479 726 1498 757 Β,
1516 727 1565 750 iam
1579 733 1624 751 nos
1637 726 1697 751 tunc
1715 734 1767 751 esse
1780 726 1855 757 Regis
1869 726 1893 751 et
1906 726 1995 757 Sponsi

1142 770 1223 795 nostri
1239 770 1381 795 carissimos
1400 769 1493 801 liquido
1505 769 1693 801 cognoscentes,
1713 777 1768 794 cum
1781 776 1847 801 aqua
1865 770 1996 794 0111111510-

1142 814 1210 839 boris
1228 814 1254 838 et
1272 813 1377 838 actionis
1402 812 1516 837 terrenae
1535 813 1561 837 in
1580 813 1666 837 vinum
1692 813 1790 837 divinae
1809 812 1996 844 contemplatio-

1142 857 1182 882 nis
1195 856 1401 885 commutabitur,
1415 856 1635 887 implebunturque
1655 863 1739 881 omnes
1751 855 1854 887 hydriae
1870 862 1949 887 usque
1963 856 1996 880 ad

1143 907 1276 925 summum.
1296 899 1387 924 Omnes
1409 900 1474 924 enim
1493 899 1661 930 replebuntur
1685 899 1713 923 in
1733 898 1806 923 bonis
1825 899 1916 924 domus
1940 899 1996 924 Do-

1142 942 1242 973 mini⁰;
1260 951 1316 968 cum
1334 943 1393 968 illae
1411 942 1587 967 desiderabiles
1600 942 1704 973 nuptiae
1722 942 1825 973 Sponsi,
1844 942 1869 966 id
1888 941 1927 966 est
1940 942 1997 973 pul-

1144 987 1260 1011 cherrimi
1280 987 1374 1011 Christi
1393 986 1464 1016 Iesu,
1490 986 1515 1010 et
1534 992 1654 1017 sponsae,
1674 985 1699 1009 id
1717 985 1756 1010 est
1780 985 1931 1010 universalis
1949 985 1997 1010 Ec-

1143 1030 1244 1059 clesiae,
1258 1029 1463 1058 celebrabuntur,
1483 1029 1631 1060 bibeturque
1649 1029 1735 1053 vinum
1747 1029 1772 1053 in
1787 1035 1884 1053 summa
1899 1028 1997 1053 laetitia

1144 1073 1225 1098 cordis
1244 1074 1354 1098 emnium
1373 1072 1537 1097 clamantium
1556 1072 1662 1097 Domino
1681 1072 1706 1096 et
1724 1072 1870 1096 dicentium:
1891 1072 1931 1097 Tu
1955 1071 1997 1096 bo-

1143 1124 1207 1141 num
1225 1117 1315 1141 vinum
1339 1116 1449 1141 servasii
1467 1123 1548 1147 usque
1573 1115 1666 1140 adhuc.
1691 1115 1745 1140 Nos
1769 1114 1853 1140 autem
1879 1115 1997 1145 dicimus,

1144 1160 1210 1185 hanc
1228 1160 1352 1184 laetitiam
1378 1167 1422 1190 per
1439 1160 1524 1184 cibum
1550 1159 1700 1191 significari,
1720 1166 1775 1183 cum
1799 1158 1920 1190 scriptum
1947 1157 1996 1183 sit:

1150 1203 1184 1229 Ut
1202 1202 1284 1228 edatis
1303 1204 1328 1227 ci
1346 1202 1439 1227 bibatis
1455 1209 1532 1233 super
1550 1208 1664 1227 mensam
1679 1208 1761 1226 meam
1774 1202 1801 1226 in
1813 1208 1892 1233 reyno
1904 1208 1958 1226 meo
1969 1201 1998 1233 ¹⁰,

1144 1247 1204 1271 licet
1222 1246 1343 1277 expositIO
1363 1245 1534 1277 praecedentis
1546 1245 1706 1270 auctoritatis
1725 1245 1800 1270 etiam
1813 1245 1839 1269 in
1857 1245 1904 1270 hac
1916 1244 1998 1270 locum

1146 1290 1231 1322 posset
1249 1290 1368 1315 obtinere.
1381 1304 1417 1307 —
1429 1289 1454 1313 Si
1472 1296 1530 1314 vero
1549 1289 1640 1320 aliquis
1655 1288 1764 1318 asserat,
1783 1288 1913 1320 iudignum
1932 1288 1996 1318 fore,

1145 1334 1175 1359 ut
1187 1333 1261 1358 tanta
1279 1333 1339 1357 vitis
1358 1332 1458 1357 tantum
1476 1332 1592 1357 laborata
1611 1332 1636 1356 et
1662 1331 1780 1356 laborans
1802 1338 1880 1356 unum
1899 1331 1999 1356 tantum

1146 1377 1246 1402 botrum
1266 1376 1425 1408 produxerit,
1451 1375 1547 1407 potest,
1567 1376 1588 1399 si
1613 1375 1683 1404 vult,
1703 1382 1731 1399 ea
1755 1382 1819 1406 quae
1843 1382 1889 1400 nos
1911 1381 2000 1406 yrana

1146 1420 1315 1451 appellamus,
1337 1419 1423 1443 botros
1442 1419 1570 1450 appellare
1593 1418 1618 1442 et
1646 1418 1753 1449 singulis
1768 1418 1844 1442 aliam
1863 1424 1999 1449 granorum

1146 1463 1332 1488 multitudinem
1351 1462 1495 1487 adinvenire
1505 1460 1533 1486 ¹¹.
1794 1455 1798 1458 ⁴

1219 1505 1278 1531 176.
1298 1505 1476 1530 Verumtamen
1505 1512 1555 1530 nou
1583 1504 1791 1529 irrationabiliter
1817 1504 1843 1528 in
1872 1495 2001 1535 praesenti*

1147 1550 1233 1575 botros
1252 1549 1312 1574 vitis
1339 1550 1483 1573 innumeros
1510 1548 1679 1577 inveniemus,
1707 1548 1728 1572 si
1756 1554 1841 1572 omnes
1869 1547 1998 1576 ecclesias,

1147 1594 1230 1619 onmia
1243 1592 1408 1621 monasteria,
1429 1599 1513 1617 omnes
1526 1591 1743 1623 congregationes,
1763 1591 1864 1622 quaein
1883 1591 2001 1615 universa

1148 1637 1208 1662 sunt
1226 1636 1350 1666 Ecclesia,
1371 1636 1487 1661 volumus
1505 1635 1606 1660 intueri.
1625 1634 1679 1659 Hos
1692 1635 1757 1659 enim
1776 1634 1861 1659 botros
1874 1633 1930 1665 quis
1946 1640 2001 1664 pro-

1147 1680 1220 1705 duxit
1237 1680 1287 1704 nisi
1305 1679 1365 1704 vitis
1384 1679 1491 1704 nostra?
1509 1678 1576 1703 Nam
1595 1678 1620 1703 et
1640 1678 1756 1702 Christus
1774 1677 1800 1702 et
1818 1677 1929 1702 Ecclesia
1941 1676 2001 1702 vitis

1147 1730 1199 1748 una
1217 1723 1290 1752 sunt,
1316 1722 1381 1747 sicut
1405 1729 1483 1746 unum
1507 1728 1615 1752 corpus3
1641 1721 1755 1752 singulae
1780 1719 2001 1751 congregationes,

1149 1767 1243 1798 singuli
1261 1765 1341 1795 botri;
1361 1772 1442 1797 grana
1460 1771 1519 1790 vero
1535 1764 1738 1796 singularitatem
1758 1763 1902 1794 exprimunt
1920 1769 2002 1794 perso-

1147 1817 1252 1840 narum,
1266 1809 1292 1834 et
1310 1815 1359 1834 non
1372 1808 1586 1838 inconvenienter,
1600 1807 1630 1832 ut
1642 1807 1703 1832 mihi
1721 1806 1820 1832 videtur
1830 1805 1858 1831 ¹².
1877 1806 1943 1831 Nam
1957 1812 2001 1837 per

1148 1854 1294 1879 exteriorem
1312 1852 1460 1883 folliculum
1478 1852 1551 1883 grani
1570 1852 1622 1876 sive
1639 1858 1703 1876 uvae
1726 1857 1816 1882 corpus
1838 1849 2001 1881 exprimitur,

1148 1905 1193 1929 per
1210 1897 1317 1922 nucleos
1335 1903 1405 1925 ossa,
1426 1903 1470 1927 per
1490 1895 1616 1926 liquorem
1634 1895 1718 1919 anima
1730 1893 1868 1925 figuratur,
1888 1893 1928 1918 vel
1946 1899 2002 1918 san-

1147 1941 1219 1972 guis,
1239 1940 1281 1971 qui
1299 1939 1338 1964 est
1357 1939 1427 1964 sedes
1445 1939 1543 1963 animae
1553 1936 1581 1962 ¹³.
1600 1938 1632 1963 In
1650 1937 1730 1962 morte
1749 1936 1856 1962 hominis
1870 1936 1954 1961 anima
1972 1935 2002 1961 de

1149 1990 1264 2015 corpore,
1283 1983 1405 2014 tanquam
1430 1982 1516 2006 vinum
1536 1981 1565 2006 de
1583 1981 1666 2010 acino,
1689 1980 1852 2011 exprimitur3
1879 1979 1905 2004 et
1922 1979 1944 2004 si
1967 1978 2002 2003 di-

1149 2034 1227 2059 gnum
1246 2026 1336 2055 fuerit,
1364 2026 1390 2050 in
1410 2025 1493 2056 regale
1521 2023 1633 2049 defertur
1659 2024 1789 2048 cellarium
1817 2023 1928 2054 paradisi
1951 2028 2002 2047 000-

1148 2070 1236 2099 lestis,
1256 2069 1286 2094 ut
1309 2069 1429 2101 gaudium
1448 2067 1525 2093 faciat
1542 2067 1605 2099 Regi
1629 2066 1730 2092 caelesti
1753 2066 1778 2091 et
1800 2066 1910 2091 convivis
1935 2066 2001 2095 suis,

1149 2113 1274 2138 universis
1292 2112 1384 2141 beatis,
1405 2111 1451 2142 qui
1478 2111 1514 2135 acl
1530 2110 1639 2141 nuptias
1662 2109 1737 2141 Ayni
1764 2109 1848 2134 vocati·
1865 2110 1928 2134 sunt
1936 2109 1958 2122 ¹⁴²
1976 2108 2002 2133 et

1150 2156 1308 2188 perveniunt.
1328 2155 1397 2180 Bibit
1410 2155 1475 2179 enim
1494 2154 1519 2179 et
1531 2155 1585 2185 ipse
1601 2154 1712 2185 Sponsus
1731 2153 1815 2178 vinum
1830 2152 1959 2184 proprium
1973 2151 2002 2176 de

1149 2200 1200 2225 vite
1220 2207 1277 2229 sua,
1297 2199 1327 2223 de
1345 2199 1418 2223 vinea
1436 2204 1493 2227 sua,
1513 2197 1623 2222 Ecclesia
1642 2196 1746 2226 scilicet,
1766 2196 1836 2221 cuius
1854 2196 1907 2227 ipse
1925 2194 2003 2226 caput

1149 2243 1196 2269 est.
1215 2242 1302 2272 Bibet,
1322 2243 1437 2273 inquam,
1457 2241 1483 2266 et
1500 2241 1554 2272 ipse
1573 2240 1726 2271 sanquinem
1744 2246 1856 2264 ‘alvarum
1881 2238 2003 2263 meracis-

1149 2287 1243 2312 simum
1253 2288 1281 2317 ¹⁵,
1301 2285 1395 2310 scilicet
1413 2285 1511 2309 animas
1529 2284 1677 2308 Sanctorum
1690 2289 1821 2314 expressas
1834 2282 1859 2307 et
1872 2281 2003 2313 separatas

1150 2330 1182 2355 ab
1200 2330 1278 2354 acinis
1296 2330 1322 2354 in
1335 2328 1455 2353 torculari
1473 2328 1566 2356 crucis,
1580 2327 1609 2352 in
1622 2327 1710 2351 labore
1723 2328 1746 2351 ei
1758 2326 1814 2357 siti,
1828 2326 1857 2350 in
1868 2324 1967 2357 friyore
1978 2325 2004 2349 et

1150 2373 1280 2404 nuditate,
1295 2373 1323 2397 in
1335 2371 1432 2404 viyiliis
1450 2371 1541 2396 multis
1560 2370 1586 2395 et
1604 2370 1660 2395 aliis
1677 2369 1800 2395 exercitiis
1818 2368 2001 2400 spiritualibus.

307 2618 315 2631 ¹
333 2621 426 2654 11002,
445 2620 482 2642 15.
498 2632 530 2636 -
547 2620 642 2643 Inferius
658 2626 701 2648 pro
718 2619 841 2650 spirituaii
858 2620 897 2649 (ita
915 2620 943 2648 Α)
965 2621 1021 2643 Bou.
1039 2626 1092 2643 cum

244 2651 281 2673 ed.
299 2651 307 2672 1
329 2650 430 2680 Spiritu.
447 2651 492 2674 Cir.
511 2652 633 2679 1301110111,
651 2652 725 2674 Serm.
743 2651 780 2674 49.
798 2652 821 2674 in
838 2651 901 2675 Cant.
919 2658 942 2674 n.
960 2652 982 2674 2.

307 2680 315 2694 ²
333 2682 392 2704 loan.
411 2682 437 2709 4,
456 2683 464 2704 11
472 2683 497 2705 i:
515 2683 624 2710 Domine,
642 2689 718 2712 neque
741 2683 764 2705 in
786 2690 833 2712 quo
856 2684 948 2706 haurias
966 2683 1046 2706 habes.
1062 2695 1094 2699 -

246 2713 339 2735 inferius
356 2716 408 2741 post
423 2713 511 2744 fiducia
529 2714 547 2736 A
564 2715 713 2743 prosequitur
724 2713 757 2737 ad
767 2714 871 2745 fiyulum
882 2716 1007 2743 nostrum,
1025 2714 1094 2738 cuius

244 2743 383 2773 figmentum
400 2750 485 2768 smnus
502 2748 546 2768 etc.

308 2774 317 2787 ³
333 2776 401 2798 Eccli.
418 2777 446 2804 6,
464 2776 502 2798 25.
518 2789 549 2794 -
565 2777 661 2800 Inferius
683 2777 805 2805 respicitur
827 2776 892 2800 Cant.
912 2778 938 2805 11,
955 2778 984 2800 3:
1002 2778 1055 2800 Post
1072 2780 1095 2799 te

246 2812 373 2829 curremus.

247 2868 252 2873 ι
307 2837 317 2849 ‘¹
335 2838 405 2866 Epist.
423 2838 436 2860 1.
454 2838 506 2861 Cor.
525 2839 566 2868 13,
584 2840 626 2867 112,
644 2842 697 2868 post
718 2845 789 2869 quem
811 2840 861 2862 lsai.
884 2840 925 2869 33,
947 2840 988 2862 17:
1006 2841 1094 2868 Regem

247 2875 269 2890 m
286 2868 370 2891 decore
387 2875 429 2892 suo
447 2870 560 2893 videbunt
576 2871 636 2893 oculi
653 2871 716 2898 eius;
733 2874 756 2894 et
772 2872 788 2893 l.
805 2871 856 2894 Cor.
876 2872 917 2899 13,
936 2872 972 2894 12.

288 2899 318 2953 d⁵
336 2900 433 2953 Siapbssjl,
452 2902 489 2923 Ἰ15.
505 2914 536 2918 -
553 2901 657 2925 Subinde
673 2903 786 2930 allegatur
802 2903 875 2931 Apoc.
889 2904 930 2931 21,
944 2903 965 2925 4.
981 2902 1028 2926 Csr.
1044 2903 1096 2925 Ber-

245 2936 286 2953 nar
307 2937 391 2985 h'Lriec.
409 2932 509 2991 lizzeng?
523 2932 665 2992 (Ιὲῗιῗὶςῗ111ιὶιο1
673 2934 856 2993 ’βξὲ.3ἔ11ξ5,51ἳὲ110
873 2965 894 2987 9.
907 2965 930 2988 in
941 2965 1004 2995 fine).
1022 2965 1096 2988 Eccle.

247 2994 277 3029 8,
292 2993 336 3029 ⁴.3³
363 2994 433 3029 Quasi
458 2993 541 3030 uni-bra
567 2998 682 3018 transeant
706 2996 746 3024 qui
772 3003 817 3019 non
843 2997 923 3020 timent
944 2997 1027 3019 faciem
1052 2997 1097 3019 Do-

247 3031 310 3047 mini.
328 3025 422 3048 lnsemus
439 3030 562 3053 respicitur
579 3027 646 3049 Rom.
665 3027 693 3054 7,
711 3027 748 3050 24.
1055 3031 1059 3033 “

1214 2618 1223 2632 ⁷
1241 2619 1304 2642 Cant.
1323 2619 1349 2647 ὅ,
1368 2618 1388 2640 11.
1406 2617 1451 2640 Csr.
1463 2616 1586 2644 Bernard.,
1598 2615 1628 2638 de
1640 2614 1761 2643 Diligendo
1772 2614 1833 2641 Deo,
1847 2620 1867 2636 0.
1881 2614 1918 2636 11.
1929 2619 1953 2635 11.
1965 2613 2003 2635 31.

1150 2654 1173 2674 οῑ
1190 2651 1219 2674 (10
1236 2650 1334 2673 Caritate
1350 2649 1420 2677 (inter
1436 2654 1507 2677 opera
1524 2646 1657 2675 Bernardi),
1675 2653 1695 2668 0.
1712 2646 1749 2668 31.
1766 2652 1789 2668 n.
1807 2646 1845 2667 96.

1214 2681 1223 2694 ⁸
1241 2682 1324 2704 Psalm.
1343 2681 1385 2708 35,
1403 2681 1424 2703 9.
1436 2692 1468 2696 —
1480 2678 1584 2702 Subinde
1600 2678 1723 2706 respicitur
1740 2678 1802 2700 loan.
1819 2678 1844 2705 2,
1861 2676 1891 2698 7:
1909 2675 2004 2704 implete

1151 2714 1247 2742 hydrias
1264 2719 1332 2741 aqua.
1350 2713 1376 2735 Et
1393 2712 1550 2740 impleverunt
1566 2716 1605 2732 eas
1622 2716 1697 2738 usque
1714 2709 1742 2731 ad
1760 2714 1890 2731 summum.

1214 2744 1224 2757 ⁹
1241 2745 1325 2767 Psalm.
1342 2743 1386 2770 64,
1403 2744 1426 2766 5.
1442 2755 1474 2759 -
1491 2742 1600 2771 Sequitur
1617 2742 1679 2764 ioan.
1695 2741 1723 2767 2,
1740 2740 1777 2762 10.

1215 2775 1235 2788 ¹⁰
1252 2777 1308 2799 Luc.
1320 2776 1361 2802 22,
1374 2775 1413 2797 30.
1424 2787 1455 2791 —
1467 2774 1578 2801 Superius
1591 2773 1643 2795 voci
1654 2771 1789 2801 sigynificuii
1798 2771 1817 2793 A
1828 2769 1937 2798 praefigit
1948 2775 2003 2792 non.

1216 2807 1234 2820 ¹¹
1253 2807 1297 2830 Cir.
1315 2807 1407 2834 Isidem,
1424 2806 1467 2835 Qq.
1484 2806 1507 2827 in
1522 2805 1590 2827 Num.
1603 2810 1622 2826 0.
1636 2803 1674 2826 15.
1685 2804 1750 2832 (01105
1763 2802 1809 2831 11.)
1821 2808 1844 2824 11.
1858 2802 1894 2823 110.
1905 2813 1937 2818 -—
1948 2801 2004 2824 Bon.

1153 2845 1207 2862 curn
1225 2839 1262 2861 ed.
1280 2839 1289 2861 4
1310 2840 1333 2861 et
1347 2837 1450 2867 sinyulis
1461 2836 1570 2866 aliquam
1581 2840 1718 2865 ymnorum
1729 2832 1906 2858 multitudinem
1918 2831 2004 2855 adiun-

1153 2876 1236 2914 we‘w
1253 2901 1299 2924 cfr.
1316 2900 1444 2927 0111011011,
1460 2900 1534 2922 serm.
1552 2898 1591 2921 35.
1607 2898 1629 2920 in
1647 2897 1710 2921 cant.
1725 2903 1750 2919 n.
1766 2896 1790 2919 τ.

1216 2931 1237 2945 ¹⁹
1253 2933 1320 2955 Deut.
1337 2933 1379 2960 112,
1396 2932 1442 2954 23:
1460 2930 1561 2958 Sanguis
1577 2930 1638 2952 enim
1655 2934 1737 2952 eorum
1753 2934 1797 2956 pro
1814 2928 1891 2950 anima
1907 2928 1948 2949 est.

1216 2963 1237 2977 ²4
1253 2965 1326 2992 Apoc.
1344 2964 1385 2991 49,
1404 2963 1433 2985 9:
1449 2962 1525 2989 Beati,
1542 2961 1582 2990 qui
1594 2961 1625 2984 ad
1639 2966 1736 2984 coenam
1748 2959 1881 2988 nuptiarum
1894 2957 1954 2986 Agni
1964 2962 2004 2980 vo-

1153 2998 1198 3018 cam
1215 2999 1319 3049 {Inigene
1338 3027 1380 3053 32,
1398 3026 1406 3047 ,1
1414 3025 1435 3048 4.
1452 3027 1475 3048 et
1491 3024 1576 3047 deinde
1592 3024 1617 3046 11.
1634 3022 1686 3046 Cor.
1704 3023 1730 3050 4,
1747 3022 1785 3045 27.

2015 410 2094 434 scriptur
2132 428 2133 432 ,

2013 1288 2102 1309 obiectio.

2014 1506 2068 1526 Botri
2079 1505 2103 1534 1111

2046 1534 2098 1549 merl.
