2133 3317
274 224 329 252 6⁶28

344 302 386 326 20.
406 301 443 326 Ex
462 308 536 325 ramo
564 300 649 325 autem
674 300 787 325 invidiae
816 301 946 331 praecipue
966 300 1056 325 exeunt
1075 300 1122 325 duo

126 355 167 373 nuo
179 354 260 373 invidiae
274 344 350 373 rami,
371 343 464 368 scilicet
482 342 619 368 exsultatio
633 343 661 366 iu
680 342 794 367 ciclversis
813 342 838 367 et
854 342 928 367 dolor
942 342 969 366 in
978 342 1121 373 prosperis,

166 378 219 396 rami.

148 437 174 456 De
188 437 255 461 primo.

143 737 255 755 Machinaiio

143 763 162 779 ci.
177 760 254 778 scanda-

175 784 221 803 lum.

168 905 255 924 Insidiae.

162 999 255 1017 Proditio.

162 1120 255 1144 Suspicio.

154 1339 244 1358 iudicium

141 1368 256 1387 perversum.

135 1857 207 1876 Folium
221 1857 258 1881 pri-

170 1886 227 1899 mum.

143 2025 256 2044 Secundum.

137 2330 163 2349 De
177 2330 259 2349 secundo

136 2354 218 2372 invidiae
231 2359 259 2372 ra-

136 2383 172 2396 mo.

182 2459 258 2478 Divisio.

273 387 330 418 qui,
351 386 415 411 sicut
433 386 525 410 dictum
546 386 584 410 est
603 385 631 410 de
650 385 757 415 invidia,
778 386 900 410 rationem
919 385 1013 410 habent
1032 385 1122 410 morta-

273 431 313 454 lis.
333 430 369 454 De
389 429 468 460 primo
489 429 572 453 autem
591 436 679 460 ramo,
700 428 793 453 scilicet
807 428 835 453 de
847 428 944 460 gyaudio
959 429 987 452 in
1000 428 1122 459 adversis,

274 473 388 498 oriuntur
407 472 434 496 hi
459 471 575 501 fructus:
603 471 776 502 machinatio,
804 470 971 501 scandalum,
996 471 1122 503 insidiae,

268 516 398 547 proditio,
418 515 530 546 suspicio
556 514 581 539 et
600 515 732 539 iudicium.
752 514 813 539 Inde
837 514 896 539 haec
915 513 1001 544 folia.-
1028 514 1122 539 discor-

273 558 377 583 diarum
404 558 555 589 seminatio,
574 559 729 583 secretorum
756 558 781 582 et
800 557 967 587 confessionis
991 558 1122 589 revelatio,

273 603 344 633 signo
363 602 403 626 vel
422 601 497 626 verbo
526 601 565 626 vel
590 601 793 631 circumstantia,
812 600 911 631 falsum
936 601 1121 632 testimonium,

273 645 301 669 de
321 645 410 676 quibus
430 643 610 676 singulariter¹
632 645 671 669 est
689 644 825 669 dicendum.

344 687 386 712 21.
406 688 571 712 Machinati'o
591 687 629 712 est
648 687 707 712 mali
735 687 831 712 occulta
860 687 885 711 et
904 686 1016 712 studiosa
1035 694 1123 718 procu-

274 732 347 756 ratio.
366 746 401 748 —
421 730 588 762 Soamzalum,
608 731 741 755 secundum
762 730 932 762 Augustinum
941 729 958 760 ²,
973 730 1011 755 est
1030 730 1122 755 dictum

274 774 313 798 vel
332 774 426 799 factum
446 775 528 798 minus
547 774 656 803 rectum,
677 773 799 804 praebens
827 774 883 798 aliis
902 774 1053 798 occasionem
1072 773 1123 797 rui-

273 824 335 847 nae,
354 824 410 842 cum
430 817 523 842 scilicet
549 817 640 848 aliquis
659 817 735 841 alium
755 817 780 841 in
805 817 899 841 malum
918 816 1021 848 inducit,
1041 817 1066 841 et
1085 816 1123 842 est

274 860 400 890 mortalis,
421 868 476 885 cum
495 860 586 891 aliquis
605 867 649 891 per
669 860 797 885 consilinm
825 860 863 884 vel
883 860 1021 891 exemplum
1042 867 1070 885 ex
1089 861 1124 885 in-

274 903 384 928 tentione
403 904 529 928 inducitur
548 904 574 928 in
593 903 706 928 mortale.
724 918 755 921 —
768 902 885 928 Insidiae
905 903 976 933 suut,
996 903 1071 934 prout
1083 903 1123 928 hic

274 946 303 971 de
321 947 418 971 insidiis
439 946 577 977 loquimur,
601 946 762 978 investigatio
781 946 806 971 et
824 947 987 971 consideratio
1002 946 1123 972 factorum

273 990 391 1019 alterius,
406 990 435 1014 ut
448 990 560 1014 accusari
579 990 659 1021 possit
678 989 847 1020 deprehensus
860 990 886 1014 in
899 989 971 1014 malo.
985 1003 1021 1007 -
1030 989 1123 1014 Procli-

275 1034 310 1058 tio
324 1034 376 1062 est,
398 1041 452 1058 cum
473 1033 563 1064 aliquis
582 1033 716 1057 amicitiam
731 1033 762 1057 ad
780 1033 857 1057 alium
872 1032 982 1061 simulat,
996 1032 1025 1057 ut
1041 1032 1123 1063 ipsum

274 1076 392 1108 decipiat,
407 1077 436 1101 de
450 1084 497 1108 quo
511 1076 570 1101 dicit
583 1076 703 1101 Boethius
714 1075 731 1105 ³,
751 1076 815 1107 quod
834 1086 845 1097 κ
858 1076 929 1100 nulla
948 1075 1026 1106 pestis
1046 1075 1124 1100 effica—

273 1120 323 1144 cior
342 1119 380 1144 est
399 1120 430 1144 ad
449 1119 586 1144 nocendum
605 1127 679 1150 quam
698 1119 829 1143 familiaris
855 1119 1004 1143 inimicus».
1023 1133 1058 1135 —
1078 1117 1123 1143 Su-

272 1163 353 1194 spicio
373 1162 422 1192 est,
442 1170 497 1187 cum
517 1162 572 1194 quis
592 1162 672 1187 facilis
691 1162 741 1191 est,
760 1162 789 1186 ut
808 1162 901 1186 malum
930 1161 959 1186 de
978 1161 1026 1186 alio
1046 1161 1125 1192 suspi-

272 1206 355 1235 cetur;
375 1205 440 1230 unde
459 1206 569 1230 Tullius:
594 1206 727 1236 «Suspicio
745 1206 783 1230 est
802 1205 869 1229 mala
881 1205 963 1236 opinio
981 1212 1010 1229 ex
1028 1204 1125 1229 levibus

273 1249 390 1278 causis»,
413 1249 438 1273 et
462 1249 508 1273 hoc
536 1256 564 1273 ex
583 1249 650 1273 mala
669 1248 797 1273 affectione
825 1248 932 1272 invidiae
957 1247 1078 1279 procedit,
1100 1247 1125 1271 et

274 1293 334 1317 tunc
352 1292 428 1317 habet
447 1293 568 1317 rationem
595 1292 720 1321 mortalis,
739 1291 803 1316 alias
826 1291 909 1315 autem
932 1298 982 1315 nou
1001 1290 1125 1315 iudicatur

275 1336 396 1361 mortalis.
417 1350 451 1353 ——-
470 1335 601 1360 Iudicium
616 1342 764 1366 perversum
783 1334 834 1365 est,
853 1341 909 1358 cum
928 1334 983 1365 quis
1002 1333 1033 1358 ad
1047 1333 1123 1358 alium

275 1380 340 1404 male
359 1379 463 1404 affectus
482 1386 532 1404 non
552 1379 631 1403 solum
652 1379 745 1403 malum
766 1378 909 1409 suspicatur
928 1378 956 1402 de
975 1378 1029 1409 ipso
1049 1385 1077 1402 ex
1089 1377 1125 1402 le-

274 1423 347 1447 vibus
366 1423 462 1451 causis,
482 1430 567 1446 verum
588 1422 662 1446 etiam
682 1421 770 1446 definit
788 1422 813 1445 in
827 1421 899 1446 corde
912 1421 951 1445 vel
965 1428 1005 1445 ore
1025 1420 1125 1445 senten-

275 1466 384 1497 tialiter,
405 1466 532 1496 peccatum
552 1465 657 1489 mortale
676 1464 797 1490 committi
816 1464 848 1488 ab
861 1464 944 1495 aliquo
956 1463 973 1493 ⁴,
994 1464 1019 1488 et
1037 1463 1083 1488 hoc
1095 1463 1124 1488 de

275 1517 318 1534 3110
337 1516 426 1540 genere
447 1509 485 1533 est
513 1508 632 1537 mortale,
656 1516 685 1533 ex
710 1515 863 1539 quacumque
892 1508 973 1532 radice
999 1507 1124 1538 procedat.

276 1552 345 1577 Unde
366 1552 455 1577 Glossa
475 1559 550 1583 super
568 1551 630 1576 illud
643 1552 674 1576 ad
689 1551 830 1576 Corinthios
844 1551 948 1582 quarto:
963 1550 1052 1575 Nolite
1066 1551 1125 1575 ante

276 1596 373 1626 tempus
393 1595 524 1620 iudicare:
541 1605 553 1616 «
565 1594 729 1626 Suspiciones
747 1594 826 1619 vitare
840 1602 889 1619 non
909 1601 1052 1625 possumus,
1067 1594 1125 1625 quia

273 1639 385 1663 homines
405 1646 505 1667 surnns;
527 1638 625 1662 iudicia
644 1638 741 1667 tamen,
761 1638 786 1662 id
805 1637 843 1661 est
862 1637 1001 1662 sententias
1017 1636 1125 1661 definiti--

273 1689 332 1711 vas,
359 1689 445 1706 cavere
474 1681 628 1706 debemus».
656 1681 709 1706 Hoc
737 1681 820 1705 autem
846 1681 963 1705 iudicium
988 1688 1066 1711 usque
1094 1680 1125 1704 ad

274 1732 351 1756 grave
371 1724 498 1755 peccatum
520 1724 630 1755 procedit
641 1723 658 1753 ⁵,
684 1731 740 1748 cum
768 1724 824 1755 quis
852 1731 880 1748 ex
906 1723 958 1748 sola
987 1723 1125 1754 suspicione

274 1768 453 1792 condemnatur
472 1775 501 1792 ex
519 1768 600 1792 causis
619 1767 724 1791 levibus.

348 1811 391 1835 22.
411 1811 484 1840 Item,
504 1810 584 1841 folia,
604 1818 667 1841 quae
686 1818 715 1835 ex
738 1810 783 1835 1100
802 1817 871 1835 raino
891 1810 1041 1841 procedunt,
1062 1810 1126 1834 sicut

275 1854 369 1879 dictum
389 1854 442 1883 est,
463 1854 522 1878 sunt
536 1853 726 1879 discordiarum
739 1854 883 1878 seminatio.
907 1853 967 1878 Cum
987 1853 1052 1877 enim
1071 1853 1127 1884 quis

275 1897 423 1922 adversitati
442 1897 548 1921 alterius
561 1897 713 1928 congaudet,
733 1896 795 1921 alios
808 1896 917 1921 concitat
929 1896 1016 1921 contra
1035 1897 1125 1927 ipsum,

276 1941 340 1972 quod
359 1940 398 1965 est
426 1940 532 1965 mortale
556 1940 693 1971 peccatum.
720 1940 791 1964 Unde
819 1939 1011 1965 Proverbiorum
1037 1938 1126 1964 sexto⁵

274 1984 376 2009 dicitur:
397 1982 446 2008 Sex
460 1985 521 2008 szmt
534 1991 600 2014 quae
613 1983 668 2008 odit
680 1983 818 2014 Dominus,
832 1983 856 2008 et
876 1983 993 2007 ultimum
1006 1983 1127 2014 tanquam

275 2027 344 2058 peius
356 2027 469 2058 ponitur:
485 2026 534 2058 Qui
544 2027 654 2051 seminat
664 2027 730 2051 inter
740 2026 836 2056 fratres
847 2026 997 2051 discordias.
1008 2041 1043 2043 —
1053 2026 1126 2055 Item,

274 2071 429 2095 secretorum
457 2070 578 2094 revelatio
610 2069 670 2094 tunc
698 2069 737 2094 est
763 2069 891 2101 peccatum
920 2069 1043 2099 mortale,
1072 2076 1127 2094 cum

275 2114 326 2138 tale
349 2113 471 2138 secretum
491 2113 542 2143 est,
563 2113 627 2144 quod
656 2114 681 2137 in
700 2113 769 2137 illius
788 2113 830 2144 qui
858 2112 980 2137 secretum
1005 2111 1128 2137 commisit

275 2156 359 2187 potest
377 2154 499 2187 vergere⁷
519 2156 710 2185 detrimentum,
734 2156 794 2180 tunc
818 2155 902 2180 autem
930 2155 1065 2179 maximum
1089 2155 1127 2179 est

276 2200 417 2231 peccatum,
437 2206 492 2224 cum
512 2206 588 2230 usque
608 2199 639 2223 ad
657 2198 833 2223 revelationem
857 2197 1024 2227 confessionis
1052 2197 1127 2222 verbo

276 2243 315 2267 vel
335 2243 406 2273 signo
426 2242 465 2266 vel
485 2242 674 2266 circumstantia
693 2242 778 2272 aliqua
796 2241 852 2272 quis
871 2240 990 2272 procedit.

347 2285 389 2310 23.
411 2285 537 2310 Secundus
556 2292 641 2309 ramus
660 2284 773 2309 invidiae
793 2284 940 2315 principalis
959 2283 998 2308 est
1013 2283 1087 2308 dolor
1101 2283 1128 2307 in

272 2329 448 2361 prosperitate
469 2328 602 2359 proximi,
629 2328 701 2359 quod,
727 2328 757 2352 ut
785 2327 902 2358 superius
931 2326 1023 2351 dictum
1043 2326 1081 2351 est
1099 2326 1128 2351 de

276 2372 384 2401 invidia,
403 2371 480 2396 habet
499 2372 620 2396 rationem
640 2371 763 2396 mortalis.
792 2370 829 2394 Ex
856 2370 902 2395 hoc
929 2377 997 2395 ramo
1017 2369 1128 2401 procedit

278 2415 443 2440 detractionis
462 2414 568 2445 folium,
597 2421 644 2446 quo
673 2414 778 2445 proximi
806 2413 962 2445 prosperitas
984 2412 1127 2444 impeditur.

278 2459 330 2484 Hoc
349 2459 433 2483 autem
453 2458 540 2483 folium
559 2459 585 2482 in
604 2458 651 2483 duo
670 2457 843 2489 principaliter
863 2457 995 2486 dividitur,
1009 2457 1066 2488 quia
1085 2457 1128 2488 qui

278 2501 388 2526 detrahit
407 2502 452 2526 aut
469 2501 515 2526 hoc
534 2501 572 2526 est
591 2501 643 2525 eius
663 2501 757 2525 bonum
777 2500 958 2531 diminuendo,
971 2500 1016 2524 aut
1028 2500 1127 2524 vitalum

279 2545 355 2569 eidem
385 2544 548 2575 imponendo.
577 2543 689 2568 Primum
717 2543 804 2569 folium
830 2544 938 2575 quatuor
957 2543 1018 2567 folia
1047 2550 1128 2567 secum

732 221 929 250 OPUSCULUM
951 221 979 250 11.
1002 221 1173 250 SPECULUM
1194 221 1438 252 CONSClENTlAE.
1460 222 1528 251 CAP.
1551 223 1568 251 1.

1180 300 1269 331 habet,
1289 301 1382 326 scilicet
1400 301 1491 326 bonum
1511 302 1617 333 proximi
1637 303 1730 332 tacere,
1750 302 1904 333 diminuere,
1920 310 2025 334 perver-

1181 343 1231 368 tere
1250 343 1275 368 et
1292 350 1393 375 ozeyare.
1412 344 1450 368 Ex
1478 344 1583 370 secundo
1612 352 1680 369 ramo
1708 344 1768 369 haec
1791 344 1850 370 folia
1875 345 2023 376 procedunt:

1180 386 1273 411 malum
1293 387 1399 411 libenter
1427 387 1531 418 audire,
1551 387 1728 419 dissimulare,
1753 387 1914 419 confirmare,
1935 396 2025 420 ayyra-

1180 437 1254 461 vare,
1277 430 1377 461 addere,
1407 430 1531 461 revelare,
1558 431 1692 462 imponere,
1719 431 1747 456 de
1766 431 1858 462 quibus
1884 431 2025 462 videamus,

1181 471 1299 504 1111311110Β
1318 472 1428 497 habeant
1448 472 1570 498 rationem
1597 474 1719 498 mortalis.
1739 489 1773 492 —
1791 474 1920 499 Sciendum
1940 474 2025 506 igitur,

1181 516 1246 546 quod
1265 515 1409 547 clerziyratio
1423 516 1461 540 est
1474 516 1555 540 famae
1573 516 1677 541 alterius
1691 524 1735 548 per
1754 517 1830 542 verba
1843 517 1947 547 occulta,
1961 517 2026 542 unde

1181 558 1347 583 Ecclesiastae
1365 559 1457 583 decimo
1468 557 1490 583 ⁹:
1504 558 1534 583 Si
1546 559 1662 583 mordeat
1674 566 1776 590 serpeus
1795 560 1823 584 in
1835 560 1944 591 silentio,
1959 560 2027 585 mliii

1182 609 1209 626 co
1228 602 1315 626 minus
1335 602 1411 626 lzabet
1430 602 1476 632 qui
1496 601 1592 626 occulte
1611 601 1737 632 detrahi&
1749 602 1826 627 habet
1838 603 1921 627 autem
1941 610 1970 627 ex
1982 610 2026 628 suo

1180 652 1270 676 genere
1291 645 1413 670 rationem
1432 644 1555 669 mortalis.
1584 644 1645 669 Cum
1673 645 1751 675 enim,
1775 645 1908 670 secundum
1928 646 2027 676 Sapien-

1180 687 1241 717 tem,
1261 688 1352 712 ortelius
1377 689 1414 712 est
1440 695 1532 712 nomeu
1560 688 1653 712 borzwm
1680 695 1758 719 quam
1786 688 1889 713 clivitiae
1915 688 2027 718 multae,-

1182 730 1246 755 sicut
1264 731 1369 755 mortale
1389 731 1427 755 est
1446 731 1552 755 alienam
1572 738 1624 755 rem
1642 730 1721 755 invito
1740 731 1837 756 domino
1857 731 2026 762 pertractare,

1180 774 1205 798 et
1224 774 1265 805 qui
1284 774 1330 799 hoc
1348 774 1408 798 facit
1433 774 1465 798 ad
1483 773 1667 799 restitutionem
1686 774 1849 804 tenetu1·;sic
1870 774 1945 799 etiam
1964 774 2028 799 alte-

1180 817 1233 841 rius
1252 816 1344 841 samam
1363 816 1460 841 auferre
1483 816 1589 841 mortale
1607 817 1659 846 est,
1683 817 1708 842 et
1727 818 1770 848 qui
1787 817 1833 843 hoc
1852 817 1912 843 facit
1939 818 1971 842 ad
1989 825 2028 843 re-

1181 859 1335 884 stitutionem
1356 860 1465 884 tenetur.

1251 903 1292 928 24.
1313 903 1367 928 Hoc
1385 903 1469 927 tamen
1494 903 1558 928 circa
1583 903 1658 928 istam
1687 904 1817 928 materiam
1837 904 1875 929 est
1899 904 2028 929 adverten-

1179 946 1252 975 dum,
1272 946 1337 977 quod
1355 946 1482 977 quodlibet
1500 946 1603 971 verbum
1622 947 1707 976 breve,
1722 947 1786 978 quod
1805 947 1830 971 in
1843 946 2026 979 derogationem

1182 989 1265 1020 vergit
1284 989 1397 1018 alterius,
1417 996 1467 1014 non
1485 989 1523 1013 est
1542 989 1699 1014 iudicandum
1718 990 1836 1020 mortale,
1855 990 1960 1015 maxime
1973 997 2029 1015 cum

1181 1040 1209 1056 ex
1227 1032 1316 1057 habitu
1335 1032 1442 1057 invidiae
1454 1039 1504 1057 non
1518 1032 1636 1063 procedit.
1649 1047 1684 1050 —
1697 1032 1736 1057 Ad
1749 1033 1927 1058 detractionem
1945 1033 2029 1058 autem

1182 1075 1293 1107 spectat,
1313 1075 1342 1100 ut
1360 1075 1453 1100 dictum
1473 1075 1524 1105 est,
1544 1075 1634 1100 bonum
1655 1076 1760 1107 proximi
1779 1077 1875 1107 tacere,
1895 1076 1959 1107 quod
1978 1076 2030 1107 qui—

1182 1119 1235 1143 dem
1256 1119 1361 1143 mortale
1381 1119 1431 1150 est,
1451 1126 1506 1143 cum
1525 1119 1616 1150 aliquis
1634 1119 1726 1143 iniuste
1739 1119 1832 1144 famam
1845 1119 1950 1144 alterius
1962 1118 2030 1144 videt

1183 1161 1303 1193 deperire.
1323 1161 1391 1186 Sicut
1410 1162 1474 1186 enim
1493 1162 1518 1186 in
1538 1162 1608 1186 arcta
1626 1162 1774 1187 necessitate
1792 1162 1906 1187 tenemur
1918 1162 2029 1193 proximo

1182 1205 1207 1229 in
1227 1205 1301 1230 rebus
1320 1205 1501 1236 temporalibus
1520 1205 1663 1237 providere,
1693 1206 1727 1230 sic
1746 1206 1820 1230 etiam
1840 1206 1865 1230 et
1882 1206 1908 1230 in
1927 1206 2030 1230 necessi-

1182 1248 1234 1273 tate
1253 1248 1345 1273 famam
1374 1249 1425 1273 eius
1454 1256 1562 1273 servare.
1580 1263 1616 1266 —
1634 1249 1788 1274 Diminuere
1815 1249 1907 1274 bonum
1925 1249 2029 1274 alterius

1182 1292 1228 1321 est,
1248 1299 1303 1317 cum
1322 1292 1412 1323 aliquis
1431 1292 1666 1317 commendationem
1685 1292 1790 1317 alterius
1809 1292 1894 1317 audire
1911 1299 1961 1317 non
1974 1292 2030 1323 pot-

1181 1335 1233 1365 est,
1254 1335 1296 1360 sed
1315 1342 1368 1360 eam
1388 1335 1512 1364 diminuit,
1532 1335 1595 1366 quod
1615 1335 1716 1360 caritati
1734 1335 1887 1366 opponitur;
1907 1335 1932 1360 et
1957 1336 1978 1360 si
2002 1343 2031 1360 ex

1182 1386 1250 1403 ramo
1269 1378 1376 1403 invidiae
1405 1378 1535 1409 procedat,
1565 1378 1671 1403 mortale
1699 1378 1750 1408 est,
1780 1378 1925 1410 quandoque
1947 1378 2031 1403 tamen

1181 1421 1274 1452 absque
1294 1421 1394 1446 mortali
1413 1421 1550 1452 contingit,
1569 1421 1598 1445 ut
1617 1428 1671 1445 cum
1692 1421 1747 1452 quis
1766 1421 1847 1451 audit,
1867 1421 2032 1446 commendari

1181 1465 1310 1497 indignum
1331 1465 1371 1489 vel
1382 1463 1403 1476 ¹⁰
1423 1464 1491 1488 ultra
1511 1464 1614 1493 merita,
1634 1464 1659 1489 et
1677 1472 1706 1489 ex
1718 1464 1764 1489 hoc
1780 1464 1863 1496 potest
1876 1465 1935 1489 oriri
1947 1465 2031 1496 aliqua

1182 1508 1306 1540 deceptio;
1329 1508 1390 1532 tunc
1402 1515 1451 1532 non
1470 1507 1546 1532 habet
1565 1507 1685 1532 rationem
1706 1508 1809 1539 peccati.
1827 1522 1863 1525 ——
1881 1508 2031 1533 Pervertere

1182 1552 1273 1577 bonum
1293 1552 1397 1576 alterius
1417 1550 1455 1575 est
1474 1550 1573 1580 bonum,
1593 1551 1657 1582 quod
1675 1551 1762 1582 negari
1781 1558 1830 1576 non
1849 1551 1945 1582 potest,
1965 1551 2031 1576 mala

1182 1595 1321 1619 intentione
1340 1594 1434 1619 factum
1453 1601 1577 1624 asserere3
1596 1594 1661 1618 unde
1680 1594 1709 1618 de
1728 1594 1774 1618 tali
1794 1594 1898 1619 dicitur:
1913 1594 1991 1619 Bona
2002 1590 2031 1619 in

1182 1638 1255 1662 mala
1275 1638 1420 1662 convertens
1440 1637 1581 1661 insidiatur
1594 1638 1617 1661 et
1629 1637 1658 1661 iot
1674 1637 1757 1662 electis
1765 1637 1844 1668 ponit
1861 1637 1991 1662 maculam
2002 1636 2031 1662 ¹¹.

1183 1680 1253 1710 Quod
1272 1680 1403 1704 manifeste
1422 1680 1498 1704 habet
1517 1680 1638 1705 rationem
1658 1680 1781 1710 mortalis,
1801 1687 1856 1705 cum
1875 1680 1985 1711 procedit
2003 1688 2032 1705 ex

1182 1723 1290 1753 invidia3
1312 1731 1367 1748 cum
1387 1723 1471 1747 tamen
1490 1722 1535 1747 hoc
1554 1730 1582 1747 ex
1602 1722 1664 1748 falso
1684 1723 1794 1754 procedit
1812 1723 1915 1753 iudicio,
1935 1723 1963 1748 de
1987 1723 2033 1748 hoc

1183 1766 1329 1798 quandoque
1359 1765 1463 1790 iudicari
1481 1765 1567 1795 debet,
1588 1766 1652 1790 sicut
1679 1766 1707 1790 de
1736 1766 1802 1791 malo
1824 1766 1912 1791 iudicio
1940 1766 2033 1791 dictum

1183 1809 1229 1834 est.
1250 1809 1312 1834 Cum
1331 1809 1415 1834 autem
1435 1809 1491 1840 quis
1511 1809 1601 1834 bonum
1621 1809 1744 1840 pervertit
1771 1809 1876 1834 alterius
1894 1817 1949 1834 cum
1969 1817 2034 1834 men-

1183 1853 1264 1882 dacio,
1284 1853 1335 1877 tale
1361 1852 1529 1882 mendacium,
1558 1859 1613 1877 cum
1642 1852 1675 1876 sit
1703 1853 1883 1883 perniciosum,
1910 1852 2033 1878 rationem

1183 1896 1298 1921 mortalis
1323 1896 1437 1921 sortitur.
1456 1909 1492 1913 -—
1510 1895 1583 1925 Item,
1602 1902 1693 1927 necare
1713 1895 1808 1920 borium
1832 1895 1948 1926 alterius,
1968 1895 2033 1927 quod

1184 1940 1262 1965 scitur
1281 1940 1369 1969 inesse,
1391 1938 1500 1970 pertinet
1519 1939 1549 1963 ad
1569 1938 1747 1964 detractionem
1766 1938 1906 1964 mortalem.

1255 1982 1298 2007 25.
1318 1982 1391 2011 Item,
1412 1982 1440 2007 de
1454 1982 1502 2007 alio
1522 1982 1616 2006 malum
1635 1982 1742 2006 libenter
1760 1982 1858 2014 audire,
1872 1983 1912 2007 vel
1930 1982 2033 2008 occasio-

1184 2033 1240 2050 nem
1259 2025 1420 2060 detractionis
1449 2025 1592 2056 praestare,
1612 2025 1651 2050 vei
1679 2025 1859 2057 dissimulare,
1878 2032 1934 2050 cum
1953 2024 2033 2056 possit

1184 2069 1320 2100 corrigere,
1340 2068 1379 2093 est
1398 2068 1517 2098 mortale;
1537 2068 1569 2092 ad
1580 2068 1704 2093 Romanos
1724 2068 1803 2099 primo
1814 2067 1849 2092 ¹²:
1869 2068 2033 2093 Detractores

1184 2112 1239 2136 Deo
1259 2110 1364 2135 odibiles
1385 2118 1437 2136 esse
1456 2110 1644 2139 commemorat,
1665 2109 1756 2142 cliyrzos
1775 2111 1855 2134 morte
1868 2109 1968 2139 iudicat,
1981 2117 2035 2134 non

1183 2154 1268 2179 solum
1286 2154 1370 2178 autem
1388 2153 1521 2184 facientes,
1535 2153 1579 2178 secl
1597 2154 1787 2178 consentientes.
1801 2153 1893 2178 Tamen
1912 2153 1976 2178 circa
1989 2152 2035 2178 hoc

1185 2197 1301 2221 debemus
1324 2197 1417 2226 dicere,
1437 2196 1502 2227 quod
1527 2196 1548 2220 si
1567 2196 1657 2227 aliquis
1676 2196 1854 2221 detractionem
1871 2195 1976 2220 alterius
1994 2203 2036 2220 au-

1184 2240 1237 2264 diat
1261 2240 1286 2264 et
1305 2247 1355 2264 non
1374 2247 1403 2264 ex
1423 2239 1528 2268 invidia,
1550 2239 1591 2264 sed
1610 2246 1639 2263 ex
1668 2239 1828 2268 verecundia,
1848 2239 1887 2263 vel
1905 2239 1988 2270 aliquo
2007 2238 2036 2263 ti-

1184 2290 1251 2308 more
1269 2282 1392 2311 humano,
1412 2290 1442 2307 ne
1471 2282 1580 2307 offendat
1610 2282 1730 2313 aliquem,
1750 2282 1796 2307 hoc
1815 2281 1927 2306 dimittat
1937 2280 1966 2312 ¹³,
1986 2289 2035 2307 non

1184 2326 1223 2350 est
1241 2325 1400 2350 iudicandum
1427 2325 1543 2354 mortale,
1569 2326 1618 2349 nisi
1647 2325 1680 2350 sit
1709 2325 1768 2350 talis
1794 2331 1910 2356 persona,
1931 2332 1993 2356 quae
2006 2332 2035 2349 ex

1184 2369 1263 2394 officio
1282 2369 1405 2400 corrigere
1430 2368 1531 2398 debeat,
1552 2369 1590 2393 cui
1607 2368 1692 2400 posset
1714 2368 1797 2393 cedere
1816 2369 1842 2393 in
1860 2368 1974 2393 mortale.
1998 2382 2034 2385 —

1184 2411 1260 2441 Item,
1286 2412 1385 2436 vitalum
1411 2411 1531 2436 auditum
1558 2411 1586 2435 de
1614 2411 1696 2442 aliquo
1726 2410 1880 2441 confirmare
1897 2410 1922 2435 et
1940 2410 2031 2435 additis

1184 2455 1381 2480 circumstantiis
1402 2461 1554 2486 ayyravare,
1580 2454 1619 2478 vel
1644 2454 1709 2479 dicto
1729 2454 1833 2478 alterius
1857 2453 1950 2478 addere
1967 2461 2032 2478 meu-

1184 2498 1290 2528 daciter,
1320 2498 1359 2523 vel
1385 2498 1507 2523 veraciter
1531 2497 1563 2522 ad
1588 2497 1781 2522 diffamationem
1805 2496 1969 2528 intendendo,
1994 2496 2033 2520 est

1183 2542 1297 2567 mortale.
1328 2541 1437 2566 Multum
1464 2541 1549 2565 tamen
1577 2540 1696 2569 interest,
1728 2540 1813 2565 utrum
1841 2539 1887 2565 hoc
1917 2539 2034 2571 procedat

344 2681 351 2694 ¹
371 2682 420 2703 Vni.
440 2681 581 2710 sinqulalim
598 2681 691 2710 aliquid
708 2688 750 2709 pro
767 2681 931 2710 stimulor-ster.

342 2711 351 2724 ²
372 2713 519 2735 Verhotenus
537 2714 557 2734 iu
576 2713 654 2735 Giossa
673 2712 822 2735 interlineari
838 2713 860 2734 in
886 2713 963 2735 Matili-
985 2713 1022 2740 iS,
1041 2713 1062 2735 8.
1084 2712 1130 2735 Csr.

279 2744 390 2772 August,
408 2746 482 2766 Serui.
501 2745 538 2767 81.
559 2745 623 2773 (alius
641 2744 677 2766 33.
695 2750 721 2766 ex
739 2744 865 2773 Sirinoud.)
884 2751 906 2766 n.
926 2745 946 2766 2.

342 2774 351 2787 ³
368 2775 429 2797 Libr.
449 2776 480 2798 111.
499 2776 528 2798 dc
545 2775 658 2798 Consolat.
678 2782 745 2803 prosa
764 2776 786 2798 5.
803 2776 878 2798 Locus
901 2782 949 2804 seq.
968 2775 1036 2797 Tullii
1053 2779 1086 2797 est
1104 2776 1127 2797 11.

280 2807 373 2829 Rhetor.
391 2814 410 2828 c.
429 2808 450 2829 8.
468 2813 546 2835 seqq.;
565 2808 605 2829 cfr.
623 2808 646 2829 11.
664 2807 691 2829 ad
711 2807 791 2829 Hei-en.
810 2814 828 2829 c.
848 2808 869 2829 2.
886 2812 951 2835 seqq.

342 2838 351 2850 ⁴
370 2839 412 2860 Pro
430 2837 509 2867 aliquo
522 2839 574 2861 cod.
587 2839 663 2866 inopie
681 2838 730 2868 ipso
745 2837 779 2861 oei
790 2838 852 2861 (ιίὶῑῖς.
864 2850 895 2854 --
908 2839 959 2866 Seq.
976 2838 1053 2860 Glossa
1067 2837 1130 2865 apud

281 2869 396 2896 Lyn-anum
415 2872 449 2891 est
466 2869 674 2897 ordinariasuper
692 2871 707 2891 l.
719 2869 771 2892 Cor.
791 2869 816 2897 4,
837 2870 862 2898 3,
884 2873 959 2892 summ
979 2875 1006 2891 ex
1025 2870 1130 2897 August„

282 2900 358 2922 Tract.
376 2901 413 2922 90.
431 2901 452 2922 in
472 2902 531 2923 101111.
549 2908 571 2923 n.
589 2902 610 2923 2.

345 2930 354 2943 ⁵
374 2932 422 2953 vat.
441 2935 492 2959 post
510 2932 624 2955 iudicium
650 2933 679 2954 iia
702 2932 862 2961 prosequitur:
886 2938 980 2961 semper
1004 2933 1038 2954 esi
1060 2931 1130 2954 nimis

283 2967 356 2991 garove
372 2964 494 2991 peccatum
511 2964 531 2985 ei
546 2963 659 2992 procedit.

346 2992 355 3005 ‘⁵
374 2994 438 3016 Vei-s.
461 2994 492 3015 16.
511 2998 532 3016 et
553 2995 587 3016 19.
604 3007 634 3011 —
651 2995 684 3017 De
700 2994 763 3024 foliis
781 3000 806 3017 ex
825 3000 889 3016 raino
908 2994 1009 3017 invidiae
1027 2994 1080 3016 vide
1092 3000 1129 3016 su-

283 3030 325 3052 pra
343 3030 364 3047 n.
384 3025 421 3047 ΞΟ.

1251 2679 1259 2692 ⁷
1277 2680 1328 2702 Vnt.
1346 2679 1418 2707 verti,
1436 2682 1457 2701 01
1474 2679 1532 2701 infra
1559 2684 1600 2706 pro
1626 2684 1700 2707 usque
1717 2677 1748 2700 (nl
1773 2676 1940 2700 revelationem
1966 2676 2035 2699 habet

1187 2711 1293 2735 videlieet
1308 2710 1340 2734 od
1357 2710 1530 2733 revelationem.

1250 2741 1260 2754 Β
1278 2743 1329 2765 Vai.
1347 2742 1458 2772 quriilter.

1250 2773 1259 2786 ⁹
1277 2774 1332 2802 Cap.
1355 2774 1392 2799 10,
1416 2774 1449 2795 11.
1467 2773 1519 2801 ch.
1537 2773 1600 2795 locus
1618 2775 1651 2793 ost
1669 2772 1736 2794 Prov.
1763 2772 1805 2799 22,
1824 2771 1845 2793 i.
1862 2783 1892 2787 —
1910 2772 1967 2793 lnsra
1984 2772 2035 2792 ante

1186 2811 1237 2828 rem
1255 2806 1306 2827 Vat.
1324 2805 1408 2827 omittit
1425 2804 1540 2831 alienam,
1557 2807 1579 2826 ez
1597 2804 1617 2825 in
1637 2803 1682 2825 sine
1699 2803 1768 2825 huius
1785 2808 1849 2825 1111111.
1868 2802 1890 2824 111
1909 2802 1961 2824 cod.
1978 2802 2035 2824 desi-

1187 2837 1298 2859 derantur
1315 2836 1400 2858 verba:
1418 2836 1452 2859 sic
1469 2835 1539 2858 eiiam
1557 2841 1630 2863 usque
1647 2835 1746 2857 tenetur.

1251 2867 1270 2880 ¹⁰
1287 2867 1344 2890 Cod.
1362 2867 1445 2890 omittit
1458 2866 1500 2890 rel.
1520 2867 1574 2888 lnsru
1594 2872 1635 2893 pro
1656 2866 1794 2895 pervertere
1819 2865 1869 2887 Vnt.
1895 2863 1964 2887 hahet
1981 2870 2035 2887 cori-

1188 2901 1284 2922 vertere.

1250 2930 1267 2943 ¹¹
1289 2930 1354 2952 accii.
1377 2930 1414 2956 il,
1433 2929 1469 2951 33.
1489 2929 1521 2950 De
1537 2928 1602 2951 molo
1620 2927 1705 2951 iudicio
1724 2927 1777 2949 vide
1794 2934 1817 2949 nr
1835 2928 1872 2949 21.

1250 2961 1269 2974 ¹²
1287 2961 1344 2989 Cap.
1368 2962 1391 2988 l,
1409 2962 1446 2982 30.
1465 2961 1502 2982 32.

1249 2992 1268 3005 ¹³
1288 2993 1337 3015 Val.
1363 2998 1485 3020 perperam
1503 2991 1587 3013 omittit
1603 2990 1646 3013 hoc
1663 2990 1780 3018 dlmz'uat,-
1797 2992 1819 3012 et
1836 2990 1919 3012 deinde
1933 2995 1975 3017 pro
1985 2995 2037 3018 per-

1185 3030 1259 3052 sona,
1277 3030 1337 3053 quoe
1355 3023 1424 3046 habet
1437 3028 1555 3052 persona,
1574 3022 1642 3051 quod.

2052 350 2100 370 Folia

2069 376 2115 398 ptem

2042 482 2089 506 Quid
2104 483 2128 511 iii.

2068 509 2115 529 grau.

2045 910 2133 933 Hotanffl.¹

2048 1075 2118 1095 Tacere

2049 1251 2128 1272 Dimimie

2064 1275 2118 1294 honui.

2050 1514 2101 1536 Item.
2118 1518 2129 1531 1·.

2064 1539 2113 1557 verte

2048 1898 2100 1921 Item,
2117 1874 2133 1925 t³

2093 1926 2110 1940 τε

2048 1984 2111 2003 Audit:
2118 1971 2119 2036 ᾗ

2049 2026 2111 2046 Dissiri
2118 2031 2133 2046 111

2117 2061 2120 2104 i

2057 2391 2133 2425 Confiitn

2048 2435 2071 2453 ag
2083 2433 2118 2450 rav:
2130 2432 2133 2446 ι

2047 2454 2071 2472 ad
2085 2453 2118 2472 0τεὶ
