2133 3317
0 562 1 591 ᾖ
5 562 91 583 floriano.

0 1440 96 1477 wem-

0 1488 81 1507 'immm-

0 1718 89 1739 lffimatio.

497 199 691 228 OPUSCULUM
714 199 753 226 111.
775 198 898 226 LIGNUM
919 197 1024 225 VITAE.
1047 198 1089 226 DE
1111 197 1278 226 MYSTERIO
1299 197 1448 226 ORIGlNlS.

107 278 209 315 gratia,
231 277 404 306 cohabitabat
434 276 595 313 parentibus
623 279 649 304 et
670 275 737 304 adeo
768 278 827 303 erat
858 274 948 303 subdi-

108 328 152 354 tus
172 325 237 358 illis,
259 327 290 352 ut
311 331 453 360 nunquam
475 323 517 351 vel
538 322 571 350 ad
597 325 768 351 momentum
792 321 946 355 secederet,

107 371 158 399 nisi
179 378 259 404 cuin,
281 369 424 398 duodecim
446 369 499 397 iam
531 368 620 396 sactus
640 375 794 401 annorum,
816 367 948 396 remansit

107 417 134 445 in
157 416 318 450 Ierusalem,
339 424 393 444 non
415 415 473 444 sine
495 415 582 443 multo
610 414 703 443 Matris
724 414 818 442 dolore
839 413 947 450 quaesi-

107 466 152 492 tus
172 470 221 491 nec
243 463 300 490 sine
322 462 455 490 immenso
475 461 575 498 gaudio
596 461 765 489 reinventus.

184 508 241 536 Noli
263 516 329 544 ergo
350 511 377 536 et
398 510 428 536 tu
449 507 585 543 fugientes
607 507 632 535 in
661 508 812 543 Aegyptum
833 506 947 534 Matrem

107 558 134 584 et
154 554 303 583 parvulum
324 554 383 582 sine
404 553 536 582 comitatu
557 553 731 590 relinquere;
746 553 801 581 noli
823 560 886 581 cum
907 551 948 580 di-

107 601 176 630 lecta
196 603 346 637 quaerente
366 600 514 634 dilectum,
535 599 621 628 donec
642 599 779 633 invenias,
801 598 835 627 ah
857 598 947 635 inqui—

107 647 203 676 sitione
224 654 340 675 cessare.
362 646 385 674 O
406 654 469 675 cum
491 648 593 683 quanta
621 646 699 682 copia
719 645 838 674 fluerent
859 645 948 681 lacry-

106 700 178 726 mae,
200 692 221 721 si
243 692 330 721 oculis
351 692 403 728 piis
423 692 560 729 aspiceres
581 695 635 720 tam
658 691 842 720 venerabilem
857 690 948 719 Domi-

106 746 168 767 nam
193 738 474 775 gratiosissimamque
502 738 620 775 puellam
640 745 703 766 eum
725 740 780 766 tam
802 740 897 765 tenero
921 739 948 765 et

105 785 226 813 formoso
246 784 365 813 Puerulo
378 785 386 801 ¹
408 785 595 821 peregrinam;
611 784 633 813 si
654 784 735 813 etiam
750 783 858 812 dulcem
874 783 946 811 illam

106 830 319 867 increpationem
347 829 550 859 amantissimae
576 830 621 859 Dei
654 830 799 859 Genitricis
819 829 946 858 audires:

106 877 180 911 Fili,
201 877 273 914 quid
302 876 397 914 fecisti
426 877 508 905 nobis
527 876 592 905 sic?
613 880 744 913 tanquam
775 876 797 904 si
827 876 946 904 diceret:

105 923 340 952 Desideratissime
361 923 421 955 Fili,
443 923 581 960 quomodo
601 926 655 951 tam
687 923 802 951 dilectae
829 925 856 950 et
886 921 947 950 dili-

106 969 179 1007 genti
199 970 277 998 Matri
299 973 400 998 tantam
433 969 544 1006 potuisti
574 969 716 998 materiam
738 971 879 1006 praestare
900 968 947 996 do-

106 1016 189 1045 loris!

273 1109 397 1137 Fnccrus
418 1108 457 1136 111.
480 1108 630 1137 CELsrrtJno
651 1117 783 1137 vrnrcris.

322 1201 411 1235 lesus,
434 1201 561 1238 baptista
581 1201 707 1230 caelicus
718 1202 738 1229 ².

185 1294 211 1322 9.
233 1293 301 1322 Cum
322 1296 414 1323 autem
435 1294 469 1322 ad
490 1294 662 1331 trigesimum
690 1294 786 1322 aetatis
814 1302 880 1323 suae
901 1302 949 1322 an-

108 1347 176 1368 num
197 1340 321 1368 Salvator
352 1340 537 1376 pervenisset,
568 1340 662 1369 volens
693 1340 802 1377 operari
831 1340 948 1369 salutem

107 1388 245 1420 nostram,
267 1386 355 1423 coepit
377 1387 455 1423 prius
474 1385 572 1423 facere
598 1395 688 1424 quam
709 1387 825 1420 docere,·
847 1389 874 1415 et
892 1386 948 1423 pri-

108 1440 185 1461 mum
217 1433 348 1461 inchoans
378 1441 394 1461 a
425 1433 507 1461 ianua
537 1433 779 1461 Sacramentorum
803 1436 831 1461 et
851 1433 948 1461 funda—

106 1482 199 1508 mento
220 1480 372 1514 virtutum,
394 1479 526 1516 baptizari
548 1480 635 1509 voluit
656 1488 672 1508 a
686 1480 793 1514 Ioanne,
808 1482 840 1508 ut
854 1487 948 1508 exem—

106 1526 183 1563 plum
203 1529 370 1555 monstraret
389 1526 526 1563 perfectae
546 1526 666 1555 iustitiae
687 1529 714 1555 et
740 1526 819 1554 «vim
835 1534 949 1563 regene-

106 1572 222 1601 rativam
254 1572 333 1610 aquis
353 1572 491 1601 conferret
511 1575 639 1601 contactu
660 1572 856 1601 mundissimae
888 1581 948 1601 car—

105 1619 149 1648 nis
168 1626 235 1648 suae
245 1619 256 1636 ³
268 1631 295 1647 ι».

183 1665 271 1701 Quem
291 1668 319 1694 et
339 1668 369 1694 tu
389 1665 507 1695 fideliter
538 1665 685 1700 comitare,
706 1673 738 1694 ac
759 1665 812 1694 iam
834 1674 948 1703 regene-

106 1714 183 1741 ratus
197 1711 225 1740 in
240 1712 313 1749 ipso,
327 1712 387 1741 eius
405 1715 531 1741 scrutare
552 1715 672 1746 secreta,
687 1715 719 1740 ut
737 1723 751 1737 «
763 1720 843 1741 secus
857 1712 948 1741 Iorda-

105 1765 168 1787 nem
189 1758 217 1787 in
237 1767 303 1787 voce
323 1758 448 1793 Patrem,
469 1759 496 1787 in
518 1767 608 1787 carne
628 1758 742 1793 Filium,
765 1759 791 1787 in
813 1759 948 1788 columba

105 1804 198 1833 videas
225 1804 357 1841 Spiritum
388 1807 530 1839 sanctum,
551 1808 578 1833 et
598 1807 694 1841 aperto
725 1805 773 1834 tibi
805 1805 948 1834 Trinitatis

107 1851 203 1880 caelo⁴
218 1862 246 1885 »‚
268 1859 380 1880 sursum
401 1851 500 1880 feraris
520 1851 548 1880 in
569 1852 666 1880 Deum.

355 1944 445 1978 Iesus,
467 1943 544 1972 lioste
565 1946 697 1972 tentatus.

187 2036 229 2064 10.
254 2036 365 2065 Ductus
385 2044 505 2073 namque
525 2036 578 2065 fuit
608 2036 683 2065 Iesus
703 2036 735 2065 in
760 2037 905 2065 desertum
927 2045 947 2065 a

108 2082 239 2120 Spiritu,
258 2087 292 2111 ut
312 2086 472 2112 tentaretur
493 2091 513 2111 α
533 2082 648 2112 diabolo
659 2083 680 2117 ⁵,
696 2086 834 2121 quatenus
855 2086 882 2112 et
897 2084 946 2112 ho-

169 2261 177 2274 ²
194 2261 267 2285 Codd.
284 2263 302 2284 A
312 2262 328 2285 C
337 2263 353 2285 F
362 2263 391 2284 W
401 2263 417 2284 Z
434 2265 456 2285 et
474 2263 481 2284 1
504 2262 632 2292 Infanticlo.
644 2275 673 2278 —
685 2263 793 2292 Sequitur
805 2264 859 2286 Luc.
871 2264 898 2291 2,
910 2263 946 2286 48.

169 2299 178 2313 ²
195 2301 256 2323 Multi
273 2301 340 2323 codd.
358 2302 436 2329 legunt
453 2301 563 2329 caelitus,
576 2301 677 2323 nonnulli
689 2302 749 2324 clare
761 2301 870 2331 caelicus,
887 2309 947 2332 quae

108 2340 178 2362 torma
197 2340 303 2363 adiectivi
320 2347 366 2362 non
383 2343 417 2362 est
438 2340 545 2362 inusitata
562 2344 584 2362 et
600 2340 636 2362 liic
653 2341 833 2364 convenientior.
850 2342 947 2364 Alterius

107 2378 205 2401 familiae
221 2379 288 2401 codd.
306 2381 328 2401 et
344 2379 380 2401 ed.
403 2379 411 2400 1
433 2381 485 2406 post
510 2379 599 2401 titulum
617 2380 689 2407 lesus,
709 2379 796 2409 plenus
820 2379 946 2404 virtutibus

107 2420 291 2446 prosequuntur:
310 2418 349 2440 Dei
366 2424 460 2447 quoque
477 2418 550 2440 virtus
565 2420 588 2440 et
608 2419 731 2446 sapientia,
753 2418 856 2441 Christus
877 2420 947 2446 lesus,

106 2456 157 2478 licet
173 2456 260 2479 ratione
275 2456 350 2479 carnis
370 2459 486 2479 assumtae
508 2460 640 2479 cerneretur
662 2457 779 2484 infirmus,
804 2458 891 2480 cunctis
917 2461 946 2480 ta-

107 2501 159 2518 men
184 2496 264 2524 plenus
289 2496 397 2518 virtuosis
422 2495 549 2522 habitibus,
575 2498 599 2518 ut
615 2496 665 2518 illos
691 2499 793 2523 patenter
815 2497 946 2519 ostenderet

107 2534 169 2562 apud
185 2540 211 2556 se
226 2540 253 2556 ac
270 2533 391 2556 liberaliter
407 2537 517 2563 tanquam
535 2537 604 2562 caput
629 2534 651 2556 in
675 2534 777 2557 membra
796 2535 945 2562 diffunderet;

107 2578 159 2595 cum
177 2572 223 2595 iam
240 2573 319 2595 aetatis
336 2578 422 2595 aunum
440 2573 583 2600 trigesimum
602 2573 720 2601 attigisset,
737 2576 838 2596 nostram
850 2574 946 2602 cupiens

107 2611 196 2639 operari
213 2612 322 2639 salutem,
340 2611 416 2639 coepit
432 2615 475 2634 etc.
491 2623 522 2628 —-
539 2612 591 2640 Seq.
608 2612 672 2634 locus
688 2614 722 2634 est
738 2613 786 2634 Act.
806 2613 831 2641 l,
850 2613 870 2634 1.

169 2649 178 2662 ³
195 2650 268 2678 Beda,
286 2650 299 2672 Ι.
318 2649 340 2672 In
357 2650 454 2677 Lucam,
473 2650 498 2678 3,
515 2651 553 2672 21.
570 2662 601 2667 —
619 2651 675 2672 lntra
693 2656 734 2678 pro
746 2656 775 2674 ac
786 2650 835 2674 iam
851 2657 945 2680 regene—

107 2689 174 2711 ratus
192 2688 242 2710 Vat.
259 2689 286 2711 ut
306 2687 351 2717 fios
371 2689 532 2718 regeneratus.
554 2701 584 2704 —
607 2689 638 2710 De
662 2688 776 2716 baptismo
800 2688 881 2712 Christi
904 2690 945 2712 cfr.

107 2727 183 2749 Mattli.
200 2728 225 2754 3,
245 2727 324 2755 13-17;
341 2727 408 2749 Marc.
430 2728 448 2754 l,
466 2727 534 2755 9-11;
551 2727 605 2749 Luc.
623 2728 644 2756 3,
662 2728 741 2750 21-22.

168 2765 177 2778 ⁴
194 2766 307 2794 Anselm.,
325 2766 424 2789 Meditat.
442 2767 478 2788 15.
495 2779 526 2782 -
548 2766 625 2789 Verba
646 2768 668 2790 ct
689 2767 794 2796 operto...
812 2767 887 2790 Deum
909 2767 945 2789 de-

106 2807 159 2826 sunt
175 2804 197 2826 in
215 2804 265 2827 Vat.
282 2807 361 2827 contra
379 2805 425 2826 rere
441 2811 522 2827 omnes
538 2805 606 2827 codd.
624 2807 646 2827 et
664 2805 684 2827 1.

168 2840 178 2854 ⁵
194 2843 270 2865 Matth.
289 2843 310 2870 1,
329 2844 348 2865 1.
366 2849 431 2872 seqq.
450 2856 479 2859 —
497 2844 519 2865 ln
537 2843 602 2866 titulo
619 2849 662 2871 pro
680 2843 744 2866 hoste
760 2844 863 2866 tentatus
881 2843 899 2865 V
916 2842 946 2866 ab

107 2879 171 2903 hoste
188 2881 298 2904 tentatus.

169 2918 178 2932 ⁸
194 2920 237 2942 Pro
255 2919 344 2942 Christi
366 2919 479 2949 discipule
495 2921 512 2943 A
524 2921 553 2943 W
563 2921 579 2943 Z
595 2919 677 2943 anima
695 2920 786 2943 Christo
805 2920 823 2949 [1
846 2919 945 2950 chrisa]

107 2956 202 2986 decota;
219 2958 303 2980 deinde
329 2958 397 2980 iidem
423 2958 487 2982 socia
503 2959 612 2988 ferarum
629 2959 710 2989 effecta
727 2965 770 2988 pro
787 2958 865 2982 socius
886 2959 947 2989 sera-

199 3003 224 3027 S.
238 3004 329 3027 Bonae.
339 3016 370 3021 —
382 3004 451 3027 Tom.
462 3005 516 3027 Vlll.

1808 199 1844 227 73

1004 275 1073 303 stilis
1094 283 1202 312 pugnae
1225 275 1319 303 humili
1349 275 1524 312 perpessione
1552 283 1602 304 nos
1623 275 1742 304 humiles
1762 278 1789 304 ct
1810 276 1847 304 vi-

1004 321 1106 350 ctoriae
1137 322 1238 350 i'aceret
1265 321 1436 350 assecutione
1467 321 1568 350 viriles.
1598 322 1702 350 Duram
1734 330 1846 359 quoque

1004 375 1035 395 ac
1056 367 1204 396 solitariam
1228 368 1310 396 vitam
1332 371 1490 396 constanter
1510 368 1656 402 assumsit,
1672 371 1703 396 ut
1723 368 1845 397 fidelium

1004 416 1110 441 mentes
1131 413 1164 441 ad
1185 413 1360 450 perfectionis
1391 414 1594 451 aggressionem
1626 414 1745 451 erigeret
1766 417 1792 443 et
1813 414 1846 443 ad

1004 459 1098 494 gravia
1120 459 1282 495 perferenda
1303 460 1435 488 firmaret.

1085 505 1129 533 Eia
1150 513 1239 539 nunc,
1261 506 1361 534 Christi
1383 506 1516 543 discipule
1528 507 1548 541 ⁶,
1565 514 1627 535 cum
1650 507 1695 544 pio
1715 507 1847 544 magistro

1004 551 1158 580 solitudinis
1179 556 1285 581 secreta
1305 553 1452 589 perquire,
1473 556 1505 581 ut
1526 554 1617 582 socius
1638 554 1760 582 ferarum
1782 554 1847 582 effe-

1004 600 1081 631 ctus,
1102 598 1194 626 arcani
1216 599 1332 633 silentii,
1353 599 1484 628 orationis
1511 599 1641 633 devotae,
1662 600 1787 629 diuturni
1809 600 1847 629 ie-

1004 643 1088 677 iunii,
1111 644 1198 673 trinae
1219 645 1429 674 conflictationis
1443 654 1506 674 cum
1522 646 1618 674 callido
1634 647 1712 675 hoste
1726 647 1847 675 imitator

1004 689 1053 718 fias
1073 693 1100 718 et
1121 691 1257 728 particeps
1278 694 1305 720 et
1327 691 1353 719 in
1384 692 1457 720 omni
1486 692 1666 721 tentationum
1689 693 1847 722 discrimine

1003 736 1038 764 ad
1058 736 1136 765 illum
1158 737 1247 766 discas
1268 738 1370 766 hahere
1392 746 1554 772 recursum,
1577 747 1627 775 pro
1648 747 1680 767 eo
1701 739 1775 776 quod
1789 747 1848 767 non

1005 781 1144 811 habemus
1162 783 1340 820 pontificem,
1363 784 1415 822 qui
1433 793 1491 812 non
1511 785 1602 821 possit
1622 785 1750 822 compati
1763 785 1847 822 insir-

1004 829 1154 857 mitatibus
1175 830 1298 864 nostris,
1320 834 1460 859 tentatum
1480 840 1533 868 per
1554 831 1654 860 omnia
1673 841 1728 869 pro
1742 832 1846 860 simili-

1005 875 1104 903 tudine
1124 875 1230 913 absque
1247 879 1365 912 peccato
1377 876 1396 904 ⁷.

1242 968 1331 1002 lesus,
1346 968 1440 1006 signis
1459 968 1612 1006 mirificus.

1085 1061 1129 1088 11.
1151 1061 1210 1098 lpse
1230 1069 1328 1098 nempe
1349 1065 1406 1096 est,
1421 1062 1468 1099 qui
1489 1061 1562 1099 facit
1583 1063 1735 1092 mirabilia
1749 1071 1848 1100 magna

1004 1107 1083 1136 solus
1094 1107 1116 1141 ⁸,
1138 1107 1204 1136 dum
1225 1108 1360 1137 elementa
1381 1112 1547 1143 commutat,
1569 1117 1653 1146 panes
1675 1110 1847 1146 multiplicat,

1004 1162 1081 1182 mare
1102 1154 1188 1183 calcat
1214 1154 1373 1192 fluctusque
1398 1156 1574 1192 tranquillat,
1595 1156 1742 1185 daemones
1773 1164 1848 1185 com-

1005 1201 1091 1237 pescit
1111 1203 1138 1229 et
1152 1201 1240 1238 sugat,
1256 1201 1399 1238 languidos
1419 1206 1512 1236 sanat,
1534 1202 1656 1239 leprosos
1677 1203 1808 1231 emundat
1821 1205 1848 1232 et

1005 1250 1130 1276 mortuos
1151 1247 1280 1282 suscitat,
1302 1248 1350 1285 qui
1371 1251 1398 1277 et
1425 1249 1513 1277 caecis
1533 1249 1640 1283 visum,
1662 1249 1753 1278 surdis
1774 1249 1848 1278 audi-

1006 1296 1080 1327 tum,
1102 1294 1187 1322 mutis
1217 1294 1375 1331 eloquium,
1396 1295 1501 1324 claudis
1523 1303 1666 1332 gressum,
1689 1296 1847 1332 paralyticis

1005 1343 1032 1369 et
1053 1340 1138 1369 aridis
1158 1343 1186 1369 et
1207 1348 1318 1369 sensum
1341 1344 1480 1370 restaurat
1500 1344 1528 1370 et
1549 1345 1663 1370 motum.

1083 1386 1119 1415 Ad
1141 1387 1247 1423 quem⁹
1278 1388 1419 1423 peccatrix
1451 1387 1617 1416 conscientia
1644 1388 1743 1416 clamat
1773 1396 1847 1416 nunc

1005 1441 1081 1462 more
1102 1433 1190 1462 fidelis
1212 1434 1328 1470 leprosi:
1345 1434 1479 1468 Domine,
1493 1434 1522 1462 si
1535 1434 1596 1468 vis,
1608 1438 1689 1471 potes
1702 1443 1747 1463 me
1761 1443 1846 1463 niun-

1004 1480 1091 1513 dare;
1112 1488 1186 1509 nunc
1206 1488 1283 1509 more
1304 1481 1488 1510 centurionis:
1511 1481 1648 1515 Domine,
1667 1490 1744 1518 puer
1766 1490 1848 1510 meus

1004 1526 1077 1555 iacet
1098 1527 1130 1555 in
1150 1527 1234 1555 domo
1252 1527 1440 1565 paralyticus
1461 1531 1486 1556 et
1499 1528 1574 1556 male
1590 1531 1758 1566 coo-quetun-
1773 1537 1847 1558 nunc

1004 1581 1081 1602 more
1106 1573 1299 1602 Chananaeae:
1321 1574 1456 1603 Miserere
1476 1575 1549 1609 mei,
1570 1574 1614 1612 sili
1634 1575 1752 1608 Davi&
1773 1584 1847 1605 nunc

1004 1627 1081 1648 more
1101 1620 1271 1656 sanguifluae
1293 1620 1434 1650 mulieris:
1456 1621 1490 1650 Si
1510 1621 1642 1659 tetigero,
1657 1622 1762 1659 inquit,
1783 1622 1847 1658 fiin-

1004 1665 1102 1694 briam
1121 1666 1282 1695 vestimenti
1300 1667 1377 1701 eius,
1397 1667 1482 1696 salva
1503 1676 1569 1701 ero;
1590 1676 1664 1697 nunc
1685 1668 1772 1697 instar
1793 1669 1847 1697 Ma-

1004 1712 1061 1741 riae
1082 1715 1109 1741 et
1139 1713 1277 1742 Marthae:
1311 1713 1445 1748 Domine,
1467 1721 1545 1748 ecce,
1567 1723 1651 1752 quein
1682 1714 1781 1752 (tiliois
1803 1715 1846 1743 in-

1003 1758 1146 1796 firmatur
1157 1759 1189 1788 ¹⁰.

1245 1853 1336 1887 Iesus,
1358 1853 1601 1891 transfiyuratus.

1084 1945 1127 1973 12.
1150 1944 1188 1973 Ad
1208 1945 1424 1974 confirmandam
1445 1946 1581 1983 siquidem
1603 1949 1722 1975 mentem
1748 1946 1846 1975 huma-

1003 1998 1066 2019 nam
1087 1998 1137 2028 per
1158 1998 1235 2028 spem
1256 1991 1447 2021 retributionis
1467 1996 1595 2021 aeternae
1615 1993 1647 2021 in
1662 1996 1785 2021 montem
1799 2001 1847 2021 ex-

1003 2037 1110 2065 celsum
1140 2046 1272 2066 seorsum
1285 2039 1307 2055 ¹¹
1328 2039 1470 2067 assumsit
1490 2040 1571 2067 Iesus
1598 2040 1736 2074 Petrum,
1765 2040 1847 2068 Iaco-

1004 2083 1072 2112 bum
1092 2087 1118 2112 et
1137 2084 1293 2119 Ioannem,
1315 2085 1417 2122 quibus
1438 2088 1465 2114 et
1479 2085 1622 2114 Trinitatis
1642 2089 1845 2115 sacramentum

1003 2270 1060 2287 rum
1076 2264 1178 2294 effectus.
1195 2265 1283 2287 Deinde
1301 2265 1350 2288 Vat.
1368 2264 1392 2288 in
1404 2264 1511 2288 omnium
1523 2264 1678 2289 tentationum
1691 2272 1733 2294 pro
1745 2265 1769 2288 in
1781 2265 1848 2288 omni

1003 2303 1165 2326 tentationum.

1066 2341 1074 2354 ⁷
1091 2341 1160 2364 Hebr.
1178 2342 1204 2369 li,
1223 2342 1259 2365 15.
1275 2355 1306 2358 -
1323 2342 1396 2365 Codd.
1413 2343 1431 2365 Α
1442 2342 1547 2365 CFWZ
1564 2346 1586 2365 et
1607 2344 1612 2364 1
1634 2346 1686 2371 post
1698 2344 1758 2365 hunc
1770 2344 1846 2365 locum

1002 2380 1090 2403 addunt
1106 2380 1211 2408 Etenim,
1228 2380 1251 2403 in
1270 2387 1316 2411 quo
1333 2382 1435 2404 tentatus
1452 2383 1485 2404 est
1502 2382 1524 2404 et
1542 2387 1630 2410 passus
1653 2383 1698 2409 est,
1712 2383 1795 2411 potens
1812 2383 1847 2405 eft

1002 2421 1024 2442 et
1041 2419 1076 2442 his
1093 2419 1135 2449 qui
1151 2421 1279 2448 tentantur,
1297 2419 1423 2443 amitini-i.

1065 2457 1075 2470 ⁸
1092 2459 1173 2480 Psalm.
1191 2459 1216 2480 7l
1229 2477 1234 2487 ,
1250 2459 1290 2487 18,
1303 2458 1341 2481 ubi
1356 2460 1405 2481 Vat.
1416 2458 1470 2488 fecit
1481 2465 1523 2487 pro
1534 2458 1606 2488 facim·
1617 2459 1698 2481 eadem
1711 2459 1767 2481 infra
1779 2459 1845 2482 omit-

1003 2497 1028 2519 tit
1045 2496 1171 2526 lunyuidos
1188 2498 1271 2525 sanat,
1288 2500 1310 2519 et
1326 2500 1378 2525 post
1394 2497 1506 2520 emundat
1523 2497 1587 2520 addit
1603 2499 1624 2520 et
1640 2499 1718 2520 sanat.

1065 2533 1075 2546 ⁹
1091 2534 1164 2557 Codd.
1180 2535 1198 2557 Α
1207 2535 1224 2556 Β
1234 2535 1249 2556 F
1258 2535 1275 2556 G
1286 2536 1301 2557 L
1312 2535 1329 2557 N
1338 2536 1368 2558 W
1377 2536 1393 2557 Z
1410 2534 1481 2564 Apud
1491 2541 1574 2564 φωνῆς
1586 2541 1629 2563 pro
1641 2535 1730 2559 clamat
1747 2535 1764 2558 Ο
1776 2536 1791 2558 Ρ
1801 2537 1817 2558 U
1828 2537 1844 2558 Z

1002 2571 1089 2595 clama.
1105 2585 1136 2588 —
1153 2573 1284 2600 Allegantur
1301 2574 1354 2596 Luc.
1372 2573 1398 2600 5,
1417 2574 1444 2595 12
1463 2573 1509 2602 (vel
1527 2573 1603 2595 Matth.
1620 2574 1645 2600 8,
1664 2573 1709 2602 2),
1729 2574 1805 2596 Matth.
1824 2575 1844 2601 8,

1003 2611 1029 2638 ὃς
1047 2611 1076 2633 de
1092 2610 1227 2633 Chananaea
1246 2611 1302 2634 ibid.
1324 2612 1363 2640 15,
1386 2613 1427 2639 22;
1450 2612 1479 2634 (lc
1501 2612 1596 2634 muliere
1617 2613 1747 2640 sanguiflua
1765 2613 1786 2640 9,
1804 2614 1845 2641 2l;

1003 2649 1082 2672 ultimo
1099 2651 1158 2672 loan.
1177 2650 1216 2677 it,
1234 2651 1255 2673 3.

1065 2687 1084 2701 ¹⁰
1101 2688 1172 2712 Codd.
1190 2689 1206 2711 Α
1217 2688 1257 2711 CF
1267 2689 1296 2711 W
1306 2689 1322 2711 Z
1338 2692 1360 2711 et
1373 2690 1380 2711 1
1397 2689 1486 2712 addunt
1497 2689 1567 2713 Nunc
1578 2696 1632 2713 cum
1645 2690 1761 2719 Propheta
1773 2690 1846 2721 fiden-

1002 2728 1037 2750 ter
1054 2727 1177 2750 exclama:
1194 2728 1261 2751 Sana
1277 2733 1326 2755 nte,
1346 2727 1453 2756 Domine,
1471 2730 1493 2751 et
1508 2727 1627 2757 sctnabor;
1639 2728 1734 2752 salvum
1751 2735 1788 2752 me
1797 2729 1844 2759 suc,

1002 2767 1024 2789 ct
1039 2765 1120 2789 saluus
1137 2772 1177 2789 ero
1195 2766 1248 2796 [ler.
1267 2766 1308 2795 117,
1328 2766 1383 2796 tt.].
1401 2767 1471 2789 iidem
1489 2770 1623 2796 sequentem
1641 2768 1731 2790 titulum
1745 2768 1777 2790 sic
1789 2768 1844 2790 inci-

1003 2805 1080 2833 piunt:
1093 2805 1182 2833 Porro,
1196 2805 1252 2834 quia
1263 2805 1330 2828 salus
1341 2807 1425 2829 nostra
1437 2805 1462 2828 in
1473 2805 1599 2829 virtutibus
1612 2805 1739 2829 inchoatur
1756 2806 1846 2836 gratui-

1003 2843 1032 2867 tis
1049 2845 1070 2867 et
1086 2845 1267 2867 consummatur
1284 2843 1308 2866 in
1325 2843 1416 2867 dotibus
1434 2844 1557 2874 gloriosis,
1574 2844 1624 2868 ideo
1644 2844 1676 2868 ad
1700 2845 1845 2875 confirman-

1003 2881 1058 2905 dam
1076 2881 1136 2911 [Vat.
1155 2881 1358 2912 confirmandum]
1376 2885 1418 2905 etc.

1066 2920 1083 2933 ¹¹
1102 2921 1177 2943 hiatui.
1196 2920 1238 2948 17,
1260 2922 1265 2943 l
1287 2927 1351 2950 seqq.
1369 2933 1399 2938 —
1416 2921 1467 2944 Vnt.
1484 2928 1536 2944 cum
1553 2922 1658 2950 pluribus
1675 2922 1743 2945 codd.
1762 2923 1845 2946 omittit

1002 2959 1027 2983 in
1044 2961 1147 2983 montem
1164 2959 1284 2983 eoecelsum
1300 2966 1415 2983 seorsum.

1725 3008 1751 3030 iO

1870 282 1923 301 Ratio
1933 285 1992 302 tenta·

1860 306 1915 324 tionis
1922 307 1992 325 Christi

1860 331 1879 348 et
1888 330 1936 348 vitae
1949 330 1991 348 soli-

1859 353 1925 372 tariae.

1865 514 1956 533 Hortatio.

1876 1071 1965 1089 miracula

1884 1094 1960 1114 Christi.

1870 1394 1920 1413 Medi
1931 1395 1994 1413 Domi-

1860 1423 1904 1460 giiim
1916 1422 1994 1442 precan-
