2133 3317
92 1176 171 1201 Triplici
186 1181 224 1195 mo-

102 1200 126 1219 do
139 1200 163 1219 de
177 1200 216 1219 Deo

97 1223 223 1243 sentiendum.

119 1411 223 1430 Altissime.

907 377 1217 415 OPUSOULUM
1242 377 1330 413 VII.

540 533 678 597 DE
718 529 1221 596 REGIMINE
1262 528 1664 593 ANIMAE
1686 528 1695 547 ¹

323 1120 346 1147 t.
369 1118 492 1147 Primum
513 1117 637 1146 omnium
659 1123 771 1145 necesse
791 1115 893 1149 habes,
914 1115 1007 1143 anima
1021 1122 1091 1149 mea,

241 1166 398 1199 altissime,
417 1164 549 1202 piissime
570 1167 597 1192 et
617 1163 802 1192 sanctissime
832 1162 866 1191 de
897 1161 1002 1199 optimo
1034 1161 1091 1189 Deo

242 1213 345 1242 sentire
355 1212 376 1246 2,
397 1214 474 1240 certa
494 1210 621 1239 videlicet
635 1210 689 1238 fide
703 1208 855 1243 credendo,
877 1210 982 1237 attenta
1000 1210 1092 1236 mente

241 1258 441 1289 considerando
469 1262 496 1287 et
523 1257 674 1294 perspicaci
695 1256 810 1285 rationis
832 1255 935 1284 intuitu
957 1263 1022 1284 cum
1043 1254 1091 1283 ad-

240 1306 387 1336 miratione
408 1304 608 1342 perspiciendo.

321 1355 347 1382 ⁶2.
371 1352 519 1382 Attissime
540 1351 652 1389 quidem
674 1351 707 1379 de
728 1349 855 1387 optim0³
877 1349 934 1378 Deo
949 1348 1049 1382 sentis,
1069 1348 1091 1377 si

241 1404 342 1430 cuncta
362 1400 396 1429 de
417 1400 504 1428 nihilo
525 1398 645 1428 creantis
667 1400 694 1427 et
716 1396 906 1434 supportantis
927 1396 1091 1424 immensam

238 1448 409 1486 potentiam,
430 1449 531 1476 cuncta
550 1445 732 1482 gubernantis
746 1447 774 1473 et
788 1443 942 1472 ordinantis
957 1443 1092 1471 infinitam

240 1495 430 1532 sapientiam,
446 1496 546 1523 cuncta
560 1492 707 1521 iudicantis
729 1494 756 1520 et
771 1490 952 1520 retribuentis
966 1489 1091 1518 intermi-

240 1542 354 1571 natam4
368 1541 514 1570 iustitium
529 1540 612 1574 fideli,
625 1539 669 1576 pio
682 1542 709 1568 et
724 1538 875 1575 perspicaci
891 1537 1017 1566 contuitu
1033 1544 1093 1565 cre-

240 1589 291 1623 dis,
306 1589 418 1617 miraris
432 1591 460 1617 et
482 1587 577 1616 laudas
588 1587 609 1621 ⁵,
631 1589 658 1615 et
678 1589 761 1615 extra
777 1588 803 1614 te
824 1585 922 1614 exiens
936 1587 964 1613 et
978 1584 1051 1612 intra
1066 1586 1093 1612 te

240 1636 401 1673 regrediens
415 1638 443 1664 et
457 1643 543 1672 supra
563 1637 590 1663 te
612 1633 824 1667 transcendens,
839 1635 871 1660 ut
886 1631 954 1660 illud
972 1631 1093 1668 prophe-

240 1683 327 1712 ticum
349 1682 484 1712 veraciter
503 1682 646 1710 decantes:
663 1680 894 1708 Exsultaverunt
907 1677 986 1715 filiae
1000 1678 1093 1706 Iudae

240 1733 360 1768 propter
374 1729 489 1758 iudicia
510 1732 573 1763 tua,
589 1727 720 1761 Domine,
735 1726 876 1765 quoniam
898 1729 929 1754 tu
949 1725 1092 1753 Dominus

305 1920 313 1933 ¹
331 1920 406 1943 Editio
422 1919 475 1942 Vat.
493 1920 526 1942 sic
541 1917 657 1941 inscribit:
679 1926 689 1939 α
700 1917 843 1946 Opusculum
864 1917 893 1940 ad
916 1917 1039 1939 Blancham
1057 1916 1093 1938 Hi-

242 1960 336 1988 spaniae
352 1959 466 1987 Reginam
478 1967 505 1986 »,
522 1960 545 1981 et
562 1958 584 1980 in
605 1957 746 1986 praenotatis
771 1957 864 1984 asserit,
887 1956 1011 1978 Blancham
1035 1957 1094 1978 hanc

245 2008 257 2019 (ι
269 1999 339 2021 ruisse
356 1998 426 2021 tiliam
443 1999 466 2020 S.
484 1997 608 2024 Ludovici‚
626 1997 767 2019 Francorum
790 1996 866 2023 regis,
889 1995 1036 2018 Ferdinando
1058 1994 1095 2016 Al-

242 2038 327 2066 phonsi
345 2038 379 2064 X,
396 2038 551 2065 cognomento
568 2036 695 2063 Sapientis,
712 2035 835 2063 Hispaniae
857 2035 919 2062 regis
939 2034 1094 2062 primogenito

243 2078 265 2099 in
282 2083 377 2099 uxorem
395 2077 480 2099 datam.
499 2075 544 2098 Sed
565 2075 723 2098 Ferdinandus
740 2074 861 2102 princeps,
879 2073 1006 2101 procreatis
1024 2079 1051 2095 ex
1068 2079 1094 2095 ea

243 2117 361 2145 Alphonso
378 2118 401 2139 et
417 2115 573 2143 Ferdfflando,
591 2115 632 2144 qui
649 2114 678 2136 de
696 2114 715 2136 la
735 2113 808 2136 Cerda
831 2113 905 2135 vocati
928 2116 994 2139 sunt,
1016 2118 1096 2140 super-

244 2156 295 2179 stite
311 2156 388 2179 adhuc
404 2156 523 2183 Alphonso
540 2156 618 2182 patre,
644 2156 768 2182 antequam
791 2152 821 2175 ad
845 2152 912 2180 regni
938 2151 1095 2179 gubernacula

244 2201 340 2217 manum
358 2194 513 2221 admovisset,
531 2193 598 2215 cessit
610 2199 623 2215 e
635 2193 681 2215 vita
694 2201 705 2212 ³>
725 2194 766 2214 ete⁴
785 2191 888 2218 Constat,
901 2192 960 2213 hanc
972 2191 1096 2213 Blancham

244 2236 325 2263 postea
348 2234 445 2256 Parisios
464 2239 582 2255 reversam
601 2238 651 2254 esse
668 2231 747 2260 ibique
766 2231 900 2253 decessisse.
917 2243 948 2246 —-
965 2230 1039 2252 Editio
1056 2230 1097 2252 im-

244 2279 337 2301 pressa,
355 2278 416 2301 quae
433 2272 526 2294 videtur
550 2277 600 2293 esse
626 2271 713 2299 prima,
738 2271 787 2293 scil.
811 2269 954 2293 Coloniensis
970 2276 1007 2292 an.
1025 2269 1096 2295 1486,

245 2311 352 2340 praefigit
369 2312 430 2333 hunc
446 2311 550 2333 titulum:
566 2310 666 2338 Epistola
679 2309 708 2331 ad
721 2310 843 2332 Dominam
856 2309 979 2335 EIanRam,
991 2308 1095 2336 reginam

245 2351 354 2379 Hispanie
371 2351 401 2373 de
417 2350 530 2378 regimine
553 2350 636 2372 anime.
653 2349 757 2371 Eundem
784 2349 874 2371 titulum
897 2350 1005 2375 repetunt
1027 2348 1096 2369 altera

246 2389 387 2413 Coloniensis
403 2396 440 2412 an.
460 2389 533 2416 4489,
551 2388 675 2416 Argentina
694 2388 755 2410 4495
773 2388 796 2410 in
813 2390 878 2415 parte
896 2388 919 2409 ll.
936 2389 959 2409 et
973 2387 1097 2415 pleraeque

246 2428 423 2457 subsequentes.
441 2428 514 2450 Etiam
532 2433 570 2450 sex
588 2427 656 2449 codd.
673 2426 758 2449 habent
770 2426 841 2448 verba
859 2425 891 2449 ad
905 2425 1025 2448 Blanltam
1041 2428 1097 2452 etc.‚

246 2474 306 2497 quae
323 2470 400 2490 tamen
418 2467 502 2490 desunt
519 2467 540 2489 in
558 2466 626 2489 codd.
639 2466 682 2488 AB
694 2466 790 2495 aliisque
807 2468 906 2494 quatuor
924 2464 991 2487 nobis
1005 2465 1065 2487 notis
1077 2467 1098 2487 et

246 2507 269 2530 in
279 2507 399 2530 Assisiensi
413 2506 456 2536 (C),
466 2512 513 2536 quo
526 2512 582 2528 usus
593 2508 627 2528 est
640 2505 730 2528 Bonelli.
742 2505 783 2527 Hic
796 2505 818 2527 in
831 2504 876 2527 fine
888 2504 970 2526 habet:
985 2503 1099 2532 «Explicit

247 2546 377 2574 meditatio,
395 2552 466 2574 quam
484 2545 575 2573 scripsit
591 2545 668 2567 Frater
686 2545 846 2566 Bonaventura
868 2544 898 2566 ad
920 2543 1098 2572 postulationem

248 2585 369 2607 cuiusdam
381 2587 474 2607 sanctae
486 2584 619 2606 mulieris».
639 2584 704 2605 Plura
723 2583 752 2605 de
769 2583 803 2605 his
821 2583 875 2605 vide
892 2582 914 2604 in
932 2582 1015 2604 nostris
1026 2582 1099 2604 Prole-

248 2625 354 2652 gomenis
371 2630 391 2646 c.
409 2625 424 2646 l.
436 2623 449 2652 S
460 2623 475 2645 7
487 2626 509 2645 et
521 2624 547 2650 8,
563 2622 603 2645 ubi
618 2623 686 2645 etiam
704 2621 850 2650 improbatur
866 2621 997 2644 coniectura
1015 2620 1099 2643 Sbara-

248 2663 296 2685 leae
308 2666 330 2685 et
341 2663 457 2685 Benedicti
470 2662 563 2689 Boneiti,
575 2662 731 2690 opInantium,
746 2667 791 2683 non
803 2662 869 2683 istam
883 2661 1017 2687 Blancham,
1030 2660 1099 2682 filiam

249 2702 272 2724 S.
289 2702 413 2729 Ludovici,
430 2702 471 2724 sed
489 2702 513 2724 B.
531 2701 662 2729 lsabellam,
679 2707 783 2723 sororem
801 2700 906 2722 eiusdem
924 2700 1013 2726 Sancti,
1030 2699 1100 2722 tuisse

248 2741 381 2769 mulierem,
399 2741 436 2763 cui
453 2742 476 2763 S.
493 2741 580 2763 Bonav.
603 2741 660 2763 haec
685 2740 803 2768 scripserit
824 2740 971 2762 documenta.
994 2738 1099 2760 Attamen

249 2780 293 2802 AB
310 2786 355 2802 non
371 2780 401 2802 ad
418 2780 550 2806 mulierem,
568 2779 608 2802 sed
626 2779 655 2801 ad
671 2779 789 2808 quendam
800 2779 877 2801 virum
890 2779 1026 2806 religiosum
1039 2779 1100 2800 hunc

249 2819 394 2842 tractatulum
412 2819 523 2847 scriptum
541 2825 591 2841 esse
608 2819 688 2841 volunt
700 2819 753 2847 [hoc
765 2818 811 2840 iam
826 2818 923 2840 asseruit
934 2818 1023 2844 Oudin,
1036 2817 1100 2840 Com-

249 2860 319 2881 ment.
338 2858 358 2879 in
376 2858 486 2885 scriptor.
503 2858 632 2879 Ecclesiast.
649 2858 681 2880 ΙΙΙ.
699 2857 743 2879 col.
758 2856 826 2886 416],
843 2859 868 2879 ut
890 2863 918 2879 ex
939 2859 999 2879 textu
1018 2862 1100 2878 eorum

250 2896 320 2919 variis
332 2896 354 2918 in
366 2896 421 2919 locis
433 2899 535 2924 apparet.
549 2897 594 2919 lam
608 2896 629 2918 in
641 2897 700 2918 linea
717 2897 721 2918 1
739 2896 774 2918 isti
787 2895 872 2918 habent
885 2894 974 2919 Chrz'sti
989 2893 1100 2924 reliqiose

249 2935 351 2959 servitor
364 2941 406 2963 pro
418 2934 499 2958 anima
511 2941 579 2963 mea;
592 2935 643 2958 cod.
652 2935 786 2957 Assisiensis
798 2934 814 2958 C
827 2935 876 2957 sive
888 2935 924 2957 ed.
938 2934 1023 2957 Bonelli
1036 2932 1100 2957 Chri-

251 2974 282 2998 sti
298 2974 395 2997 ancilla.
412 2974 542 2997 Notandum
560 2974 635 3001 enim,
653 2975 716 3003 quod
734 2975 819 2996 Bonelli
842 2980 869 2996 ex
892 2975 935 2996 hoc
953 2973 1033 2996 codice
1055 2979 1101 2995 non

250 3013 307 3036 alias
324 3014 393 3036 refert
409 3013 524 3036 variantes
540 3013 649 3035 lectiones
666 3013 709 3035 nisi
726 3019 765 3036 eas
781 3019 840 3042 quas
856 3013 880 3035 in
900 3015 985 3035 textum
1003 3012 1098 3040 recepit.

1149 1113 1313 1142 altissimus
1334 1121 1423 1150 supe)
1438 1121 1549 1141 omnem
1565 1116 1686 1146 terram,
1701 1112 1791 1141 nimis
1809 1112 1957 1141 exaltatus
1971 1120 2000 1141 es

1148 1169 1238 1198 super
1259 1168 1356 1189 omnes
1371 1160 1445 1188 deos.
1463 1177 1498 1180 —
1514 1159 1652 1188 Piissime
1670 1159 1704 1188 de
1725 1159 1829 1196 optimo
1840 1159 1851 1176 ⁶
1867 1159 1923 1188 Deo
1938 1167 2000 1188 sen·
2016 1163 2107 1183 Pdssime-
2122 1171 2124 1208 4

1149 1207 1200 1242 tis,
1215 1207 1237 1236 si
1253 1206 1376 1236 eiusdem
1397 1206 1560 1235 immensam
1581 1206 1819 1235 misericordiam
1840 1206 1999 1241 admiraris,

1149 1253 1319 1290 amplexaris
1340 1255 1367 1282 et
1387 1252 1526 1282 beneditus
1550 1255 1582 1281 ut
1604 1260 1713 1281 summe
1733 1252 1910 1290 benignam
1905 1261 1932 1281 in
1947 1253 2001 1282 hu-

1149 1301 1289 1330 manitatis
1310 1303 1337 1329 et
1359 1300 1535 1329 mortalitatis
1557 1303 1667 1329 nostrae
1681 1300 1864 1334 assumtione,
1879 1303 1911 1329 ut
1925 1308 2002 1329 sum-

1149 1356 1193 1376 me
1214 1347 1393 1376 viscerosam
1414 1346 1441 1375 in
1463 1346 1556 1375 crucis
1577 1349 1604 1375 et
1633 1346 1730 1375 mortis
1762 1346 1953 1384 perpessione,
1974 1349 2002 1376 et

1151 1397 1182 1423 ut
1203 1402 1311 1423 summe
1334 1393 1481 1422 liberalem
1509 1394 1536 1422 in
1568 1394 1688 1431 Spiritus
1709 1393 1796 1422 sancti
1821 1393 1953 1423 datione⁷
1974 1397 2002 1423 et

1150 1442 1394 1470 Sacramentorum
1417 1441 1605 1475 institutione,
1628 1449 1693 1469 cum
1707 1448 1736 1469 se
1751 1441 1843 1478 ipsum
1865 1441 2001 1470 liberalis-

1150 1489 1218 1517 sime
1243 1488 1428 1517 communicet
1458 1488 1486 1516 in
1518 1488 1695 1516 Sacramento
1723 1488 1834 1522 altaris,
1864 1490 2003 1525 quatenus

1150 1535 1219 1564 illud
1234 1535 1331 1564 Psalmi
1344 1534 1355 1551 8
1369 1543 1406 1564 ex
1421 1535 1512 1563 animo
1528 1538 1636 1563 cantes:
1653 1535 1762 1563 Suavis
1778 1535 1921 1564 Dominus
1936 1535 2003 1564 uni-

1150 1582 1258 1616 versis,
1273 1585 1298 1610 et
1312 1582 1515 1610 miserationes
1530 1581 1592 1610 eius
1606 1590 1695 1619 super
1710 1582 1812 1610 omnia
1826 1590 1915 1619 opera
1930 1582 2001 1611 eius.

1150 1645 1187 1651 —
1210 1629 1398 1658 Sanctissz'me
1413 1628 1446 1658 de
1460 1628 1564 1665 optimo
1578 1629 1635 1657 Deo
1650 1629 1750 1663 sentis,
1772 1629 1795 1658 si
1816 1629 1940 1658 eiusdem
1961 1629 2003 1658 in-
2016 1632 2123 1652 Sanctissim

1150 1676 1343 1713 explicabilem
1365 1675 1548 1704 sanctitatem
1570 1675 1706 1710 advertis,
1723 1676 1835 1705 miraris
1856 1679 1883 1705 et
1905 1676 2002 1705 laudas

1150 1726 1234 1761 atque
1255 1723 1293 1751 illi
1315 1731 1379 1752 cum
1402 1722 1489 1752 beatis
1510 1722 1678 1760 Seraphim⁹
1701 1722 1839 1758 Sanctus,
1864 1723 2002 1758 Sanctus,

1216 1914 1225 1928 2
1242 1915 1328 1938 Eadem
1345 1914 1457 1937 sententia
1475 1912 1573 1936 habetur
1590 1913 1612 1936 in
1629 1913 1743 1942 Breviloq.
1755 1919 1779 1941 p.
1790 1914 1806 1936 I.
1821 1919 1842 1936 c.
1859 1914 1885 1941 23
1898 1914 1921 1936 in
1933 1914 2006 1942 Quae-

1152 1954 1219 1977 stion.
1232 1954 1320 1982 Disput.
1333 1953 1363 1976 de
1375 1953 1481 1981 lllysterio
1494 1952 1576 1975 Trinit.
1588 1958 1612 1981 q.
1625 1952 1645 1974 ·Ι.
1658 1958 1678 1974 a.
1691 1953 1712 1974 2.
1724 1952 1748 1974 in
1760 1958 1837 1981 corp.;
1850 1953 1874 1974 in
1885 1952 2004 1975 Collation.

1153 1994 1182 2016 de
1199 1995 1288 2021 septem
1307 1992 1376 2015 Donis
1393 1992 1454 2020 Spir.
1471 1992 1494 2014 S.
1512 1992 1584 2014 collat.
1602 1992 1624 2014 3.
1641 1998 1663 2014 n.
1682 1991 1704 2013 5.

1216 2031 1225 2044 ³
1243 2032 1315 2054 Codd.
1333 2032 1350 2054 A
1361 2032 1378 2053 B
1395 2031 1503 2053 omittunt
1519 2030 1623 2060 optimo;
1640 2030 1694 2052 Vat.
1711 2030 1767 2052 infra
1785 2031 1867 2058 repetit
1884 2036 1967 2053 vocem
1985 2030 2007 2054 si

1153 2074 1202 2094 tum
1220 2074 1273 2099 post
1289 2070 1418 2100 potentiam
1436 2072 1484 2092 tum
1502 2072 1555 2097 post
1565 2069 1715 2099 sapientiam.
1728 2069 1813 2092 Inutilis
1825 2070 1931 2098 repetitio
1945 2070 2006 2092 simi-

1153 2111 1192 2138 lis,
1209 2116 1269 2139 quae
1286 2110 1373 2138 pluries
1389 2110 1446 2131 intra
1469 2109 1581 2136 occurrit,
1598 2108 1769 2136 refragantibus
1786 2108 1869 2136 ABC,
1888 2109 1941 2132 inde
1957 2112 2006 2132 orta

1154 2156 1204 2172 esse
1221 2149 1320 2177 videtur,
1338 2149 1401 2178 quod
1419 2148 1528 2176 antiquae
1544 2148 1597 2170 edd.
1616 2148 1739 2170 Brixiensis
1755 2154 1791 2170 an.
1811 2148 1870 2170 1497
1884 2151 1906 2170 et
1918 2148 2007 2170 Veneta

1156 2189 1229 2218 4504,
1246 2195 1307 2218 quae
1329 2187 1526 2217 subsequentibus
1551 2187 1605 2210 edd.
1631 2187 1711 2209 Italicis
1736 2187 1802 2216 quasi
1828 2187 2005 2210 fundamentum

1154 2231 1219 2257 sunt⁷
1236 2227 1342 2250 membra
1360 2227 1501 2250 divisionum
1520 2233 1561 2254 per
1577 2226 1675 2249 modum
1701 2226 1822 2248 cuiusdam
1848 2226 1940 2249 tabulae
1965 2233 2006 2249 seu

1155 2267 1279 2290 schematis
1296 2269 1426 2289 constanter
1443 2265 1559 2294 scribunt,
1578 2268 1602 2288 ut
1620 2266 1664 2287 hoc
1681 2266 1731 2288 loco

1300 2306 1330 2328 de
1339 2306 1409 2328 nihilo
1419 2305 1516 2328 creantis
1525 2308 1547 2327 et
1556 2305 1713 2333 supportantis
1723 2304 1860 2327 immensam
1870 2304 2006 2333 potentiam,

1156 2339 1174 2361 Si
1191 2340 1274 2361 cuncta
1305 2345 1456 2373 gubernantis
1472 2348 1495 2367 et
1512 2344 1639 2367 ordinantis
1656 2344 1767 2366 infinitam
1785 2344 1936 2372 sapientiam,

1305 2384 1426 2407 iudicantis
1443 2386 1465 2406 et
1482 2383 1630 2406 retribuentis
1646 2383 1817 2406 interminatam
1836 2383 1953 2406 iustitiam.

1219 2423 1229 2436 4
1246 2425 1298 2447 Vat.
1315 2430 1439 2452 perperam
1457 2422 1664 2446 indeterminatam
1681 2425 1759 2445 contra
1777 2422 1847 2445 codd.

1219 2462 1229 2475 ⁵
1246 2464 1276 2485 lta
1294 2463 1350 2491 A133
1370 2463 1420 2485 Vat.
1433 2461 1563 2492 perspicis,
1581 2464 1603 2484 et
1619 2461 1676 2484 infra
1693 2468 1736 2489 pro
1754 2461 1820 2484 intra
1837 2462 1857 2484 te
1869 2460 2007 2490 remedians

1157 2503 1196 2532 (ita
1214 2502 1268 2531 AB)
1286 2502 1368 2525 eadem
1385 2502 1451 2525 intra
1468 2503 1489 2524 te
1506 2500 1648 2530 inyrediens.
1671 2500 1759 2523 Deinde
1777 2500 1828 2523 Vat.
1850 2500 1934 2522 omittit
1951 2505 2008 2529 pro-

1152 2541 1286 2572 pheticum,
1305 2544 1327 2563 et
1344 2541 1362 2563 A
1372 2541 1388 2563 Β
1406 2540 1491 2563 hahent
1508 2539 1634 2563 decantare
1647 2539 1726 2569 possis
1742 2545 1785 2567 pro
1797 2538 1913 2563 decantes.
1925 2551 1956 2556 --
1968 2540 2008 2561 Lo-

1156 2588 1197 2604 cus
1215 2581 1348 2609 scripturae
1365 2583 1400 2603 est
1417 2580 1450 2602 Ps.
1469 2580 1511 2607 96,
1530 2579 1552 2601 8.
1569 2585 1618 2608 seq.

1219 2619 1229 2632 ὓ
1246 2619 1318 2643 Codd.
1336 2620 1354 2641 A
1365 2620 1381 2641 B
1398 2619 1506 2641 omittunt
1522 2618 1616 2647 optimo.
1635 2617 1730 2640 Inferius
1748 2618 1798 2640 Vat.
1816 2616 1900 2640 omittit
1912 2616 2008 2639 immen-

1156 2665 1209 2682 sam
1226 2661 1305 2681 contra
1323 2658 1405 2687 ABC3
1424 2664 1465 2686 pro
1483 2656 1631 2686 amplexaris
1649 2656 1718 2679 hahet
1735 2656 1752 2679 C
1769 2655 1944 2686 complecteris,
1962 2656 2007 2678 AB

1157 2698 1331 2727 compteoearis,
1349 2700 1371 2720 et
1388 2703 1431 2725 pro
1449 2696 1562 2720 benedicis
1580 2696 1597 2718 A
1608 2697 1624 2718 B
1642 2695 1736 2719 laudas.

1220 2736 1229 2749 ⁷
1246 2737 1297 2759 Vat.
1319 2736 1444 2759 donatione
1466 2738 1545 2758 contra
1568 2734 1651 2763 ABC;
1674 2736 1714 2757 csr.

1158 2777 1198 2799 Dei
1215 2778 1336 2804 permanet
1353 2775 1417 2797 iustis
1435 2777 1478 2797 ete.

1220 2814 1229 2827 ³
1247 2816 1329 2837 Psalm.
1352 2814 1406 2841 144,
1424 2814 1445 2836 9.
1462 2826 1493 2830 -
1510 2814 1553 2836 Pro
1571 2814 1688 2843 quatenus
1705 2811 1766 2835 illud
1782 2811 1874 2835 Psalmi
1883 2818 1914 2834 eoe
1926 2810 2007 2834 animo

1157 2856 1236 2878 cantes
1254 2854 1298 2876 AB
1315 2855 1343 2877 ut
1359 2852 1420 2876 illud
1438 2852 1578 2876 Psalmis-tae
1595 2851 1669 2875 dicas.

1220 2892 1230 2905 ⁹
1248 2893 1302 2921 lsai,
1320 2893 1346 2920 6,
1365 2893 1385 2915 4.
1403 2905 1434 2909 -
1451 2893 1526 2920 Supra
1544 2892 1561 2914 A
1573 2892 1588 2914 Β
1599 2892 1616 2914 D
1633 2891 1741 2914 omittunt
1756 2890 1859 2920 optimo,·
1871 2896 1914 2918 pro
1925 2889 2007 2912 adver-

1157 2932 1186 2956 tis
1204 2933 1256 2955 Vat.
1273 2932 1343 2955 habet
1358 2931 1496 2959 actvertens,
1514 2934 1536 2954 et
1552 2937 1594 2959 pro
1611 2932 1681 2960 atque
1698 2929 1735 2953 itti
1750 2930 1794 2952 AB
1816 2931 1897 2959 terque
1920 2928 1967 2956 illi,
1985 2930 2008 2950 et

1158 2972 1214 2994 intra
1240 2978 1282 2999 pro
1308 2971 1341 2994 ita
1359 2970 1423 3000 [Vat.
1449 2970 1532 2993 omittit
1555 2969 1601 2999 ita]
1626 2975 1718 2993 summe
1742 2974 1771 2992 ac
1796 2969 1865 2991 iidem
1892 2967 1917 2990 iu
1941 2973 2007 2990 sum-

1156 3016 1195 3034 mo
1208 3011 1236 3033 et.

1737 2735 1803 2757 Eccli.
1826 2735 1863 2762 ll,
1886 2734 1924 2756 17:
1943 2733 2007 2756 Datin
