2133 3317
538 225 734 254 OPUSCULUM
756 225 785 253 ll.
807 225 978 254 SPECULUM
998 225 1241 254 CONSClENTlAE.
1264 226 1331 255 CAP.
1355 227 1395 255 Ill.

168 304 209 329 15.
229 305 299 330 Circa
318 304 499 330 inhonestatem
519 304 544 328 in
562 304 650 335 =aestu,
669 303 709 328 vel
721 302 804 334 facto,
817 304 856 328 vel
869 303 941 328 verbo

17 358 84 385 primis.
97 348 234 377 sciendum,
254 347 319 379 quod
337 347 443 372 multum
462 354 492 371 ex
510 345 604 376 affeetu
622 346 774 377 pensantur,
794 347 833 371 vel
856 354 943 371 secun-

96 392 154 416 dum
173 390 236 422 quod
255 398 284 415 ex
302 390 348 415 hoc
367 390 462 415 ratione
481 389 601 420 temporis
619 389 659 414 vel
686 389 733 414 loci
757 389 796 414 vel
822 397 942 420 personae

96 433 179 465 potest
197 433 256 458 oriri
275 432 443 462 scandalum;
461 432 486 456 et
504 431 564 456 tunc
592 439 621 456 ex
645 431 730 463 aliqua
754 431 942 456 circumstantia

96 476 180 508 posset
198 475 296 500 tantam
316 475 445 506 praestare
463 475 613 500 occasionem
634 474 744 499 scandali
759 473 776 504 ¹,
795 474 860 506 quod
885 482 942 506 pos-

96 520 134 544 set
151 519 242 543 habere
261 518 382 543 rationem
401 517 523 547 mortalis,
542 517 571 542 ut
591 518 612 542 si
631 517 694 543 forte
708 525 814 549 persona
826 518 942 549 religiosa

96 562 135 587 vel
154 562 235 593 posita
254 562 279 586 in
299 561 437 592 exemplum
456 560 558 586 choreas
577 561 616 585 vel
635 560 746 591 tripudia
763 560 876 590 duceret,
903 561 942 585 vel

96 605 117 630 si
135 604 198 630 forte
217 612 232 629 a
251 611 402 636 quocumque
421 604 447 628 in
466 603 603 628 Parasceve
622 603 684 628 talia
702 603 883 628 exercerentur.
902 603 942 628 In-

95 646 213 672 honestas
231 646 315 670 antem
333 646 359 670 in
377 645 465 677 verbo,
478 653 540 677 quae
559 646 707 670 scurrilitas
725 645 828 675 dicitur,
847 645 876 670 de
893 653 942 676 qua

97 690 155 716 dicit
179 688 357 721 Apostolusss:
382 689 437 714 Nec
460 689 607 714 nominetur
631 689 660 713 in
683 688 767 720 vobis,
793 696 821 714 ex
850 688 943 719 affectu

97 733 229 765 pensatur,
249 733 288 757 vel
306 732 439 757 secundum
458 731 611 757 scandalum
629 732 725 757 ratione
750 739 883 763 personae,
903 732 942 756 vel

98 776 230 801 secundum
249 776 314 807 quod
332 775 408 800 verba
427 775 489 800 talia
507 775 569 800 alios
587 775 619 799 ad
637 775 730 800 malum
749 775 867 804 incitant,
886 782 942 799 cum

96 819 121 844 et
139 819 185 843 tali
203 819 340 843 intentione
359 818 488 847 dicuntur,
508 818 534 842 et
552 818 587 842 sic
605 818 690 849 posset
708 818 798 842 habere
820 818 941 843 rationem

99 861 221 887 mortalis.
241 861 275 886 Et
294 862 329 886 sic
347 861 422 886 etiam
440 861 469 885 de
488 860 583 885 choreis
601 861 626 885 et
644 860 776 885 cantilenis
794 861 820 885 et
845 861 942 885 lusibus

96 904 285 936 intelligendum
304 904 350 929 est.
370 904 418 929 Per
437 903 498 928 haec
516 903 607 935 igitur,
622 911 684 935 quae
696 903 762 928 dicta
776 904 848 933 sunt,
863 903 941 934 patet,

96 947 216 979 quomodo
235 947 382 976 histriones,
408 946 550 971 saltatrices
575 946 600 971 et
623 946 687 971 tales
711 946 872 976 ioculatores,
901 946 942 977 qui

96 990 234 1016 inhonestis
253 990 335 1015 verbis
353 990 378 1015 et
396 989 468 1015 factis
486 990 598 1015 homines
616 989 711 1014 faciunt
738 989 866 1019 delectari,
893 997 942 1014 non

97 1034 244 1065 pensantes,
264 1040 326 1064 quae
346 1033 422 1058 verba
451 1033 490 1058 vel
515 1033 582 1057 facta
607 1032 749 1064 proferant,
774 1032 833 1057 dum
858 1032 941 1057 tamen

97 1076 195 1107 possint
213 1076 342 1107 pecuniam
361 1076 519 1107 extorquere,
539 1083 589 1100 non
608 1076 668 1100 sunt
691 1075 717 1100 in
745 1074 815 1099 statu
844 1075 942 1099 salutis.

96 1119 169 1144 Dare
187 1118 262 1144 etiam
281 1118 374 1143 talibus
393 1118 432 1143 est
444 1119 469 1143 in
484 1118 583 1149 peccato
597 1118 694 1148 fovere3
707 1118 772 1142 unde
784 1117 943 1149 Augustinus

98 1169 172 1193 super
190 1161 309 1187 Ioannem
323 1160 346 1186 ³:
371 1161 459 1186 «Dare
486 1169 526 1186 res
552 1168 610 1186 suas
634 1161 798 1186 histrionibus
825 1161 942 1186 vitiosum

97 1205 136 1230 est
148 1215 173 1229 n.
193 1204 239 1234 Qui
258 1204 341 1229 autem
361 1204 422 1229 talia
440 1204 554 1229 exercent
572 1204 652 1229 officia
670 1204 763 1235 absque
785 1204 943 1229 inhonestate

97 1248 129 1273 ad
147 1248 323 1273 recreationem
341 1247 482 1277 hominum,
501 1254 556 1272 cum
576 1247 722 1278 quandoque
740 1247 800 1271 talis
824 1247 943 1272 recreatio

98 1291 131 1316 sit
148 1291 245 1316 laetitia
264 1291 289 1315 et
307 1290 402 1320 virtus,
422 1290 497 1315 etiam
516 1290 648 1315 secundum
668 1289 861 1321 Philosophum,
881 1297 943 1321 quae

97 1333 240 1365 eutrapelia
258 1333 415 1362 nominatur,
443 1341 493 1358 non
518 1333 581 1358 tales
604 1333 751 1362 damnandi,
779 1340 823 1357 nec
850 1333 943 1357 talibus

97 1376 159 1402 dare
176 1376 299 1401 iudicatur
318 1377 454 1407 peccatum.

1789 227 1844 255 637

1071 303 1113 328 18.
1132 304 1199 329 Haec
1212 304 1286 329 etiam
1306 304 1401 330 ratione
1419 304 1609 330 consuetudinis
1627 304 1774 330 contrariae
1790 312 1848 336 pos-

999 347 1060 371 sunt
1077 347 1168 372 habere
1187 347 1308 372 rationem
1328 349 1436 380 peccati,
1455 348 1484 373 ut
1503 356 1557 373 cum
1577 349 1632 380 quis
1651 349 1749 380 quaerit
1776 348 1847 373 habi-

999 389 1066 419 tum,
1086 390 1129 420 qui
1148 390 1319 414 consuetudini
1338 390 1419 415 terrae
1438 398 1487 416 non
1506 391 1635 422 congruit,
1654 391 1694 415 vel
1713 391 1847 422 unguentis

998 432 1093 462 utitur,
1113 433 1153 457 vel
1171 433 1242 458 modo
1261 434 1365 458 ornatus
1378 433 1461 458 0011111Β
1475 435 1500 458 in
1514 434 1658 459 scandalum
1672 435 1846 465 proximorum,

999 476 1028 500 ut
1047 476 1067 500 si
1086 476 1125 500 vir
1144 476 1212 500 veste
1231 476 1346 501 muliebri
1365 477 1478 502 uteretur
1497 477 1522 502 et
1541 485 1554 502 0
1572 484 1690 502 converso
1715 478 1740 501 et
1764 477 1847 502 huius-

999 518 1072 543 modi.
1092 518 1125 543 Et
1144 519 1180 543 ita
1199 519 1292 543 talibus
1312 520 1384 544 tanta
1410 520 1495 551 posset
1522 520 1576 544 dari
1604 521 1697 545 occasio
1722 520 1847 549 scandali,

999 561 1063 593 quod
1083 562 1167 593 posset
1184 561 1287 586 iudicari
1307 562 1419 587 mortale.
1439 563 1509 588 Unde
1522 562 1679 594 Augustinus
1693 563 1767 588 tertio
1784 562 1847 587 libro

999 603 1185 629 Confessionum
1197 603 1220 628 ⁹:
1244 614 1256 626 <<
1267 604 1422 630 Consuetudo
1436 605 1475 630 vel
1488 605 1527 630 lex
1540 605 1620 630 terrae
1639 605 1710 630 nulla
1728 606 1788 630 civis
1807 605 1847 629 vel

999 647 1124 678 peregrini
1143 646 1244 671 libidine
1263 647 1369 672 violetur
1382 658 1407 672 ›>.
1426 662 1461 665 —
1479 648 1558 677 Item,
1578 648 1673 673 ratione
1693 648 1847 673 conditionis

994 696 1135 720 personae,
1155 690 1213 721 quia
1231 690 1295 715 alius
1314 690 1415 715 habitus
1433 691 1502 716 decet
1527 691 1642 716 clericum
1661 691 1699 716 vel
1729 698 1847 722 personas

999 732 1192 761 ecclesiasticas,
1211 733 1275 757 alius
1294 740 1413 764 personas
1432 734 1522 763 laicas,
1550 734 1615 759 alius
1642 734 1757 762 divitem,
1783 734 1847 758 alius

999 783 1147 806 pauperem,
1166 776 1231 800 alius
1250 776 1363 804 viduam,
1384 777 1449 801 alius
1467 777 1634 808 coniugatam.
1653 777 1684 802 In
1703 777 1748 802 hoc
1769 778 1848 809 igitur

1000 819 1083 849 potest
1101 819 1243 850 contingere
1263 820 1326 844 ratio
1346 821 1452 851 peccati,
1479 820 1613 845 secundum
1637 821 1701 852 quod
1723 821 1847 852 quaelibet

1000 868 1105 891 persona
1125 868 1196 885 suum
1216 861 1311 886 statum
1329 862 1355 886 111
1372 863 1454 894 31111110
1468 863 1649 894 praedictorum
1663 863 1770 893 excedit,
1783 864 1812 888 ut
1827 864 1847 888 si

999 903 1063 928 forte
1082 903 1120 928 tot
1139 904 1210 934 paria
1228 904 1408 930 vestiumvelit
1426 905 1516 930 habere
1529 906 1660 937 burgensis
1676 907 1773 938 aliqua,
1787 907 1847 938 quot

999 947 1099 978 regina,
1119 947 1144 971 et
1162 947 1197 972 sic
1215 947 1244 972 de
1262 948 1327 972 aliis.
1347 948 1416 973 Unde
1435 949 1469 973 sic
1489 948 1572 980 potest
1585 950 1609 973 in
1623 949 1715 974 talibus
1734 949 1846 974 excedere

1000 989 1094 1013 statum
1114 997 1200 1018 suum,
1220 990 1285 1021 quod
1303 992 1402 1022 oportet
1420 992 1545 1021 concludi,
1565 992 1629 1023 quod
1642 1000 1670 1017 ex
1683 993 1767 1023 aliqua
1780 992 1846 1017 mala

1000 1031 1080 1056 radice
1100 1032 1217 1063 procedat
1234 1033 1259 1057 et
1271 1033 1336 1064 quod
1355 1034 1444 1065 vergat
1462 1035 1487 1058 in
1507 1034 1650 1059 scandalum
1670 1036 1846 1066 proximorum.

1072 1075 1113 1101 19.
1133 1075 1241 1106 Quarto,
1260 1077 1356 1101 ratione
1376 1078 1509 1108 temporis,
1529 1078 1558 1102 ut
1570 1085 1625 1102 cum
1639 1079 1694 1109 quis
1713 1078 1793 1103 utitur
1812 1079 1848 1103 ta-

1000 1119 1066 1143 libus
1085 1119 1109 1143 et
1128 1119 1190 1143 talia
1208 1119 1361 1150 multiplicat
1380 1121 1490 1151 tempore
1510 1121 1665 1146 necessitatis
1694 1129 1845 1152 pauperum,

1000 1161 1029 1186 ut
1048 1169 1102 1186 011111
1122 1162 1195 1186 tanta
1215 1163 1253 1187 est
1272 1163 1388 1192 caristia,
1408 1164 1471 1194 quod
1491 1171 1613 1195 pauperes
1631 1164 1726 1189 arctam
1739 1165 1848 1196 indigen-

1000 1205 1061 1229 tiam
1081 1205 1225 1236 patiantur,
1251 1206 1315 1237 quod
1342 1206 1459 1231 deberent
1484 1207 1635 1238 pauperibus
1661 1208 1758 1239 erogari
1786 1215 1847 1239 quae

1000 1248 1026 1273 in
1046 1248 1139 1273 talibus
1158 1249 1375 1280 superfluitatibus
1403 1250 1590 1281 expenduntur3
1616 1251 1641 1275 et
1666 1251 1738 1275 tanta
1764 1252 1847 1282 posset

1000 1298 1054 1316 esse
1073 1299 1101 1316 ex
1120 1299 1170 1316 una
1189 1292 1261 1322 parte
1280 1292 1456 1323 superfluitas,
1476 1293 1500 1317 et
1512 1301 1541 1318 ex
1554 1293 1604 1318 alia
1617 1293 1689 1318 tanta
1702 1294 1847 1326 indigentia,

1000 1334 1064 1365 quod
1084 1334 1168 1365 posset
1186 1334 1276 1359 habere
1294 1335 1416 1360 rationem
1429 1336 1543 1360 mortalis
1556 1343 1583 1361 eo
1596 1336 1679 1366 modo,
1694 1344 1741 1367 quo
1754 1337 1847 1361 dictum

1000 1377 1039 1402 est
1057 1377 1085 1401 de
1105 1377 1289 1409 prodigalitate.

1860 308 1939 327 Ratione
1951 314 1994 327 con-

1868 332 1981 351 suetudinis.

1864 647 1964 666 Personae.

1864 1079 1968 1103 Temporis.

168 1418 210 1444 16.
229 1419 300 1444 Circa
318 1419 500 1444 inhonestatem
521 1419 625 1444 habitus
643 1419 794 1448 notandum,
813 1419 877 1450 quod
896 1419 943 1444 iste

77 1475 81 1480 ·
97 1461 198 1493 fructus
211 1462 318 1494 quatuor
336 1469 418 1487 secum
436 1461 523 1491 habet,
543 1462 636 1487 scilicet
654 1462 871 1493 superfluitatem,
887 1469 943 1493 pre-

77 1506 247 1534 ·tiositatem,
275 1505 464 1535 curiositatem,
489 1504 683 1529 inhonestatem.
711 1519 746 1522 —
771 1504 944 1536 Superfluitas

97 1549 180 1574 autem
199 1548 314 1573 consistit
332 1549 358 1573 in
376 1548 485 1577 duobus,
505 1548 599 1572 scilicet
617 1548 642 1572 in
657 1547 666 1560 ⁴¹
694 1555 800 1572 numero
829 1548 854 1572 et
878 1555 944 1572 men-

1071 1420 1114 1445 20.
1133 1420 1259 1445 Secundus
1277 1428 1367 1446 ramus
1385 1421 1497 1446 luxuriae
1506 1422 1663 1453 principalis
1676 1422 1714 1446 est
1730 1422 1846 1447 carnalis
1857 1422 1993 1464 ξιξξξῡᾰῐῗῖἒῗ·

1001 1462 1116 1494 affectio,
1136 1471 1198 1495 quae
1217 1463 1311 1488 duobus
1331 1464 1408 1489 modis
1427 1465 1562 1496 contingit:
1583 1465 1622 1489 vel
1635 1465 1768 1489 secundum
1781 1465 1846 1496 quod
1859 1469 1906 1493 palis
1916 1451 1993 1492 guplex.

1000 1507 1091 1537 aliquis
1109 1507 1141 1531 ad
1166 1514 1264 1531 carnem
1283 1514 1357 1532 suam
1377 1515 1420 1532 seu
1438 1515 1527 1539 corpus
1555 1508 1694 1533 inordinate
1722 1508 1845 1538 afficitur,

1001 1550 1040 1574 vel
1059 1550 1133 1574 etiam
1153 1550 1184 1574 ad
1203 1550 1292 1575 alium.
1314 1550 1423 1575 Primum
1443 1551 1526 1576 autem
1545 1551 1650 1576 istorum
1676 1559 1740 1576 cura
1759 1552 1846 1576 carnis
1863 1550 1911 1568 ‘3⁰¹³
1923 1550 1991 1569 ⁰³¹2]ss-

96 1598 175 1622 sura,
193 1591 222 1616 ut
240 1598 294 1616 cum
314 1591 439 1616 habentur
457 1591 540 1616 vestes
560 1591 658 1622 plures,
678 1591 718 1616 vel
736 1591 810 1616 nimis
822 1591 888 1616 latae
905 1591 944 1615 vel

41 1633 47 1639 '
76 1648 81 1654 ·
98 1633 241 1660 defluentes.
260 1648 295 1652 ——
313 1634 392 1663 Item,
413 1634 552 1659 curiositas
570 1634 596 1658 in
615 1632 687 1659 veste'
702 1634 798 1659 duobus
817 1634 895 1659 modis
907 1634 944 1658 in-

77 1691 82 1696 ·
98 1677 210 1707 venitur,
231 1677 324 1702 scilicet
342 1677 367 1702 in
386 1677 468 1702 colore
487 1677 512 1701 et
525 1676 598 1701 modo
611 1677 729 1702 facturae.
742 1691 778 1694 ——
790 1676 945 1702 Inhonestas

97 1720 181 1745 autem
200 1721 252 1750 est,
272 1727 327 1745 cum
340 1720 428 1745 modus
440 1720 552 1745 facturae
564 1720 670 1745 vestium
684 1720 862 1751 impudicitiam
876 1727 944 1751 prae-

98 1763 179 1789 tendit
203 1764 228 1788 et
255 1763 287 1788 ad
305 1763 398 1788 malum
427 1763 559 1794 provocat,
588 1763 617 1787 ut
644 1763 809 1794 pretiosarum
838 1763 943 1787 vestium

98 1807 138 1832 vel
156 1807 220 1832 circa
238 1807 328 1832 collum
347 1807 372 1831 et
390 1807 480 1838 guttur
498 1806 549 1830 tale
567 1806 626 1838 quid
641 1805 658 1830 ⁵.
681 1820 716 1823 —-
734 1806 881 1831 Huiusmodi
900 1813 944 1831 au·

77 1859 83 1863 ·
98 1850 148 1875 tem
175 1849 342 1875 inhonestatis
366 1848 467 1879 fructus
492 1849 553 1874 sunt
578 1849 685 1880 unctio,
712 1848 791 1879 lotio,
819 1848 942 1880 deceptio,

98 1893 261 1924 compositio,
282 1892 483 1924 multiplicatio,
503 1892 666 1923 adinventio,
686 1891 715 1916 ut
732 1899 787 1916 oum
812 1891 877 1916 fiunt
900 1899 943 1916 un-

97 1936 191 1961 ctiones
215 1935 254 1960 vel
282 1935 387 1960 lotiones
406 1935 437 1959 ad
457 1935 633 1966 acquirendum
660 1934 779 1964 colorem,
810 1935 848 1959 vel
876 1934 944 1959 dece-

98 1979 196 2010 ptiones
214 1979 240 2003 in
259 1978 378 2004 mutando
398 1978 502 2010 capillos
521 1978 560 2003 vel
580 1977 684 2003 fucando
703 1978 779 2010 caput
806 1978 831 2003 et
858 1978 944 2003 huius-

97 2021 170 2047 modi.
194 2022 274 2051 Item,
287 2021 448 2052 compositio,
470 2021 499 2046 ut
520 2028 575 2046 cum
597 2021 671 2046 nimis
688 2021 770 2046 stricti
791 2021 914 2047 sotulares
925 2019 942 2050 ὅ,

98 2065 137 2090 vel
156 2065 292 2096 singularis
311 2064 397 2089 modus
417 2065 440 2089 in
460 2064 635 2095 compositione
655 2064 779 2089 servatur.
796 2064 862 2089 Item
880 2064 944 2089 mul-

99 2107 223 2139 tiplicatio
243 2107 378 2139 localium,
398 2107 423 2132 et
442 2107 589 2132 adinventio
607 2107 667 2132 novi
685 2107 755 2132 modi
782 2108 808 2132 111
836 2107 942 2138 talibus,

99 2157 160 2182 quae
179 2151 274 2180 omnia,
294 2150 413 2182 quomodo
433 2150 553 2175 rationem
566 2150 660 2181 peccati
672 2150 795 2179 habeant,
808 2150 943 2175 videamus.

170 2192 212 2218 17.
232 2193 302 2218 Circa
320 2193 398 2225 igitur
415 2193 480 2218 hanc
498 2193 628 2218 materiam
647 2193 685 2218 est
704 2193 854 2223 notandum,
880 2193 944 2224 quod

54 2235 84 2255 ἅδ-
99 2237 149 2261 ista
168 2236 275 2268 quatuor
294 2236 399 2267 possunt
417 2236 507 2261 habere
526 2236 647 2261 rationem
667 2236 761 2267 peccati
785 2236 824 2261 vel
848 2236 944 2261 ratione

95 2286 231 2311 perversae
249 2279 412 2310 intentionis,
431 2279 471 2303 vel
499 2279 646 2303 contrariae
671 2279 876 2310 consuetudinis,
904 2280 944 2304 vel

100 2322 254 2347 conditionis
268 2329 409 2353 personae,
429 2322 469 2346 vel
497 2322 636 2352 temporis,·
658 2322 698 2346 vel
725 2322 821 2347 ratione
847 2322 944 2347 radicis

99 2365 206 2396 possunt
223 2364 314 2389 habere
333 2364 454 2389 rationem
473 2364 580 2395 peccati,
599 2364 629 2388 ut
647 2371 701 2388 cum
720 2364 769 2388 ista
788 2371 816 2389 ex
829 2364 945 2395 superbia

100 2408 214 2433 oriuntur
233 2408 258 2432 et
276 2407 307 2432 ad
326 2407 425 2432 inanem
443 2407 549 2438 gloriam
568 2407 730 2436 ordinantur,
750 2407 789 2432 vel
816 2414 872 2432 cum
896 2407 946 2432 ista

101 2450 165 2476 fiunt
183 2450 320 2476 intentione
340 2450 452 2482 placendi
471 2450 496 2475 et
514 2450 546 2475 ad
563 2450 688 2475 luxuriam
707 2450 869 2481 provocandi;
887 2451 912 2475 et
925 2451 946 2475 si

100 2493 178 2519 radix
196 2494 309 2519 mortalis
328 2493 375 2523 sit,
395 2494 420 2518 et
445 2500 535 2518 ramus
562 2493 676 2518 mortalis
703 2493 758 2518 erit.
787 2493 853 2518 Dicit
882 2494 946 2518 enim

101 2536 258 2568 Augustinus
272 2535 290 2567 ⁷,
310 2536 374 2568 quod
392 2543 442 2561 non
461 2536 541 2561 solum
560 2537 689 2567 appetere,
708 2535 751 2561 sed
769 2536 844 2561 etiam
861 2536 947 2567 appeti

101 2578 163 2604 velle
181 2579 338 2604 criminosum
358 2579 405 2604 est.

165 2766 171 2778 ¹
191 2766 246 2789 eod.
263 2766 384 2790 scandalo.
404 2767 489 2790 Deinde
507 2774 549 2795 pro
566 2774 580 2790 (ι
598 2773 745 2797 quocumque
759 2768 808 2790 vat.
826 2774 946 2796 nei-perani

103 2803 272 2827 quaecumque.

165 2828 173 2841 ²
193 2830 249 2857 liph.
265 2829 291 2857 5,
310 2830 331 2851 3.
352 2842 382 2846 -
405 2831 479 2857 Supra
499 2833 550 2858 post
568 2829 705 2852 Inhoneslas
728 2836 770 2857 pro
792 2831 871 2852 mitem
896 2831 947 2853 cod.

103 2859 179 2882 eliam.

1001 1593 1118 1622 vocatur,
1137 1593 1167 1617 de
1186 1600 1234 1624 qua
1257 1593 1316 1618 dicit
1340 1594 1477 1625 Apostolus
1504 1594 1534 1618 ad
1554 1594 1678 1619 Romanos
1692 1593 1726 1618 ¹⁰:
1750 1594 1846 1620 Curam

1000 1635 1087 1660 carnis
1106 1642 1136 1660 ne
1154 1635 1265 1665 feceritis
1285 1636 1312 1661 in
1331 1636 1470 1662 desideriis.
1490 1637 1571 1662 Huius
1589 1637 1672 1662 autem
1691 1638 1759 1662 rami
1788 1638 1848 1662 sunt

1001 1678 1074 1703 multi
1092 1678 1206 1709 fructus,
1226 1679 1360 1704 secundum
1379 1680 1476 1704 diversa
1490 1687 1578 1711 opera,
1592 1681 1617 1705 in
1630 1680 1720 1712 quibus
1733 1680 1847 1705 consistit

1000 1721 1109 1745 carnalis
1127 1721 1271 1751 delectatio,
1290 1722 1315 1746 et
1334 1722 1466 1747 secundum
1486 1722 1531 1748 hoc
1555 1723 1594 1748 est
1621 1723 1737 1748 mollities
1761 1724 1787 1748 in
1811 1730 1848 1748 ve-

1000 1764 1096 1794 stibus,
1111 1764 1135 1788 in
1154 1764 1284 1795 culcitris,
1307 1765 1332 1789 in
1352 1765 1442 1795 lineis,·
1469 1766 1494 1790 in
1521 1766 1643 1791 sedilibus
1672 1766 1697 1790 et
1724 1767 1750 1791 in
1779 1766 1848 1791 lectis

1001 1807 1070 1838 quies
1087 1808 1209 1838 corporis;
1229 1808 1302 1837 item,
1323 1809 1429 1833 sollicita
1448 1809 1532 1834 cautio
1551 1810 1729 1841 adversitatis,
1748 1810 1787 1834 vel
1805 1809 1849 1834 fri-

1000 1850 1082 1881 goris,
1102 1850 1205 1880 caloriS,
1225 1849 1298 1875 famis
1316 1851 1341 1876 et
1359 1851 1513 1881 huiusmodi,
1541 1852 1567 1876 et
1589 1851 1652 1882 ista,
1681 1853 1738 1877 licet
1765 1853 1794 1877 de
1822 1860 1848 1878 se

1001 1899 1050 1917 non
1068 1892 1177 1918 habeant
1196 1893 1318 1918 rationem
1344 1894 1471 1924 mortalis,
1498 1894 1582 1920 tamen
1607 1895 1671 1920 circa
1699 1896 1748 1920 ista
1775 1896 1848 1920 tanta

1001 1936 1085 1967 potest
1102 1943 1155 1961 esse
1175 1936 1328 1966 sollicitudo,
1349 1937 1413 1968 quod
1432 1937 1482 1962 ista
1501 1938 1690 1969 praeponuntur
1715 1939 1793 1964 amori
1811 1939 1848 1964 di-

1001 1979 1071 2009 vino,
1091 1979 1130 2004 vel
1153 1979 1252 2011 aliquod
1277 1980 1417 2005 divinorum
1437 1981 1624 2012 praeceptorum
1649 1981 1787 2011 omittitur,
1808 1983 1847 2007 vel

1000 2022 1094 2053 aliquid
1106 2022 1194 2047 contra
1212 2023 1291 2047 Deum
1311 2022 1353 2053 fit,
1372 2024 1402 2048 ut
1420 2024 1482 2048 talia
1500 2024 1648 2049 habeantur.

1072 2064 1114 2090 21.
1132 2065 1206 2095 Item,
1225 2066 1340 2091 earnalis
1368 2066 1469 2096 affectio
1497 2067 1642 2099 quandoque
1669 2068 1788 2098 habetur,
1818 2068 1847 2093 ut

1001 2114 1055 2131 cum
1075 2108 1130 2139 quis
1149 2108 1245 2133 ratione
1264 2115 1348 2133 eorum
1367 2116 1429 2140 quae
1448 2109 1479 2134 ad
1499 2117 1597 2135 carnem
1617 2110 1756 2142 pertinent,
1783 2111 1846 2136 inor-

1000 2150 1085 2175 dinate
1103 2151 1199 2182 diligit;
1219 2152 1302 2182 potest
1321 2153 1438 2178 carnalis
1458 2152 1558 2182 affectio
1578 2154 1725 2185 nuncupari.
1745 2154 1775 2179 In
1800 2154 1846 2179 hoc

1000 2193 1084 2218 autem
1103 2194 1186 2225 potest
1204 2201 1257 2219 esse
1276 2194 1366 2226 duplex
1385 2202 1511 2226 excessus,
1533 2196 1626 2221 scilicet
1648 2197 1674 2221 in
1702 2196 1794 2226 affectu
1822 2197 1847 2222 et

1000 2236 1096 2266 effectu.
1114 2237 1145 2262 In
1164 2237 1257 2267 affectu
1275 2238 1358 2263 autem
1377 2238 1526 2270 potestesse
1544 2239 1647 2271 duplex:
1662 2240 1700 2264 vel
1714 2240 1847 2265 secundum

1001 2280 1066 2311 quod
1084 2287 1145 2305 caro
1164 2281 1238 2306 sonat
1257 2282 1281 2306 in
1301 2281 1432 2311 naturam,
1452 2282 1585 2307 secundum
1604 2283 1666 2307 illud
1684 2283 1799 2314 Apostoli
1816 2283 1847 2307 ad

1001 2323 1123 2354 Ephesios
1137 2323 1172 2348 ¹¹:
1195 2323 1307 2349 Carnem
1325 2332 1400 2350 suam
1418 2332 1491 2350 nemo
1511 2326 1569 2350 odio
1588 2325 1693 2356 imbuit,-
1706 2326 1744 2351 vel
1764 2333 1847 2351 secun-

1001 2365 1060 2390 dum
1073 2366 1138 2397 quod
1151 2367 1224 2391 sonat
1237 2367 1262 2391 in
1274 2367 1373 2398 vitium,
1388 2367 1521 2392 secundum
1533 2368 1609 2392 illud:
1626 2367 1693 2393 Caro
1706 2369 1729 2392 et
1741 2368 1849 2400 sanquis

1001 2415 1109 2440 reynwm
1127 2409 1178 2433 Dei
1199 2416 1251 2433 non
1274 2409 1449 2440 possidebunt.
1473 2410 1557 2435 Primo
1580 2410 1663 2440 modo,
1687 2411 1784 2442 quando
1810 2410 1848 2435 est

1002 2458 1116 2476 excessus
1134 2452 1160 2476 in
1179 2452 1303 2483 diligendo
1321 2452 1386 2477 filios
1415 2453 1454 2477 vel
1480 2453 1610 2484 parentes,
1639 2453 1668 2478 ut
1695 2461 1750 2478 cum
1778 2461 1848 2479 amor

1003 2493 1115 2519 Creatori
1134 2494 1305 2525 praeferatur,
1324 2495 1353 2519 ut
1372 2496 1393 2520 si
1412 2496 1467 2527 quis
1485 2495 1564 2520 Deum
1578 2496 1698 2521 offendere
1711 2497 1791 2528 magis
1804 2496 1848 2521 eli-

1002 2536 1084 2568 geret,
1103 2544 1177 2568 quam
1196 2544 1304 2562 amorem
1329 2538 1417 2562 talium
1445 2538 1574 2568 amittere,
1593 2539 1632 2563 vel
1660 2546 1743 2564 eorum
1772 2539 1848 2571 quod-

1002 2586 1105 2610 cumque
1123 2580 1300 2605 detrimentum
1318 2581 1414 2611 videre,
1433 2581 1498 2612 quod
1516 2581 1582 2606 esset
1600 2582 1726 2613 peccatum
1743 2582 1848 2608 mortale

1067 2767 1077 2780 ⁶
1095 2769 1128 2791 Dn
1154 2768 1244 2796 (Tange,
1266 2769 1419 2792 Glossarium:
1443 2769 1591 2792 Solulares...
1614 2777 1686 2798 genus
1709 2771 1846 2793 calceamen-

1006 2804 1090 2821 10111111.

1067 2830 1075 2843 ⁷
1094 2831 1179 2858 Regula
1193 2831 1221 2852 nd
1234 2837 1314 2853 servos
1327 2832 1377 2859 Dei,
1391 2838 1412 2853 n.
1431 2832 1457 2858 ὃς
1469 2832 1538 2860 Epist.
1557 2832 1609 2854 2¹1.
1623 2832 1687 2859 (alias
1704 2833 1761 2861 109.)
1774 2839 1796 2855 n.
1811 2834 1846 2856 io.

1067 2861 1076 2872 ⁸
1095 2862 1145 2884 Vnt.
1162 2863 1233 2885 ornat
1250 2864 1270 2885 vl
1288 2862 1371 2885 incedit
1389 2869 1430 2890 pro
1448 2865 1549 2886 ornatus
1566 2863 1632 2886 cedit.

165 2889 174 2902 ³
191 2892 267 2913 Trnct.
288 2892 337 2914 100.
354 2898 378 2914 n.
395 2893 415 2914 2.
433 2904 464 2908 ——
482 2892 596 2914 Sententia
615 2892 648 2913 illa
667 2895 700 2914 est
717 2893 738 2914 in
757 2892 859 2920 Ariston,
878 2893 948 2915 Ethic.
1067 2892 1077 2904 ‘¹
1093 2892 1148 2920 Cap.
1168 2894 1188 2914 8.
1214 2900 1235 2915 n.
1258 2894 1291 2916 15.
1308 2906 1339 2910 -
1356 2894 1412 2916 insi-a
1439 2895 1487 2916 vat.
1513 2901 1555 2922 pro
1580 2894 1643 2917 alius
1666 2894 1759 2918 larmirus
1782 2896 1847 2924 ponit

105 2921 128 2944 ll.
144 2928 164 2944 c.
180 2923 203 2944 7.
220 2926 241 2945 et
259 2923 294 2945 lV.
312 2930 332 2945 c.
351 2924 371 2945 8.
389 2935 420 2939 -—
438 2923 488 2945 Vnt.
506 2927 558 2945 ante
575 2923 705 2952 eutr-apelia
722 2923 805 2945 1111111111
818 2930 885 2952 quar.
1004 2923 1078 2950 aliud,
1096 2927 1118 2946 ct
1135 2927 1186 2951 post
1202 2924 1370 2947 ecclesiasticas
1388 2926 1536 2954 prosequitur
1553 2925 1589 2948 rel
1600 2925 1734 2955 praelatum
1747 2928 1768 2949 el
1788 2926 1846 2950 lleli-

114 2989 139 3005 ὃς
165 2952 174 2965 ⁴
194 2954 243 2976 Vat.
260 2954 343 2976 omittit
360 2954 447 2977 scillcet
464 2954 495 2976 in.
507 2967 537 2970 —
556 2955 586 2976 De
600 2954 746 2983 pretiosilalt*
763 2954 854 2977 habiins
876 2958 948 2977 [extus
1004 2954 1104 2989 yiosuni,
1117 2954 1184 2998 atiud
1199 2961 1314 2984 personas
1333 2956 1415 2984 laicas,
1427 2957 1573 2985 deindepost
1591 2957 1844 3011 11111111οΓ110110113Νῐ111111

106 2988 111 3006 ι
141 2987 175 3027 &⁶⁵
194 3016 243 3037 Vnt.
262 3015 324 3045 quod
341 3022 383 3044 pro
401 3016 469 3046 quid,
486 3022 513 3039 ac
530 3016 606 3039 Huius
624 3023 666 3044 ι11·υ
684 3016 832 3039 Huiusmodi.
1005 2992 1047 3014 pm
1065 2987 1159 3045 Ἧιιίιὶιῑζι),
1178 3017 1199 3044 5,
1217 3018 1255 3040 29.
1272 3018 1325 3047 ch.
1343 3019 1406 3041 locus
1423 3021 1457 3041 est
1474 3019 1487 3041 Ι.
1505 3018 1555 3042 Cor.
1578 3020 1616 3046 15,
1634 3019 1670 3042 50.
1684 2996 1726 3017 ’.ψ’
1761 3005 1765 3010 ”
1786 3007 1790 3017 ¹
1830 2998 1844 3011 h

1862 2064 1947 2084 carnalis
1959 2065 1986 2083 af-

1873 2088 1929 2107 fectio
1943 2088 1976 2107 du-

1898 2112 1947 2135 plex.

1872 2240 1899 2259 De
1914 2240 1973 2267 primo

1869 2264 1976 2288 dupliciter.

1864 2416 1954 2438 Primum.
1968 2416 1987 2435 iu

1882 2441 1959 2460 affectu.
