2133 3317
123 441 240 460 Admonitio.

132 871 239 890 Cavendum

131 896 154 913 ab
170 895 239 921 irreve-

149 920 217 937 renna.

140 1264 183 1282 Item
191 1277 195 1284 .
209 1263 233 1281 ab

131 1287 241 1314 inobedien-

168 1313 201 1329 tra.

142 2479 238 2502 seeundo,

121 2505 185 2521 centra
201 2505 253 2527 tepo-

169 2532 215 2545 rem.

257 228 313 256 664

257 306 393 337 videbant,
414 313 490 331 aures
509 306 603 330 habent
622 306 646 330 et
663 313 716 330 non
735 305 853 336 audient,
873 312 950 330 nares
968 305 1064 330 liabent
1085 306 1109 329 et

257 357 309 374 non
330 349 484 374 odorabunt.

330 392 353 416 5.
374 392 550 421 Quamobrem,
562 391 721 416 dilectissime
734 391 821 420 frater,
836 391 856 415 si
870 391 914 416 Dei
927 390 1036 422 gratiam
1051 398 1109 422 pro-

258 436 359 464 mereri,
379 435 400 460 si
419 435 555 466 Religionis
575 434 676 459 sanctae
695 434 811 459 odoribus
831 434 949 459 delectari
968 434 992 459 et
1012 434 1108 463 videre,

259 478 353 509 quanta
372 478 406 502 sit
424 478 511 503 domus
531 478 630 503 Domini
650 477 808 508 pulcritudo,
828 478 849 502 si
868 478 973 509 denique
986 478 1012 502 in
1025 478 1109 508 aliquo

258 521 358 546 fundari
377 521 441 546 bono
460 521 599 550 desideras,
619 520 787 545 humilitatem
807 520 968 551 amplectere,
990 528 1052 552 quae
1072 519 1110 545 est

258 564 379 589 bonorum
399 565 507 589 omnium
528 563 726 588 fundamentum.
745 563 803 588 Non
816 571 842 588 es
856 564 950 588 Christi
963 564 1109 595 discipulusy

258 608 307 632 nisi
325 607 398 632 σοι-(10
417 607 524 632 humilis
538 608 562 632 et
573 607 646 632 mitis
658 607 768 632 moribus
782 614 834 632 esse
848 607 983 632 contendas
995 606 1012 632 ¹.
1026 606 1110 631 Abiice

259 658 274 675 a
299 650 338 681 te,
364 651 385 675 si
413 650 498 675 tamen
526 650 635 675 nondum
664 651 796 679 abjeceris,
826 658 924 675 omnem
953 649 1110 681 superbiam,

259 700 356 718 omnem
375 694 585 725 praesumtionem
605 693 630 718 et
648 693 753 723 fastum,
773 693 857 718 desine
875 692 1001 718 voluntati
1015 692 1073 717 tuae
1087 692 1112 716 et

259 738 361 768 proprio
380 737 464 762 sensui
482 737 630 767 adhaerere,
650 737 775 762 seniorum
789 737 883 762 monita
896 744 951 762 cum
965 737 1031 762 omni
1045 743 1112 761 man-

261 781 391 805 suetudine
410 781 520 811 suscipe,
541 788 637 805 omnem
656 780 688 805 ad
708 788 793 805 omnes
812 781 978 805 reverentiam
996 780 1068 805 habe.

333 823 357 848 6.
377 823 445 855 Rogo
464 823 636 848 discretionem
663 823 748 852 tuam,
767 823 796 847 ut
815 823 846 848 ab
871 822 930 848 his2
950 824 1056 848 maxime
1075 830 1112 847 ca-

261 873 328 891 veas.
347 866 430 898 Turpe
449 867 523 891 nimis
542 867 581 891 est
601 867 777 891 irreverentiae
795 867 888 891 vitium
901 866 926 891 et
939 866 1045 891 discreto
1058 867 1112 891 viro

262 917 366 941 prorsus
385 910 557 941 incongruum.
578 910 697 941 Religiosi
716 910 821 934 maxime
840 910 888 934 viri
907 910 1022 941 ampliori
1042 910 1112 934 nimi-

262 961 318 978 rum
339 953 480 978 reverentia
506 953 575 985 digni
602 953 670 978 sunt.
700 953 774 977 Canis
803 960 847 978 seu
875 960 965 984 porcus
990 953 1015 978 et
1039 953 1112 978 homo

260 997 400 1021 irreverens
419 996 605 1028 comparantur.
626 996 679 1021 Nec
697 996 820 1027 templum
845 996 922 1025 canis,
942 1003 987 1021 nec
1004 996 1113 1027 Religio-

261 1047 316 1064 sum
335 1040 466 1071 impudens
485 1040 623 1065 reveretur.
641 1039 675 1064 Et
693 1039 791 1070 quidem
810 1039 962 1070 vilipendere
982 1040 1022 1064 vel
1041 1040 1114 1071 parvi

260 1083 348 1108 ducere
367 1090 452 1108 servos
471 1083 516 1107 Dei
535 1083 656 1114 quaedam
674 1083 713 1107 est
737 1082 837 1107 nativae
860 1082 974 1113 probatio
997 1083 1111 1107 vilitatis.

260 1126 314 1151 Hos
333 1126 418 1157 magni
438 1126 545 1157 praelati
564 1126 589 1150 et
607 1126 732 1157 principes
751 1125 918 1155 venerantur,
944 1133 1005 1157 quos
1029 1126 1113 1150 tamen

260 1169 323 1194 viles
341 1169 468 1193 interdum
488 1168 609 1194 scurrae³
628 1176 678 1194 non
698 1169 828 1200 reputant.

334 1211 357 1236 7.
377 1212 438 1237 Esto
458 1219 554 1243 quoque
573 1212 598 1236 in
618 1212 732 1237 omnibus
760 1212 791 1236 ad
811 1212 901 1236 nutum
922 1211 1040 1236 obediens
1060 1219 1114 1243 pro-

262 1256 318 1287 pter
337 1255 417 1280 Deum
445 1263 490 1280 nec
517 1256 553 1285 te,
574 1255 712 1287 quamdiu*
732 1256 759 1280 in
783 1255 875 1280 Ordine
895 1263 934 1285 es,
954 1256 986 1280 ab
1014 1256 1114 1280 Ordinis

262 1299 401 1324 obedientia
421 1299 494 1330 putes
513 1299 664 1330 exemptum.
684 1299 815 1330 Alioquin,
835 1300 888 1329 cui,
913 1299 1027 1329 obsecro,
1048 1307 1115 1324 nunc

263 1343 337 1368 snbes
355 1343 404 1367 nisi
423 1342 526 1367 Ordini‘?
552 1342 612 1372 Quis
639 1342 697 1367 tuae
723 1350 790 1367 nunc
809 1343 906 1367 animae
926 1350 1010 1367 curam
1030 1342 1115 1374 gerit?

263 1386 337 1416 Quis,
358 1393 429 1417 rogo,
450 1393 464 1410 a
490 1386 541 1410 tuis
568 1393 635 1410 nunc
663 1385 840 1410 offensionibus
869 1386 894 1410 te
920 1385 1043 1415 absolvit,
1070 1385 1115 1410 aut

263 1429 339 1459 unde,
360 1430 381 1454 si
409 1436 459 1454 non
486 1436 512 1453 es
541 1429 668 1458 subditus,
688 1428 712 1453 te
741 1428 870 1454 absolvit?
888 1429 977 1460 Inepte
1004 1429 1115 1454 novitius

263 1472 351 1498 contra
370 1472 535 1498 obedientiam
553 1471 696 1497 libertatem
724 1471 827 1503 allegat.
852 1472 927 1497 Liber
946 1472 1044 1503 quidem
1064 1472 1115 1502 est,

262 1516 292 1540 ut
311 1516 376 1540 infra
396 1515 551 1547 probationis
569 1522 678 1545 annum,
698 1515 719 1539 si
746 1515 786 1540 vel
814 1515 845 1539 ad
864 1515 1004 1545 saeculum,
1024 1515 1064 1540 vel
1083 1515 1115 1539 ad

262 1559 381 1584 laxiorem
401 1559 498 1584 statum
526 1559 633 1584 voluerit
660 1558 820 1590 apostatare,
840 1559 964 1589 discedat,
984 1559 1026 1584 sed
1049 1559 1114 1591 quod

263 1603 372 1627 existens
390 1603 416 1627 in
435 1601 526 1627 Ordine
549 1601 584 1626 sit
601 1601 745 1627 inobediens
764 1602 804 1627 vel
823 1602 937 1632 rebellis,
957 1610 1115 1634 nequaquam

263 1654 318 1671 eum
336 1646 442 1670 liberum
462 1645 574 1670 dixerim.
593 1645 624 1670 In
643 1645 709 1670 omni
738 1645 808 1670 statu
836 1646 956 1670 maiorum
977 1653 1022 1677 pro
1045 1645 1115 1670 statu

263 1689 402 1715 obedientia
421 1689 545 1714 servanda
564 1688 610 1713 est.
630 1688 676 1713 Sed
695 1688 826 1713 humilitas
846 1689 874 1713 de
895 1688 1045 1714 subiectione
1065 1696 1115 1713 non

263 1733 389 1764 disputat,
410 1732 499 1763 sponte
518 1732 614 1762 obedit,
634 1732 717 1763 gratis
737 1739 763 1756 se
783 1732 1049 1763 subiicit,repugnare
1062 1731 1116 1756 obe-

263 1776 369 1801 dientiae
388 1775 475 1800 nescit.
496 1775 623 1806 Superbus
650 1782 722 1804 vero,
749 1775 807 1799 dum
828 1774 993 1799 obedientiam
1013 1774 1114 1806 refugit,

264 1818 370 1844 efficitur
388 1818 460 1849 silias
478 1817 581 1849 Belial,
601 1817 667 1849 quod
694 1817 785 1842 dicitur
803 1817 859 1842 sine
886 1817 947 1849 tuffo
959 1816 976 1848 ⁵,
1006 1817 1030 1842 et
1057 1817 1116 1842 luci-

263 1862 343 1887 ferum
362 1861 485 1886 imitatur.
504 1861 610 1886 Dicatur
622 1862 707 1893 itaquo
720 1861 872 1892 disputanti:
887 1861 1005 1892 superbia
1014 1860 1115 1885 tantum

264 1906 315 1935 ost,
336 1906 447 1937 quiesce!
466 1920 502 1923 —
520 1905 567 1930 Sed
585 1905 614 1930 ut
633 1905 665 1930 ad
693 1905 849 1936 propositum
870 1905 980 1935 redeam,
1005 1905 1116 1930 obedien-

264 1949 299 1974 tia
319 1949 437 1980 simpleX,
457 1949 560 1974 humilis
588 1949 613 1974 ot
638 1949 727 1974 devota
756 1948 802 1973 tibi
827 1949 968 1973 necessaria
992 1949 1038 1974 est.
1058 1949 1115 1973 Non

263 1993 332 2018 decet
351 1993 497 2018 modestiam
516 1993 586 2017 tuam
611 2000 685 2024 agere
704 1992 815 2018 fastuose
834 1993 981 2024 propriaeve
1003 1992 1116 2017 levitatis

262 2037 289 2062 in
318 2036 433 2068 pluribus
460 2036 591 2067 pueriliter
617 2036 723 2067 agitari,
752 2036 795 2061 sed
822 2036 924 2061 sanctae
952 2036 1032 2067 magis
1060 2035 1117 2060 obe-

264 2080 371 2105 dientiae
390 2080 460 2105 freno
479 2080 541 2111 regi.
560 2079 618 2105 Non
637 2080 706 2104 valet
725 2087 816 2111 equus,
838 2079 881 2110 qui
899 2078 997 2104 frenum
1011 2086 1061 2104 non
1075 2086 1116 2110 pa-

264 2123 340 2153 titur,
360 2123 403 2148 sed
422 2123 504 2148 minus
523 2123 610 2153 homo,
630 2123 672 2155 qni
691 2122 830 2148 obedientia
849 2130 899 2148 non
918 2122 1027 2147 tenetur.
1040 2122 1117 2154 Igno-

264 2166 352 2191 bilium
372 2173 535 2197 personarum
554 2167 579 2191 et
597 2166 684 2191 vilium
704 2166 767 2191 solet
780 2173 841 2195 esse,
855 2165 898 2195 ut,
912 2166 983 2196 quasi
997 2173 1116 2196 maguum

264 2209 359 2241 aliquid
377 2209 485 2239 fuerint,
505 2216 531 2234 se
549 2209 707 2240 impudenter
727 2208 864 2238 extollant,
884 2208 972 2233 subiici
985 2208 1116 2239 dedignen-

265 2254 321 2283 tur,
341 2252 450 2278 renuant
468 2252 565 2277 obedire
585 2253 610 2277 et
628 2251 723 2284 ingrati
736 2252 768 2276 ad
781 2252 877 2281 omnia,
891 2259 939 2283 quo
953 2258 994 2276 005
1007 2251 1116 2282 amplius

265 2295 382 2321 beneficio
407 2296 448 2320 vel
474 2295 567 2321 honore
595 2295 725 2325 allexeris,
751 2302 778 2320 eo
804 2295 988 2320 intolerabilius
1012 2294 1117 2319 intume-

267 2339 346 2364 scant.
366 2339 436 2364 Unde
455 2339 480 2364 et
504 2339 580 2370 vulgo
606 2339 710 2363 dicitur:
741 2338 788 2368 Qui
813 2338 891 2363 servit
916 2338 1009 2363 rustico
1035 2338 1117 2369 perdit

267 2390 331 2408 eum.
344 2383 438 2408 Verum
451 2382 550 2407 animus
568 2389 704 2414 generosus
723 2382 832 2413 gratiam
851 2381 1006 2413 recognoscit
1023 2381 1048 2406 et
1061 2388 1118 2406 eru-

267 2426 346 2451 bescit
370 2433 444 2457 quam
473 2426 578 2450 maxime
601 2425 629 2450 de
648 2425 717 2450 fastu
736 2425 776 2450 vel
794 2424 927 2450 rebellione
946 2424 1037 2449 notari.

340 2469 364 2494 8.
383 2469 499 2494 Dissuasi
517 2468 673 2499 superbiam,
687 2467 817 2493 dissuadeo
831 2468 856 2492 et
870 2469 988 2498 teporem.
1002 2467 1117 2492 Virtutes

269 2513 386 2544 superbia
399 2520 449 2538 non
461 2512 582 2541 admittit,
593 2512 665 2543 tepor
674 2511 797 2536 admissas
810 2511 966 2543 negligenter
976 2510 1088 2535 admittit
1099 2509 1117 2535 Β.

694 226 892 255 OPUSCULUM
914 226 955 255 Vl.
979 226 1135 254 EPISTOLA
1157 226 1200 255 AD
1222 227 1381 263 QUENDAM
1403 226 1574 255 NOVITIUM.

1164 305 1272 336 Tepidus
1285 306 1364 335 enim,
1378 306 1436 330 dum
1450 313 1494 337 per
1513 306 1629 330 inertiam
1648 313 1664 330 a
1677 305 1758 330 sancti
1770 306 1893 337 propositi
1906 306 1931 330 et
1945 306 2015 331 devo-

1164 348 1240 372 tionis
1255 348 1351 373 fervore
1365 348 1511 378 remittitur,
1531 349 1653 380 paulatim
1673 356 1688 373 a
1702 349 1796 373 virtute
1807 348 1939 374 deflectens
1953 349 1978 373 et
1989 350 2015 374 in

1165 391 1290 422 quandam
1309 391 1415 416 accidiae
1434 391 1622 417 dissolutionem
1642 392 1757 421 evadens,
1778 393 1848 423 piger
1867 392 1892 416 et
1905 392 2014 417 carnalis

1165 433 1286 464 efficitur;
1307 441 1373 465 qaae
1387 442 1437 459 saa
1449 436 1510 459 sant
1521 434 1529 447 ⁷
1550 436 1713 467 propriaeque
1732 435 1877 460 deserviunt
1890 435 2016 460 voluntati

1165 477 1341 508 amplectitur;
1361 485 1423 509 quae
1442 477 1488 502 Dei
1506 477 1531 502 et
1549 478 1686 510 Religionis
1705 478 1765 503 sunt
1784 478 1891 510 negligit
1911 479 1936 503 et
1948 478 2017 503 fasti—

1166 521 1209 545 dit.
1230 520 1289 545 Non
1307 520 1390 550 amat,
1419 521 1448 545 ut
1474 520 1556 550 filius,
1585 528 1635 546 11011
1655 521 1740 551 timet,
1762 522 1791 546 ut
1815 529 1910 547 servus.
1932 522 2016 547 Talem

1166 563 1316 595 pronuntiat
1336 563 1458 588 Dominus
1476 571 1505 588 ex
1525 571 1566 588 ore
1580 571 1623 589 suo
1637 564 1812 594 evomendum,
1827 565 1910 589 dicens
1921 563 1944 589 ⁸:
1965 564 2017 590 Uti-

1165 614 1228 631 nam
1246 605 1361 638 frigidas
1379 614 1459 637 esses,
1480 608 1527 631 aut
1553 606 1668 638 calidus,
1696 607 1751 636 sed,
1773 608 1836 638 quia
1856 608 1957 639 tepidas
1976 615 2015 639 es,

1167 650 1292 681 incipiam
1313 651 1335 674 te
1354 657 1466 674 evomere
1484 657 1514 674 ex
1532 657 1575 675 ore
1593 657 1657 681 meo,
1675 650 1721 675 hoc
1740 650 1792 680 est,
1812 651 1882 675 iuxta
1901 652 1965 682 quod
1984 651 2018 676 ibi

1167 693 1314 724 exponitur,
1334 701 1384 718 non
1412 694 1493 718 solum
1518 701 1533 718 a
1560 693 1690 719 dilectione
1709 701 1763 719 mea
1786 694 1811 719 te
1836 702 1955 725 evomam,
1977 696 2019 720 sed

1168 736 1243 760 etiam
1262 744 1291 761 ex
1309 743 1352 761 ore
1371 743 1440 767 meo,
1459 736 1484 760 id
1503 736 1541 761 est
1560 736 1589 761 de
1607 737 1711 768 collegio
1732 737 1889 767 Sanctorum,
1903 738 2019 769 quisunt

1168 786 1196 804 os
1214 787 1312 810 ineam,
1333 787 1376 811 per
1396 786 1457 810 quos
1477 787 1521 811 ego
1539 780 1636 811 loquor.
1656 780 1704 804 Per
1723 788 1796 811 quos,
1811 780 1922 810 obsecro,
1943 781 2019 812 loqui-

1168 823 1210 847 tur
1229 823 1314 847 Deus?
1333 823 1423 847 Nonne
1442 830 1486 853 per
1498 823 1569 852 illos,
1584 823 1689 848 maxime
1702 824 1745 854 qui
1759 823 1903 854 praedicant
1916 824 2019 849 verbum

1169 867 1239 891 eius?
1257 866 1382 897 Scriptum
1411 865 1484 891 est⁹:
1515 865 1545 890 Si
1571 867 1732 897 separaveris
1754 867 1900 898 pretiosam
1920 875 1936 892 a
1960 868 2019 899 vili,

1169 910 1245 941 quasi
1264 917 1291 935 os
1310 917 1393 934 meum
1412 910 1479 939 eris,·
1498 910 1523 934 et
1540 909 1643 934 iterum:
1666 910 1730 935 Non
1751 910 1818 934 enim
1830 917 1874 935 vos
1894 911 1961 942 estis,
1976 911 2021 942 qai

1170 953 1321 984 loquimini,
1349 953 1394 977 secl
1412 952 1527 983 Spiritus
1555 953 1648 978 Patris
1675 953 1766 984 vestri,
1786 954 1831 984 qm·
1858 953 1974 985 loquitar
1992 954 2020 978 in

1168 996 1247 1021 vobis.

1240 1039 1265 1063 9.
1284 1039 1390 1064 Vocavit
1409 1038 1433 1063 te
1453 1039 1484 1063 ad
1496 1039 1542 1064 hoc
1556 1039 1687 1071 collegium
1700 1039 1835 1069 Dominus,
1848 1039 1904 1068 ubi,
1918 1039 2021 1065 iuvante

1169 1083 1238 1114 ipso,
1257 1082 1344 1107 sancto
1365 1082 1435 1113 potes
1454 1082 1479 1106 et
1497 1082 1634 1113 apostolico
1653 1082 1845 1113 praedicationis
1864 1082 1943 1107 officio
1963 1082 2022 1107 suh-

1169 1126 1252 1150 limari
1273 1126 1298 1150 et
1325 1126 1350 1150 in
1379 1126 1539 1150 conversione
1566 1125 1695 1150 hominum
1722 1125 1748 1150 et
1772 1125 1854 1150 salute
1882 1126 2021 1151 Salvator-is

1170 1170 1249 1200 ipsius
1268 1169 1323 1194 fieri
1342 1169 1469 1200 particeps
1487 1169 1512 1193 et
1531 1169 1634 1200 collega.
1657 1169 1707 1201 Qui
1726 1170 1790 1194 enim
1803 1169 1916 1194 converti
1933 1168 2023 1199 feeerit

1167 1213 1327 1243 peecatorem
1345 1212 1377 1236 ab
1397 1219 1485 1236 errore
1504 1212 1559 1237 viae
1578 1219 1640 1237 suae
1664 1212 1777 1237 salvabit
1804 1213 1919 1237 animam
1947 1219 2022 1237 suam

1171 1263 1187 1280 a
1205 1254 1326 1279 mortem.
1347 1254 1424 1284 Quem
1452 1262 1527 1280 sanae
1553 1255 1644 1279 mentis
1672 1262 1722 1280 non
1747 1255 1846 1280 moveat
1864 1255 1931 1280 tanti
1949 1255 2022 1280 officii

1170 1298 1295 1330 dignitas,
1316 1299 1431 1323 meritum
1452 1298 1477 1323 et
1490 1299 1598 1323 corona?
1611 1298 1651 1323 An
1665 1306 1714 1323 non
1727 1298 1846 1330 dignitas,
1860 1299 2022 1330 praecipuum

1172 1341 1266 1366 Christi
1285 1342 1391 1367 officium
1420 1342 1549 1366 exercere?
1575 1341 1639 1371 Quid
1664 1349 1722 1366 vero
1745 1342 1846 1367 maioris
1869 1342 1908 1366 est
1927 1341 2021 1371 meriti,

1171 1393 1246 1417 quam
1265 1385 1363 1416 emptas
1383 1385 1477 1410 Christi
1496 1385 1617 1416 sangnine
1636 1385 1733 1409 animas
1752 1392 1767 1409 a
1783 1384 1874 1410 diaboli
1893 1384 2022 1409 fraudibus

1171 1430 1306 1454 revocare?
1324 1428 1394 1453 Unde
1414 1429 1439 1453 et
1458 1428 1616 1460 praedicator
1634 1428 1717 1453 fidelis
1737 1436 1786 1453 non
1806 1428 1886 1453 solum
1900 1428 2022 1453 communi

1171 1472 1318 1497 Sanctorum
1331 1472 1420 1504 gloria,
1434 1472 1477 1497 sed
1490 1472 1514 1496 et
1527 1472 1620 1497 honore
1634 1472 1755 1496 aureolae
1767 1471 1923 1497 coronandus
1933 1471 1980 1496 erit
1993 1470 2022 1495 ¹¹.

1171 1516 1232 1541 Vide
1251 1523 1331 1545 nunc⁷
1351 1515 1445 1546 quanto
1465 1515 1511 1539 tibi
1530 1515 1666 1540 cavendum
1692 1515 1726 1539 sit
1751 1515 1848 1545 studio,
1868 1522 1898 1539 ne
1919 1514 2023 1546 propter

1171 1559 1290 1584 desidiam
1309 1558 1335 1583 et
1353 1559 1465 1590 teporem
1484 1566 1499 1583 a
1518 1558 1604 1583 tantae
1633 1558 1765 1590 dignitatis
1785 1557 1856 1583 statu
1874 1558 1945 1583 velut
1962 1557 2023 1583 indi-

1170 1610 1236 1634 gnus
1256 1603 1280 1627 et
1300 1603 1421 1634 reprobus
1440 1603 1577 1627 evomaris!

1243 1645 1285 1670 10.
1299 1646 1351 1671 Nec
1363 1646 1388 1671 te
1406 1645 1500 1675 lateat,
1514 1645 1579 1677 quod
1598 1646 1705 1670 maxima
1718 1645 1813 1676 teporis
1826 1652 1901 1670 causa
1915 1645 2023 1677 ingrati-

1172 1689 1233 1714 tado
1244 1689 1290 1715 est.
1305 1689 1351 1719 Qui
1365 1688 1475 1720 gratiam
1488 1695 1538 1713 non
1552 1688 1675 1719 ponderat
1688 1688 1802 1713 beneficii
1815 1688 1846 1713 ab
1859 1695 1943 1713 amore
1955 1687 2024 1719 tepet

1172 1732 1290 1757 beneficii.
1310 1731 1413 1756 Liberat
1432 1732 1499 1756 Deus
1518 1739 1533 1756 a
1551 1731 1637 1756 1111111111
1656 1731 1772 1762 periculis
1792 1731 1817 1756 et
1836 1730 1961 1760 tumultu,
1981 1730 2024 1755 sed

1170 1775 1292 1807 ingratas
1305 1782 1381 1800 sensa
1394 1774 1549 1806 derelinquit
1562 1774 1709 1799 liberantem
1721 1781 1747 1799 se
1758 1773 1787 1798 ¹².
1807 1774 1886 1799 Vocat
1903 1774 2024 1799 Dominus

1172 1818 1204 1843 ad
1222 1819 1260 1843 sui
1273 1818 1395 1843 familiare
1409 1818 1565 1849 obsequium,
1581 1818 1623 1842 sed
1635 1817 1752 1849 ingratus
1765 1817 1790 1842 et
1803 1817 1899 1842 stultus
1912 1816 2025 1843 vocantis

1172 1861 1366 1886 misericordiam
1379 1868 1428 1886 non
1442 1860 1560 1886 attendit.
1574 1861 1648 1886 Absit
1661 1868 1676 1885 a
1689 1861 1725 1890 te,
1742 1860 1834 1890 frater,
1848 1860 1901 1885 tam
1914 1867 2026 1885 exsecra-

1172 1905 1221 1930 bile
1240 1905 1344 1934 vitium,
1363 1905 1421 1930 tuae
1441 1904 1525 1936 potius
1545 1904 1681 1929 vocationis
1699 1904 1810 1936 gratiam
1831 1904 1961 1935 ceteraque
1980 1903 2026 1928 Dei

1172 1949 1291 1974 beneficia
1303 1948 1436 1977 meditare,
1449 1948 1515 1973 utin
1527 1947 1693 1972 meditatione
1706 1948 1751 1972 tua
1765 1947 1831 1979 tynis
1844 1947 1995 1972 exardescat
2004 1945 2025 1958 ¹³

1172 1992 1273 2017 amoris.
1292 1992 1411 2023 Torporis
1430 1991 1584 2022 accidiaeque
1603 1991 1730 2023 ignaviam
1749 1991 1849 2021 excute,
1862 1989 2025 2015 carnalitates

1172 2035 1288 2060 abscinde
1303 2035 1327 2060 et
1340 2034 1464 2067 paulatim
1474 2035 1499 2059 te
1511 2035 1594 2066 ipsum
1607 2034 1746 2059 virtutibus
1760 2041 1882 2059 assuesce.
1896 2034 1946 2059 Pro
1958 2033 2025 2058 certo

1172 2079 1280 2108 noveris,
1299 2078 1365 2109 quod
1383 2085 1440 2102 eam
1454 2085 1483 2102 ex
1494 2078 1577 2102 animo
1590 2077 1647 2102 vias
1659 2076 1740 2106 fueris
1758 2076 1917 2108 perfectionis
1930 2077 2025 2108 inyres-

1172 2129 1225 2153 sas,
1237 2129 1290 2146 non
1303 2121 1476 2146 arctabwntur
1491 2128 1593 2152 ι01035115
1613 2121 1664 2152 tui,
1683 2121 1707 2145 et
1719 2127 1826 2145 currens
1843 2119 2024 2150 offendiculam

1172 2172 1225 2189 non
1244 2164 1356 2189 habebis.
1375 2164 1400 2188 Si
1418 2163 1517 2188 difficile
1531 2163 1625 2194 aliquid
1638 2163 1683 2187 tibi
1701 2163 1751 2187 iam
1770 2163 1899 2194 incipienti
1911 2162 2024 2192 videtur,

1172 2207 1224 2232 noli
1243 2207 1411 2238 pusillanimis
1429 2206 1497 2236 fieri,
1516 2206 1639 2237 profecto,
1659 2206 1695 2231 ait
1714 2206 1817 2231 sanctus
1835 2206 1984 2231 Benedictus
1996 2204 2024 2235 ¹⁴,

1177 2259 1190 2271 ‹<
1200 2257 1316 2281 processu
1336 2249 1532 2274 conversationis
1545 2250 1570 2274 et
1583 2249 1653 2278 fidei,
1668 2248 1780 2274 dilatato
1794 2249 1880 2280 corde,
1899 2249 2025 2273 inenarra-

1173 2293 1217 2317 bili
1236 2292 1374 2317 dilectionis
1392 2292 1520 2317 dulcedine
1538 2292 1656 2317 eztrritar
1674 2292 1718 2317 via
1735 2292 1920 2317 mandatorum
1939 2292 1991 2317 Dei
2000 2301 2025 2315 >›.

1245 2335 1287 2360 11.
1307 2336 1381 2360 Nunc
1399 2335 1521 2367 parvulus
1550 2343 1589 2365 es,
1619 2328 1673 2360 sed
1689 2343 1801 2360 crescens
1829 2335 1975 2361 solidaberis
1999 2336 2024 2360 in

1173 2379 1277 2404 virtute.
1295 2379 1367 2404 Modo
1396 2379 1503 2404 forsitan
1530 2379 1557 2403 in
1584 2378 1753 2404 tentationum
1771 2378 1886 2404 conflictu
1906 2386 1940 2404 es.
1959 2378 2027 2404 Solet

1174 2423 1239 2448 enim
1258 2422 1371 2447 diabolus
1399 2422 1431 2447 ad
1459 2422 1562 2447 meliora
1590 2422 1709 2447 conantes
1737 2423 1843 2447 maxime
1867 2423 2025 2453 impugnare.

1174 2466 1221 2491 Sed
1238 2466 1281 2490 ubi
1301 2466 1381 2490 maius
1399 2466 1438 2490 est
1456 2465 1591 2497 proelium,
1610 2465 1645 2490 ibi
1662 2466 1794 2497 gloriosior
1816 2465 1854 2490 est
1873 2464 2026 2496 triumphus.

1175 2509 1209 2534 Et
1227 2510 1285 2534 licet
1303 2509 1384 2534 hostis
1403 2509 1522 2540 reprobos
1541 2509 1661 2540 quosdam
1680 2509 1705 2534 et
1723 2509 1856 2534 instabiles
1875 2508 1991 2540 superet,
2011 2516 2026 2533 a

333 2721 340 2733 ¹
360 2722 436 2744 11101111.
458 2722 496 2748 11,
515 2722 556 2743 29:
575 2721 657 2744 Discite
674 2728 685 2743 a
706 2727 755 2748 me,
774 2721 827 2749 quia
847 2721 909 2743 mitis
926 2727 977 2743 sum
991 2724 1012 2743 et
1030 2721 1122 2743 humilis

270 2753 347 2775 corde.
366 2766 395 2768 —
413 2753 525 2780 Superius
543 2760 585 2780 pro
603 2753 625 2775 si
646 2752 746 2782 denique
771 2752 795 2775 111
812 2752 893 2782 aliquo
910 2752 1012 2782 sandari
1028 2752 1088 2775 bono
1105 2752 1121 2774 C

269 2784 291 2807 si
307 2783 405 2813 denique
420 2784 507 2814 pulcro
524 2784 627 2814 sandari
642 2784 711 2807 done.

332 2815 341 2827 2
358 2815 416 2838 Cod.
432 2815 448 2838 C
466 2815 495 2838 ab
513 2815 680 2844 irreverentia,
700 2815 787 2837 omisso
805 2814 904 2837 subinde
921 2814 1096 2838 irreverentiae.

332 2847 341 2859 ³
359 2847 415 2869 Cod.
433 2847 449 2869 C
466 2847 536 2870 serui.

332 2877 341 2889 ⁴
358 2878 415 2901 Cod.
432 2878 449 2901 C
467 2878 514 2907 qni.

332 2908 341 2921 ⁵
360 2909 458 2936 Hier-on..
477 2909 605 2932 Commcnt.
622 2909 646 2932 in
663 2909 734 2937 Epist.
751 2909 781 2931 ad
799 2909 854 2937 Eph.
874 2909 900 2937 4,
918 2909 960 2931 27:
974 2908 1061 2936 Belial,
1077 2909 1120 2931 hoc

270 2943 304 2962 est
321 2940 410 2969 absque
428 2941 491 2968 iugo.

333 2970 342 3014 ζ
360 2971 432 2994 Codd.
451 2974 467 2994 A
479 2973 502 2998 B,
518 2972 624 3000 pluribus
635 2972 739 2994 omissis:
756 2971 857 2994 Virtutes
870 2972 936 3001 tepor
948 2977 995 2994 aon
1007 2970 1118 2994 admittit.

361 3002 413 3024 Phil.
433 3004 454 3028 2,
473 3003 509 3025 21.

334 3032 343 3045 ⁸
361 3034 433 3061 Apoc.
450 3035 475 3061 3,
495 3033 535 3062 15,
554 3034 593 3057 ubi
610 3035 689 3057 Glossa
714 3033 876 3058 interlinearis
902 3034 964 3062 apud
986 3034 1117 3061 Lyranum:

1183 2719 1335 2749 «Incipiam,
1354 2718 1590 2745 excomnmnicando,
1608 2719 1628 2741 te
1645 2724 1762 2745 evomere,
1789 2718 1818 2740 de
1840 2718 1956 2740 consortio
1974 2718 2027 2740 San-

1179 2755 1269 2774 ctorum
1288 2757 1421 2777 removere,
1439 2757 1469 2773 ew
1492 2756 1533 2773 ore
1558 2755 1621 2777 meo,
1650 2756 1691 2777 per
1712 2749 1883 2777 praedicatores
1909 2755 1986 2775 meos,
2004 2749 2025 2770 iu

1179 2782 1264 2811 quibus
1290 2783 1402 2811 loquor».
1430 2783 1472 2804 Pro
1498 2781 1525 2804 de
1549 2780 1646 2810 colteqio
1674 2780 1819 2803 Sanctorum
1840 2780 1857 2803 C
1883 2779 1910 2803 de
1927 2779 2026 2809 colteqlo

1178 2814 1293 2844 filiorum.
1521 2812 1531 2825 ⁹
1549 2813 1589 2835 ier.
1611 2810 1650 2839 15,
1672 2813 1708 2839 19;
1728 2812 1812 2834 deiude
1829 2812 1907 2834 Malth.
1929 2812 1966 2838 10,
1985 2812 2022 2833 20.

1241 2845 1261 2857 ¹⁰
1278 2847 1320 2868 lac.
1336 2846 1361 2871 5,
1375 2845 1416 2872 ⁴20,
1429 2844 1467 2867 ubi
1482 2851 1523 2872 pro
1535 2843 1643 2867 animam
1654 2849 1725 2866 suam
1738 2844 1836 2871 Vulgata
1847 2842 1955 2866 animam
1968 2842 2025 2866 eius.

1241 2876 1259 2889 ¹³
1278 2876 1322 2899 Csr.
1340 2877 1434 2903 Bouav.‚
1458 2876 1494 2898 Ν.
1517 2877 1577 2898 sent.
1601 2875 1624 2897 d.
1651 2876 1688 2897 33.
1706 2881 1727 2897 a.
1745 2876 1766 2897 ⁴2.
1784 2881 1807 2903 q.
1833 2875 1855 2897 3,
1873 2875 1894 2896 111
1913 2880 1978 2902 corp.
2004 2878 2026 2896 et

1177 2908 1293 2951 Β1ον11ἑ111.
1310 2914 1333 2936 p.
1351 2908 1396 2930 Vll.
1414 2914 1434 2930 0.
1451 2908 1473 2930 7.
1490 2920 1521 2923 —
1539 2907 1651 2934 Superius
1668 2912 1710 2934 pro
1727 2905 1854 2936 fraudibus
1871 2905 1888 2929 C
1905 2904 2022 2935 faucibus.

1240 2939 1248 2952 ¹
1278 2939 1345 2961 eccli.
1363 2940 1405 2967 29,
1424 2940 1461 2961 22.

1239 2969 1259 2983 ¹⁸
1276 2971 1359 2993 Psalm.
1377 2971 1419 2996 38,
1438 2970 1458 2992 4.
1478 2982 1507 2985 —
1525 2969 1628 2992 Subinde
1645 2969 1757 2996 allegatur
1774 2969 1842 2991 Prov.
1861 2968 1886 2997 t,
1906 2969 1944 2990 12.

1239 3001 1259 3014 ¹4
1277 3002 1299 3024 In
1317 3002 1361 3024 fine
1378 3001 1469 3029 Prologi
1487 3001 1595 3029 Reginae.
1620 3001 1751 3028 Respicitur
1770 3000 1805 3023 Ps.
1823 3000 1881 3028 118,
1899 3000 1935 3022 3-2.
1953 2998 2027 3022 Codd.

1176 3033 1220 3055 ΑΒ
1237 3033 1345 3056 omittunt
1361 3034 1383 3056 et
1398 3032 1460 3063 fidei.

2037 781 2122 801 Notandu‘

2053 1040 2121 1063 Laudat

2041 1064 2133 1087 praedicar.

2040 1647 2112 1671 Ingrati!
2118 1631 2128 1669 {a

2052 1677 2106 1699 causa
2117 1676 2132 1690 10

2052 1700 2085 1714 ris.
2118 1722 2119 1728 ἵ

2044 2166 2109 2185 Nolam
2118 2169 2130 2184 1.

2051 2338 2077 2357 De
2089 2338 2106 2356 te
2114 2328 2123 2351 ¹-

2057 2361 2108 2381 tionil
2113 2373 2121 2390 1,
