2133 3317
242 221 262 249 X
954 217 1200 246 PROLEGOMENA
1223 217 1251 245 C.
1274 217 1291 245 Ι.

242 306 285 323 nec
302 300 325 322 in
342 299 462 323 codicibus
479 299 604 327 habentui-3
622 298 750 327 quinimmo
768 297 913 325 probatiores
930 302 1012 318 eorum
1027 295 1092 318 omit—

243 350 292 369 tunt
309 347 377 369 etiam
395 346 465 369 verba
484 346 546 369 sicut
561 347 682 368 ostensum
698 346 733 367 est
748 350 831 373 supro.
844 343 901 365 Hinc
914 345 959 365 tota
977 343 1034 365 ratio
1052 342 1090 364 Pa-

243 394 282 417 tris
301 393 386 416 Bonelli
403 393 489 416 deficit.

306 446 325 463 c.
344 440 445 462 Pretium
463 439 531 462 huius
548 438 653 467 opusculi
670 438 707 460 vix
725 437 779 460 satis
797 436 913 459 aestimari
931 438 1019 464 potest,
1036 441 1089 458 cum

242 490 313 510 totam
336 487 475 515 theologiam
502 486 621 514 mysticam
645 485 667 507 in
684 485 766 507 nucleo
791 484 974 512 comprehendat
996 487 1018 506 et
1040 483 1091 505 iure

242 535 339 557 alterum
357 534 477 563 quoddam
494 531 684 561 Breniloquium,
703 531 744 554 sed
762 531 892 559 theologiae
909 537 955 553 non
972 530 1091 553 scholasti-

242 587 294 609 cae,
312 581 353 603 sed
371 580 493 609 mysticae,
510 579 588 601 vocari
606 579 685 606 possit.
702 577 872 600 Celeberrimos
888 581 910 600 et
933 578 1035 600 famosus
1053 577 1090 599 Sa·

241 629 350 651 vonarola
368 634 404 650 an.
423 627 482 650 1497
501 627 591 655 scripsit
608 627 630 648 in
648 629 738 654 partem
756 626 825 648 huius
842 625 911 647 libelli
925 625 981 653 (scil.
995 625 1017 647 in
1029 631 1048 647 e.
1062 625 1089 651 11,

241 676 270 698 de
282 676 393 704 oratione)
406 678 536 697 accuratam
549 674 725 696 elucidationem
737 679 791 695 cnm
804 673 950 700 inscriptione
963 671 1091 696 Gradivum

241 721 372 745 doctissimi
381 727 410 744 oc
421 720 595 750 relz'yiosz'ssimz‘
607 719 656 743 viri
666 719 690 743 S.
704 720 886 742 Bonanentnrae
897 721 953 746 etc„
964 718 1091 740 Florentiae

244 769 302 792 1497
321 769 342 791 in
361 768 386 796 4,
404 771 426 791 et
444 768 545 790 Venetiis
566 767 623 790 1537
641 767 662 789 in
684 767 722 794 163
740 767 808 789 etiam
825 766 901 788 versio
919 765 988 788 huius
1001 765 1090 787 italiana

242 816 326 845 prodiit
338 815 441 838 Venetiis
461 815 518 837 ¹538
536 817 558 836 et
575 813 631 836 1547
645 814 667 835 in
680 814 700 836 8.
714 814 743 835 lta
757 816 852 835 testatur
864 812 961 835 Echard.
974 811 1091 841 (Scripto-

241 869 279 886 res
298 862 354 886 Ord.
368 861 464 889 Ναθῶ,
478 864 534 884 tom.
552 861 566 883 l.
584 867 638 889 pag.
656 860 709 882 887.
727 867 748 882 n.
768 860 819 889 18);
836 860 878 882 ct'r.
895 859 963 881 etiam
982 858 1091 881 Sbaralea

243 910 294 938 (loc.
313 909 359 938 cit.)
386 912 406 931 et
435 908 530 935 Bonelli,
548 907 667 930 Prodromi
684 907 728 929 001.
746 907 799 929 309.
822 907 903 928 Multae
925 906 1024 928 existunt
1045 905 1091 927 edi-

242 957 315 979 tiones
332 956 400 978 huius
417 955 484 977 libelli
498 958 546 977 tum
559 955 580 976 in
593 953 765 976 collectionibus
776 953 942 981 opusculorum
957 952 1020 980 (vide
1033 955 1087 987 tom.

242 1004 269 1025 V.
288 1004 452 1031 Prolegomena
471 1008 525 1030 pag.
542 1002 607 1030 Llli),
626 1005 673 1023 tum
687 1001 755 1023 0113111
768 1000 905 1028 separatim,
918 1000 1004 1022 multae
1021 999 1090 1022 etiam

242 1052 361 1074 versiones
378 1051 400 1072 in
418 1051 509 1078 linguas
526 1049 669 1071 vernaculas.
688 1049 763 1070 Prima
781 1048 864 1075 editio,
881 1054 952 1076 quam
976 1047 1091 1073 vidimus,

242 1101 276 1120 est
288 1098 310 1120 in
323 1097 423 1126 quadam
437 1097 568 1119 collectione
580 1096 681 1124 plurium
694 1095 859 1123 opusculorum
872 1095 921 1117 sine
932 1095 982 1116 loco
995 1097 1017 1116 et
1029 1099 1090 1116 anno

242 1145 263 1167 in
277 1145 390 1173 principio
408 1147 430 1166 et
446 1144 469 1166 in
488 1144 532 1165 line
550 1143 619 1165 totius
633 1142 788 1169 collectionis;
799 1142 840 1164 sed
858 1142 880 1163 in
895 1141 939 1163 fine
951 1141 1028 1163 inserti
1042 1141 1091 1162 Bre-

242 1191 338 1220 viloquii
359 1191 454 1218 legitur:
477 1191 542 1212 Anno
566 1189 655 1211 Domini
679 1187 901 1211 MCCCCLXXXllll.
922 1188 969 1210 Alia
993 1191 1027 1209 est
1051 1187 1091 1210 Co-

242 1238 350 1261 loniensis
368 1244 406 1260 an.
429 1238 497 1265 14863
516 1237 557 1259 alia
575 1236 697 1259 Brixiensis
716 1235 788 1262 1497,
806 1241 866 1264 quae
883 1238 928 1257 tres
945 1241 992 1256 non
1005 1233 1091 1256 habent

242 1286 304 1308 illum
322 1285 427 1313 spurium
440 1285 577 1312 prologum,
595 1283 637 1305 sed
655 1283 777 1310 incipiunt:
798 1291 807 1302 c
822 1283 891 1309 Ecce,
908 1281 1020 1309 descripsi
1038 1287 1089 1302 eam

243 1333 283 1356 tibi
301 1333 452 1361 tripliciter».
470 1332 543 1354 Editio
561 1331 700 1359 argentinae
723 1336 760 1352 an.
786 1329 842 1352 1495
865 1333 899 1352 est
921 1329 1008 1357 prima,
1030 1334 1090 1357 quae

242 1380 311 1403 habet
328 1380 389 1402 iilum
409 1380 531 1407 prologum
549 1379 663 1406 spurium.

305 1428 328 1449 d.
346 1427 449 1455 Denique
466 1425 639 1448 observandum
658 1428 703 1452 est,
721 1424 852 1452 complures
872 1424 964 1447 codices
985 1424 1090 1446 omittere

242 1475 358 1503 integrum
377 1474 502 1501 capitulum
522 1474 554 1495 111.
572 1473 620 1499 (cir.
640 1472 696 1494 intra
714 1478 768 1499 pag.
789 1472 826 1498 ll,
844 1475 897 1493 nota
915 1471 959 1498 7.);
981 1471 1044 1499 qnod
1062 1472 1091 1492 13-

242 1522 284 1544 cile
301 1521 426 1549 explicatur
444 1521 486 1542 hae
503 1520 603 1547 ratione,
621 1518 684 1547 quod
702 1525 738 1540 res
756 1519 777 1540 in
796 1518 831 1540 1110
854 1521 947 1540 tractata
970 1518 999 1540 ad
1021 1518 1088 1540 altam

241 1571 264 1590 et
281 1574 327 1590 non
345 1573 493 1590 communem
511 1568 599 1594 spectat
625 1566 790 1593 persei-tionem
814 1568 836 1587 et
860 1565 948 1587 excedit
971 1565 1031 1586 11130
1054 1571 1090 1586 or-

241 1614 342 1637 dInariae
360 1613 456 1641 praxim.
475 1613 516 1635 Alii
534 1613 626 1635 codices
643 1612 758 1641 quaedam
777 1612 818 1633 alia
837 1611 944 1633 omittunt
957 1611 1021 1638 (vide
1033 1616 1088 1638 pag.

242 1661 266 1683 11
277 1678 283 1688 ,
301 1664 377 1683 301331
396 1662 421 1688 l.)
434 1672 464 1676 —
478 1661 492 1682 Ε
506 1659 619 1682 contrario
632 1659 653 1681 13
668 1660 713 1681 sere
726 1657 835 1681 omnibns
847 1657 986 1680 editionibus
999 1660 1090 1685 praeter

241 1708 347 1736 spurium
358 1708 481 1735 prologum
492 1706 605 1729 habentur
615 1706 731 1735 quaedam
743 1705 877 1727 insertiones
890 1705 1009 1727 manifeste
1021 1705 1090 1732 illegi-

241 1756 322 1782 timae,
334 1762 393 1784 quas
410 1755 532 1777 reiecimus
545 1755 574 1777 ad
587 1754 671 1776 calcem
687 1753 792 1781 opusculi
805 1753 868 1780 (vide
881 1759 934 1780 pag.
949 1753 985 1781 18,
998 1752 1035 1779 ie,
1048 1752 1091 1774 Ad-

240 1803 392 1825 ditamentum
406 1802 451 1830 ll.);
463 1802 526 1831 quod
540 1801 721 1823 additamentum
735 1802 782 1823 sere
793 1793 874 1822 omnes
886 1800 977 1822 codices
989 1802 1011 1821 vt
1022 1799 1090 1822 editio

241 1855 278 1871 an.
297 1849 357 1871 =i484
374 1849 490 1871 omittunt.
510 1848 615 1876 Accedit,
632 1847 695 1876 quod
714 1847 789 1875 prima
807 1853 861 1875 pars
879 1846 950 1874 ipsius
971 1846 1028 1874 (scil.
1045 1845 1091 1868 Me-

240 1896 338 1919 ditanda
357 1896 416 1918 inter
433 1896 546 1924 Missam),
564 1895 714 1917 incohaerens
731 1898 753 1916 et
770 1897 877 1916 extranea
896 1897 930 1916 est
952 1896 1089 1921 argumento

240 1947 347 1970 tractato,
366 1946 387 1966 et
404 1944 473 1965 altera
492 1949 546 1971 pars
564 1942 637 1971 (qnod
653 1947 738 1965 snmus
756 1940 944 1970 quadrupliciter
963 1939 1087 1968 debitores)

240 1992 324 2014 eodem
337 1991 392 2013 11110
405 1990 493 2013 laborat
505 1993 527 2012 et
540 1990 633 2018 insuper
646 1989 782 2016 transcripta
795 1991 829 2010 est
840 1994 865 2010 ex
879 1988 1004 2014 Ber-nardo,
1017 1987 1089 2009 Serm.

241 2040 278 2061 22.
294 2039 322 2061 de
340 2038 448 2065 Diversis,
467 2044 489 2059 n.
506 2037 555 2059 5-9.
573 2050 602 2052 —
620 2037 723 2059 Tertium
740 2036 924 2058 additamentum
942 2038 964 2057 et
980 2037 1089 2063 quartum

240 2092 287 2107 non
306 2085 403 2107 habetur
415 2085 439 2106 in
451 2083 603 2111 editionibus,
615 2083 655 2106 sed
669 2083 761 2105 tertium
774 2083 837 2110 (pag.
852 2082 889 2111 19)
902 2082 926 2104 13
938 2081 1006 2104 codd.
1019 2082 1058 2103 ST
1066 2082 1090 2108 Z,

241 2136 349 2161 quartum
361 2132 385 2154 in
398 2133 412 2154 S
422 2132 448 2154 T.
457 2132 517 2153 Haec
529 2130 636 2153 exhibent
647 2130 765 2157 complura
779 2132 875 2152 extracta
889 2135 915 2151 ex
928 2129 1026 2151 dix-ersis
1042 2128 1090 2150 aliis

241 2179 353 2207 operibns
365 2179 387 2201 S.
400 2178 639 2205 Bonaventm·ae(cs1·.
651 2183 705 2205 pag.
727 2177 759 2198 19.
778 2180 830 2199 11013
853 2176 910 2205 13,),
928 2181 988 2204 quae
1006 2175 1090 2198 deinde

242 2227 340 2248 conflata
358 2229 411 2248 sunt
428 2225 449 2247 in
467 2225 590 2253 specialem
605 2227 738 2251 tractatum,
751 2223 789 2252 qui
803 2223 847 2245 sub
859 2223 952 2245 nomine
965 2222 992 2245 de
1004 2222 1090 2245 Pietate

242 2273 358 2295 1310111131
376 2272 397 2294 in
415 2271 530 2300 aliquibus
546 2271 615 2293 codd.
633 2275 655 2293 ct
673 2271 694 2292 S.
714 2271 887 2293 Bonavcnturae
905 2269 1043 2292 attribuitur.
1059 2270 1089 2291 Eo

242 2326 310 2341 sensu
329 2320 372 2341 hoc
390 2322 451 2341 recte
468 2319 512 2341 diei
532 2321 618 2346 potest,
635 2324 682 2346 qno
695 2321 716 2339 et
729 2316 902 2346 Centiloquium
915 2317 1090 2338 Bonaventurae

242 2365 380 2393 inscribitur,
398 2372 483 2393 nempe
495 2365 549 2394 quia
562 2365 656 2387 materia
675 2364 742 2386 libelli
755 2364 847 2386 collecta
860 2366 894 2386 cst
904 2369 973 2391 saepe
986 2363 1090 2385 verbote-

242 2419 286 2435 nus
298 2419 324 2435 05
336 2413 439 2435 eiusdem
452 2412 530 2437 libris;
543 2412 638 2434 minime
650 2418 706 2433 vero
719 2411 860 2433 credendum
873 2413 914 2437 est,
927 2416 954 2432 ex
967 2410 1002 2432 his
1014 2413 1090 2432 cento-

242 2459 310 2482 nibus
327 2459 402 2487 ipsum
420 2460 605 2481 Bonaventuram
618 2459 737 2481 consuisse
750 2458 905 2480 tractatuium.
919 2458 1010 2480 Praeter
1022 2457 1090 2480 codd.

243 2507 257 2529 S
270 2507 288 2528 T
301 2507 316 2528 Ζ
334 2507 371 2528 hic
388 2508 496 2529 tractatus
514 2506 542 2528 de
561 2506 644 2528 Pietate
662 2505 760 2528 habetur
771 2506 794 2527 in
812 2504 951 2527 bibliotheca
969 2504 1091 2532 Hospitalis

243 2553 338 2577 Costelli
361 2552 526 2576 Tobernurum
550 2554 572 2575 in
596 2553 650 2575 cod.
670 2553 707 2575 20.
725 2552 748 2575 C.
767 2558 871 2580 progess.
890 2552 927 2574 43.
946 2552 1090 2575 miscellaneo

242 2607 302 2623 saec.
320 2601 383 2627 XV„
401 2601 442 2629 qui
459 2601 481 2623 in
502 2603 579 2623 nostra
603 2600 704 2623 editione
726 2600 830 2628 signatur
851 2605 886 2621 aa.
910 2600 933 2621 ln
953 2599 1091 2622 bibliotheca

242 2648 400 2670 Universitatis
423 2647 552 2677 Proqenszk
576 2647 596 2669 in
619 2647 688 2670 codd.
712 2648 769 2669 inti-a
792 2647 913 2675 descriptis
937 2646 981 2669 sub
999 2653 1021 2669 3.
1039 2647 1092 2669 202.

242 2695 302 2723 sign.
320 2694 351 2717 bb
369 2698 390 2717 et
406 2701 430 2717 n.
447 2695 499 2717 203.
518 2695 576 2722 sign.
599 2700 633 2717 cc.
657 2695 678 2716 ln
702 2694 839 2716 bibliotheca
862 2694 961 2716 civitatis
982 2693 1091 2717 Metensis

243 2743 266 2764 in
284 2742 335 2764 cod.
354 2742 397 2764 497
416 2743 514 2764 chartac.
536 2742 558 2764 in
576 2742 598 2764 8.
622 2748 695 2769 parvo
716 2741 761 2764 sub
784 2741 848 2763 titulo
865 2740 967 2764 Libellus
990 2740 1018 2764 cle
1040 2746 1092 2764 con-

243 2788 393 2818 temptatione
402 2797 411 2817 ,·
434 2789 455 2811 in
478 2788 617 2811 bibilotheca
639 2788 765 2811 siz-entonis
787 2789 810 2810 in
832 2788 885 2811 cod.
907 2789 956 2810 sine
981 2794 1091 2815 numero,

242 2836 297 2858 olim
320 2835 501 2858 Caelestinorum
524 2835 719 2858 Avenionensium
742 2841 795 2857 cum
813 2836 879 2863 signo
897 2836 922 2858 A.
941 2835 953 2857 8
971 2835 985 2857 7
993 2844 999 2862 3
1022 2841 1091 2863 porro

246 2881 407 2910 Vindobonoe,
432 2881 568 2904 bibliotheca
591 2882 702 2909 Palatina,
725 2882 778 2904 cod.
800 2882 873 2910 3939,
899 2882 994 2904 miscell.
1012 2882 1036 2904 in
1054 2882 1091 2904 101.

243 2935 303 2952 5300.
328 2929 379 2952 XV.
403 2929 440 2952 fol.
463 2929 548 2957 2751*y
571 2928 611 2951 ubi
636 2929 733 2956 legitur:
754 2938 763 2949 α
777 2929 886 2958 Sequitur
910 2935 993 2957 passus
1016 2934 1092 2957 reper-

244 2978 281 2998 tus
299 2976 320 2998 in
339 2982 385 2999 uno
402 2975 460 2998 libro
478 2979 499 2998 et
517 2978 625 2998 tractatus
646 2976 736 2998 Domini
761 2976 932 3002 Bonaventure,
949 2975 989 3004 qui
1012 2977 1045 2997 est
1062 2975 1091 2998 de

1149 296 1230 325 triplici
1247 299 1299 319 actu
1317 297 1454 325 ierarchico,
1477 298 1563 321 scilicet
1585 298 1623 320 via
1645 298 1780 327 purgativa,
1802 298 1952 320 illuminativa
1974 301 1997 321 et

1148 344 1248 372 unitiva,
1265 346 1287 366 01
1304 344 1423 373 quomodo
1435 345 1583 372 perveniatur
1595 345 1624 368 ad
1637 344 1772 373 sapientiam
1786 345 1994 373 contemplationis.

1147 390 1292 418 Notandum,
1309 391 1372 420 quod
1391 397 1429 414 sex
1446 394 1500 414 sunt
1516 392 1632 419 potentiae
1649 392 1752 419 animae,
1770 398 1828 421 quas
1846 392 1956 420 plantavit
1974 393 1996 414 in

1147 436 1215 459 nobis
1232 439 1333 471 natura»
1357 440 1400 460 etc.
1416 437 1474 460 Cod.
1494 440 1529 460 est
1550 439 1656 465 mutilus,
1680 438 1767 461 habens
1790 441 1878 461 tantum
1897 438 1994 466 primam

1147 486 1245 512 partem.
1256 497 1287 499 —
1299 484 1357 512 Quia
1369 484 1407 506 ille
1419 486 1527 507 tractatus
1540 484 1608 507 habet
1620 485 1695 514 aliqua
1708 491 1753 508 non
1765 485 1907 513 spernenda,
1920 485 1995 513 ipsum

1147 529 1256 553 duximus
1272 529 1383 558 dignum,
1402 533 1426 552 ut
1443 532 1495 558 post
1512 536 1571 558 opus
1588 531 1716 559 genuinum
1734 532 1763 554 de
1782 531 1880 561 Triplici
1894 530 1937 554 Via
1955 538 1996 559 pu·

1147 576 1243 600 blieetnr
1260 577 1281 599 in
1300 577 1424 605 praedictis
1441 577 1611 600 additamentis.

1210 625 1284 647 Huius
1301 624 1406 652 opusculi
1424 624 1447 646 P.
1464 624 1547 647 Fidelis
1563 631 1575 647 a
1594 625 1670 647 Fanna
1687 625 1709 648 b.
1727 632 1758 648 m.
1776 625 1863 647 invenit
1880 625 1901 647 in
1914 624 1996 647 biblio-

1147 672 1219 694 thecis
1236 678 1306 701 quam
1324 672 1437 700 plurimos
1454 672 1546 694 codices
1562 678 1631 699 msc„
1648 678 1707 701 quos
1725 673 1761 695 hic
1778 676 1893 695 notamus.

1427 749 1564 779 Elenchus
1585 748 1714 779 codicum.

1186 836 1204 859 1.
1223 835 1315 859 Codices
1333 843 1347 859 a.
1364 835 1428 858 nobis
1444 842 1495 858 cum
1511 834 1580 863 textu
1597 834 1724 858 Vaticanae
1741 835 1849 859 editionis
1866 835 1954 859 collati,

1211 908 1231 929 i.
1251 907 1328 930 Oloris
1345 906 1432 936 Aquis,
1452 907 1473 929 in
1491 907 1586 929 archivo
1604 907 1675 929 nostri
1693 906 1787 935 Collegii
1808 908 1830 929 S.
1853 907 1996 929 Bonaventu-

1147 961 1197 983 rae,
1215 954 1267 977 cod.
1284 953 1478 976 membranaceus
1496 954 1517 975 in
1537 954 1589 976 solio
1606 960 1679 981 parvo
1703 954 1787 976 saeculi
1804 954 1864 976 XlV.
1887 953 1993 976 ineuntis.

1146 1015 1177 1019 —-
1194 1002 1256 1025 Folio
1270 1003 1289 1024 1.
1303 1004 1376 1029 recto,
1394 1008 1477 1023 manns
1494 1007 1553 1024 saec.
1566 1001 1700 1029 posterioris
1711 1001 1827 1029 inscripsit
1838 1002 1881 1023 hoc
1899 1006 1995 1028 opuscu-

1147 1050 1207 1072 lum:
1228 1049 1353 1072 Troclotas
1371 1047 1501 1071 deducendi
1517 1047 1625 1070 unimam
1641 1047 1666 1070 in
1683 1047 1759 1070 Deum
1775 1047 1819 1070 sub
1836 1046 1942 1070 misterio
1954 1046 1995 1070 mi-

1146 1095 1229 1118 rabilis
1246 1094 1406 1124 i1·iplicilotis,·
1424 1096 1445 1118 et
1452 1096 1530 1124 potest
1547 1094 1594 1117 dici
1608 1093 1731 1123 funiculus
1744 1093 1839 1123 tripleat.
1853 1093 1942 1116 Deinde
1959 1093 1994 1116 sol.

1147 1142 1185 1164 35.
1202 1148 1226 1164 v,
1243 1142 1324 1169 incipit
1340 1142 1390 1164 sine
1408 1142 1485 1163 titulo:
1503 1141 1574 1169 Ecce,
1592 1140 1708 1170 descripsi
1729 1139 1771 1163 tihi
1786 1146 1839 1163 eam
1856 1139 1992 1169 tripliciter,

1147 1189 1216 1212 Prov.
1234 1189 1313 1212 XXII.
1333 1188 1392 1212 Cum
1409 1188 1487 1211 omnis
1503 1187 1601 1211 scz'emia
1618 1189 1687 1217 qerot
1700 1187 1822 1211 Trinitatis
1840 1187 1932 1217 iusiyoze
1949 1190 1992 1210 etc.

1146 1236 1233 1259 Desinit
1251 1237 1286 1259 i'ol.
1300 1236 1336 1258 42.
1354 1242 1372 1258 r.
1390 1235 1469 1258 verbis
1481 1242 1530 1263 cap.
1549 1236 1570 1258 3.
1589 1242 1612 1257 n.
1626 1236 1667 1257 12ι
1686 1235 1713 1258 El
1730 1234 1780 1257 ideo
1795 1234 1820 1257 in
1832 1234 1875 1258 hoc
1892 1234 1949 1257 utile
1961 1236 1995 1257 est

1145 1283 1260 1307 merceri.
1277 1284 1324 1306 Deo
1341 1283 1444 1313 yracios.
1463 1283 1571 1311 Signatus
1588 1283 1660 1305 littera
1677 1283 1706 1305 V.

1209 1329 1282 1359 Nota,
1301 1330 1340 1352 ubi
1358 1329 1420 1352 iufra
1432 1329 1456 1352 in
1468 1329 1596 1352 recensione
1607 1328 1669 1352 codd.
1683 1328 1743 1351 nihil
1755 1328 1841 1351 dicitur
1853 1328 1878 1351 de
1890 1328 1993 1359 prologo,

1146 1376 1296 1406 supponitur,
1314 1383 1364 1399 eum
1381 1376 1500 1399 convenire
1517 1382 1566 1398 cum
1582 1375 1662 1398 nostra.
1676 1374 1786 1405 editione,
1804 1374 1828 1397 id
1844 1375 1880 1397 est
1897 1374 1995 1405 incipere

1147 1424 1218 1452 Ecce,
1237 1424 1353 1453 descripsi
1369 1423 1426 1453 etc„
1444 1423 1482 1453 qui
1499 1423 1575 1445 tamen
1593 1422 1673 1445 textus
1690 1422 1805 1445 interdum
1822 1421 1948 1445 omittitur.

1209 1473 1230 1494 2.
1249 1471 1377 1499 Cortonae,
1402 1471 1425 1493 in
1449 1470 1544 1498 Tuscia,
1567 1469 1706 1492 bibliotheca
1728 1470 1842 1496 Civitatis,
1865 1470 1916 1492 cod.
1940 1470 1992 1492 209.

1146 1519 1280 1541 chartaceus
1292 1524 1351 1540 saec.
1365 1518 1418 1545 XV,
1436 1517 1466 1539 de
1477 1524 1524 1546 quo
1542 1517 1633 1545 egimus
1645 1517 1713 1539 etiam
1731 1519 1786 1539 tom.
1800 1517 1827 1539 V.
1843 1522 1896 1544 pag.
1911 1516 1995 1539 xxvii

1146 1572 1168 1587 n.
1190 1566 1207 1587 1.
1225 1578 1255 1581 -
1273 1566 1317 1587 Foi.
1337 1566 1373 1587 52
1397 1571 1416 1587 r.
1439 1564 1558 1587 exhibetur
1576 1564 1652 1586 tabula
1675 1564 1829 1592 capitulorum
1853 1564 1921 1586 huius
1938 1569 1994 1591 opu-

1146 1613 1209 1640 sculi,
1227 1616 1305 1640 postea
1323 1612 1417 1639 legitur:
1436 1611 1519 1640 Incipit
1532 1610 1588 1634 liber
1607 1610 1702 1633 Domini
1714 1611 1879 1633 Bonorenture
1898 1609 1994 1633 Ordinis

1146 1659 1280 1687 Minorum,
1298 1658 1340 1688 qui
1355 1658 1442 1681 dicitur
1458 1658 1611 1681 itinerarium
1628 1658 1713 1681 meotis
1730 1657 1754 1680 iii
1772 1664 1796 1680 se
1813 1657 1898 1687 ipsum.
1912 1656 1996 1687 Incipit

1144 1706 1268 1736 proloqu&
1282 1706 1351 1733 Ecce,
1365 1705 1481 1735 descripsi
1491 1712 1541 1728 eom
1561 1708 1603 1727 etc.
1615 1705 1713 1728 Additur
1729 1711 1789 1733 opus
1806 1705 1835 1727 dc
1852 1705 1947 1733 Pietate,
1965 1704 1994 1727 de

1146 1759 1193 1781 quo
1206 1753 1276 1776 modo
1290 1753 1358 1775 locuti
1370 1759 1459 1775 sumus.
1468 1752 1554 1775 Desinit
1563 1751 1653 1775 verbis:
1664 1751 1693 1775 Et
1702 1751 1745 1775 hoc
1754 1751 1889 1781 Seraphim.
1898 1751 1960 1779 Sign.
1970 1752 1994 1773 Z.

1209 1801 1231 1822 3.
1248 1800 1396 1828 Florentiae,
1413 1800 1551 1822 bibliotheca
1570 1799 1705 1826 Nationalis,
1723 1799 1775 1821 cod.
1793 1800 1817 1821 ll.
1834 1800 1859 1821 ll.
1876 1798 1913 1821 67.
1925 1805 1952 1821 ex
1970 1799 1994 1820 li-

1146 1848 1194 1871 bris
1212 1848 1302 1870 Antonii
1321 1847 1495 1876 Magliabccchi‚
1514 1848 1673 1870 miscellaneus
1691 1852 1750 1869 5300.
1768 1847 1820 1868 XV.
1837 1846 1944 1868 ineuntis.
1963 1859 1993 1861 —

1146 1896 1192 1918 Fol.
1210 1895 1248 1917 55.
1266 1901 1296 1917 r.:
1315 1894 1398 1924 Incipit
1415 1894 1568 1917 itinerarium
1585 1893 1777 1923 cmnpemlz‘osmn
1791 1892 1904 1923 iizciyistri
1921 1892 1994 1916 Bono-

1145 1944 1243 1966 venture
1260 1942 1288 1965 de
1305 1942 1460 1971 Boliteoreqio
1479 1940 1576 1965 Ordinis
1594 1941 1727 1969 Minoi-um,
1748 1940 1775 1963 de
1787 1939 1877 1970 triplici
1891 1939 1929 1963 cio
1940 1946 1992 1969 per·

1146 1988 1254 2013 veniendi·
1269 1988 1301 2011 ad
1320 1988 1489 2018 perfectionem
1510 1988 1562 2011 vile.
1583 1988 1652 2015 Ecce,
1672 1986 1759 2016 scripsi
1775 1993 1827 2010 eam
1845 1990 1888 2009 etc.
1905 1987 1991 2009 Desinit

1146 2042 1196 2063 cap.
1216 2036 1236 2058 3.
1256 2042 1278 2058 n.
1296 2035 1318 2057 7.
1336 2034 1427 2057 verbis:
1446 2034 1474 2057 Ei
1492 2041 1505 2057 o
1519 2036 1540 2057 te
1556 2040 1682 2064 utinquam
1698 2033 1836 2063 separabor.
1855 2034 1919 2061 Sign.
1936 2034 1961 2055 B.

1210 2082 1230 2104 4.
1249 2081 1417 2111 Mayclehurgyz',
1441 2081 1579 2104 bibliotheca
1597 2081 1713 2108 Civitatis,
1736 2081 1788 2103 cod.
1814 2081 1860 2103 ΧΗ.
1883 2084 1926 2104 oct.
1953 2081 1990 2103 25.

1146 2131 1218 2152 chart.
1235 2135 1294 2151 saec.
1313 2129 1364 2156 XV,
1382 2132 1406 2151 ut
1423 2129 1469 2151 iam
1487 2129 1619 2151 notavimus
1636 2132 1692 2151 tom.
1709 2129 1738 2151 V.
1756 2135 1808 2156 pag.
1825 2128 1908 2150 XXVI!
1930 2135 1953 2150 n.
1971 2129 1993 2151 2.

1145 2190 1177 2194 -
1193 2178 1241 2199 Iloc
1258 2177 1398 2204 opusculum
1416 2176 1495 2204 incipit
1513 2176 1550 2198 sol.
1569 2176 1605 2198 40.
1622 2183 1644 2198 v.
1665 2175 1709 2198 sub
1723 2175 1828 2198 rubrica:
1847 2175 1931 2205 Incipit
1947 2177 1993 2199 ter-

1145 2223 1231 2247 narius
1248 2223 1296 2246 sire
1321 2222 1419 2246 nucleus
1444 2228 1486 2245 seii
1508 2228 1613 2251 port-um
1640 2221 1727 2245 bonum
1752 2221 1842 2245 domini
1865 2228 1894 2245 oc
1914 2221 1992 2251 patris

1145 2270 1224 2294 nostri
1245 2270 1416 2293 Romi-enimv.
1442 2269 1509 2292 Liber
1532 2268 1680 2292 delectabilis.
1700 2269 1785 2292 Desinit
1807 2270 1843 2292 sol.
1868 2269 1904 2291 49.
1922 2276 1946 2292 v.
1963 2270 1992 2292 ad

1146 2317 1217 2340 verba
1235 2323 1286 2345 cap.
1305 2318 1326 2339 3.
1344 2323 1365 2338 11.
1382 2316 1410 2339 7:
1428 2318 1449 2339 et
1464 2315 1617 2345 oiilpleoeztm,
1635 2322 1681 2345 quo
1694 2322 1736 2339 nos
1750 2315 1869 2345 perducat
1886 2316 1927 2346 qui
1938 2316 1994 2340 vivit

1145 2366 1168 2387 et
1183 2365 1269 2393 reynot
1280 2363 1305 2386 in
1321 2362 1400 2386 seculo
1413 2362 1557 2386 seculorum.
1574 2363 1657 2385 Amen.
1669 2362 1774 2392 Emplicit
1788 2368 1893 2392 porrum
1906 2362 1992 2386 borium

1142 2411 1222 2441 patris
1240 2411 1406 2434 Bomoi-enimc
1423 2409 1467 2432 stili
1484 2415 1547 2432 imizo
1565 2409 1661 2432 Domini
1676 2409 1879 2433 MGCCGLXXVI
1897 2409 1922 2431 in
1940 2415 1991 2433 coo-

1146 2459 1216 2481 centii
1234 2457 1388 2487 Gottinqensi.
1406 2457 1468 2484 sign.
1486 2456 1511 2479 C.
1877 2450 1882 2456 “

1209 2504 1231 2527 5.
1249 2503 1381 2532 Moimcltii,
1402 2503 1539 2526 bibliotheca
1552 2503 1636 2531 Regia,
1654 2503 1706 2526 cod.
1724 2502 1792 2525 2657.
1806 2502 1904 2525 membr.
1922 2503 1992 2525 insol.

1146 2557 1206 2573 saec.
1224 2551 1287 2579 XIV,
1304 2557 1373 2579 quem
1387 2550 1441 2572 alias
1458 2551 1601 2577 notavimus,
1613 2550 1699 2572 scilicet
1715 2552 1769 2571 tom.
1790 2550 1816 2571 V.
1829 2555 1884 2577 pag.
1901 2549 1992 2571 xxviii

1147 2605 1168 2620 n.
1187 2598 1224 2620 10.
1240 2610 1270 2614 -
1288 2598 1430 2625 Opuseulum
1444 2597 1522 2625 incipit
1540 2597 1576 2619 sol.
1589 2596 1642 2618 224.
1655 2602 1689 2624 v.,
1702 2596 1739 2618 cui
1751 2596 1825 2624 prima
1836 2602 1919 2618 manus
1930 2602 1994 2624 prae-

1147 2645 1208 2667 misit
1226 2646 1285 2667 hnnc
1302 2645 1403 2667 titulum:
1422 2644 1541 2667 Stimulos
1558 2643 1696 2667 conscientie
1713 2644 1891 2671 Bonot‘entttre,
1909 2649 1935 2666 ac
1956 2643 1993 2665 de-

1146 2693 1199 2715 sinit
1216 2693 1253 2714 sol.
1270 2692 1323 2714 229.
1341 2698 1358 2714 r.
1377 2698 1427 2719 cap.
1446 2692 1467 2713 2.
1485 2698 1506 2713 3.
1528 2692 1567 2714 12;
1584 2691 1653 2714 Ponit
1671 2690 1875 2718 misericordiam,
1896 2696 1941 2720 que
1959 2691 1993 2713 est

1147 2740 1272 2769 utriusque
1296 2738 1450 2769 principium.
1478 2738 1563 2761 Deinde
1589 2738 1678 2766 pergit:
1702 2737 1764 2766 Quid
1787 2737 1818 2760 sit
1838 2736 1993 2766 coartandum

1147 2787 1171 2810 in
1189 2787 1271 2810 Missa.
1290 2785 1448 2816 cogitandum
1472 2787 1505 2808 est
1530 2785 1554 2808 io
1576 2785 1664 2813 Misso,
1681 2784 1776 2815 quod...
1796 2784 1844 2807 Nec
1862 2783 1992 2807 liberamur

1147 2834 1252 2858 ommino.
1272 2833 1387 2863 Escplicil,
1409 2833 1438 2855 de
1460 2839 1507 2861 quo
1529 2833 1568 2854 ct'r.
1586 2838 1640 2860 pag.
1664 2832 1706 2859 1-1,
1724 2835 1775 2854 nota
1796 2831 1819 2854 7.
1836 2834 1858 2854 et
1879 2837 1933 2859 pag.
1955 2831 1990 2858 18,

1147 2885 1199 2904 nota
1217 2882 1239 2903 2.
1257 2881 1320 2909 Sign.
1339 2881 1363 2903 D.

1210 2929 1231 2950 6.
1250 2927 1348 2955 Ibidem,
1368 2927 1420 2950 cod.
1433 2927 1502 2949 5950.
1513 2927 1584 2948 chart.
1596 2926 1619 2948 in
1632 2926 1652 2948 4.
1665 2932 1724 2949 saec.
1737 2926 1802 2952 xw,
1814 2931 1884 2954 quem
1899 2925 1945 2947 iam
1957 2930 1992 2946 re-

1147 2975 1279 2997 censuimus
1297 2977 1352 2996 tom.
1371 2973 1397 2996 V.
1414 2979 1469 3001 pag.
1486 2973 1545 2995 XVll
1564 2979 1586 2995 n.
1608 2973 1641 2995 10.
1658 2985 1690 2989 -
1706 2973 1752 2995 Fol.
1774 2972 1822 2994 192.
1840 2978 1858 2994 r.
1880 2971 1992 2999 opusculo
