2133 3317
171 541 265 565 Epilogus.

282 223 338 253 330

281 310 366 339 quam
389 302 527 335 oderunt,
557 301 600 329 vel
621 303 712 334 certe,
741 300 813 328 sicut
838 299 932 328 Glossa
959 299 1039 333 dicit,
1067 306 1129 327 ver-

280 348 349 377 bum
370 347 438 376 illud
458 346 622 383 intelligitur
643 354 697 375 non
719 345 753 374 de
781 345 873 382 inopia
893 345 1031 374 bonorum
1060 348 1129 373 tem-

281 394 434 431 poralium,
458 393 505 421 sed
533 392 721 429 spiritualium
742 392 942 421 charismatum
970 394 1053 428 atque
1074 391 1130 420 vir-

283 444 385 470 tutum.

360 487 407 515 41.
430 486 499 514 Haec
520 485 623 514 idcirco
650 485 787 519 diximus,
815 492 871 513 non
898 484 964 521 quia
991 492 1130 513 commen-

283 534 380 562 demus
405 532 565 561 effrenatam
587 531 803 560 mendicantium
831 529 1054 564 multitudinem,
1082 532 1132 558 aut

283 588 393 609 omnem
412 579 584 608 mendicandi
606 578 719 607 modum
744 581 776 607 ut
800 578 955 615 perfectum
975 577 1131 615 approbare

282 627 412 661 velimus3
429 626 475 655 sed
490 634 554 654 eum
570 626 729 659 dumtaxat,
752 625 799 662 qui
821 633 963 654 annexum
978 625 1062 654 habet
1076 627 1132 654 stu-

282 674 359 702 dium
380 673 529 709 sapientiae
551 672 711 709 septiforme
725 673 744 706 ¹‚
766 672 809 700 vel
831 672 954 700 laborem
974 672 1131 700 manualem

282 728 346 749 cum
368 719 538 757 professione
563 721 590 748 et
610 719 786 747 observantia
814 719 987 755 evangelicae
1012 726 1131 755 pauper-

283 767 346 795 tatis
367 769 395 795 et
409 766 607 795 exercitatione
622 765 759 803 perfectae
781 765 901 794 virtutis.
918 765 1005 801 Quem
1020 765 1130 802 quidem

283 814 396 843 modum
419 821 483 842 cum
505 816 562 841 tota
582 812 683 841 Christi
706 813 762 841 vita
782 815 809 841 et
829 812 955 841 doctrina
976 812 1132 849 evangelica

285 861 458 898 comprobet,
478 860 499 889 si
515 860 578 897 quis
600 860 686 897 ipsius
701 860 873 889 contrarium
887 859 1131 896 evangelizaverit,

284 909 365 938 iuxta
386 908 503 937 verbum
525 907 644 944 Apostoli
657 907 677 941 ²,
699 905 858 935 anathema
878 907 925 936 sit.
948 907 1059 936 Desinat
1083 906 1132 943 igi-

750 221 948 250 OPUSCULUM
970 221 1011 249 XI.
1034 220 1196 249 APOLOGlA
1219 220 1399 250 PAUPERUM.
1422 221 1490 249 CAP.
1512 221 1565 249 XII.

1186 301 1233 327 tur
1254 302 1416 335 persecutor
1445 299 1489 328 hic
1511 306 1666 336 pauperum
1692 307 1708 327 a
1733 298 1860 335 malignis
1887 298 2030 327 calumniis

1186 348 1214 374 et
1234 345 1327 374 verbis
1348 345 1502 380 maledicis,
1524 353 1575 374 nec
1590 345 1720 373 Balaam3
1741 343 1959 373 transcendendo
1973 352 2031 372 ma-

1187 392 1288 427 litiam,
1314 392 1367 421 illis
1395 392 1554 427 maledicat,
1583 392 1686 429 quibus
1713 391 1847 420 Dominus
1874 390 2030 426 benedixit,

1187 447 1240 474 ne,
1271 438 1490 468 benedictionem
1522 438 1640 475 perdens
1671 438 1786 467 caelitus
1817 437 2031 474 repromissam,

1187 485 1407 514 maledictionem
1438 487 1632 521 promereatur
1663 487 1812 513 aeternam.
1841 483 1944 520 Quodsi
1976 491 2032 512 ces-

1188 539 1249 560 sare
1269 531 1406 565 noluerit⁷
1434 538 1518 559 verus
1546 538 1652 567 pauper
1674 530 1793 559 clamare
1821 538 1877 558 non
1901 530 2031 558 cesset4:

1188 578 1309 606 Adiava
1329 586 1390 611 me,
1415 577 1534 606 Domine
1556 577 1648 611 Deas;
1671 577 1761 611 Deus,
1783 576 1899 605 salvam
1919 585 1964 605 me
1984 576 2034 614 fac

1184 628 1306 662 propter
1326 623 1565 652 misericordiam
1586 627 1684 657 atam,-
1705 626 1732 652 et
1747 623 1847 652 dehinc
1868 623 1957 652 media
1971 631 2034 660 pro-

1188 679 1322 708 sequens,
1345 671 1373 699 in
1395 670 1449 699 fine
1471 670 1631 699 concludat:
1656 669 1816 707 Confitebor
1847 670 1968 698 Domino
1990 670 2034 698 φη·-

1188 719 1245 747 mis
1268 718 1298 746 in
1319 726 1368 746 ore
1400 726 1460 746 meo
1482 720 1507 745 et
1538 717 1569 746 z'n
1590 717 1683 746 medio
1714 717 1877 745 maltorum
1907 716 2034 745 laudabo

1188 774 1272 798 emm
1293 765 1365 803 quia
1386 764 1480 793 astitit
1500 773 1520 792 a
1548 764 1659 793 dextris
1677 763 1840 801 pauperi&
1861 766 1894 791 ut
1920 763 2035 792 salvam

1188 811 1299 849 faceret
1318 820 1338 840 a
1356 810 1594 849 persequentibus
1615 810 1750 839 [mimam
1771 818 1874 839 meam.
1897 810 1988 839 Amen.

1380 905 1508 933 Examen*
1529 905 1666 933 APOLOGIA
1689 912 1846 933 PAUPERUM.

286 1079 316 1102 ad
334 1084 443 1101 coronam
462 1080 568 1100 aeternae
585 1077 646 1099 vitae
663 1080 830 1105 pervenerunt,
848 1077 887 1105 qui
906 1077 981 1105 magis
1000 1078 1134 1099 thesaurum

286 1118 408 1141 caelestem
425 1123 496 1146 quam
517 1118 648 1139 terrestrem
666 1116 821 1144 quaesierunt.
839 1114 916 1144 Beati,
930 1121 1050 1145 pauperes
1068 1114 1135 1144 spiri-

287 1159 326 1186 tu,
344 1156 457 1187 quoniam
475 1156 583 1186 ipsorum
600 1157 634 1179 est
650 1161 753 1185 requam
765 1154 887 1178 caelorum
904 1154 993 1185 [Matth.
1011 1155 1038 1182 5,
1057 1153 1097 1184 3.].
1107 1154 1136 1176 At

287 1196 324 1219 ille
340 1195 381 1225 qui
398 1195 488 1224 quaerit
500 1195 523 1217 in
540 1196 583 1217 hoc
596 1194 684 1217 mundo
701 1194 848 1222 locupletari,
865 1193 948 1216 avertit
959 1194 1053 1216 oculum
1066 1199 1135 1215 suum

288 1242 300 1258 a
318 1235 400 1257 timore
417 1234 458 1257 Dei
475 1236 497 1256 et
514 1234 618 1263 sequitur
635 1233 773 1261 cupiditates
790 1233 855 1256 istius
868 1233 962 1260 mundi,
980 1232 1032 1255 ideo
1050 1232 1136 1255 carebit

288 1274 449 1297 benedictione
465 1273 570 1296 caelestis
586 1273 660 1301 regni.
677 1272 721 1295 Csr.
738 1278 809 1301 supra
826 1279 846 1295 c.
864 1272 885 1294 9.
903 1279 924 1294 n.
942 1271 981 1294 27.
998 1271 1020 1293 in
1038 1271 1091 1293 fine.

351 1312 359 1325 ¹
377 1312 421 1335 Csr.
439 1318 510 1341 supra
524 1318 548 1334 n.
563 1312 600 1334 43.

351 1351 360 1364 ²
378 1352 426 1375 Gal.
444 1352 469 1379 t,
487 1352 507 1373 8.
525 1351 570 1374 Csr.
587 1357 658 1379 supra
676 1357 730 1379 pag.
748 1351 806 1378 292,
824 1353 876 1373 nota
895 1351 931 1372 40.

1254 1074 1263 1087 ³
1280 1075 1348 1098 Num.
1369 1075 1412 1102 23,
1430 1075 1455 1097 8:
1482 1073 1605 1103 Quomodo
1631 1073 1769 1095 maledicam
1793 1072 1830 1095 cui
1852 1078 1897 1095 non
1924 1071 2038 1095 maledixit

1191 1114 1269 1136 Deus?
1286 1127 1316 1130 —
1334 1113 1428 1136 Inferius
1444 1113 1494 1135 loco
1508 1113 1678 1142 promereatur
1696 1112 1749 1134 edd.
1767 1111 1885 1135 incurrat.

1254 1152 1264 1165 4
1281 1152 1339 1175 Cum
1351 1152 1434 1174 Psalm.
1448 1152 1502 1180 ⁴08,
1521 1152 1558 1174 26.
1571 1151 1659 1174 Versus
1670 1157 1736 1180 seqq.
1753 1152 1818 1173 sunt:
1833 1159 1845 1170 (ι
1856 1151 1883 1173 Et
1892 1150 1971 1178 sciant,
1984 1149 2038 1179 quia

1192 1198 1275 1214 manus
1291 1194 1329 1214 tua
1347 1193 1416 1219 haec,
1433 1194 1456 1213 et
1472 1194 1508 1219 tu,
1525 1190 1633 1219 Domine,
1647 1190 1719 1213 fecisti
1736 1196 1795 1212 eam.
1812 1189 1946 1213 Maledicent
1962 1189 2004 1216 illi,
2017 1191 2040 1211 et

1192 1234 1216 1254 tu
1229 1231 1352 1253 benedices
1357 1239 1363 1258 3
1380 1230 1420 1259 qui
1432 1230 1555 1258 insurgunt
1574 1230 1597 1252 in
1614 1236 1652 1252 me
1668 1229 1851 1256 confundantur,
1868 1235 1950 1252 servus
1962 1231 2039 1251 autem

1193 1273 1246 1293 tuus
1263 1269 1391 1292 laetabitur.
1409 1270 1534 1292 Induantur
1551 1269 1592 1298 qui
1609 1268 1733 1291 detrahunt
1749 1268 1805 1290 mihi
1823 1268 1927 1296 pudore,
1949 1270 1971 1290 et
1987 1273 2039 1296 ope-

1193 1310 1281 1332 riantur
1298 1309 1357 1331 sicut
1377 1309 1480 1337 diploide
1501 1308 1636 1331 confusione
1658 1314 1699 1330 sua
1712 1316 1734 1330 n.
1757 1307 1844 1330 Deinde
1866 1313 1889 1329 v.
1913 1307 1950 1329 30.
1974 1313 2039 1335 seq.:

1194 1347 1327 1371 confitebor
1344 1348 1443 1371 Domino
1461 1349 1504 1370 etc.
