<?xml version="1.0" encoding="UTF-8"?>
<!DOCTYPE html PUBLIC "-//W3C//DTD XHTML 1.0 Transitional//EN"
    "http://www.w3.org/TR/xhtml1/DTD/xhtml1-transitional.dtd">
<html xmlns="http://www.w3.org/1999/xhtml" xml:lang="en" lang="en">
 <head>
  <title>
</title>
<meta http-equiv="Content-Type" content="text/html;charset=utf-8" />
  <meta name='ocr-system' content='tesseract 3.04.00' />
  <meta name='ocr-capabilities' content='ocr_page ocr_carea ocr_par ocr_line ocrx_word'/>
</head>
<body>
  <div class='ocr_page' id='page_1' title='image "./doctorisseraphic08bona_0290.png"; bbox 0 0 2133 3317; ppageno 0'>
   <div class='ocr_carea' id='block_1_1' title="bbox 255 209 1545 244">
    <p class='ocr_par' dir='ltr' id='par_1_1' title="bbox 255 209 1545 244">
     <span class='ocr_line' id='line_1_1' title="bbox 255 209 1545 244; baseline -0.004 -1"><span class='ocrx_word' id='word_1_1' title='bbox 255 215 310 244; x_wconf 56' lang='lat'>1158</span> <span class='ocrx_word' id='word_1_2' title='bbox 720 210 917 240; x_wconf 81' lang='lat' dir='ltr'>OPUSCULUM</span> <span class='ocrx_word' id='word_1_3' title='bbox 939 210 981 239; x_wconf 89' lang='lat' dir='ltr'>IX.</span> <span class='ocrx_word' id='word_1_4' title='bbox 1004 209 1157 239; x_wconf 83' lang='lat' dir='ltr'><strong>OFFICIUM</strong></span> <span class='ocrx_word' id='word_1_5' title='bbox 1176 210 1220 239; x_wconf 85' lang='lat' dir='ltr'>DE</span> <span class='ocrx_word' id='word_1_6' title='bbox 1243 210 1397 239; x_wconf 86' lang='lat' dir='ltr'>PASSIONE</span> <span class='ocrx_word' id='word_1_7' title='bbox 1418 210 1545 239; x_wconf 82' lang='lat' dir='ltr'><strong>DOMINI.</strong></span> 
     </span>
    </p>
   </div>
   <div class='ocr_carea' id='block_1_2' title="bbox 254 288 1107 696">
    <p class='ocr_par' dir='ltr' id='par_1_2' title="bbox 254 288 1104 369">
     <span class='ocr_line' id='line_1_2' title="bbox 292 288 1104 327; baseline -0.009 -4"><span class='ocrx_word' id='word_1_8' title='bbox 292 295 320 324; x_wconf 66' lang='lat' dir='ltr'>Ji.</span> <span class='ocrx_word' id='word_1_9' title='bbox 342 293 374 322; x_wconf 85' lang='lat' dir='ltr'>Et</span> <span class='ocrx_word' id='word_1_10' title='bbox 395 293 484 322; x_wconf 82' lang='lat' dir='ltr'>factus</span> <span class='ocrx_word' id='word_1_11' title='bbox 505 295 546 321; x_wconf 90' lang='lat' dir='ltr'>est</span> <span class='ocrx_word' id='word_1_12' title='bbox 567 291 595 319; x_wconf 93' lang='lat' dir='ltr'>in</span> <span class='ocrx_word' id='word_1_13' title='bbox 617 298 684 327; x_wconf 83' lang='lat' dir='ltr'>pace</span> <span class='ocrx_word' id='word_1_14' title='bbox 705 290 783 318; x_wconf 88' lang='lat' dir='ltr'>locus</span> <span class='ocrx_word' id='word_1_15' title='bbox 804 289 872 318; x_wconf 86' lang='lat' dir='ltr'>eius.</span> <span class='ocrx_word' id='word_1_16' title='bbox 893 293 924 324; x_wconf 68' lang='lat' dir='ltr'>n).</span> <span class='ocrx_word' id='word_1_17' title='bbox 947 288 978 317; x_wconf 90' lang='lat' dir='ltr'>Et</span> <span class='ocrx_word' id='word_1_18' title='bbox 996 288 1104 317; x_wconf 84' lang='lat' dir='ltr'>hahita-</span> 
     </span>
     <span class='ocr_line' id='line_1_3' title="bbox 254 339 515 369; baseline -0.011 0"><span class='ocrx_word' id='word_1_19' title='bbox 254 341 292 369; x_wconf 87' lang='lat' dir='ltr'>tio</span> <span class='ocrx_word' id='word_1_20' title='bbox 313 340 373 369; x_wconf 84' lang='lat' dir='ltr'>eius</span> <span class='ocrx_word' id='word_1_21' title='bbox 394 340 421 368; x_wconf 96' lang='lat' dir='ltr'>in</span> <span class='ocrx_word' id='word_1_22' title='bbox 443 339 515 368; x_wconf 88' lang='lat' dir='ltr'>Sion.</span> 
     </span>
    </p>

    <p class='ocr_par' dir='ltr' id='par_1_3' title="bbox 293 383 688 424">
     <span class='ocr_line' id='line_1_4' title="bbox 293 383 688 424; baseline -0.01 -9"><span class='ocrx_word' id='word_1_23' title='bbox 293 385 413 424; x_wconf 80' lang='lat' dir='ltr'>Antiph.</span> <span class='ocrx_word' id='word_1_24' title='bbox 436 385 560 414; x_wconf 79' lang='lat' dir='ltr'>Salvator</span> <span class='ocrx_word' id='word_1_25' title='bbox 582 383 688 412; x_wconf 88' lang='lat' dir='ltr'>mundi.</span> 
     </span>
    </p>

    <p class='ocr_par' dir='ltr' id='par_1_4' title="bbox 296 429 1103 465">
     <span class='ocr_line' id='line_1_5' title="bbox 296 429 1103 465; baseline -0.006 -3"><span class='ocrx_word' id='word_1_26' title='bbox 296 433 449 462; x_wconf 80' lang='lat' dir='ltr'>Canticum</span> <span class='ocrx_word' id='word_1_27' title='bbox 464 431 616 465; x_wconf 73' lang='lat' dir='ltr'>Simeonis,</span> <span class='ocrx_word' id='word_1_28' title='bbox 631 431 696 459; x_wconf 88' lang='lat' dir='ltr'>Luc.</span> <span class='ocrx_word' id='word_1_29' title='bbox 712 431 738 459; x_wconf 77' lang='lat'>2.</span> <span class='ocrx_word' id='word_1_30' title='bbox 755 431 800 458; x_wconf 72' lang='lat'>29.</span> <span class='ocrx_word' id='word_1_31' title='bbox 819 430 897 458; x_wconf 85' lang='lat' dir='ltr'>Nunc</span> <span class='ocrx_word' id='word_1_32' title='bbox 915 429 1032 458; x_wconf 80' lang='lat' dir='ltr'>dimittis</span> <span class='ocrx_word' id='word_1_33' title='bbox 1052 432 1103 458; x_wconf 86' lang='lat' dir='ltr'>etc.</span> 
     </span>
    </p>

    <p class='ocr_par' dir='ltr' id='par_1_5' title="bbox 255 476 1106 610">
     <span class='ocr_line' id='line_1_6' title="bbox 295 476 1104 517; baseline -0.006 -8"><span class='ocrx_word' id='word_1_34' title='bbox 295 478 413 517; x_wconf 77' lang='lat' dir='ltr'>Antipli.</span> <span class='ocrx_word' id='word_1_35' title='bbox 436 479 560 507; x_wconf 81' lang='lat' dir='ltr'>Salvator</span> <span class='ocrx_word' id='word_1_36' title='bbox 582 477 695 512; x_wconf 86' lang='lat' dir='ltr'>mundi,</span> <span class='ocrx_word' id='word_1_37' title='bbox 717 477 793 506; x_wconf 84' lang='lat' dir='ltr'>salva</span> <span class='ocrx_word' id='word_1_38' title='bbox 813 484 878 511; x_wconf 87' lang='lat' dir='ltr'>nos,</span> <span class='ocrx_word' id='word_1_39' title='bbox 900 476 949 514; x_wconf 88' lang='lat' dir='ltr'>qui</span> <span class='ocrx_word' id='word_1_40' title='bbox 970 484 1020 513; x_wconf 86' lang='lat' dir='ltr'>per</span> <span class='ocrx_word' id='word_1_41' title='bbox 1039 483 1104 505; x_wconf 81' lang='lat' dir='ltr'>cru-</span> 
     </span>
     <span class='ocr_line' id='line_1_7' title="bbox 255 522 1106 562; baseline -0.006 -6"><span class='ocrx_word' id='word_1_42' title='bbox 255 535 314 556; x_wconf 87' lang='lat' dir='ltr'>cem</span> <span class='ocrx_word' id='word_1_43' title='bbox 335 528 363 555; x_wconf 87' lang='lat' dir='ltr'>et</span> <span class='ocrx_word' id='word_1_44' title='bbox 383 525 547 562; x_wconf 82' lang='lat' dir='ltr'>sanguinem</span> <span class='ocrx_word' id='word_1_45' title='bbox 568 523 709 554; x_wconf 84' lang='lat' dir='ltr'>redemisti</span> <span class='ocrx_word' id='word_1_46' title='bbox 723 531 789 558; x_wconf 84' lang='lat' dir='ltr'>nos,</span> <span class='ocrx_word' id='word_1_47' title='bbox 804 522 941 552; x_wconf 78' lang='lat' dir='ltr'>auxiliare</span> <span class='ocrx_word' id='word_1_48' title='bbox 962 523 1055 557; x_wconf 86' lang='lat' dir='ltr'>nobis,</span> <span class='ocrx_word' id='word_1_49' title='bbox 1078 525 1106 551; x_wconf 81' lang='lat' dir='ltr'>te</span> 
     </span>
     <span class='ocr_line' id='line_1_8' title="bbox 255 572 670 610; baseline -0.007 -7"><span class='ocrx_word' id='word_1_50' title='bbox 255 574 451 610; x_wconf 77' lang='lat' dir='ltr'>deprecamur,</span> <span class='ocrx_word' id='word_1_51' title='bbox 472 572 548 601; x_wconf 84' lang='lat' dir='ltr'>Deus</span> <span class='ocrx_word' id='word_1_52' title='bbox 567 574 670 600; x_wconf 87' lang='lat' dir='ltr'>noster.</span> 
     </span>
    </p>

    <p class='ocr_par' dir='ltr' id='par_1_6' title="bbox 254 617 1107 696">
     <span class='ocr_line' id='line_1_9' title="bbox 293 617 1107 657; baseline -0.004 -8"><span class='ocrx_word' id='word_1_53' title='bbox 293 620 376 657; x_wconf 84' lang='lat' dir='ltr'>Kyrie</span> <span class='ocrx_word' id='word_1_54' title='bbox 397 619 508 649; x_wconf 87' lang='lat' dir='ltr'>eleison.</span> <span class='ocrx_word' id='word_1_55' title='bbox 530 618 639 648; x_wconf 82' lang='lat' dir='ltr'>Christe</span> <span class='ocrx_word' id='word_1_56' title='bbox 660 618 770 647; x_wconf 89' lang='lat' dir='ltr'>eleison.</span> <span class='ocrx_word' id='word_1_57' title='bbox 793 617 876 655; x_wconf 88' lang='lat' dir='ltr'>Kyrie</span> <span class='ocrx_word' id='word_1_58' title='bbox 896 617 1007 647; x_wconf 85' lang='lat' dir='ltr'>eleison.</span> <span class='ocrx_word' id='word_1_59' title='bbox 1027 617 1107 646; x_wconf 86' lang='lat' dir='ltr'>Pater</span> 
     </span>
     <span class='ocr_line' id='line_1_10' title="bbox 254 668 358 696; baseline -0.01 0"><span class='ocrx_word' id='word_1_60' title='bbox 254 668 358 696; x_wconf 88' lang='lat' dir='ltr'>noster.</span> 
     </span>
    </p>
   </div>
   <div class='ocr_carea' id='block_1_3' title="bbox 254 855 1110 1240">
    <p class='ocr_par' dir='ltr' id='par_1_7' title="bbox 254 855 1110 1240">
     <span class='ocr_line' id='line_1_11' title="bbox 320 855 1107 885; baseline -0.003 -5"><span class='ocrx_word' id='word_1_61' title='bbox 320 857 328 870; x_wconf 78' lang='lat'>1</span> <span class='ocrx_word' id='word_1_62' title='bbox 347 859 377 881; x_wconf 84' lang='lat' dir='ltr'>lta</span> <span class='ocrx_word' id='word_1_63' title='bbox 394 858 446 880; x_wconf 86' lang='lat' dir='ltr'>BD.</span> <span class='ocrx_word' id='word_1_64' title='bbox 465 857 516 879; x_wconf 79' lang='lat' dir='ltr'>Vat.</span> <span class='ocrx_word' id='word_1_65' title='bbox 534 859 587 885; x_wconf 88' lang='lat' dir='ltr'>post</span> <span class='ocrx_word' id='word_1_66' title='bbox 604 857 657 880; x_wconf 79' lang='lat' dir='ltr'>Iesu</span> <span class='ocrx_word' id='word_1_67' title='bbox 674 855 765 880; x_wconf 79' lang='lat' dir='ltr'><em>Christe</em></span> <span class='ocrx_word' id='word_1_68' title='bbox 783 856 946 885; x_wconf 69' lang='lat' dir='ltr'>prosequitur:</span> <span class='ocrx_word' id='word_1_69' title='bbox 973 855 1041 879; x_wconf 73' lang='lat' dir='ltr'>cuias</span> <span class='ocrx_word' id='word_1_70' title='bbox 1066 861 1107 878; x_wconf 85' lang='lat' dir='ltr'>su-</span> 
     </span>
     <span class='ocr_line' id='line_1_12' title="bbox 257 894 1107 926; baseline -0.005 -5"><span class='ocrx_word' id='word_1_71' title='bbox 257 897 300 921; x_wconf 78' lang='lat' dir='ltr'>dor</span> <span class='ocrx_word' id='word_1_72' title='bbox 318 897 380 920; x_wconf 83' lang='lat' dir='ltr'>hora</span> <span class='ocrx_word' id='word_1_73' title='bbox 397 895 550 926; x_wconf 78' lang='lat' dir='ltr'>Conzpletorii</span> <span class='ocrx_word' id='word_1_74' title='bbox 564 902 624 925; x_wconf 82' lang='lat' dir='ltr'>prae</span> <span class='ocrx_word' id='word_1_75' title='bbox 641 895 739 919; x_wconf 72' lang='lat' dir='ltr'>tristitia</span> <span class='ocrx_word' id='word_1_76' title='bbox 755 895 851 918; x_wconf 80' lang='lat' dir='ltr'>animae</span> <span class='ocrx_word' id='word_1_77' title='bbox 862 895 940 924; x_wconf 78' lang='lat' dir='ltr'>factus</span> <span class='ocrx_word' id='word_1_78' title='bbox 957 896 992 918; x_wconf 72' lang='lat' dir='ltr'>est</span> <span class='ocrx_word' id='word_1_79' title='bbox 1007 894 1107 924; x_wconf 70' lang='lat' dir='ltr'>sanqui-</span> 
     </span>
     <span class='ocr_line' id='line_1_13' title="bbox 256 933 1107 965; baseline -0.005 -5"><span class='ocrx_word' id='word_1_80' title='bbox 256 942 328 964; x_wconf 79' lang='lat' dir='ltr'>neus,</span> <span class='ocrx_word' id='word_1_81' title='bbox 340 937 361 959; x_wconf 77' lang='lat' dir='ltr'>et</span> <span class='ocrx_word' id='word_1_82' title='bbox 373 942 396 959; x_wconf 82' lang='lat' dir='ltr'>es</span> <span class='ocrx_word' id='word_1_83' title='bbox 413 935 533 965; x_wconf 69' lang='lat' dir='ltr'>sepultus,</span> <span class='ocrx_word' id='word_1_84' title='bbox 551 941 566 958; x_wconf 80' lang='lat' dir='ltr'>a</span> <span class='ocrx_word' id='word_1_85' title='bbox 582 933 723 958; x_wconf 76' lang='lat' dir='ltr'>mulieribus</span> <span class='ocrx_word' id='word_1_86' title='bbox 741 940 765 958; x_wconf 87' lang='lat' dir='ltr'>es</span> <span class='ocrx_word' id='word_1_87' title='bbox 782 934 939 962; x_wconf 44' lang='lat' dir='ltr'>lamentata&amp;</span> <span class='ocrx_word' id='word_1_88' title='bbox 958 934 1029 963; x_wconf 65' lang='lat' dir='ltr'>alifer</span> <span class='ocrx_word' id='word_1_89' title='bbox 1041 940 1056 956; x_wconf 88' lang='lat' dir='ltr'>a</span> <span class='ocrx_word' id='word_1_90' title='bbox 1067 939 1107 956; x_wconf 90' lang='lat' dir='ltr'>no-</span> 
     </span>
     <span class='ocr_line' id='line_1_14' title="bbox 257 972 1101 999; baseline -0.004 0"><span class='ocrx_word' id='word_1_91' title='bbox 257 975 292 999; x_wconf 83' lang='lat' dir='ltr'>bis</span> <span class='ocrx_word' id='word_1_92' title='bbox 310 975 432 999; x_wconf 77' lang='lat' dir='ltr'>tristitiam</span> <span class='ocrx_word' id='word_1_93' title='bbox 448 976 471 998; x_wconf 80' lang='lat' dir='ltr'>et</span> <span class='ocrx_word' id='word_1_94' title='bbox 486 974 517 997; x_wconf 81' lang='lat' dir='ltr'>da</span> <span class='ocrx_word' id='word_1_95' title='bbox 535 980 617 998; x_wconf 76' lang='lat' dir='ltr'>veram</span> <span class='ocrx_word' id='word_1_96' title='bbox 634 974 749 997; x_wconf 74' lang='lat' dir='ltr'>laeticiam</span> <span class='ocrx_word' id='word_1_97' title='bbox 765 975 787 997; x_wconf 84' lang='lat' dir='ltr'>et</span> <span class='ocrx_word' id='word_1_98' title='bbox 803 980 819 997; x_wconf 90' lang='grc' dir='ltr'><em>α</em></span> <span class='ocrx_word' id='word_1_99' title='bbox 834 973 938 997; x_wconf 73' lang='lat' dir='ltr'>vanitate</span> <span class='ocrx_word' id='word_1_100' title='bbox 955 972 1046 997; x_wconf 79' lang='lat' dir='ltr'>saeculi</span> <span class='ocrx_word' id='word_1_101' title='bbox 1056 978 1101 996; x_wconf 78' lang='lat' dir='ltr'>nos</span> 
     </span>
     <span class='ocr_line' id='line_1_15' title="bbox 257 1012 1107 1044; baseline -0.004 -6"><span class='ocrx_word' id='word_1_102' title='bbox 257 1014 373 1038; x_wconf 70' lang='lat' dir='ltr'>veraciter</span> <span class='ocrx_word' id='word_1_103' title='bbox 389 1013 471 1044; x_wconf 77' lang='lat' dir='ltr'>sepeli,</span> <span class='ocrx_word' id='word_1_104' title='bbox 491 1015 513 1037; x_wconf 75' lang='lat' dir='ltr'>el</span> <span class='ocrx_word' id='word_1_105' title='bbox 529 1013 588 1037; x_wconf 78' lang='lat' dir='ltr'>educ</span> <span class='ocrx_word' id='word_1_106' title='bbox 605 1013 632 1036; x_wconf 82' lang='lat' dir='ltr'>de</span> <span class='ocrx_word' id='word_1_107' title='bbox 649 1013 724 1037; x_wconf 78' lang='lat' dir='ltr'>oculis</span> <span class='ocrx_word' id='word_1_108' title='bbox 742 1013 830 1037; x_wconf 79' lang='lat' dir='ltr'>nostris</span> <span class='ocrx_word' id='word_1_109' title='bbox 843 1012 964 1043; x_wconf 73' lang='lat' dir='ltr'>lacrymas</span> <span class='ocrx_word' id='word_1_110' title='bbox 973 1012 1029 1042; x_wconf 80' lang='lat' dir='ltr'>piae</span> <span class='ocrx_word' id='word_1_111' title='bbox 1044 1018 1107 1035; x_wconf 78' lang='lat' dir='ltr'>conz-</span> 
     </span>
     <span class='ocr_line' id='line_1_16' title="bbox 254 1051 1108 1084; baseline -0.004 -7"><span class='ocrx_word' id='word_1_112' title='bbox 254 1053 388 1084; x_wconf 70' lang='lat' dir='ltr'>passionis,</span> <span class='ocrx_word' id='word_1_113' title='bbox 417 1055 444 1076; x_wconf 78' lang='lat' dir='ltr'>ut</span> <span class='ocrx_word' id='word_1_114' title='bbox 468 1052 526 1076; x_wconf 69' lang='lat' dir='ltr'>ditm</span> <span class='ocrx_word' id='word_1_115' title='bbox 543 1052 656 1082; x_wconf 79' lang='lat' dir='ltr'>deflemus</span> <span class='ocrx_word' id='word_1_116' title='bbox 673 1052 764 1082; x_wconf 78' lang='lat' dir='ltr'>tua(!),</span> <span class='ocrx_word' id='word_1_117' title='bbox 790 1059 806 1075; x_wconf 88' lang='lat' dir='ltr'>a</span> <span class='ocrx_word' id='word_1_118' title='bbox 831 1054 852 1076; x_wconf 88' lang='lat' dir='ltr'>le</span> <span class='ocrx_word' id='word_1_119' title='bbox 874 1051 996 1076; x_wconf 81' lang='lat' dir='ltr'>consolari</span> <span class='ocrx_word' id='word_1_120' title='bbox 1019 1057 1108 1074; x_wconf 80' lang='lat' dir='ltr'>merea-</span> 
     </span>
     <span class='ocr_line' id='line_1_17' title="bbox 257 1091 1107 1121; baseline -0.005 -4"><span class='ocrx_word' id='word_1_121' title='bbox 257 1100 314 1117; x_wconf 81' lang='lat' dir='ltr'>mur</span> <span class='ocrx_word' id='word_1_122' title='bbox 331 1093 369 1117; x_wconf 79' lang='lat' dir='ltr'>hic</span> <span class='ocrx_word' id='word_1_123' title='bbox 383 1095 404 1117; x_wconf 77' lang='lat' dir='ltr'>el</span> <span class='ocrx_word' id='word_1_124' title='bbox 416 1093 440 1116; x_wconf 88' lang='lat' dir='ltr'>in</span> <span class='ocrx_word' id='word_1_125' title='bbox 452 1092 547 1116; x_wconf 78' lang='lat' dir='ltr'>caelesti</span> <span class='ocrx_word' id='word_1_126' title='bbox 558 1092 634 1116; x_wconf 80' lang='lat' dir='ltr'>curia.</span> <span class='ocrx_word' id='word_1_127' title='bbox 646 1092 702 1115; x_wconf 90' lang='lat' dir='ltr'>Cod.</span> <span class='ocrx_word' id='word_1_128' title='bbox 714 1092 733 1114; x_wconf 92' lang='lat' dir='ltr'>D</span> <span class='ocrx_word' id='word_1_129' title='bbox 745 1092 822 1115; x_wconf 77' lang='lat' dir='ltr'>addit:</span> <span class='ocrx_word' id='word_1_130' title='bbox 836 1091 925 1115; x_wconf 88' lang='lat' dir='ltr'>Oratio.</span> <span class='ocrx_word' id='word_1_131' title='bbox 943 1091 1061 1121; x_wconf 79' lang='lat' dir='ltr'>Deprecor</span> <span class='ocrx_word' id='word_1_132' title='bbox 1074 1092 1107 1119; x_wconf 80' lang='lat' dir='ltr'>te,</span> 
     </span>
     <span class='ocr_line' id='line_1_18' title="bbox 257 1130 1110 1161; baseline -0.004 -5"><span class='ocrx_word' id='word_1_133' title='bbox 257 1134 343 1157; x_wconf 78' lang='lat' dir='ltr'>sancta</span> <span class='ocrx_word' id='word_1_134' title='bbox 358 1131 451 1161; x_wconf 81' lang='lat' dir='ltr'>Maria,</span> <span class='ocrx_word' id='word_1_135' title='bbox 469 1131 585 1160; x_wconf 84' lang='lat' dir='ltr'>Domina,</span> <span class='ocrx_word' id='word_1_136' title='bbox 597 1131 675 1155; x_wconf 79' lang='lat' dir='ltr'>Mater</span> <span class='ocrx_word' id='word_1_137' title='bbox 687 1130 742 1160; x_wconf 86' lang='lat' dir='ltr'>Dei,</span> <span class='ocrx_word' id='word_1_138' title='bbox 753 1130 838 1160; x_wconf 81' lang='lat' dir='ltr'>pietale</span> <span class='ocrx_word' id='word_1_139' title='bbox 846 1130 1000 1161; x_wconf 74' lang='lat' dir='ltr'>plenissima,</span> <span class='ocrx_word' id='word_1_140' title='bbox 1018 1130 1110 1153; x_wconf 73' lang='lat' dir='ltr'>summi</span> 
     </span>
     <span class='ocr_line' id='line_1_19' title="bbox 258 1169 1108 1203; baseline -0.005 -7"><span class='ocrx_word' id='word_1_141' title='bbox 258 1172 327 1203; x_wconf 70' lang='lat' dir='ltr'>Reqis</span> <span class='ocrx_word' id='word_1_142' title='bbox 344 1171 407 1202; x_wconf 83' lang='lat' dir='ltr'>filia,</span> <span class='ocrx_word' id='word_1_143' title='bbox 426 1173 504 1195; x_wconf 79' lang='lat' dir='ltr'>mater</span> <span class='ocrx_word' id='word_1_144' title='bbox 521 1170 709 1201; x_wconf 62' lang='lat' dir='ltr'>gloriosissima,</span> <span class='ocrx_word' id='word_1_145' title='bbox 734 1173 812 1194; x_wconf 83' lang='lat' dir='ltr'>mater</span> <span class='ocrx_word' id='word_1_146' title='bbox 829 1169 1009 1200; x_wconf 76' lang='lat' dir='ltr'>orphanorum,</span> <span class='ocrx_word' id='word_1_147' title='bbox 1027 1175 1108 1193; x_wconf 80' lang='lat' dir='ltr'>conso-</span> 
     </span>
     <span class='ocr_line' id='line_1_20' title="bbox 260 1208 1108 1240; baseline -0.005 -5"><span class='ocrx_word' id='word_1_148' title='bbox 260 1211 316 1235; x_wconf 81' lang='lat' dir='ltr'>latio</span> <span class='ocrx_word' id='word_1_149' title='bbox 334 1211 509 1240; x_wconf 81' lang='lat' dir='ltr'>desolatorum,</span> <span class='ocrx_word' id='word_1_150' title='bbox 535 1210 573 1234; x_wconf 75' lang='lat' dir='ltr'>ria</span> <span class='ocrx_word' id='word_1_151' title='bbox 596 1209 744 1237; x_wconf 81' lang='lat' dir='ltr'>errantium,</span> <span class='ocrx_word' id='word_1_152' title='bbox 769 1209 836 1233; x_wconf 83' lang='lat' dir='ltr'>salus</span> <span class='ocrx_word' id='word_1_153' title='bbox 863 1209 923 1232; x_wconf 73' lang='lat' dir='ltr'>oilae</span> <span class='ocrx_word' id='word_1_154' title='bbox 944 1208 1108 1238; x_wconf 76' lang='lat' dir='ltr'>sperantium,</span> 
     </span>
    </p>
   </div>
   <div class='ocr_carea' id='block_1_4' title="bbox 1533 288 1643 317">
    <p class='ocr_par' dir='ltr' id='par_1_8' title="bbox 1533 288 1643 317">
     <span class='ocr_line' id='line_1_21' title="bbox 1533 288 1643 317; baseline 0 0"><span class='ocrx_word' id='word_1_155' title='bbox 1533 288 1643 317; x_wconf 79' lang='lat' dir='ltr'>Oratio.</span> 
     </span>
    </p>
   </div>
   <div class='ocr_carea' id='block_1_5' title="bbox 1162 381 2014 700">
    <p class='ocr_par' dir='ltr' id='par_1_9' title="bbox 1217 381 2012 419">
     <span class='ocr_line' id='line_1_22' title="bbox 1217 381 2012 419; baseline 0.003 -9"><span class='ocrx_word' id='word_1_156' title='bbox 1217 389 1302 410; x_wconf 67' lang='lat' dir='ltr'>ommi:</span> <span class='ocrx_word' id='word_1_157' title='bbox 1323 382 1384 410; x_wconf 88' lang='lat' dir='ltr'>Iesu</span> <span class='ocrx_word' id='word_1_158' title='bbox 1404 381 1529 416; x_wconf 83' lang='lat' dir='ltr'>Christe,</span> <span class='ocrx_word' id='word_1_159' title='bbox 1550 382 1599 419; x_wconf 89' lang='lat' dir='ltr'>qui</span> <span class='ocrx_word' id='word_1_160' title='bbox 1620 382 1691 411; x_wconf 85' lang='lat' dir='ltr'>hora</span> <span class='ocrx_word' id='word_1_161' title='bbox 1710 382 1765 411; x_wconf 91' lang='lat' dir='ltr'>diei</span> <span class='ocrx_word' id='word_1_162' title='bbox 1793 382 1893 411; x_wconf 81' lang='lat' dir='ltr'>ultima</span> <span class='ocrx_word' id='word_1_163' title='bbox 1920 382 1948 411; x_wconf 88' lang='lat' dir='ltr'>in</span> <span class='ocrx_word' id='word_1_164' title='bbox 1969 390 2012 412; x_wconf 88' lang='lat' dir='ltr'>se—</span> 
     </span>
    </p>

    <p class='ocr_par' dir='ltr' id='par_1_10' title="bbox 1162 428 2014 700">
     <span class='ocr_line' id='line_1_23' title="bbox 1229 428 2012 465; baseline 0.001 -8"><span class='ocrx_word' id='word_1_165' title='bbox 1229 428 1327 465; x_wconf 88' lang='lat' dir='ltr'>pulcro</span> <span class='ocrx_word' id='word_1_166' title='bbox 1348 428 1494 465; x_wconf 82' lang='lat' dir='ltr'>quievisti,</span> <span class='ocrx_word' id='word_1_167' title='bbox 1517 431 1544 457; x_wconf 87' lang='lat' dir='ltr'>et</span> <span class='ocrx_word' id='word_1_168' title='bbox 1563 437 1580 457; x_wconf 79' lang='lat' dir='ltr'>a</span> <span class='ocrx_word' id='word_1_169' title='bbox 1599 429 1685 458; x_wconf 87' lang='lat' dir='ltr'>Matre</span> <span class='ocrx_word' id='word_1_170' title='bbox 1706 432 1755 458; x_wconf 85' lang='lat' dir='ltr'>tua</span> <span class='ocrx_word' id='word_1_171' title='bbox 1774 429 1960 458; x_wconf 83' lang='lat' dir='ltr'>moestissima</span> <span class='ocrx_word' id='word_1_172' title='bbox 1985 432 2012 458; x_wconf 81' lang='lat' dir='ltr'>et</span> 
     </span>
     <span class='ocr_line' id='line_1_24' title="bbox 1162 475 2012 512; baseline 0 -8"><span class='ocrx_word' id='word_1_173' title='bbox 1162 475 1197 504; x_wconf 82' lang='lat' dir='ltr'>ab</span> <span class='ocrx_word' id='word_1_174' title='bbox 1218 475 1278 504; x_wconf 83' lang='lat' dir='ltr'>aliis</span> <span class='ocrx_word' id='word_1_175' title='bbox 1299 475 1465 504; x_wconf 84' lang='lat' dir='ltr'>mulieribus</span> <span class='ocrx_word' id='word_1_176' title='bbox 1486 475 1613 512; x_wconf 83' lang='lat' dir='ltr'>planctus</span> <span class='ocrx_word' id='word_1_177' title='bbox 1634 478 1662 504; x_wconf 83' lang='lat' dir='ltr'>et</span> <span class='ocrx_word' id='word_1_178' title='bbox 1681 476 1849 505; x_wconf 82' lang='lat' dir='ltr'>lamentatus</span> <span class='ocrx_word' id='word_1_179' title='bbox 1862 476 1954 505; x_wconf 82' lang='lat' dir='ltr'>fuisti:</span> <span class='ocrx_word' id='word_1_180' title='bbox 1970 475 2012 504; x_wconf 81' lang='lat' dir='ltr'>fac</span> 
     </span>
     <span class='ocr_line' id='line_1_25' title="bbox 1163 522 2012 559; baseline 0 -8"><span class='ocrx_word' id='word_1_181' title='bbox 1163 530 1228 557; x_wconf 89' lang='lat' dir='ltr'>nos,</span> <span class='ocrx_word' id='word_1_182' title='bbox 1250 529 1437 559; x_wconf 84' lang='lat' dir='ltr'>quaesumus,</span> <span class='ocrx_word' id='word_1_183' title='bbox 1459 522 1594 559; x_wconf 76' lang='lat' dir='ltr'>passionis</span> <span class='ocrx_word' id='word_1_184' title='bbox 1613 525 1678 551; x_wconf 83' lang='lat' dir='ltr'>tuae</span> <span class='ocrx_word' id='word_1_185' title='bbox 1697 522 1909 559; x_wconf 88' lang='lat' dir='ltr'>compunctione</span> <span class='ocrx_word' id='word_1_186' title='bbox 1923 522 2012 559; x_wconf 85' lang='lat' dir='ltr'>lacry-</span> 
     </span>
     <span class='ocr_line' id='line_1_26' title="bbox 1164 568 2013 606; baseline 0 -8"><span class='ocrx_word' id='word_1_187' title='bbox 1164 569 1217 598; x_wconf 85' lang='lat' dir='ltr'>mis</span> <span class='ocrx_word' id='word_1_188' title='bbox 1237 568 1380 598; x_wconf 81' lang='lat' dir='ltr'>abundare</span> <span class='ocrx_word' id='word_1_189' title='bbox 1400 572 1428 598; x_wconf 82' lang='lat' dir='ltr'>et</span> <span class='ocrx_word' id='word_1_190' title='bbox 1448 571 1506 597; x_wconf 83' lang='lat' dir='ltr'>tota</span> <span class='ocrx_word' id='word_1_191' title='bbox 1526 569 1618 598; x_wconf 84' lang='lat' dir='ltr'>cordis</span> <span class='ocrx_word' id='word_1_192' title='bbox 1637 569 1782 598; x_wconf 83' lang='lat' dir='ltr'>devotione</span> <span class='ocrx_word' id='word_1_193' title='bbox 1803 569 1891 606; x_wconf 84' lang='lat' dir='ltr'>ipsam</span> <span class='ocrx_word' id='word_1_194' title='bbox 1909 569 2013 606; x_wconf 85' lang='lat' dir='ltr'>passio-</span> 
     </span>
     <span class='ocr_line' id='line_1_27' title="bbox 1164 616 2014 653; baseline 0 -8"><span class='ocrx_word' id='word_1_195' title='bbox 1164 624 1226 645; x_wconf 85' lang='lat' dir='ltr'>nem</span> <span class='ocrx_word' id='word_1_196' title='bbox 1248 619 1325 645; x_wconf 81' lang='lat' dir='ltr'>tuam</span> <span class='ocrx_word' id='word_1_197' title='bbox 1347 624 1456 653; x_wconf 82' lang='lat' dir='ltr'>semper</span> <span class='ocrx_word' id='word_1_198' title='bbox 1477 616 1608 653; x_wconf 84' lang='lat' dir='ltr'>plangere</span> <span class='ocrx_word' id='word_1_199' title='bbox 1629 624 1747 653; x_wconf 83' lang='lat' dir='ltr'>eamque</span> <span class='ocrx_word' id='word_1_200' title='bbox 1767 616 1847 653; x_wconf 81' lang='lat' dir='ltr'>quasi</span> <span class='ocrx_word' id='word_1_201' title='bbox 1874 618 2014 645; x_wconf 78' lang='lat' dir='ltr'>recentem</span> 
     </span>
     <span class='ocr_line' id='line_1_28' title="bbox 1164 662 2011 700; baseline -0.001 -8"><span class='ocrx_word' id='word_1_202' title='bbox 1164 663 1192 692; x_wconf 93' lang='lat' dir='ltr'>in</span> <span class='ocrx_word' id='word_1_203' title='bbox 1213 663 1320 692; x_wconf 84' lang='lat' dir='ltr'>ardenti</span> <span class='ocrx_word' id='word_1_204' title='bbox 1334 662 1470 692; x_wconf 87' lang='lat' dir='ltr'>desiderio</span> <span class='ocrx_word' id='word_1_205' title='bbox 1485 663 1614 692; x_wconf 83' lang='lat' dir='ltr'>retinere.</span> <span class='ocrx_word' id='word_1_206' title='bbox 1630 663 1683 699; x_wconf 86' lang='lat' dir='ltr'>Qui</span> <span class='ocrx_word' id='word_1_207' title='bbox 1698 663 1768 692; x_wconf 87' lang='lat' dir='ltr'>vivis</span> <span class='ocrx_word' id='word_1_208' title='bbox 1783 666 1810 692; x_wconf 79' lang='lat' dir='ltr'>et</span> <span class='ocrx_word' id='word_1_209' title='bbox 1823 671 1924 700; x_wconf 83' lang='lat' dir='ltr'>regnas</span> <span class='ocrx_word' id='word_1_210' title='bbox 1936 664 1946 680; x_wconf 86' lang='lat'>¹</span> <span class='ocrx_word' id='word_1_211' title='bbox 1960 666 2011 692; x_wconf 80' lang='lat' dir='ltr'>ete.</span> 
     </span>
    </p>
   </div>
   <div class='ocr_carea' id='block_1_6' title="bbox 1163 853 2017 1235">
    <p class='ocr_par' dir='ltr' id='par_1_11' title="bbox 1163 853 2017 1235">
     <span class='ocr_line' id='line_1_29' title="bbox 1163 853 2014 884; baseline -0.002 -6"><span class='ocrx_word' id='word_1_212' title='bbox 1163 854 1231 884; x_wconf 71' lang='lat' dir='ltr'>vii-qo</span> <span class='ocrx_word' id='word_1_213' title='bbox 1248 855 1303 878; x_wconf 84' lang='lat' dir='ltr'>ante</span> <span class='ocrx_word' id='word_1_214' title='bbox 1315 855 1430 884; x_wconf 55' lang='lat' dir='ltr'>parium„</span> <span class='ocrx_word' id='word_1_215' title='bbox 1448 853 1516 883; x_wconf 70' lang='lat' dir='ltr'>vii-90</span> <span class='ocrx_word' id='word_1_216' title='bbox 1533 853 1559 876; x_wconf 89' lang='lat' dir='ltr'>in</span> <span class='ocrx_word' id='word_1_217' title='bbox 1573 854 1662 883; x_wconf 76' lang='lat' dir='ltr'>partu,</span> <span class='ocrx_word' id='word_1_218' title='bbox 1680 853 1749 883; x_wconf 75' lang='lat' dir='ltr'>vit-qo</span> <span class='ocrx_word' id='word_1_219' title='bbox 1764 854 1818 883; x_wconf 78' lang='lat' dir='ltr'>post</span> <span class='ocrx_word' id='word_1_220' title='bbox 1826 854 1943 882; x_wconf 73' lang='lat' dir='ltr'>partum,</span> <span class='ocrx_word' id='word_1_221' title='bbox 1960 853 2014 883; x_wconf 85' lang='lat' dir='ltr'>fons</span> 
     </span>
     <span class='ocr_line' id='line_1_30' title="bbox 1164 891 2015 922; baseline -0.002 -5"><span class='ocrx_word' id='word_1_222' title='bbox 1164 893 1341 917; x_wconf 72' lang='lat' dir='ltr'>misericordiae</span> <span class='ocrx_word' id='word_1_223' title='bbox 1358 895 1378 916; x_wconf 74' lang='lat' dir='ltr'>el</span> <span class='ocrx_word' id='word_1_224' title='bbox 1392 892 1487 922; x_wconf 74' lang='lat' dir='ltr'>pietatis</span> <span class='ocrx_word' id='word_1_225' title='bbox 1505 893 1527 915; x_wconf 74' lang='lat' dir='ltr'>ei</span> <span class='ocrx_word' id='word_1_226' title='bbox 1544 891 1656 920; x_wconf 75' lang='lat' dir='ltr'>laetitiae,</span> <span class='ocrx_word' id='word_1_227' title='bbox 1674 892 1728 922; x_wconf 80' lang='lat' dir='ltr'>fons</span> <span class='ocrx_word' id='word_1_228' title='bbox 1745 891 1915 915; x_wconf 69' lang='lat' dir='ltr'>consolationis</span> <span class='ocrx_word' id='word_1_229' title='bbox 1940 893 1963 915; x_wconf 75' lang='lat' dir='ltr'>et</span> <span class='ocrx_word' id='word_1_230' title='bbox 1981 891 2015 915; x_wconf 84' lang='lat' dir='ltr'>in-</span> 
     </span>
     <span class='ocr_line' id='line_1_31' title="bbox 1164 930 2015 962; baseline -0.001 -7"><span class='ocrx_word' id='word_1_231' title='bbox 1164 931 1310 962; x_wconf 61' lang='lat' dir='ltr'>clamentiae,</span> <span class='ocrx_word' id='word_1_232' title='bbox 1327 933 1353 955; x_wconf 76' lang='lat' dir='ltr'>ui</span> <span class='ocrx_word' id='word_1_233' title='bbox 1371 931 1502 955; x_wconf 76' lang='lat' dir='ltr'>intercedas</span> <span class='ocrx_word' id='word_1_234' title='bbox 1516 937 1564 961; x_wconf 75' lang='lat' dir='ltr'>pro</span> <span class='ocrx_word' id='word_1_235' title='bbox 1576 937 1613 955; x_wconf 84' lang='lat' dir='ltr'>me</span> <span class='ocrx_word' id='word_1_236' title='bbox 1624 932 1758 961; x_wconf 77' lang='lat' dir='ltr'>peccatore,</span> <span class='ocrx_word' id='word_1_237' title='bbox 1778 930 1871 961; x_wconf 73' lang='lat' dir='ltr'>famulo</span> <span class='ocrx_word' id='word_1_238' title='bbox 1889 932 1943 959; x_wconf 76' lang='lat' dir='ltr'>tuo,</span> <span class='ocrx_word' id='word_1_239' title='bbox 1961 932 2015 954; x_wconf 78' lang='lat' dir='ltr'>ante</span> 
     </span>
     <span class='ocr_line' id='line_1_32' title="bbox 1165 970 2016 1001; baseline -0.002 -6"><span class='ocrx_word' id='word_1_240' title='bbox 1165 973 1315 1001; x_wconf 70' lang='lat' dir='ltr'>conspectam</span> <span class='ocrx_word' id='word_1_241' title='bbox 1327 971 1383 994; x_wconf 78' lang='lat' dir='ltr'>Filii</span> <span class='ocrx_word' id='word_1_242' title='bbox 1394 971 1442 1000; x_wconf 73' lang='lat' dir='ltr'>iai,</span> <span class='ocrx_word' id='word_1_243' title='bbox 1461 972 1489 994; x_wconf 78' lang='lat' dir='ltr'>ut</span> <span class='ocrx_word' id='word_1_244' title='bbox 1503 970 1621 1000; x_wconf 83' lang='lat' dir='ltr'>perhanc</span> <span class='ocrx_word' id='word_1_245' title='bbox 1632 971 1742 994; x_wconf 78' lang='lat' dir='ltr'>sanctam</span> <span class='ocrx_word' id='word_1_246' title='bbox 1759 970 1950 993; x_wconf 69' lang='lat' dir='ltr'>intercessionem</span> <span class='ocrx_word' id='word_1_247' title='bbox 1963 976 2016 993; x_wconf 81' lang='lat' dir='ltr'>con-</span> 
     </span>
     <span class='ocr_line' id='line_1_33' title="bbox 1165 1008 2016 1039; baseline -0.002 -5"><span class='ocrx_word' id='word_1_248' title='bbox 1165 1010 1232 1035; x_wconf 80' lang='lat' dir='ltr'>cedat</span> <span class='ocrx_word' id='word_1_249' title='bbox 1247 1010 1308 1034; x_wconf 76' lang='lat' dir='ltr'>milii</span> <span class='ocrx_word' id='word_1_250' title='bbox 1322 1012 1377 1034; x_wconf 78' lang='lat' dir='ltr'>ante</span> <span class='ocrx_word' id='word_1_251' title='bbox 1393 1012 1484 1039; x_wconf 77' lang='lat' dir='ltr'>tempus</span> <span class='ocrx_word' id='word_1_252' title='bbox 1501 1011 1524 1033; x_wconf 77' lang='lat' dir='ltr'>et</span> <span class='ocrx_word' id='word_1_253' title='bbox 1540 1009 1626 1033; x_wconf 77' lang='lat' dir='ltr'>horam</span> <span class='ocrx_word' id='word_1_254' title='bbox 1643 1008 1730 1033; x_wconf 78' lang='lat' dir='ltr'>mortis</span> <span class='ocrx_word' id='word_1_255' title='bbox 1741 1015 1807 1032; x_wconf 83' lang='lat' dir='ltr'>meae</span> <span class='ocrx_word' id='word_1_256' title='bbox 1815 1015 1908 1039; x_wconf 78' lang='lat' dir='ltr'>puram</span> <span class='ocrx_word' id='word_1_257' title='bbox 1920 1008 1948 1032; x_wconf 83' lang='lat' dir='ltr'>de</span> <span class='ocrx_word' id='word_1_258' title='bbox 1961 1014 2016 1039; x_wconf 79' lang='lat' dir='ltr'>pec-</span> 
     </span>
     <span class='ocr_line' id='line_1_34' title="bbox 1166 1048 2016 1079; baseline -0.002 -6"><span class='ocrx_word' id='word_1_259' title='bbox 1166 1049 1225 1073; x_wconf 77' lang='lat' dir='ltr'>catis</span> <span class='ocrx_word' id='word_1_260' title='bbox 1242 1049 1413 1079; x_wconf 81' lang='lat' dir='ltr'>confessionem</span> <span class='ocrx_word' id='word_1_261' title='bbox 1430 1050 1452 1072; x_wconf 79' lang='lat' dir='ltr'>et</span> <span class='ocrx_word' id='word_1_262' title='bbox 1467 1054 1551 1072; x_wconf 75' lang='lat' dir='ltr'>reram</span> <span class='ocrx_word' id='word_1_263' title='bbox 1562 1048 1730 1078; x_wconf 79' lang='lat' dir='ltr'>poenitentiam</span> <span class='ocrx_word' id='word_1_264' title='bbox 1742 1049 1828 1078; x_wconf 76' lang='lat' dir='ltr'>etpost</span> <span class='ocrx_word' id='word_1_265' title='bbox 1843 1049 1944 1071; x_wconf 81' lang='lat' dir='ltr'>mortem</span> <span class='ocrx_word' id='word_1_266' title='bbox 1961 1053 2016 1071; x_wconf 81' lang='lat' dir='ltr'>cum</span> 
     </span>
     <span class='ocr_line' id='line_1_35' title="bbox 1166 1086 2017 1118; baseline -0.002 -6"><span class='ocrx_word' id='word_1_267' title='bbox 1166 1089 1261 1113; x_wconf 81' lang='lat' dir='ltr'>Sanctis</span> <span class='ocrx_word' id='word_1_268' title='bbox 1277 1088 1328 1112; x_wconf 79' lang='lat' dir='ltr'>sais</span> <span class='ocrx_word' id='word_1_269' title='bbox 1344 1088 1418 1112; x_wconf 69' lang='lat' dir='ltr'>vitani</span> <span class='ocrx_word' id='word_1_270' title='bbox 1435 1090 1558 1112; x_wconf 76' lang='lat' dir='ltr'>aeternam</span> <span class='ocrx_word' id='word_1_271' title='bbox 1575 1089 1596 1111; x_wconf 73' lang='lat' dir='ltr'>el</span> <span class='ocrx_word' id='word_1_272' title='bbox 1613 1087 1722 1111; x_wconf 82' lang='lat' dir='ltr'>omnibus</span> <span class='ocrx_word' id='word_1_273' title='bbox 1739 1086 1847 1118; x_wconf 80' lang='lat' dir='ltr'>fidelibus</span> <span class='ocrx_word' id='word_1_274' title='bbox 1864 1086 1924 1111; x_wconf 81' lang='lat' dir='ltr'>vivis</span> <span class='ocrx_word' id='word_1_275' title='bbox 1943 1088 1966 1110; x_wconf 82' lang='lat' dir='ltr'>et</span> <span class='ocrx_word' id='word_1_276' title='bbox 1981 1086 2017 1110; x_wconf 87' lang='lat' dir='ltr'>de-</span> 
     </span>
     <span class='ocr_line' id='line_1_36' title="bbox 1165 1126 2017 1159; baseline -0.004 -8"><span class='ocrx_word' id='word_1_277' title='bbox 1165 1128 1253 1159; x_wconf 70' lang='lat' dir='ltr'>functis</span> <span class='ocrx_word' id='word_1_278' title='bbox 1278 1128 1351 1152; x_wconf 67' lang='lat' dir='ltr'>vitam</span> <span class='ocrx_word' id='word_1_279' title='bbox 1369 1129 1390 1151; x_wconf 78' lang='lat' dir='ltr'>ei</span> <span class='ocrx_word' id='word_1_280' title='bbox 1406 1127 1513 1158; x_wconf 78' lang='lat' dir='ltr'>requiem</span> <span class='ocrx_word' id='word_1_281' title='bbox 1534 1127 1712 1157; x_wconf 77' lang='lat' dir='ltr'>sempiternam.</span> <span class='ocrx_word' id='word_1_282' title='bbox 1737 1128 1820 1150; x_wconf 80' lang='lat' dir='ltr'>Amen.</span> <span class='ocrx_word' id='word_1_283' title='bbox 1840 1126 1897 1150; x_wconf 92' lang='lat' dir='ltr'>Cod.</span> <span class='ocrx_word' id='word_1_284' title='bbox 1914 1126 1934 1149; x_wconf 85' lang='grc' dir='ltr'><strong>Α</strong></span> <span class='ocrx_word' id='word_1_285' title='bbox 1952 1132 2017 1154; x_wconf 87' lang='lat' dir='ltr'>prae-</span> 
     </span>
     <span class='ocr_line' id='line_1_37' title="bbox 1166 1166 2016 1196; baseline -0.002 -6"><span class='ocrx_word' id='word_1_286' title='bbox 1166 1171 1200 1191; x_wconf 86' lang='lat' dir='ltr'>ter</span> <span class='ocrx_word' id='word_1_287' title='bbox 1217 1168 1295 1190; x_wconf 82' lang='lat' dir='ltr'>solitas</span> <span class='ocrx_word' id='word_1_288' title='bbox 1320 1168 1379 1190; x_wconf 81' lang='lat' dir='ltr'>duas</span> <span class='ocrx_word' id='word_1_289' title='bbox 1403 1167 1518 1190; x_wconf 77' lang='lat' dir='ltr'>orationes</span> <span class='ocrx_word' id='word_1_290' title='bbox 1540 1167 1617 1189; x_wconf 84' lang='lat' dir='ltr'>adhuc</span> <span class='ocrx_word' id='word_1_291' title='bbox 1633 1166 1749 1196; x_wconf 83' lang='lat' dir='ltr'>quosdam</span> <span class='ocrx_word' id='word_1_292' title='bbox 1767 1172 1849 1189; x_wconf 80' lang='lat' dir='ltr'>versus</span> <span class='ocrx_word' id='word_1_293' title='bbox 1861 1168 1883 1188; x_wconf 82' lang='lat' dir='ltr'>et</span> <span class='ocrx_word' id='word_1_294' title='bbox 1894 1166 1950 1188; x_wconf 83' lang='lat' dir='ltr'>alias</span> <span class='ocrx_word' id='word_1_295' title='bbox 1967 1172 2016 1188; x_wconf 85' lang='lat' dir='ltr'>ora-</span> 
     </span>
     <span class='ocr_line' id='line_1_38' title="bbox 1166 1207 1370 1235; baseline -0.005 -5"><span class='ocrx_word' id='word_1_296' title='bbox 1166 1208 1240 1230; x_wconf 82' lang='lat' dir='ltr'>tiones</span> <span class='ocrx_word' id='word_1_297' title='bbox 1257 1207 1370 1235; x_wconf 85' lang='lat' dir='ltr'>adiungit.</span> 
     </span>
    </p>
   </div>
  </div>
 </body>
</html>
