2133 3317
137 989 174 1008 Gre
188 989 239 1008 orius

183 1018 210 1031 az.

130 1413 247 1432 Ambrosius.

119 1932 200 1951 Additur
211 1937 254 1951 cau-

166 1956 210 1974 tela.

262 245 319 274 292

263 334 355 360 suam,
378 329 405 354 et
419 324 606 353 abundantius
627 330 707 351 suam
723 321 862 358 recipiunt
884 319 1114 353 consolationem

263 374 389 403 similiter
411 372 506 401 amicis
527 373 608 408 egent
629 373 656 398 et
677 370 742 407 ipsi,
768 372 800 397 ut
820 368 848 396 in
876 368 966 396 aliena
987 366 1115 395 taberna—

263 421 325 450 cula
346 419 532 456 recipiantur,
548 420 644 455 utpote
659 416 773 453 propria
790 424 845 444 non
868 414 1008 443 habentes.
1033 412 1117 442 Beati

263 468 336 497 enim
364 474 510 504 pauperes
530 465 658 502 spiritu,
684 463 826 502 quoniam
847 462 982 499 ipsorum
1009 464 1052 488 est
1070 468 1115 488 re-

262 523 355 552 91111111
376 512 524 541 caelorum
540 524 567 540 ».
583 512 654 540 Haec
669 509 835 539 Bernardus.
847 526 887 529 —
901 508 974 537 Idem
989 514 1114 545 quoque,

263 560 431 598 quibusdam
446 558 633 596 interpositis,
655 557 786 587 subditl:
814 556 947 585 «Utinam
962 555 990 583 in
1012 554 1115 583 duode-

263 608 316 637 cim
338 615 412 636 unus
431 606 512 636 hodie
533 606 645 639 Petrus,
660 612 747 638 unus,
769 603 817 641 qui
839 602 991 641 reliquerit
1004 601 1115 635 cannia,

263 662 353 689 unus,
375 654 422 691 qui
444 653 543 682 loculis
563 654 671 686 careat,
694 651 860 680 inveniatur.
889 650 1008 679 Utinam
1032 657 1115 685 sape—

262 711 323 736 res,
339 702 437 736 miser,
452 705 479 730 et
491 700 677 738 intelligeres,
699 707 763 728 cum
786 699 919 727 thesauro
934 696 1068 734 pecuniae
1089 698 1116 724 et

264 751 429 779 thesaurum
450 749 508 777 irae
523 748 627 785 pariter
649 746 801 780 cuniulari;
816 745 934 774 utinam
954 743 1117 772 novissima

261 798 448 835 provideres,
470 795 719 828 animadverteres,
741 793 820 822 facile
841 800 891 830 per
906 792 1030 820 foramen
1049 797 1116 819 acus

265 845 433 874 transituros
448 852 503 872 non
518 842 679 872 divitiarum
696 841 824 870 cumulos
835 841 855 874 2,
871 839 919 869 sed
940 839 1115 867 delictorum.

265 892 345 922 Nihil
366 892 444 920 enim
464 890 619 919 intulimus
641 889 673 918 iu
688 888 765 917 huuc
786 888 947 921 uiitiidimi,
970 885 1051 914 aazia
1067 885 1118 913 du-

264 941 361 974 bium,
390 940 462 978 quia
490 946 541 967 nee
569 936 692 974 auferre
716 937 880 974 poterimus
911 933 1116 973 quidquam».

264 989 413 1024 Hucusque
435 985 600 1015 Bernardus.
618 1001 655 1004 ——
674 984 723 1012 Cui
746 986 773 1012 et
793 982 944 1019 Gregorius
973 980 1118 1009 Nazianze-

265 1044 318 1065 nus
339 1034 488 1064 concordat
508 1034 536 1061 in
565 1032 684 1069 quodam
707 1038 835 1060 sermone
861 1032 958 1058 contra
987 1035 1117 1065 persecu-

265 1086 339 1112 tores
360 1080 519 1110 Ecclesiae³
541 1080 674 1116 loquens:
701 1090 714 1103 «
730 1077 782 1106 Sed
796 1077 991 1110 facultatibus,
1013 1075 1117 1112 inquit,

266 1129 479 1159 defraudabunt.
502 1127 633 1164 Quibus?
655 1126 746 1154 Meis?
768 1124 819 1153 Sed
840 1124 948 1153 facilius
971 1122 1037 1151 1111111
1060 1122 1118 1150 0105

264 1176 441 1210 abseindent,
464 1182 534 1212 quas
556 1182 609 1202 non
632 1173 729 1201 habeo.
752 1172 778 1200 Si
794 1174 888 1199 autem
909 1168 1117 1201 ecclesiasticis,

265 1225 317 1253 hoc
339 1223 436 1260 utique
458 1225 514 1256 est,
538 1229 588 1258 pro
610 1229 666 1257 quo
687 1219 778 1248 omnis
799 1226 893 1255 pugna
914 1220 941 1246 et
962 1224 1043 1245 omne
1058 1223 1117 1244 cer—

265 1275 355 1300 tamen
378 1273 427 1299 est.
450 1270 488 1297 An
510 1269 687 1306 ignoramus,
710 1266 783 1304 quod
806 1274 856 1302 per
878 1264 1012 1302 pecuniae
1040 1263 1117 1299 cupi-

265 1319 377 1347 ditatem
403 1321 430 1346 et
451 1317 607 1345 loculorum
630 1314 756 1343 fraudem
778 1313 811 1341 ad
834 1312 1017 1349 proditionem
1033 1310 1118 1347 profi-

266 1366 339 1395 citur
368 1364 470 1393 Christi
494 1366 524 1391 n?
546 1363 615 1391 Haec
637 1361 832 1390 Nazianzenus.
849 1359 939 1387 —Ad
962 1359 1013 1387 hoc
1034 1357 1116 1386 etiam

265 1414 330 1442 facit
358 1412 433 1450 quod
464 1411 530 1439 dicit
556 1409 716 1438 Ambrosius
748 1408 774 1436 in
807 1407 879 1435 libro
910 1406 944 1435 de
975 1405 1116 1433 Officiis4:

269 1473 282 1486 «
298 1461 349 1497 Qui
372 1459 515 1496 Apostolos
540 1458 599 1486 sine
620 1464 690 1485 auro
719 1455 793 1484 misit
814 1454 943 1483 ecclesias
965 1453 1024 1481 siue
1048 1460 1118 1481 auro

264 1506 441 1545 congregavit
463 1516 497 1540 »3
529 1508 556 1533 et
588 1503 729 1533 iterumfi:
756 1502 835 1538 «Qui
868 1501 1023 1538 plurimum
1056 1499 1116 1527 auri

264 1554 385 1592 possidet
407 1562 461 1582 non
490 1551 625 1585 abundat,
655 1550 720 1588 quia
749 1549 817 1577 nihil
839 1551 896 1582 est,
925 1546 1060 1584 quidquid
1090 1546 1116 1574 in

264 1601 374 1631 saeculo
396 1604 455 1635 est;
472 1603 499 1629 et
520 1600 566 1636 qui
584 1599 718 1635 exiguum
742 1597 826 1625 habet
845 1604 900 1624 000
923 1594 1036 1628 minuit,
1053 1594 1119 1631 quia

264 1649 333 1678 nihil
355 1651 409 1682 est,
431 1647 506 1685 quod
527 1646 643 1680 amittit;
666 1653 711 1674 res
732 1645 791 1673 sine
812 1643 955 1680 dispendio
970 1645 1024 1675 est,
1047 1649 1118 1678 quae

264 1699 320 1725 tota
341 1695 516 1733 dispendium
538 1696 621 1723 est».

346 1744 388 1771 18.
412 1743 453 1770 Ex
476 1742 519 1770 his
534 1741 607 1769 clare
624 1742 711 1777 patet,
727 1742 887 1767 sanctorum
903 1737 1053 1765 Doctorum
1071 1743 1115 1764 cu-

265 1799 325 1819 ram
346 1790 432 1818 fuisse
454 1788 632 1826 praecipuam
655 1795 710 1815 uon
732 1785 765 1814 ad
788 1791 1034 1822 quarumcumque
1056 1790 1119 1819 pos-

265 1838 418 1867 sessionum
441 1843 564 1865 amorem
579 1835 703 1868 allicere,
723 1832 770 1862 sed
786 1832 878 1869 potius
899 1831 1028 1867 exemplo
1043 1829 1120 1858 Chri-

266 1886 300 1914 sti
315 1888 343 1914 et
362 1884 557 1921 Apostolorum
572 1882 606 1911 ad
628 1888 725 1910 earum
741 1882 931 1916 contemptum
957 1884 1118 1914 provocare.

267 1949 303 1953 -—
319 1932 373 1960 Nec
395 1935 486 1959 tamen
509 1938 544 1959 ex
568 1930 610 1958 his
632 1928 765 1964 intelligat
786 1926 901 1963 aliquis,
931 1925 1005 1962 quod
1033 1925 1119 1953 eccle-

267 1980 376 2009 siastica
397 1979 469 2007 bona
484 1986 533 2015 per
558 1976 671 2005 modum
694 1974 898 2012 dilapidationis
917 1973 972 2002 sint
994 1972 1120 2001 habenda

267 2026 454 2063 contemptui,
476 2025 606 2062 quoniam
635 2024 689 2052 hoc
710 2022 781 2051 sacri
808 2021 953 2050 Canones⁶
977 2020 1118 2055 inhibent,

735 239 933 268 OPUSCULUM
953 240 996 268 XI.
1018 239 1180 269 APOLOGIA
1200 240 1383 270 PAUPERUM.
1405 240 1473 269 CAP.
1496 240 1560 269 vul.

1173 319 1220 348 sed
1242 319 1316 357 quod
1337 328 1353 348 a
1373 319 1500 356 personis
1517 327 1573 347 000
1594 319 1712 356 alligatis
1727 327 1812 348 curae
1833 320 1962 356 pastorali
1978 328 2021 349 ra-

1173 367 1247 396 tione
1277 367 1390 395 maioris
1426 367 1583 396 securitatis
1614 366 1672 396 sive
1704 366 1880 403 perfectionis
1914 367 2022 397 valeant

1173 422 1224 451 pro
1245 414 1348 443 Christi
1369 422 1464 443 amore
1488 413 1602 448 dimitti,
1631 416 1659 442 et
1680 416 1712 442 ut
1732 414 1761 442 hi
1790 414 1893 451 quibus
1913 414 2022 452 dispen-

1173 462 1242 490 satio
1263 462 1388 499 ipsorum
1404 462 1600 496 committitur,
1623 462 1662 490 eis
1684 470 1755 499 quae
1769 461 1942 498 dispensant,
1961 462 2023 490 nul-

1173 509 1282 537 latenus
1309 509 1459 545 alligentur
1484 508 1593 537 affectu.
1623 508 1670 537 Hic
1701 511 1810 542 autem,
1839 512 1871 537 01
1907 509 2022 537 affluen-

1173 555 1238 584 tiam
1260 564 1345 592 opum
1367 555 1464 584 reddat
1484 555 1645 590 amabilem,
1668 559 1799 592 tanquam
1815 563 1874 584 rem
1895 556 2023 585 sanctita-

1173 603 1208 632 tis
1229 603 1349 632 eximiae
1371 603 1397 631 in
1421 603 1586 631 rcttioaalffl
1608 602 1744 631 Ecclesiae
1759 602 1888 637 collocat,
1910 610 1947 631 ex
1968 611 2023 640 quo

1172 650 1306 679 iudicium
1328 658 1391 679 cnm
1413 650 1530 678 veritate
1551 649 1729 686 resplendere
1753 649 1873 683 solebat,
1899 657 1962 678 cum
1984 653 2024 679 ta-

1173 706 1234 726 men
1258 698 1326 726 haec
1347 705 1398 726 sua
1412 697 1538 725 doctrina
1553 697 1627 725 omni
1649 699 1742 725 careat
1763 696 1868 725 ratione
1889 697 1982 726 iudicii
1998 700 2024 726 et

1174 744 1339 774 rectitudine
1360 744 1493 773 veritatis.
1516 761 1555 764 —
1574 743 1662 781 Fingit
1683 743 1763 772 etiam
1786 742 2025 780 superhumerale

1173 792 1326 830 quoddam,
1349 791 1422 829 quod
1452 791 1517 820 huic
1539 791 1720 819 irrationabili
1744 799 1811 819 suae
1838 791 1999 828 phantasiae
2013 791 2024 809 ⁸

1173 842 1297 876 coaptat,
1326 838 1467 867 adducens
1488 838 1514 866 in
1543 837 1666 866 medium
1694 837 1839 866 duodecim
1868 837 1942 866 viros
1963 845 2024 866 sau-

1173 889 1232 915 ctos
1263 889 1347 923 atque
1375 885 1522 922 probatos,
1551 885 1599 922 qui
1627 884 1660 913 de
1691 887 1765 913 statu
1793 884 1965 921 paupertatis
1991 884 2026 913 ad

1173 933 1371 970 dispensandas
1392 932 1502 961 divitias
1522 932 1638 961 assumti
1660 931 1793 965 fuerunt,
1819 931 1932 960 beatum
1954 931 2025 960 scili-

1174 984 1217 1010 cet
1237 981 1423 1014 Clementem,
1446 980 1626 1013 Silvestrum,
1642 979 1820 1016 Gregorium,
1843 979 2024 1016 Cyprianum,

1174 1027 1323 1061 Hilarium,
1346 1027 1493 1061 Basilium,
1516 1026 1759 1063 Chrysostomum,
1788 1026 1952 1060 Martinum,
1981 1026 2026 1054 Ni-

1174 1075 1299 1109 colaum,
1322 1074 1482 1108 Paulinum,
1504 1074 1689 1111 Augustinum
1715 1076 1742 1102 et
1763 1073 1934 1107 Anselmum,
1957 1081 2025 1110 quo-

1174 1130 1237 1150 rum
1266 1121 1396 1158 exempla
1423 1124 1554 1158 coaptans
1582 1129 1633 1149 suo
1654 1120 1760 1154 errori,
1789 1120 1817 1148 in
1845 1120 2025 1157 sequentibus

1174 1169 1283 1198 subdit:
1310 1180 1323 1193 «
1340 1169 1384 1197 Isti
1407 1172 1472 1197 sunt
1493 1168 1638 1197 duodecim
1661 1168 1783 1196 filiorum
1799 1167 1881 1196 lsrael
1902 1167 2025 1202 nomina,

1174 1217 1218 1245 isti
1241 1219 1306 1245 sunt
1327 1216 1411 1245 vittae
1437 1215 1632 1252 hyacinthinae
1653 1218 1680 1244 et
1701 1215 1844 1244 catenulae
1865 1214 2024 1243 0010009».

1175 1264 1237 1292 Post
1259 1271 1330 1300 quae
1358 1263 1451 1291 addit:
1479 1274 1492 1287 <r
1507 1263 1560 1291 Ista
1580 1266 1622 1291 est
1643 1262 1769 1291 doctrina
1796 1261 1949 1295 dominica,
1972 1265 2026 1290 sta-

1174 1313 1235 1339 tuto
1250 1310 1442 1347 Apostolorum
1459 1309 1633 1345 [erosolymis
1648 1309 1762 1338 solidata
1773 1309 1806 1343 ¹⁰,
1828 1317 1844 1337 a
1859 1308 1960 1337 sanctis
1978 1308 2026 1337 do-

1175 1357 1300 1386 ctoribus
1314 1357 1457 1394 exposita,
1479 1365 1495 1384 a
1509 1356 1639 1393 perfectis
1653 1356 1754 1385 Christi
1777 1355 1964 1384 imitatoribus
1978 1355 2026 1384 ob-

1175 1408 1300 1439 servata,
1322 1412 1376 1432 non
1399 1407 1430 1432 ut
1452 1403 1521 1432 nihil
1543 1403 1570 1431 in
1592 1403 1750 1437 communi,
1772 1407 1821 1431 aut
1842 1403 1955 1439 proprIO
1978 1403 2026 1431 ha-

1174 1452 1305 1486 beretur,
1328 1451 1375 1480 sed
1396 1455 1441 1485 111,
1463 1454 1557 1488 spreta
1578 1451 1760 1487 proprietate,
1782 1450 1919 1479 bonorum
1937 1450 2026 1479 Eccle-

1175 1499 1231 1528 siae
1253 1499 1437 1528 communitas
1453 1502 1622 1527 servaretur.
1645 1498 1670 1526 Si
1686 1498 1766 1526 aliter
1787 1497 1928 1532 docueris,
1944 1505 2025 1532 cave,

1175 1555 1209 1575 ne
1231 1546 1296 1580 fias,
1326 1545 1480 1574 secundum
1510 1546 1685 1582 Apostolum,
1709 1544 1880 1578 anatliema,
1909 1545 1983 1582 quod
2011 1553 2027 1573 a

1174 1593 1235 1621 viro
1256 1593 1328 1621 absit
1342 1592 1493 1626 catholico,
1516 1593 1562 1629 qui
1583 1592 1676 1629 puniri
1693 1595 1803 1621 recusat
1824 1600 1888 1620 cum
1903 1594 2026 1628 apostata
2038 1605 2062 1624 se
2074 1607 2130 1624 moa:

2042 1628 2102 1652 ignora
2112 1634 2125 1648 m

2043 1654 2062 1671 et
2072 1652 2102 1677 im]
2112 1657 2125 1672 n.

1176 1640 1280 1668 iuliano
1296 1652 1322 1668 ».
1346 1640 1416 1668 Haec
1437 1639 1523 1669 verba
1545 1640 1647 1676 ipsius;
1670 1639 1697 1668 in
1713 1639 1815 1676 quibus
1837 1642 1864 1668 et
1885 1639 2026 1676 191101011-

1175 1691 1230 1715 tem
1252 1695 1280 1716 se
1302 1695 1362 1715 esse
1384 1687 1555 1716 demonstrat
1576 1690 1603 1715 et
1624 1687 1757 1724 impium.

2047 744 2104 771 1111111

2054 780 2102 795 versa

1258 1736 1301 1763 19.
1324 1735 1378 1763 Nisi
1401 1735 1474 1763 euim
1497 1735 1607 1772 iiiipius
1628 1738 1713 1768 esset,
1735 1742 1878 1771 nunquam
1906 1734 1939 1763 de
1961 1742 2025 1771 pro·
2041 1738 2102 1762 lmpiu:

1175 1782 1328 1811 sessoribus
1350 1782 1533 1819 paupertatis,
1556 1782 1582 1810 in
1605 1790 1661 1819 qua
1683 1781 1751 1810 011111
1773 1781 1892 1810 habetur
1914 1781 1941 1809 in
1963 1789 2027 1818 pro-

1175 1830 1250 1867 prio,
1273 1830 1317 1858 vel
1339 1830 1494 1864 communi,
1518 1829 1649 1858 sensisset
1670 1833 1726 1857 tam
1742 1828 1837 1865 impie,
1860 1831 2027 1857 010051011-

1176 1885 1259 1914 quam
1282 1877 1436 1905 haereticos
1458 1876 1606 1905 iudicasset
1630 1874 1789 1904 ctricttliema
1810 1884 1869 1904 esse
1897 1884 1917 1904 a
1944 1874 2027 1904 Clu-i-

1174 1929 1218 1952 sto
1232 1925 1262 1952 ¹¹.
1285 1925 1345 1961 Qua
1360 1924 1472 1961 quidem
1491 1924 1662 1961 blasphemia
1686 1932 1741 1952 11011
1756 1923 1846 1952 5011101
1862 1923 1912 1952 1105
1926 1922 2028 1952 Christi

1176 1980 1329 2009 pauperes,
1352 1971 1398 2000 sed
1421 1974 1448 2000 et
1469 1972 1616 2000 Romanam
1640 1971 1788 2000 Ecclesiam
1813 1970 1935 2007 impetit,
1957 1978 2028 2007 quae

1176 2019 1252 2048 hunc
1272 2019 1381 2048 vivendi
1397 2019 1511 2047 modum
1526 2018 1689 2056 approbavit
1701 2019 1733 2046 ¹2.
1751 2018 1878 2055 Insuper,
1894 2020 1921 2047 et
1934 2017 2028 2046 beatos

266 2196 349 2220 00111111
361 2197 382 2218 111
398 2197 442 2218 1100
453 2195 545 2218 sacculo
556 2194 611 2225 ficri
620 2193 701 2217 divites
715 2192 739 2222 [Ι.
752 2193 811 2215 Tim.
824 2193 850 2219 6,
864 2192 907 2221 9.];
919 2192 1033 2218 similiter,
1048 2191 1119 2213 immo

267 2239 289 2259 et
301 2235 457 2258 abuudantius
468 2241 535 2257 suam
553 2234 589 2256 hic
608 2233 751 2261 praeripiunt
763 2232 944 2254 consolationem
962 2230 1015 2260 [cir.
1027 2232 1080 2253 Luc.
1095 2231 1118 2259 6,

267 2275 321 2304 21].
338 2274 538 2297 51011111010011015
556 2276 625 2301 egent.
642 2275 664 2294 01
681 2272 737 2300 ipsi,
756 2274 779 2294 ut
797 2272 818 2293 in
831 2271 903 2293 ahena
922 2271 1001 2293 saltem
1016 2270 1119 2293 taberna-

267 2316 316 2337 cula
335 2315 502 2342 suscipiantur,
521 2315 599 2341 utpote
615 2312 709 2340 propria
721 2318 768 2333 non
781 2310 899 2333 habentes.
912 2310 978 2334 Beati
988 2310 1049 2332 enim
1060 2316 1119 2339 priu-

265 2360 333 2384 peres
350 2353 438 2383 spirim
455 2352 545 2382 [Matth.
563 2352 589 2379 5,
608 2351 639 2380 3.]
658 2355 699 2373 etc.
719 2352 760 2373 Pro
778 2350 926 2380 recipiantur
943 2351 959 2372 A
972 2350 986 2371 Β
997 2349 1012 2372 C
1023 2350 1068 2371 DG
1086 2355 1119 2371 re-

267 2393 409 2423 cipe-entur.

331 2432 338 2445 ¹
357 2434 409 2455 Loc.
428 2432 464 2455 cit.
484 2432 544 2454 XlV.
561 2438 583 2453 n.
606 2431 643 2452 16:
664 2431 747 2453 Nonne
764 2435 818 2459 eqo,
836 2429 911 2457 iuquit
929 2429 1002 2457 [loen.
1022 2429 1048 2456 6,
1060 2427 1119 2457 71],

267 2478 308 2495 vos
326 2471 447 2495 duodecim
467 2470 537 2500 eleas,
555 2471 575 2493 r!
592 2476 656 2492 1111115
674 2476 705 2492 ear
721 2468 785 2492 'vobis
799 2467 907 2491 diabolus
925 2469 975 2490 est?
993 2467 1083 2490 Utinam
1097 2467 1118 2489 in

268 2511 393 2534 duodecim
410 2514 452 2533 etc.
472 2510 575 2532 Subinde
593 2509 715 2537 respicitur
740 2509 817 2530 Matth.
835 2508 876 2534 19,
902 2507 944 2535 27,
962 2512 983 2529 et
1008 2507 1120 2534 allegatur

267 2552 333 2573 Dent.
352 2551 392 2578 32,
406 2550 448 2572 29:
460 2550 551 2572 Utinam
569 2551 677 2577 saperent
688 2551 710 2570 et
728 2548 879 2575 intelligerent
891 2552 917 2569 ac
929 2546 1057 2569 novissima
1069 2552 1120 2574 pro-

268 2591 385 2614 viderent!

330 2628 339 2641 '³
358 2628 402 2651 Cir.
420 2629 498 2651 Matth.
516 2628 558 2654 19,
577 2627 614 2649 24.
631 2639 662 2643 —-
680 2626 790 2655 Sequitur
808 2626 822 2648 1.
840 2626 901 2648 Tim.
919 2626 944 2654 6,
961 2625 983 2648 7.

331 2667 340 2680 ³
358 2668 420 2691 Orat.
437 2668 474 2689 26,
492 2674 514 2689 11.
543 2667 576 2689 16.
595 2666 659 2695 (01105
682 2667 719 2688 28.
737 2673 757 2688 n.
777 2665 813 2688 44.
829 2665 896 2694 seq).
914 2664 958 2687 Cir.
978 2670 1048 2692 supra
1066 2670 1121 2692 pag.

268 2708 326 2734 277,
344 2710 396 2729 nota
415 2708 442 2735 3,
463 2708 568 2734 respectu
591 2706 658 2728 cuius
680 2705 842 2732 adiungimus,
865 2704 929 2733 quod
951 2706 1039 2726 exstant
1061 2704 1121 2726 duae

268 2746 427 2777 apologeticae
444 2747 559 2768 orationes
577 2745 648 2774 (Orat.
667 2746 688 2768 i.
702 2748 724 2767 et
736 2745 779 2773 2.),
792 2745 814 2766 111
827 2743 913 2773 quibus
930 2746 1007 2765 tamen
1025 2743 1121 2770 allegata

268 2787 378 2809 sententia
397 2792 442 2808 non
459 2785 580 2807 invenitur.
599 2786 622 2807 ln
646 2785 691 2807 fine
711 2784 865 2812 respleiuntur
884 2784 942 2805 ioan.
962 2783 1003 2810 112,
1022 2782 1046 2804 61
1064 2782 1121 2810 Quia

270 2825 354 2854 [Iudas]
373 2826 408 2847 sur
425 2828 474 2847 crat
490 2827 512 2847 et
528 2825 616 2847 loculos
633 2823 721 2846 habens
738 2826 793 2851 ete,
811 2825 833 2845 et
850 2823 926 2845 Matth.
943 2823 983 2849 26,
1005 2823 1043 2845 15:
1062 2821 1122 2850 Quid

268 2864 337 2886 vultis
355 2864 411 2885 mihi
427 2863 496 2891 dare,
514 2866 536 2885 et
553 2869 597 2891 ego
610 2862 677 2885 vobis
689 2868 742 2885 eum
759 2862 863 2884 tradam?
876 2862 903 2883 At
915 2861 944 2883 illi
957 2860 1123 2883 constituerunt

268 2903 290 2924 ei
307 2902 398 2930 triginta
417 2906 546 2930 argenteos.

332 2941 341 2954 4
359 2941 420 2964 Libr.
438 2942 462 2964 ll.
479 2948 498 2963 c.
517 2942 554 2963 28.
573 2948 593 2963 n.
614 2941 665 2963 1137.
687 2941 817 2968 Respicitur
839 2941 916 2963 Matth.
938 2941 976 2967 10,
997 2941 1026 2962 9:
1050 2939 1121 2962 Nolite

270 2981 388 3009 possidere
406 2987 488 3003 aurum
506 2983 548 3003 etc.

333 3019 342 3032 ⁵
358 3019 420 3042 Libr.
438 3021 451 3042 1.
465 3026 485 3042 0.
502 3020 539 3042 30.
551 3026 574 3041 n.
591 3019 644 3045 154,
662 3019 701 3041 ubi
714 3019 835 3047 exponitur
848 3020 872 3041 ll.
889 3018 941 3041 Cor.
955 3018 1035 3045 &1152
1053 3026 1064 3037 ιι
1077 3017 1120 3046 Qui

269 3060 381 3086 multum,
404 3065 449 3081 non
472 3058 612 3085 abundarit;
635 3062 657 3080 et
674 3059 714 3087 qui
737 3059 868 3085 modicum,
894 3064 941 3080 non
963 3057 1119 3079 minoravit».

1176 2191 1308 2219 Respicitur
1324 2191 1346 2212 in
1365 2190 1399 2212 his
1418 2190 1486 2212 Exod.
1505 2190 1542 2217 16,
1563 2190 1600 2211 18;
1612 2189 1658 2211 Nec
1670 2189 1709 2218 qui
1722 2189 1773 2217 plus
1787 2188 1888 2217 [manna]
1905 2189 2029 2216 collegerat

1178 2230 1258 2252 habuit
1276 2230 1388 2258 amplius,
1406 2235 1449 2252 nce
1466 2230 1504 2258 qui
1523 2229 1600 2251 minus
1618 2232 1740 2256 paraverat
1757 2228 1843 2256 reperit
1859 2229 1944 2250 minus.

1239 2268 1248 2281 ⁵
1265 2269 1309 2291 Cir.
1328 2269 1395 2292 Caus.
1417 2270 1451 2291 12.
1468 2275 1492 2297 q.
1510 2269 1531 2290 2.
1549 2274 1590 2296 per
1612 2270 1696 2295 totam,
1714 2269 1737 2290 111
1755 2274 1800 2297 qua
1818 2267 1935 2290 inhibetur
1947 2268 2029 2290 aliena-

1176 2309 1207 2331 tio
1225 2315 1302 2331 rerum
1321 2309 1479 2331 ecclesiarum.

1240 2347 1248 2360 ¹
1267 2349 1397 2376 Respicitur
1409 2348 1478 2370 Exod.
1490 2348 1526 2375 28,
1538 2347 1564 2369 4:
1576 2348 1637 2369 Haec
1649 2350 1725 2369 autem
1736 2350 1802 2369 erunt
1815 2347 1959 2373 vestimenta,
1968 2352 2029 2375 quae

1177 2388 1258 2410 sacient
1276 2388 1367 2417 [Aaroni
1386 2391 1405 2409 et
1425 2387 1475 2409 tiliis
1492 2387 1564 2416 eius]:
1583 2387 1700 2409 Rationale
1723 2389 1744 2408 et
1761 2386 1953 2414 superhumerale
1969 2388 2027 2412 etc.;

1177 2434 1200 2449 r.
1219 2427 1259 2449 {52
1277 2427 1395 2448 Rationale
1407 2432 1501 2455 quoque
1519 2426 1596 2448 iudicii
1611 2426 1679 2447 iacies
1696 2428 1751 2451 eice,
1768 2432 1790 2447 v.
1809 2425 1850 2447 30:
1863 2425 1937 2447 Pones
1951 2427 2028 2447 autem

1177 2467 1199 2488 in
1217 2466 1320 2488 rationali
1339 2466 1417 2488 iudicii
1436 2466 1566 2488 Doctrinam
1585 2468 1607 2487 et
1624 2464 1749 2487 Veritatem
1767 2467 1809 2486 etc.
1827 2477 1856 2480 ——
1874 2464 1970 2486 inferius
1987 2469 2029 2491 pro

1176 2504 1327 2535 resplendere
1345 2505 1383 2533 (ita
1402 2506 1419 2527 A
1431 2505 1445 2526 B
1456 2504 1471 2527 C
1481 2505 1508 2533 G)
1527 2504 1581 2527 edd.
1595 2503 1742 2533 responderi.

1240 2543 1249 2557 ⁸
1267 2545 1318 2567 Yet.
1336 2551 1390 2567 cum
1409 2544 1446 2566 ed.
1465 2538 1481 2566 1
1494 2543 1543 2566 sire
1557 2542 1707 2573 phantasiae.

1240 2583 1250 2596 ⁹
1268 2584 1337 2607 Exod.
1348 2585 1385 2612 28,
1395 2584 1432 2606 21.
1442 2590 1507 2612 seqq.
1516 2583 1625 2605 rationale
1637 2582 1714 2605 iudicii
1727 2582 1793 2605 simili
1804 2581 1874 2604 modo
1884 2581 2029 2604 describitur.

1240 2622 1259 2636 ¹⁰
1276 2623 1321 2647 Csr.
1339 2624 1387 2646 Act.
1402 2623 1426 2650 4,
1439 2623 1482 2645 32:
1501 2623 1567 2645 «Nec
1579 2622 1702 2651 quisquam
1717 2627 1798 2644 eorum
1811 2627 1871 2650 quae
1884 2620 2028 2649 possidebat,

1178 2663 1265 2692 aliquid
1282 2669 1350 2685 suum
1368 2669 1419 2685 esse
1436 2662 1539 2689 dicebat,
1557 2662 1597 2684 sed
1620 2664 1685 2684 erant
1707 2661 1748 2683 illis
1766 2661 1845 2683 omnia
1862 2660 1994 2682 communia
2006 2668 2028 2682 u.

1179 2703 1282 2725 Subinde
1293 2702 1415 2730 respicitur
1431 2702 1478 2724 Gal.
1498 2702 1505 2723 1
1518 2719 1523 2728 ,
1542 2702 1568 2723 8;
1581 2701 1626 2723 Sed
1639 2701 1744 2723 11001005
1756 2703 1795 2722 aut
1807 2700 1908 2728 Angelus
1920 2699 1949 2722 de
1965 2700 2028 2722 caelo

1179 2742 1321 2770 evangelizet
1343 2741 1423 2768 vobis,
1441 2744 1603 2769 praeterquam
1629 2740 1693 2769 quod
1715 2739 1926 2768 evangelizavimus
1950 2738 2028 2767 vobis,

1179 2782 1301 2803 anathema
1319 2781 1347 2803 sit
1365 2780 1414 2809 (csr.
1430 2787 1454 2802 v.
1472 2780 1512 2807 9.).

1242 2820 1260 2832 ¹¹
1279 2821 1347 2842 Rom.
1365 2820 1389 2847 9,
1408 2820 1433 2846 3,
1450 2819 1502 2841 licet
1520 2818 1550 2840 ibi
1567 2819 1590 2840 in
1611 2818 1655 2840 alio
1672 2824 1741 2840 5011511
1760 2820 1896 2845 usurpetur:
1914 2815 2029 2844 Optabam

1179 2860 1241 2882 enim
1259 2866 1303 2887 ego
1321 2859 1370 2887 ipse
1387 2859 1508 2881 anathema
1527 2864 1577 2880 esse
1589 2864 1601 2880 a
1618 2856 1708 2880 Christo
1725 2863 1767 2885 pro
1786 2855 1894 2878 fratribus
1905 2855 1963 2878 meis
1974 2858 2028 2882 ete.;

1179 2900 1219 2922 ctr.
1237 2902 1288 2921 nota
1308 2898 1458 2927 praecedens.

1242 2936 1261 2950 ¹²
1279 2938 1395 2959 Honorius
1413 2937 1445 2959 111.
1462 2936 1576 2964 Regulam
1590 2936 1631 2958 FF.
1646 2936 1725 2957 Minor.
1736 2933 1869 2963 approbans
1881 2934 1924 2956 ait:
1937 2933 2029 2956 Ordinis

1178 2977 1248 2999 vestri
1266 2977 1379 3004 Regulam
1397 2982 1409 2997 a
1427 2975 1502 2997 bonae
1520 2975 1647 2997 memoriae
1667 2974 1798 2997 Innocentio
1816 2974 1877 3001 Papa
1894 2972 2029 3000 praedeces-

1178 3022 1230 3039 sore
1252 3018 1331 3038 uostro
1352 3015 1517 3043 approbatam,
1542 3018 1674 3037 annotatam
1699 3012 1870 3042 praesentibus,
1894 3011 2028 3034 auctoritate

1178 3055 1245 3077 robis
1263 3055 1387 3083 apostolica
1404 3054 1570 3076 confirmamus
1587 3056 1631 3076 etc.
