2133 3317
109 914 178 933 nostes
187 918 241 933 evan·

118 938 189 964 gelicae
197 943 241 961 pau-

118 963 205 985 pertatis.

108 2040 197 2067 Primum,
206 2040 238 2059 ad-

120 2069 199 2082 versarii
210 2069 239 2082 ai·-

120 2089 234 2110 gumentum.

259 207 315 235 286

261 284 432 313 discordaret
452 283 573 312 medium
595 282 630 311 ab
658 282 793 311 extremis
805 284 825 316 ¹,
854 284 910 310 tota
938 282 1025 319 ipsius
1054 282 1109 311 vita

260 331 386 359 caminus
417 329 588 367 paupertatis
618 329 678 358 fuit.
713 329 798 357 Huius
828 329 914 365 igitur
934 329 1106 358 invictissimi

259 377 338 405 ducis
358 376 482 405 nuditate
504 378 636 412 tanquam
664 378 807 404 armatura
835 375 998 404 circumdati
1026 379 1052 404 et
1080 375 1108 404 in

722 204 919 233 OPUSCULUM
942 204 984 233 XI.
1006 204 1168 233 APOLOGIA
1189 205 1371 234 PAUPERUM.
1393 205 1461 234 CAP.
1483 205 1547 234 VIII.

1165 290 1197 311 eo
1218 283 1276 312 solo
1291 286 1434 320 sperantes
1444 306 1451 318 ‚
1467 283 1514 320 qui
1529 283 1567 311 ait
1579 283 1604 310 2;
1623 282 1779 320 Considiae,
1794 292 1844 321 690
1859 284 1917 313 vici
1929 293 2013 313 mim-

1165 330 1253 364 dum,
1282 330 1309 358 in
1341 330 1428 367 ipsius
1449 329 1580 367 pauperis
1601 329 1734 359 Crucifixi
1763 330 1873 359 nomine
1901 331 2014 360 hostiles

1165 376 1337 413 excipiamus
1359 376 1486 406 insultus.

1015 510 1176 539 CAr1TULuii1
1198 510 1261 539 VIII.

320 632 432 660 Tertiae
454 631 652 668 responsionis
672 632 802 660 secanda
820 632 974 669 particula
995 637 1185 670 octavumque
1206 631 1386 669 capitatam,
1410 632 1440 660 iit
1461 640 1517 670 qao
1535 632 1753 669 possessionum
1775 632 1959 661 leviticarum

417 686 443 711 et
462 682 728 711 ecclesiasticarzmi
750 682 904 720 affluentia
925 686 1110 711 monstratur
1129 682 1301 720 perfectioni
1318 682 1507 720 paupertatis
1528 691 1585 711 non
1607 691 1665 711 esse
1687 684 1855 718 contraria,

637 733 687 761 secl
708 736 732 762 et
753 734 962 762 commendatio
983 734 1158 763 diuitiarum
1180 733 1341 762 ostenditur
1362 742 1419 762 aon
1441 742 1500 762 esse
1520 742 1634 762 secura.

339 858 362 884 l.
387 857 557 893 Paupertatis
579 856 714 893 siquidem
740 868 753 881 «
768 856 868 885 odibile
887 856 990 885 bonum
1006 868 1018 882 2>
1032 856 1042 873 ³
1065 864 1108 885 re-

258 904 371 933 troactis
386 903 558 940 temporibus
579 904 605 931 in
628 906 704 931 tanto
724 903 776 932 fuit
797 903 915 932 horrore
937 903 1107 932 sensualitati

259 950 435 984 mortalium,
456 953 488 978 ut
509 953 572 978 ante
593 950 694 978 Christi
716 950 866 979 adventum
888 950 935 979 vix
957 953 1106 987 quantum-

258 1004 379 1033 cumque
407 996 547 1033 perfectus
578 996 777 1033 pretiositatem
809 997 897 1033 ipsius
928 1000 1105 1034 agnosceret3

257 1046 319 1080 post
338 1051 405 1072 vero
426 1044 453 1072 in
469 1046 545 1071 tanta
559 1043 611 1071 fuit
625 1043 806 1072 admiratione
821 1044 1008 1080 spiritualium
1023 1047 1106 1081 atque

257 1090 438 1127 sapientium,
462 1094 492 1119 ut
514 1090 561 1118 vix
584 1093 842 1127 quantumcumque
864 1098 1014 1127 perversus
1042 1091 1106 1119 hae-

257 1137 360 1166 reticus
381 1137 468 1174 ipsius
489 1137 614 1174 dignitati
636 1137 798 1174 derogaret,
820 1141 938 1174 excepto
959 1138 1106 1166 dumtaxat

257 1184 403 1221 Vigilantio
424 1184 579 1221 quodam&
602 1184 650 1221 qui
673 1192 735 1213 cum
757 1184 791 1213 ad
819 1185 1036 1221 increpationem
1063 1192 1105 1213 sa-

256 1232 295 1260 cri
317 1231 438 1260 doctorIs
459 1231 616 1267 Hieronymi
638 1231 813 1260 dormitasset
828 1231 881 1260 iam
896 1231 1015 1265 dudum,
1031 1239 1105 1260 nunc

256 1286 305 1315 per
328 1286 430 1306 novum
453 1278 592 1315 quendam
614 1278 785 1314 paupertatis
807 1278 913 1307 hostem
926 1278 946 1312 ⁵,
976 1278 1022 1306 illo
1050 1286 1105 1306 non

256 1325 348 1354 minus
380 1325 537 1361 improbum
569 1325 712 1362 evigilasse
744 1325 862 1354 videtur.
896 1325 940 1353 Ille
972 1325 1104 1353 nimirum

256 1376 352 1401 contra
384 1372 555 1409 paupertatis
587 1371 785 1408 professionem
818 1374 845 1400 et
876 1372 1104 1400 sustentationem

256 1427 411 1456 pauperum
433 1419 597 1447 Sanctorum
620 1419 661 1447 sui
679 1419 798 1455 pectoris
813 1418 891 1447 virus
905 1419 1044 1453 evomuit;
1060 1419 1105 1447 hic

255 1470 347 1495 autem
370 1466 507 1494 bonorum
529 1466 726 1502 temporalium
748 1466 919 1494 affluentiam
941 1466 967 1494 in
983 1465 1104 1494 culmine

255 1513 430 1550 perfectionis
452 1513 625 1549 evangelIcae
643 1513 779 1541 collocans
801 1513 982 1549 ipsorumque
1007 1513 1105 1541 volun-

256 1561 353 1589 tariam
375 1560 524 1588 carentiam
551 1563 582 1588 ut
610 1560 800 1596 imperfectam
829 1563 855 1588 et
884 1559 1104 1596 superstitiosam

255 1607 441 1639 calumnians,
464 1606 559 1635 illius6
582 1606 684 1635 fatetur
705 1614 733 1635 se
755 1606 839 1635 fuisse
854 1606 1040 1643 discipulum,
1056 1606 1104 1642 qui

255 1656 351 1682 contra
372 1653 619 1690 evangelizantium
649 1657 675 1682 et
704 1653 921 1682 mendicantium
948 1660 1104 1690 pauperum

254 1700 364 1729 ordines
386 1700 508 1728 libellum
531 1700 701 1737 composuit,
731 1708 815 1737 quem
844 1700 926 1729 Sedes
955 1700 1104 1736 apostolica

254 1747 460 1781 condemnavit;
483 1755 566 1784 quem
588 1747 668 1776 etiam
690 1755 743 1775 non
760 1755 844 1783 parva
859 1747 1014 1775 temeritate
1031 1747 1105 1775 velut

254 1794 427 1823 innocentem
448 1798 565 1823 excusat
586 1795 730 1831 ipsIusque
751 1794 905 1823 doctrinam
932 1793 1105 1822 commendat

254 1843 281 1869 et
301 1841 450 1878 approbat⁷
473 1849 527 1870 non
550 1842 608 1870 sine
623 1841 725 1870 iniuria
741 1841 829 1870 multa
844 1841 920 1869 SedIs
936 1841 988 1869 iam
1004 1840 1102 1875 dictae,

254 1896 317 1917 cum
339 1888 377 1916 nil
398 1889 472 1917 aliud
494 1889 529 1917 sit
550 1892 692 1917 auctorem
714 1889 835 1917 damnati
862 1888 945 1917 libelli
975 1889 1105 1916 innocen-

255 1938 310 1964 tem
341 1943 466 1964 asserere
494 1944 578 1972 quam
600 1935 755 1964 damnantis
781 1935 914 1964 iudicium
943 1935 1103 1972 reprobare.

334 1984 359 2011 2.
384 1983 531 2020 Insurgens
552 1983 637 2019 igitur
660 1983 825 2011 temerarIus
848 1982 875 2011 in
899 1982 1035 2011 secundi⁷
1061 1982 1103 2011 sui

256 2030 318 2058 libri
341 2029 456 2058 exordio
477 2030 611 2059 adversus
633 2032 772 2066 pastorem
789 2030 939 2063 Ecclesiae,
955 2032 986 2057 ut
1001 2036 1105 2066 paupe-

256 2084 319 2105 rum
342 2076 428 2113 ipsius
449 2084 560 2113 gregem
582 2076 693 2105 invadat
714 2076 850 2109 atrocius,
872 2076 994 2113 primum
1017 2084 1046 2104 se
1060 2084 1105 2104 ar-

256 2127 313 2151 mat
330 2123 562 2160 possessionibus
584 2123 748 2151 levitarum.
771 2123 838 2151 Nam
859 2123 886 2151 in
910 2123 961 2151 boc
989 2130 1104 2159 persua-

257 2170 341 2199 sionis
362 2178 428 2198 suae
449 2178 559 2198 summa
580 2170 719 2204 consistit,
742 2170 815 2206 quod
837 2177 900 2198 cum
924 2169 1013 2198 forma
1041 2177 1104 2206 per-

254 2216 379 2245 fectionis
401 2217 573 2253 evangelicae
604 2217 630 2245 in
660 2216 749 2245 levitis
776 2216 973 2253 praecesserit,
1002 2216 1105 2253 quibus

255 2271 269 2291 a
293 2263 409 2291 Domino
424 2263 537 2292 collatae
552 2263 665 2292 fuerunt
681 2263 819 2297 decimae,
835 2263 973 2299 primitiae
987 2266 1014 2292 et
1029 2263 1104 2291 obla-

258 2310 346 2338 tiones
365 2309 399 2337 ad
421 2309 586 2343 vivendum,
608 2309 733 2338 civitates
753 2309 787 2337 ad
802 2309 982 2338 habitandum
997 2311 1025 2338 et
1039 2309 1104 2338 sub-

319 2533 326 2545 ¹
345 2534 474 2562 liespicitur
491 2534 593 2556 delinitio
611 2534 670 2557 ret-te?
686 2534 737 2556 <lara
757 2540 769 2555 a
787 2534 878 2557 Platone
896 2535 918 2556 in
932 2536 1048 2557 Darmen.:
1061 2536 1103 2557 Re—

255 2577 317 2595 ctum
331 2577 364 2596 est
376 2574 441 2596 cuius
454 2574 557 2596 medium
570 2580 615 2596 non
628 2574 673 2596 exit
685 2573 714 2595 ab
727 2574 841 2596 extremis.
854 2574 898 2596 Ct‘r.
912 2578 967 2597 tom.
980 2575 1003 2597 11.
1017 2581 1069 2603 pag.
1083 2575 1103 2603 4,

257 2616 308 2635 nota
331 2614 363 2635 ll.
382 2616 403 2635 et
420 2616 475 2635 tom.
494 2613 521 2635 V.
539 2619 593 2641 pag.
611 2613 669 2641 325,
686 2616 740 2635 nota
759 2614 781 2635 -2,
798 2625 829 2629 -
847 2614 895 2636 lsai.
914 2614 955 2641 48,
979 2614 1016 2636 lO:
1040 2614 1102 2642 Elegi

255 2654 276 2674 te
295 2652 316 2674 in
334 2652 426 2675 camino
443 2653 592 2680 paupertatis
610 2664 640 2669 -—
659 2652 770 2680 Superius
787 2659 829 2680 pro
852 2652 958 2675 veritatis
980 2653 1030 2676 eius
1053 2653 1104 2676 Vat.

257 2691 342 2714 vei-itas
359 2691 416 2714 eius.
899 2691 907 2704 ²
926 2693 986 2715 ioan.
1007 2693 1045 2719 16,
1063 2693 1101 2715 33.

318 2730 327 2742 ³
344 2731 444 2758 Bonav.‚
461 2731 590 2754 Comment.
608 2732 631 2753 in
649 2732 704 2754 Luc.
727 2732 758 2753 ΙΟ.
777 2738 798 2754 n.
817 2732 843 2754 8:
862 2733 897 2754 Est
916 2735 993 2754 autem
1007 2738 1103 2760 pauper-

256 2772 301 2796 tas,
320 2772 344 2791 ut
359 2770 413 2792 (licit
431 2770 530 2797 Seneca,
548 2770 634 2792 odibile
652 2770 740 2793 bonum
759 2771 808 2799 (cfr.
825 2770 881 2793 ibid.
900 2774 951 2793 nota
970 2771 1077 2800 adiecta).

319 2808 328 2820 ⁴
345 2808 390 2831 Csr.
408 2809 514 2835 Hieron.v
532 2812 612 2832 contra
631 2810 794 2837 Vigilantium,
812 2816 833 2832 n.
853 2810 889 2832 Ἰ13.
906 2816 983 2839 seqq,
1006 2816 1032 2833 ex
1055 2816 1103 2839 quo

257 2853 326 2875 supra
345 2853 365 2869 c.
382 2848 403 2870 3.
421 2854 443 2870 n.
464 2848 496 2869 17.
515 2849 630 2877 quaedam
648 2849 713 2871 allata
730 2852 791 2871 sunt.
809 2850 913 2876 Hieron.,
931 2850 972 2872 loc.
991 2850 1028 2872 cit.
1040 2856 1063 2871 n.
1077 2850 1102 2871 sl:

256 2885 394 2913 vigilantius
410 2892 451 2909 seu
469 2887 546 2909 verius
564 2887 746 2911 Dormitantias.

319 2924 327 2936 ⁵
345 2925 434 2947 Scilicet
451 2926 595 2948 Gherardum
613 2926 642 2949 de
659 2926 821 2955 Abbatisvilla;
839 2928 879 2950 cfr.
896 2933 966 2955 supra
979 2934 1032 2956 pag.
1045 2927 1102 2954 233,

256 2966 308 2986 nota
331 2965 348 2986 l.
366 2967 388 2986 et
404 2970 458 2992 pag.
476 2965 534 2991 ⁴235,
551 2968 604 2987 nota
624 2966 643 2987 8.
662 2978 693 2982 —
710 2966 821 2994 Superius
844 2973 887 2994 pro
909 2966 941 2989 ad
963 2966 1103 2996 increpatio-

255 3009 311 3026 nem
328 3002 367 3032 (ita
386 3003 513 3031 BCDEF)
532 3004 585 3026 edd.
603 3003 635 3027 ad
651 3004 875 3034 interpretationem.

1165 856 1273 885 urbana
1300 856 1333 884 ad
1362 856 1459 885 alenda
1486 863 1601 893 pecora;
1630 856 1652 885 si
1681 864 1784 885 novum
1817 860 2012 887 testamentum

1164 904 1249 932 veteri
1272 911 1326 932 non
1341 907 1491 940 repugnat,
1507 903 1575 940 quin
1590 903 1682 940 potius
1697 907 1844 938 consonat,
1860 904 1931 942 qaia
1946 908 2013 934 rota

1164 954 1227 978 erat
1249 950 1280 978 in
1302 950 1394 978 mettio
1415 954 1497 979 rotae
1508 950 1529 984 ³,
1558 950 1635 979 nullo
1664 950 1745 979 modo
1776 951 1929 980 secundum
1961 951 2013 980 hoc

1164 1005 1251 1025 novae
1273 997 1338 1034 legis
1360 996 1492 1033 perfectio
1514 997 1639 1025 consistit
1659 997 1687 1025 in
1709 997 1831 1026 carentia
1852 997 2011 1027 huiusmodi

1163 1043 1383 1081 possessionum,
1406 1043 1453 1072 sed
1475 1043 1567 1080 potius
1588 1044 1614 1072 in
1631 1044 1758 1073 habendo
1780 1052 1826 1073 eas
1847 1047 1878 1073 ut
1896 1044 2012 1073 Domino

1162 1089 1308 1119 dedicatas.
1330 1106 1367 1109 —
1389 1090 1416 1118 ln
1439 1090 1491 1118 hac
1512 1093 1605 1118 autem
1628 1090 1823 1127 persuasione,
1850 1098 1935 1128 quam
1962 1098 2012 1127 per

1163 1183 1232 1216 tati,
1255 1183 1302 1212 sed
1324 1186 1351 1212 et
1370 1183 1428 1211 sibi
1447 1183 1507 1220 ipsi
1527 1183 1689 1212 contradicit
1716 1187 1819 1221 aperte.
1843 1184 1871 1213 In
1899 1192 2010 1221 praece-

1162 1230 1236 1259 denti
1258 1230 1394 1267 siquidem
1416 1230 1487 1259 libro
1499 1230 1518 1265 ⁹,
1539 1238 1603 1259 cum
1619 1231 1800 1260 abstinentiae
1815 1231 2011 1268 perfectionem

1162 1277 1354 1314 impugnaret,
1376 1278 1510 1311 asseruit,
1534 1277 1629 1306 vinum
1656 1278 1742 1307 fuisse
1770 1278 1942 1315 prohibitum
1970 1286 2012 1307 sa-

1162 1324 1321 1353 cerdotibus
1353 1324 1417 1353 filiis
1445 1324 1533 1353 Aaron
1561 1327 1694 1361 tanquam
1723 1325 1905 1362 imperfectis;
1937 1333 2012 1354 nunc

1161 1374 1254 1399 autem
1276 1371 1338 1399 illos
1359 1371 1469 1400 eosdem
1490 1371 1519 1399 in
1540 1371 1682 1400 affluentia
1703 1372 1908 1409 possessionum
1922 1372 2012 1409 perfe—

1162 1421 1220 1446 ctos
1241 1418 1355 1452 asserit,
1377 1418 1456 1455 quasi
1478 1418 1555 1447 verbi
1577 1419 1679 1455 prioris
1700 1419 1818 1453 oblitus,
1841 1420 1884 1448 vel
1905 1419 1927 1448 si
1941 1419 2012 1448 forte

1161 1465 1323 1493 memoriam
1346 1465 1459 1499 habuit,
1482 1465 1509 1494 in
1531 1468 1635 1494 tantam
1656 1465 1767 1495 devenit
1788 1466 1893 1495 erroris
1920 1466 2012 1503 callgi—

1162 1519 1240 1545 nem,
1263 1515 1294 1540 ut
1316 1514 1442 1548 putaret,
1465 1512 1539 1549 quod
1560 1512 1699 1541 abstinere
1713 1521 1729 1541 a
1743 1512 1848 1542 deliciis
1862 1513 1897 1542 sit
1910 1513 2012 1550 imper-

1161 1558 1280 1593 fectum,
1302 1562 1329 1587 et
1351 1559 1491 1596 possidere
1511 1559 1620 1588 divitias
1641 1559 1676 1588 sit
1698 1559 1861 1596 perfectum.
1882 1577 1919 1580 —
1935 1560 2012 1589 Insu-

1162 1614 1211 1643 per
1233 1609 1273 1640 et,
1295 1614 1359 1635 cum
1382 1606 1464 1642 paulo
1485 1606 1584 1635 ante¹⁰
1605 1606 1744 1641 docuerit,
1759 1607 1834 1644 quod
1848 1607 1875 1636 in
1891 1610 2012 1636 contem-

1162 1655 1212 1689 ptu
1234 1652 1323 1681 omnis
1344 1653 1522 1690 proprietatis
1551 1653 1724 1690 evangelicae
1745 1654 1921 1691 perfectionis
1946 1662 2010 1683 con-

1162 1699 1233 1728 sistit
1253 1699 1387 1736 incepti0;
1410 1702 1437 1728 et
1458 1700 1614 1729 sacerdotes
1642 1700 1742 1729 levitici
1771 1701 1880 1737 generis
1907 1701 2011 1730 habue-

1162 1749 1229 1775 runt
1251 1754 1356 1775 uxores
1377 1749 1404 1775 et
1425 1746 1511 1781 filios,
1533 1746 1567 1775 ad
1595 1755 1666 1784 quos
1697 1747 1769 1776 bona
1797 1756 1848 1776 sua
1878 1750 2009 1785 tanquam

1162 1801 1227 1822 vere
1249 1793 1363 1830 propria
1384 1793 1551 1822 hereditaria
1572 1794 1745 1823 successione
1772 1794 2009 1823 transmittebant:

1161 1840 1317 1869 necessario
1338 1840 1475 1878 sequitur,
1496 1840 1570 1878 quod
1591 1840 1723 1878 perfectio
1744 1841 1901 1878 evangelica
1919 1841 1947 1870 in
1973 1841 2011 1870 le—

1163 1887 1225 1916 vitis
1246 1895 1301 1916 non
1322 1887 1390 1922 fuit,
1412 1887 1455 1916 vel
1476 1887 1551 1925 quod
1582 1887 1718 1916 abdicatio
1748 1888 1926 1925 proprietatis
1956 1896 2010 1917 non

1162 1937 1203 1964 est
1224 1935 1333 1964 initium
1354 1935 1530 1972 perfectionis
1551 1935 1726 1970 huiusmodi;
1749 1944 1780 1964 ac
1805 1944 1854 1972 per
1877 1936 1929 1964 boc
1953 1943 2011 1964 ma-

1162 1981 1259 2010 nifeste
1281 1981 1456 2010 convincitur
1478 1982 1529 2010 sibi
1550 1982 1602 2019 ipsi
1624 1990 1684 2011 esse
1705 1982 1872 2011 contrarius.

1241 2028 1266 2057 3.
1284 2028 1477 2057 Contrariatur
1491 2029 1574 2057 etiam
1589 2029 1640 2065 ipsi
1656 2029 1781 2058 veritati.
1798 2029 1823 2058 Si
1839 2029 1911 2058 enim
1922 2029 2011 2058 forma

1162 2075 1234 2104 vitae
1260 2075 1383 2104 leviticae
1410 2075 1608 2112 perfectionem
1637 2076 1704 2113 legis
1732 2076 1905 2113 evangelicae
1932 2084 2010 2105 vera-

1162 2122 1230 2150 citer
1251 2122 1388 2156 continet,
1410 2130 1474 2151 curn
1497 2122 1628 2159 perfectIO
1649 2122 1722 2151 modi
1755 2123 1865 2152 vivendi
1895 2126 1951 2152 tam
1982 2123 2010 2152 in

1161 2168 1247 2197 veteri
1270 2171 1434 2197 testamento
1455 2177 1540 2206 quam
1562 2169 1589 2198 in
1621 2177 1692 2198 novo
1724 2177 1888 2207 supremum
1920 2172 2011 2199 teneat

1162 2215 1269 2249 locum;
1291 2218 1318 2244 et
1340 2215 1472 2251 perfectio
1486 2216 1564 2253 Legis
1578 2216 1739 2253 perfectioni
1756 2216 1894 2254 Evangelii
1909 2224 2010 2254 aequa-

1161 2265 1223 2290 tur:
1246 2269 1358 2291 necesse
1380 2266 1434 2297 est,
1457 2270 1597 2291 summum
1620 2263 1697 2300 Legis
1718 2266 1745 2292 et
1767 2271 1908 2292 summum
1923 2263 2010 2293 Evan-

1161 2309 1223 2345 gelii
1246 2312 1301 2337 tam
1317 2309 1344 2337 in
1359 2309 1458 2338 merito
1473 2317 1556 2347 quam
1572 2310 1599 2338 in
1615 2310 1738 2347 praemio
1753 2310 1825 2339 inter
1840 2318 1868 2339 se
1882 2310 2009 2348 aequari,

1224 2534 1233 2547 ¹⁵
1250 2536 1339 2563 Nempe
1350 2535 1453 2558 Gulielm.
1467 2535 1496 2557 de
1508 2536 1538 2558 St.
1550 2536 1645 2562 Amore3
1658 2537 1697 2557 csr.
1711 2541 1781 2563 supra
1794 2541 1848 2563 pag.
1861 2536 1913 2563 233,
1924 2538 1977 2558 nota
1991 2536 2009 2558 1.

1161 2577 1183 2597 et
1199 2581 1254 2602 pag.
1271 2575 1330 2600 235.
1347 2577 1401 2597 nota
1419 2575 1441 2597 8.
1459 2587 1490 2591 —-
1503 2574 1613 2602 Superius
1625 2580 1668 2602 pro
1676 2574 1828 2603 paupertatis
1836 2574 2007 2604 professionem

1162 2614 1201 2642 (ita
1218 2613 1297 2643 CEG)
1316 2614 1369 2636 edd.
1383 2613 1535 2643 paupertatis
1550 2613 1725 2643 perfectionem.
1759 2615 1761 2617 “

1224 2652 1232 2665 ⁷
1250 2653 1321 2680 Edd.,
1338 2652 1508 2681 refragantibus
1525 2653 1606 2680 codd,
1624 2652 1649 2675 ia
1665 2652 1740 2681 36νῖ6,Α
1758 2652 1858 2675 subinde
1870 2652 1907 2675 ed.
1919 2654 1932 2675 -2
1944 2653 2008 2675 omit-

1161 2693 1186 2714 tit
1202 2691 1309 2715 eoeordz'o.

1224 2729 1232 2742 Β
1250 2732 1330 2753 Ezecir
1353 2732 1357 2753 1
1369 2748 1375 2757 ,
1390 2731 1427 2753 16,
1439 2731 1547 2759 Gregor.‚
1560 2732 1573 2753 l.
1586 2731 1669 2753 Homil.
1682 2730 1703 2753 in
1715 2731 1796 2753 Ezecli.
1809 2731 1887 2754 homil.
1899 2731 1920 2753 6.
1932 2738 1954 2753 n.
1968 2732 2008 2753 ia:

1161 2770 1222 2799 Quid
1244 2773 1278 2792 est
1301 2771 1357 2798 hoc,
1379 2770 1442 2799 quod
1464 2776 1518 2792 cum
1540 2776 1590 2793 una
1607 2771 1661 2793 rota
1680 2770 1711 2799 [v.
1730 2770 1775 2799 Ἰ15.]
1794 2770 1920 2797 diceretur,
1938 2771 2007 2798 paulo

1160 2813 1212 2838 post
1230 2810 1262 2839 [v.
1280 2809 1328 2839 ·16.]
1346 2810 1493 2838 adiungitur:
1514 2809 1588 2837 Quasi
1603 2809 1634 2833 sit
1650 2811 1705 2833 rota
1721 2809 1747 2833 iit
1763 2809 1838 2832 medio
1860 2811 1938 2837 rotae,
1964 2809 2007 2831 nisi

1160 2849 1223 2877 quod
1242 2849 1263 2870 in
1281 2849 1408 2871 testamenti
1427 2848 1511 2871 veteris
1528 2849 1600 2871 littera
1612 2851 1776 2871 testamentum
1792 2854 1878 2871 novum
1892 2848 1955 2871 latuit
1966 2854 2009 2876 per

1160 2888 1310 2916 allegoriam?
1327 2900 1358 2904 -
1375 2888 1408 2910 De
1426 2888 1500 2910 levitis
1517 2889 1558 2911 cfr.
1576 2894 1645 2916 supra
1659 2894 1712 2916 pag.
1726 2887 1784 2915 279,
1795 2890 1848 2910 noia
1859 2888 1882 2910 7.
1899 2891 1921 2910 et
1938 2888 2006 2910 Num.

1161 2927 1203 2954 35,
1222 2928 1242 2949 2.
1260 2933 1326 2956 seqq.
1345 2933 1371 2950 ac
1389 2928 1453 2950 losue
1471 2928 1495 2949 21
1507 2944 1513 2954 ,
1531 2928 1553 2949 2.
1570 2933 1635 2956 seqq.

1223 2965 1232 2978 ⁹
1249 2966 1294 2989 Cfr.
1310 2972 1381 2994 supra
1399 2972 1418 2989 c,
1437 2967 1459 2989 5.
1476 2973 1498 2989 n.
1516 2967 1553 2989 20.

1222 3004 1241 3018 ¹⁰
1259 3006 1318 3028 Vide
1334 3012 1405 3034 supra
1422 3012 1441 3028 c.
1459 3006 1481 3028 2.
1497 3012 1519 3028 n.
1542 3006 1575 3028 10.

2043 1096 2124 1119 contraiit

1162 1137 1264 1165 multas
1284 1137 1436 1165 verborum
1457 1140 1575 1166 venatur
1596 1137 1741 1174 ambages,
1764 1146 1819 1166 non
1834 1138 1924 1166 solum
1937 1137 2012 1166 veri-
2030 1120 2065 1162 ”bf
2077 1120 2124 1145 ‘¹⁰¹¹'

2029 1189 2095 1209 Primo.
2108 1191 2109 1209 i

2029 1569 2109 1589 Secundo

2028 2039 2080 2061 item,
2095 2026 2125 2066 vei
