2133 3317
79 308 93 321 ι
105 297 229 326 Ceterum,
248 304 303 323 cum
322 297 388 323 omni
406 295 574 321 indifferenter
592 302 711 326 personae
728 294 857 320 humilitas
883 294 916 318 sit

76 340 194 372 quaedam
213 339 292 364 turris
310 338 473 369 fortitudinis
491 345 508 362 a
525 337 590 367 facie
607 337 721 367 inimiei;
747 337 840 366 nescio,
869 343 917 368 quo

77 383 148 415 pacto
166 382 250 407 tamen
268 382 306 406 vis
325 382 377 407 eius
396 381 474 406 maior
492 380 531 405 est
550 380 575 404 in
593 380 727 405 maioribus
746 380 771 404 et
789 380 815 404 in
833 379 919 404 clario-

76 425 143 452 ribus
161 425 251 450 clarior
269 423 443 455 comprobatur
455 422 462 435 ¹
477 433 502 448 n.

146 466 169 491 9.
190 466 267 492 Porro
285 473 335 491 non
353 466 433 491 solum
451 465 565 496 respectu
585 472 761 496 personarum,
780 464 809 489 ut
827 463 919 489 dictum

77 509 115 534 est
128 508 146 538 ²,
165 516 251 534 verum
269 508 343 533 etiam
362 508 476 539 respectu
495 507 557 537 loci,
576 507 606 532 ut
624 507 662 532 est
680 507 795 536 ecclesia,
815 507 919 532 maxime

78 553 140 577 circa
158 552 254 583 altare,
274 551 435 576 irreverentia
455 551 493 576 est
518 550 634 575 vitanda:
660 551 724 575 01100
751 549 849 581 altare,
877 549 919 579 ut,

77 602 131 620 cum
150 594 181 619 ad
199 595 281 626 ipsum
300 594 438 623 acceditur,
458 594 579 620 maturior
598 593 623 618 et
634 593 751 618 humilior
769 592 856 623 gestus
884 599 920 616 00-

76 637 197 666 cedentis,
217 638 242 661 et
261 637 364 661 maxime
383 636 551 661 ministrantis
569 635 722 661 devotionem
735 634 864 664 ostendat,
878 641 922 659 nec

76 680 165 711 aliquis
183 687 238 705 cum
257 679 352 711 impetu
370 679 409 704 vel
422 679 484 704 alias
497 678 626 704 inhoneste
642 677 749 703 accedat.
769 677 800 702 In
819 677 922 702 ecclesia

79 730 136 748 vero
154 722 301 752 cavendum,
321 730 365 751 ne,
385 723 498 753 quamvis
517 722 587 746 extra
606 721 715 746 canonici
728 720 826 751 tempus
840 720 921 751 officii,

77 765 197 797 loquendo
215 765 254 790 vel
273 765 388 795 ridendo,
410 765 447 789 vel
465 765 549 795 aliquo
567 764 654 795 quovis
679 763 749 788 modo
777 763 859 787 minus
877 763 921 788 ho-

77 808 146 835 neste
164 808 258 839 aliquid
276 807 328 832 fiat.
352 817 365 830 α
377 808 409 832 In
427 807 510 833 aulam
524 807 617 838 regiam
629 807 800 837 ingressurus,
820 805 856 830 ait
869 813 923 830 san-

79 851 133 877 ctus
153 850 343 882 chrysostomus
357 849 374 880 5,
388 850 479 880 0011115,
492 850 589 874 incessu
601 850 627 874 et
639 848 727 873 habitu
739 848 763 873 te
782 849 922 879 componis;

78 894 104 920 et
114 894 140 918 in
153 894 280 919 ecclesiam
292 894 459 924 ingressurus,
470 900 532 924 quae
542 900 598 918 vere
611 892 650 918 est
662 891 720 916 aula
732 891 808 922 regia,
820 891 884 916 rides
894 891 923 914 n?

388 1105 535 1130 Cnri‘rnnnir
553 1104 612 1132 VII.

308 1191 348 1216 De
365 1190 506 1222 disciplina
525 1190 552 1215 in
568 1190 691 1222 generali.

152 1276 174 1302 1.
195 1276 266 1302 Dicto
285 1276 314 1302 de
333 1276 528 1308 praeparatoriis
546 1276 578 1301 ad
595 1276 751 1307 disciplinam
764 1275 789 1301 et
801 1275 925 1306 aliquibus

83 1321 135 1347 eius
153 1320 280 1346 effectibus
304 1318 451 1349 incidenter,
477 1319 603 1350 sequitur,
628 1319 670 1348 ut,
695 1318 724 1345 de
748 1319 803 1350 ipsa
828 1318 925 1349 plenius

82 1362 247 1395 exprimentes
260 1361 278 1392 Β,
297 1369 373 1394 quae,
396 1361 522 1387 vetustate
543 1361 655 1393 deposita
683 1362 812 1393 animoque
839 1360 926 1386 contra

82 1405 162 1431 hostis
179 1404 283 1430 insidias
301 1404 425 1434 stabilito,
446 1411 520 1435 super
538 1404 633 1430 radices
651 1403 801 1429 humilitatis
821 1409 927 1428 consur-

45 1451 69 1477 ,σῑ
82 1447 134 1481 git,
154 1448 247 1480 primo,
267 1447 294 1472 in
310 1446 440 1478 yonerali,
460 1446 524 1477 qnid
540 1446 589 1478 sit,
608 1453 674 1477 quae
690 1446 723 1470 sit
742 1446 796 1472 eius
815 1445 925 1475 utilitas,

83 1490 194 1522 qualiter
211 1490 244 1517 ad
262 1490 313 1515 eius
327 1489 495 1520 perveniatur
512 1489 632 1514 notitiam
651 1488 676 1515 et
694 1488 723 1513 de
741 1488 823 1519 ipsius
847 1488 927 1513 custo-

85 1533 145 1566 dia,
163 1533 249 1559 deinde
267 1533 295 1558 in
312 1531 419 1563 speciali
438 1531 556 1557 dicamus.

159 1585 172 1598 ι
185 1575 336 1608 Disciplina
353 1576 405 1606 est,
423 1574 452 1599 ut
470 1574 507 1599 ait
524 1574 598 1605 Hugo
612 1572 629 1603 ⁹,
649 1573 803 1599 conversatio
822 1573 886 1599 bona
903 1572 928 1597 et

40 1621 46 1625 '
85 1618 203 1647 honesta,
222 1618 261 1643 cui
280 1625 368 1649 parum
387 1618 425 1642 est
443 1617 510 1643 mala
527 1624 577 1642 non
595 1624 682 1648 agere,
702 1616 743 1641 sed
757 1616 842 1641 studet
854 1616 928 1641 etiam

87 1662 113 1688 in
130 1661 170 1686 his
188 1668 250 1692 quae
269 1660 330 1685 bene
348 1660 416 1692 agit,
435 1667 479 1691 per
499 1660 588 1684 cuncta
606 1658 830 1690 irreprehensibilis
854 1665 929 1689 appa-

87 1711 149 1729 rere.
167 1703 246 1733 Item,
265 1703 396 1734 disciplina
414 1702 453 1727 est
471 1703 579 1729 omnium
598 1702 764 1727 membrorum
783 1701 865 1727 motus
893 1708 930 1726 or-

88 1746 188 1774 dinatus
207 1746 232 1771 et
249 1746 378 1778 dispositio
396 1745 483 1771 decens
501 1745 527 1770 in
547 1745 612 1770 omni
624 1744 712 1769 habitu
725 1744 750 1769 et
763 1744 866 1769 actione.
880 1743 932 1768 Au-

89 1789 175 1819 distis,
199 1788 291 1822 inquit,
310 1788 441 1819 disciplina
459 1787 516 1819 quid
545 1787 586 1817 sit,
604 1794 670 1812 nunc
693 1786 829 1816 attendite,
858 1794 932 1818 quam

58 1855 63 1861 .
89 1832 163 1859 atius
180 1833 204 1857 et
221 1831 365 1859 necessaria
382 1831 424 1857 sit.
443 1831 582 1862 Disciplina
600 1830 638 1855 est
658 1830 777 1856 malorum
802 1830 933 1854 desiderio-

90 1882 145 1902 rum
164 1881 260 1904 carcer‚
279 1874 376 1901 frenum
394 1874 522 1903 lasciviae,
536 1873 650 1899 elationis
662 1873 761 1904 iugum,
775 1880 837 1904 (11100
850 1872 934 1898 domat

90 1917 322 1951 intemperantiam,
340 1917 469 1943 levitatem
486 1916 551 1948 ligat
569 1916 594 1941 et
612 1923 696 1943 omnes
714 1915 867 1941 inordinatos
887 1922 934 1942 mo-

90 1961 132 1989 tus
150 1961 241 1987 mentis
260 1960 372 1988 suffocat.
391 1960 458 1985 Sicut
478 1960 542 1987 enim
561 1959 590 1984 de
607 1959 776 1986 inconstantia
788 1958 879 1985 montis
891 1965 936 1984 na-

92 2003 169 2031 scitur
187 2002 329 2029 inordinata
347 2002 422 2028 motio
441 2002 564 2033 corporis,
583 2001 620 2029 ita
638 2009 747 2035 (1110(1110,
765 2001 823 2027 dum
846 2008 935 2032 corpus

92 2053 135 2078 per
148 2046 303 2077 disciplinam
316 2045 458 2076 stringitur¹
472 2045 569 2071 animus
581 2044 614 2071 ad
626 2044 792 2070 constantiam
805 2043 935 2074 solidatur,

91 2089 117 2116 et
135 2089 257 2120 paulatim
275 2088 424 2115 intrinsecus
442 2095 511 2113 mens
529 2088 561 2115 ad
580 2087 686 2119 quietem
699 2087 868 2118 componitur,
881 2093 936 2111 cum

92 2139 136 2166 per
149 2131 292 2163 disciplinae
304 2131 441 2156 custodiam
455 2131 514 2156 mali
526 2130 608 2157 motus
621 2130 688 2156 foras
700 2130 776 2155 fluere
791 2137 840 2155 non
854 2129 936 2154 sinun-

93 2174 136 2202 tur
147 2185 171 2200 a.
191 2174 237 2201 Sed
260 2184 272 2199 α
285 2175 327 2206 qui
345 2174 440 2200 statum
459 2173 549 2201 mentis
574 2173 655 2207 perdit
680 2172 858 2204 subsequenter
876 2172 937 2197 foris

93 2217 119 2242 in
137 2217 329 2244 inconstantiam
342 2216 458 2244 motionis
471 2216 557 2243 defluit
574 2216 649 2247 atque
667 2217 692 2241 in
712 2215 826 2241 exteriori
845 2214 937 2240 mobili-

95 2259 147 2286 tate
167 2260 273 2290 indicat,
287 2260 351 2293 quod
363 2259 434 2287 nulla
446 2259 551 2285 interius
565 2259 644 2285 radice
664 2257 816 2285 511115151011ιο
829 2267 854 2282 ».
868 2257 937 2285 Unde

97 2309 139 2333 per
152 2302 305 2327 Salomonem
319 2302 421 2328 dicitur:
435 2301 521 2328 Homo
536 2302 662 2332 apostata,
674 2301 715 2325 vir
728 2300 838 2333 inutilis,
850 2299 938 2333 yradi-

96 2345 139 2371 tur
152 2352 194 2370 ore
202 2351 330 2376 perverso,
342 2344 437 2371 annuit
454 2343 547 2375 oculis,
563 2343 621 2369 terit
628 2342 701 2374 pede,
721 2342 800 2374 diyito
814 2342 938 2373 loquitar.

166 2387 191 2414 2.
215 2397 227 2410 α
239 2387 384 2417 Scientiam,
404 2393 467 2418 quae
479 2386 510 2411 ad
523 2385 705 2411 institutionem
718 2384 784 2409 recte
796 2384 822 2410 et
838 2383 940 2410 honeste

28 2446 84 2471 *⁸¹¹¹-
97 2430 195 2456 vivendi
213 2430 335 2462 pertinet,
354 2429 441 2457 multis
463 2428 541 2456 modis
559 2428 682 2453 hominem
701 2427 815 2458 colligere
834 2426 859 2451 et
876 2433 941 2452 com-

67 2475 85 2490 *-
99 2480 187 2506 parare
205 2473 251 2498 sibi
270 2471 381 2503 oportet:
401 2471 493 2504 partim
507 2470 616 2499 ratione,
635 2469 727 2501 partim
741 2469 864 2498 doctrina,
887 2476 942 2502 par-

19 2506 24 2512 ’
99 2515 144 2541 tim
163 2515 286 2547 exemplo,
306 2514 398 2548 partim
411 2513 570 2540 meditatione
587 2512 729 2540 sanctarum
743 2511 942 2543 scripturarum,

496 218 692 247 OPUSCULUM
714 217 732 245 1.
755 217 926 246 SPECULUM
947 217 1154 245 DISCIPLINAE.
1178 217 1256 245 PARS
1278 217 1383 245 PfflMA.

967 2406 972 2544 1

1756 216 1808 244 591

1045 293 1085 320 10.
1105 294 1152 319 Est
1169 294 1244 319 etiam
1263 301 1332 319 sacro
1346 294 1465 325 tempori,
1478 294 1524 320 hoc
1536 293 1575 318 est
1587 293 1714 319 dominicis
1730 293 1816 318 diebus
1832 299 1944 326 nemnem-

973 337 999 362 et
1017 336 1216 366 solemnioribus,
1235 336 1406 367 deferendum,
1420 337 1449 361 ut
1461 337 1487 361 in
1506 337 1540 361 eis
1552 344 1567 362 a
1580 336 1702 362 communi
1714 343 1816 367 operum
1856 328 1913 346 ‘³⁰¹⁶'

974 379 1132 410 occupatione
1151 379 1273 408 cessetur,
1294 379 1319 404 et
1337 379 1427 404 divinis
1440 379 1525 404 officiis
1538 378 1661 403 attentius
1673 378 1815 403 insistatur.

974 421 1054 451 Nam,
1074 421 1103 446 ut
1120 421 1157 446 ait
1174 422 1248 452 Hugo
1261 421 1279 451 ⁴¹,
1303 421 1386 446 «festi
1404 422 1455 446 dies
1474 422 1542 446 aliud
1560 421 1670 447 studium
1688 421 1714 446 et
1740 421 1816 446 alium

975 464 1136 489 conversandi
1154 464 1252 489 modum
1272 464 1387 496 exigunt,
1407 465 1481 496 atque
1504 465 1580 490 alium
1608 464 1647 493 111,
1676 465 1701 489 111
1728 464 1817 495 quibus

974 507 1032 532 licet
1051 507 1161 538 operari,
1180 507 1323 538 exposcunt.
1342 507 1372 531 In
1392 507 1455 536 illis,
1476 507 1569 538 inquit⁷
1598 514 1643 532 nos
1668 506 1766 538 oportet
1787 506 1818 531 ad

976 550 1121 575 celebranda
1140 550 1258 581 mysteria
1276 550 1360 574 divina
1378 550 1490 575 devotius
1503 549 1629 574 intendere
1641 549 1716 580 atque
1728 550 1754 574 in
1767 556 1819 574 010-

977 593 1087 618 tionibus
1106 592 1199 617 diutius
1228 600 1402 623 perseverai-e3
1430 600 1525 618 omnem
1553 593 1655 623 denique
1683 592 1765 617 actum
1794 592 1819 617 et

977 642 1073 660 omnem
1091 634 1186 660 motum
1205 634 1285 659 cordis
1303 635 1398 666 pariter
1416 635 1442 659 et
1459 635 1569 666 corporis
1587 635 1669 659 divino
1682 634 1818 660 ministerio

977 678 1118 708 mancipare
1137 678 1225 708 atque,
1244 677 1273 701 ut
1291 677 1326 702 ita
1345 677 1437 706 dicam,
1451 677 1557 708 quadam
1571 677 1765 702 conversationis
1779 684 1820 702 no-

978 721 1056 746 vitate
1081 720 1158 745 festos
1184 720 1236 745 dies
1254 720 1383 745 honorare.
1412 720 1443 746 In
1470 720 1557 745 ceteris
1585 727 1642 746 vero
1668 720 1767 750 diebus,
1795 721 1820 745 111

977 763 1067 794 (111111115
1080 762 1089 774 ⁵
1109 763 1206 794 operari
1224 763 1295 791 licet,
1314 763 1399 787 nullus
1418 763 1516 788 omnino
1536 762 1630 788 otiosus
1649 770 1769 794 apparere
1782 762 1820 787 de-

977 805 1056 830 bet».
1075 819 1110 822 —
1123 805 1159 830 De
1176 805 1375 831 irreverentiam
1394 805 1484 830 divinis
1497 805 1590 836 officiis
1602 805 1627 830 et
1652 805 1725 830 rebus
1744 805 1775 830 ad
1792 812 1821 830 ea

978 848 1149 879 spectantibus
1173 848 1289 874 evitanda
1313 848 1379 874 infra
1392 847 1402 860 ⁶
1427 856 1470 879 per
1495 848 1647 873 reverentiae
1676 848 1822 879 positionem

979 891 1077 922 agetur.

704 997 848 1030 SECUNDO,
870 1005 904 1025 na
926 1005 985 1025 1PSA
1007 1004 1161 1024 mSCiPLlNA
1172 996 1191 1024 ⁷.

979 1103 1071 1134 partim
1090 1102 1191 1127 assidua
1207 1103 1357 1134 inspectione
1379 1110 1480 1133 operum
1492 1103 1517 1127 et
1536 1110 1630 1128 morum
1650 1110 1750 1127 suorum
1765 1101 1783 1114 ¹¹
1798 1112 1823 1126 ».

983 1156 996 1168 α
1009 1146 1062 1171 Hoc
1079 1146 1240 1171 novissimum
1259 1146 1363 1170 maxime
1382 1145 1496 1170 fortassis
1515 1152 1573 1176 prae
1598 1145 1685 1170 ceteris
1713 1152 1825 1170 necessas-

980 1189 1058 1219 rium,
1078 1188 1108 1214 ut
1126 1189 1159 1215 sit
1178 1188 1270 1213 scilicet
1288 1188 1360 1213 homo
1379 1188 1405 1212 in
1424 1188 1537 1214 omnibus
1565 1188 1680 1219 operibus
1705 1188 1756 1212 suis
1780 1188 1824 1213 cir-

980 1231 1137 1263 cumspectus
1155 1231 1180 1256 et
1200 1231 1318 1262 providus
1346 1231 1370 1255 et
1398 1231 1541 1262 quotidiana
1559 1231 1708 1256 discussione
1733 1230 1824 1262 cogita-

981 1275 1074 1304 tiones,
1094 1273 1230 1299 locutiones
1248 1273 1343 1305 pariter
1361 1273 1386 1298 et
1403 1273 1470 1298 facta
1498 1281 1544 1298 sua
1574 1273 1640 1304 apud
1665 1274 1825 1304 semetipsum

981 1316 1112 1342 examinet.
1131 1315 1260 1347 Sapientes
1279 1317 1369 1347 quippe
1388 1323 1484 1347 semper
1503 1316 1597 1347 agendo
1615 1316 1714 1341 discunt
1733 1316 1758 1340 et
1783 1323 1826 1347 per

982 1359 1124 1385 exercitium
1158 1359 1278 1386 bonorum
1305 1366 1407 1390 operum
1443 1358 1593 1390 quotidianis
1622 1358 1772 1390 profectibus
1800 1359 1826 1383 in

983 1403 1099 1429 maiorem
1118 1402 1221 1427 virtutis
1240 1401 1391 1433 agnitionem
1410 1401 1562 1426 excrescunt.
1582 1401 1630 1426 Per
1649 1401 1825 1432 experientiam

983 1453 1088 1477 namque
1107 1452 1191 1471 eorum
1204 1452 1266 1476 quae
1279 1443 1388 1474 faciunt,
1402 1444 1433 1469 ad
1445 1451 1474 1469 ea
1487 1451 1548 1475 quae
1562 1444 1718 1476 postmodum
1731 1444 1827 1475 agenda

983 1488 1089 1517 fuerint,
1108 1488 1230 1514 cautiores
1248 1487 1313 1512 fiunt
1327 1486 1346 1499 ¹²
1360 1497 1385 1511 ».
1409 1497 1421 1509 (ι
1434 1487 1467 1512 Et
1485 1488 1598 1519 quamvis
1611 1488 1636 1512 in
1649 1487 1717 1512 nullo
1730 1487 1782 1512 loco
1795 1487 1828 1511 di-

984 1532 1114 1563 sciplinam
1133 1538 1203 1556 suani
1221 1530 1293 1555 homo
1312 1530 1423 1555 deserere
1451 1530 1549 1560 debeat,
1574 1529 1718 1561 diligentius
1746 1529 1829 1554 tamen

984 1575 1010 1601 et
1028 1575 1107 1606 magis
1127 1574 1231 1599 sollicite
1250 1573 1282 1598 ibi
1296 1573 1335 1598 est
1346 1573 1529 1604 conservanda,
1548 1573 1590 1598 ubi
1602 1573 1715 1604 neglecta
1726 1572 1830 1604 generat

986 1616 1143 1647 scandalum,
1162 1616 1201 1640 vel
1220 1616 1343 1640 custodita
1356 1615 1433 1640 bonae
1447 1615 1593 1640 imitationis
1606 1615 1753 1646 exemplum.
1766 1615 1830 1640 Hinc

986 1659 1173 1686 discernendum
1191 1659 1239 1686 erit
1254 1657 1282 1688 ¹¹,
1302 1665 1364 1689 quae
1383 1658 1434 1683 sint
1452 1658 1496 1683 illa
1515 1665 1577 1689 quae
1598 1658 1623 1682 in
1637 1657 1775 1689 disciplina
1787 1664 1831 1682 ca-

986 1701 1120 1728 stodienda
1146 1709 1281 1732 nunqnam
1300 1701 1450 1732 intermitti,
1468 1700 1493 1725 et
1511 1708 1573 1732 quae
1592 1708 1689 1725 rursum
1709 1700 1753 1725 illa
1772 1700 1830 1730 sint,

987 1752 1049 1776 quae
1069 1752 1113 1776 pro
1131 1745 1183 1770 loco
1201 1744 1227 1769 et
1245 1743 1368 1775 tempore,
1388 1751 1457 1768 nunc
1476 1743 1619 1774 intermitti,
1636 1750 1705 1768 nunc
1723 1743 1832 1768 exerceri

989 1788 1085 1813 volunt.
1104 1787 1180 1818 Saepe
1199 1787 1282 1813 tamen
1301 1786 1375 1811 etiam
1394 1786 1439 1811 illa
1456 1793 1519 1817 qnae
1537 1786 1562 1811 in
1581 1786 1678 1817 publico
1694 1786 1832 1811 necessaria

990 1830 1062 1859 sunt,
1074 1830 1144 1862 prius
1155 1830 1180 1857 in
1193 1829 1286 1854 secreto
1299 1828 1481 1855 exercitationis
1490 1836 1563 1853 usum
1576 1828 1719 1860 exposcunt,
1732 1828 1797 1859 quia,
1812 1828 1832 1853 si

992 1880 1094 1904 prorsus
1113 1880 1142 1898 ea
1160 1873 1186 1897 in
1204 1872 1299 1898 occulto
1317 1872 1478 1903 negligimus,
1492 1872 1530 1896 uti
1543 1870 1699 1903 postmodum
1712 1871 1760 1901 eis,
1774 1871 1832 1895 dum

991 1923 1054 1947 opus
1072 1915 1125 1945 est,
1144 1916 1170 1940 in
1189 1915 1287 1947 publico
1305 1922 1355 1942 non
1374 1915 1499 1944 valemus;
1518 1914 1543 1939 et
1561 1914 1621 1939 tunc
1640 1914 1684 1939 aut
1703 1921 1806 1946 prorsus
1818 1921 1833 1938 a

991 1959 1122 1990 disciplina
1140 1958 1294 1988 deficientes,
1313 1958 1469 1984 intuentibus
1488 1958 1630 1986 scandalum
1650 1957 1764 1987 facimus,
1790 1956 1834 1982 aut

991 2001 1074 2033 inepte
1092 2001 1117 2025 id
1136 2001 1199 2032 quod
1219 2002 1244 2025 in
1263 2001 1334 2026 nobis
1352 2008 1401 2026 non
1421 2000 1472 2030 est,
1493 2001 1609 2025 simulare
1628 2000 1758 2030 conantes,
1778 2000 1835 2027 irri-

992 2045 1084 2071 sionem
1103 2043 1237 2069 excitamus
1247 2054 1271 2068 n.

1859 1612 1886 1630 De
1902 1612 1964 1630 custo-

1847 1635 1879 1653 dia
1896 1634 1962 1658 ipsius.

1294 2128 1441 2156 Csmrnnun
1459 2127 1533 2153 VIII.

993 2215 1033 2243 De
1052 2214 1190 2246 disciplina
1209 2214 1236 2238 in
1255 2213 1363 2245 speciali
1380 2213 1449 2238 circa
1467 2212 1620 2244 spiritualia
1638 2213 1704 2238 inter
1725 2212 1835 2238 Fratres

1143 2258 1167 2282 et
1179 2257 1278 2290 primo,
1296 2257 1410 2287 respecta
1429 2256 1566 2283 amotionis
1584 2255 1648 2280 mali
1663 2254 1691 2279 ¹⁴.

1067 2341 1090 2365 1.
1104 2341 1158 2369 Iam
1172 2341 1201 2366 de
1213 2341 1343 2372 disciplina
1356 2341 1382 2365 iu
1395 2341 1495 2372 speciali
1507 2340 1573 2367 inter
1585 2340 1695 2368 Fratres
1714 2339 1739 2364 et
1756 2340 1838 2364 extra-

995 2391 1056 2410 neos
1074 2383 1196 2409 servanda
1214 2383 1356 2410 videndum:
1373 2383 1439 2408 inter
1451 2383 1562 2411 Fratres
1575 2383 1654 2413 primo
1667 2382 1695 2407 de
1708 2382 1838 2413 disciplina

998 2427 1062 2453 circa
1079 2426 1231 2456 spiritualia
1249 2426 1383 2457 quaedam,
1402 2425 1488 2452 deinde
1506 2426 1571 2452 circa
1589 2425 1745 2458 corporalia.
1769 2424 1837 2449 Circa

997 2468 1149 2499 spiritualia
1167 2475 1224 2493 vero
1244 2468 1324 2499 primo
1343 2468 1464 2499 quantum
1482 2468 1514 2494 ad
1532 2468 1685 2495 amotionem
1702 2467 1780 2499 mali,
1805 2474 1839 2492 se-

998 2509 1108 2537 cund0²⁵
1127 2510 1248 2542 quantum
1266 2510 1298 2537 ad
1313 2510 1463 2542 positionem
1491 2510 1558 2538 boni.
1586 2509 1670 2540 Quoad
1689 2510 1841 2536 amotionem

1859 2344 1966 2363 Divisiones

1878 2367 1947 2392 plures.

164 2680 171 2694 ¹
191 2682 308 2709 Bernard.‚
327 2682 350 2704 ΙΙ.
369 2681 397 2704 dc
417 2681 556 2704 Considerat.
579 2688 598 2702 c.
622 2681 644 2703 6.
667 2687 688 2702 n.
717 2681 749 2702 13.
770 2680 885 2707 Allegatur
907 2680 941 2701 Ps.

104 2713 144 2740 60,
162 2713 182 2735 li.

165 2743 174 2756 ²
192 2744 264 2772 Supra
283 2750 303 2766 n.
321 2745 337 2765 1,
350 2756 380 2760 -
393 2744 487 2766 inferius
500 2749 525 2765 ex
539 2743 556 2765 Α
566 2744 581 2765 [l
593 2746 615 2764 ct
627 2743 662 2764 od.
676 2743 688 2764 2
701 2742 861 2769 supplevimus
875 2741 944 2764 alius.

165 2774 174 2787 ³
193 2775 273 2797 11011111.
296 2775 329 2797 15.
347 2775 369 2796 in
387 2775 455 2802 Epist.
474 2774 503 2796 ad
521 2774 589 2796 Ilebr.
607 2780 627 2796 n.
647 2773 667 2795 4.

166 2805 175 2818 ⁴
193 2806 224 2828 Do
242 2806 334 2828 institut.
353 2806 422 2828 novit.
440 2812 459 2827 (·.
480 2805 500 2827 li.
512 2806 596 2827 'l‘cxtus
607 2804 722 2832 originalis
740 2804 791 2825 hinc
809 2804 862 2826 inde
880 2804 943 2831 plura

108 2836 226 2859 interserit.
243 2849 273 2853 —
290 2837 401 2864 Superius
417 2843 459 2864 pro
476 2835 599 2859 dominicis
620 2834 700 2857 diebus
722 2836 743 2857 et
764 2833 944 2857 solemnioribus

107 2866 123 2890 C
134 2867 176 2890 DE
193 2872 214 2890 01
231 2868 268 2890 ed.
288 2869 300 2890 2
318 2867 397 2890 «liebus
414 2867 602 2890 solenmioribus.

167 2897 177 2910 ⁶
194 2898 250 2921 Cod.
267 2899 283 2920 Α
301 2902 322 2921 cl
339 2899 376 2920 cd.
394 2899 406 2920 2
424 2898 526 2928 quaudo.

169 2928 178 2941 ⁸
195 2930 250 2957 Cap.
271 2929 345 2951 15-17.

170 2959 178 2972 ⁷
195 2960 266 2982 Codtl.
284 2964 305 2983 ct
323 2961 372 2982 Vnt.
390 2966 443 2982 cuin
461 2960 498 2982 ed.
519 2960 524 2981 l
553 2961 610 2981 110111·
631 2958 746 2980 rubricam
769 2958 888 2983 (mutiunt,
911 2957 946 2979 cd.

109 2991 122 3013 2
139 2990 266 3014 substituit:
284 2992 343 3014 Pars
360 2990 461 3013 secunda
480 2990 549 3013 tutius
566 2989 658 3020 ope1·is;
676 2991 715 3011 vu:
734 2989 821 3017 l‘rolug.
840 2996 860 3011 u.
879 2989 899 3011 5.

16 2970 17 3060 ἰ

15 3064 18 3128 5

1061 2677 1070 2691 ⁸
1088 2679 1117 2701 lta
1136 2678 1232 2701 ACDE
1250 2681 1272 2700 01
1288 2678 1324 2700 ed.
1343 2679 1369 2704 23
1393 2678 1430 2700 ed.
1456 2678 1461 2699 1
1489 2677 1662 2706 ewprimemus,
1686 2677 1736 2699 Vat.
1762 2677 1842 2706 expri-

999 2715 1102 2732 mamus.
1490 2707 1499 2720 ⁰
1517 2709 1547 2730 De
1565 2708 1659 2730 1115111111.
1677 2709 1746 2730 novit.
1765 2714 1784 2730 c.
1805 2709 1840 2730 10.

1064 2740 1083 2753 ¹⁰
1100 2741 1203 2767 Gregor„
1221 2740 1301 2767 Regni.
1314 2743 1399 2767 pastor.
1414 2746 1435 2767 p.
1449 2740 1480 2761 111.
1494 2746 1512 2760 (·.
1526 2740 1562 2761 23.
1574 2751 1604 2755 —-
1617 2739 1724 2767 Sequitur
1737 2740 1804 2761 Pruv.
1816 2740 1841 2764 6,

1005 2773 1038 2794 12.
1055 2777 1111 2799 seq„
1129 2777 1198 2799 (1110111
1216 2772 1319 2798 thegein,
1336 2771 1377 2792 loc.
1390 2770 1433 2797 ci1.‚
1446 2770 1569 2792 sententiae
1586 2770 1694 2798 allegatae
1710 2770 1840 2798 praemittit.

1064 2802 1081 2814 ¹¹
1101 2803 1180 2829 nugo,
1197 2802 1226 2824 de
1244 2803 1337 2824 institut.
1355 2801 1424 2823 novit.
1441 2808 1460 2823 c,
1482 2802 1500 2823 1.

1065 2832 1083 2845 ¹²
1101 2834 1168 2860 nug„
1185 2833 1226 2855 loc.
1244 2833 1288 2860 cit„
1306 2839 1325 2854 c.
1343 2834 1363 2854 9.
1383 2832 1438 2854 lbid.
1455 2839 1474 2853 c.
1493 2834 1514 2854 3,
1532 2831 1628 2854 liabetur
1644 2838 1692 2860 seq.
1710 2832 1827 2854 sententia.

1065 2863 1083 2876 ¹³
1101 2863 1172 2886 Cotld.
1185 2863 1202 2887 C
1213 2864 1230 2885 D
1240 2864 1255 2885 Ε
1267 2866 1288 2885 et
1300 2863 1336 2885 ed.
1349 2865 1361 2885 2
1375 2862 1571 2891 Discrrnmulmn,
1585 2866 1657 2885 textus
1668 2863 1783 2890 originalis
1795 2862 1842 2886 Dis-

1003 2894 1145 2918 cernendum
1163 2896 1196 2917 est
1212 2894 1294 2923 iyiiur.

1067 2925 1084 2937 ¹¹
1103 2927 1131 2948 ltu
1149 2927 1166 2948 A
1178 2927 1193 2948 B
1211 2930 1232 2947 ct
1244 2926 1281 2948 ed.
1293 2926 1315 2952 2,
1327 2925 1347 2947 iu
1361 2926 1410 2947 aliis
1421 2925 1544 2947 osuiuiun':
1562 2925 1625 2948 circa
1636 2924 1769 2953 spiritualia
1783 2924 1843 2948 inte,-

1004 2957 1114 2983 Fralres,
1131 2958 1152 2979 el
1168 2956 1245 2986 primo
1262 2958 1369 2985 respectu
1386 2955 1511 2979 amotionis
1529 2955 1593 2978 ntuli.

1067 2987 1085 3002 ¹⁵
1103 2988 1155 3009 Fide
1174 2988 1188 3009 Β
1206 2991 1228 3009 ct
1245 2988 1281 3010 cd.
1299 2988 1311 3009 2
1329 2987 1488 3010 substituimus
1504 2986 1605 3010 secundo
1624 2993 1665 3015 pro
1682 2988 1710 3010 cl.
