2133 3317
0 2018 69 2039 “mia-

0 560 72 603 [inam.

452 206 647 235 OPUSCULUM
669 205 732 234 XIII.
754 205 1062 235 DETERMINATIONES
1083 206 1325 243 QUAESTIONUM.
1349 207 1427 235 PARS
1449 207 1466 235 I.

87 286 158 316 villis
177 288 205 314 et
225 292 313 321 pauca
333 283 553 321 postulaveritis,
574 283 655 312 modo
667 284 676 300 1
693 283 746 311 late
760 291 809 319 per
825 286 927 312 terram

87 336 114 362 et
133 331 232 369 oppida
252 334 279 359 et
300 333 390 359 castra
411 330 586 367 pervagando
600 329 720 366 plurima
735 330 928 366 congregatis?

88 379 200 409 Videtur
221 377 293 406 enim
312 377 427 406 avaritia
441 376 513 405 inter
527 384 576 405 vos
590 376 724 410 crevisse,
739 379 766 405 et
781 384 849 404 cura
863 384 928 404 ven-

87 425 137 455 tris
156 425 226 453 hanc
247 424 325 452 vobis
344 423 544 460 providentiam
559 423 729 460 persuasisse
745 422 871 456 videtur,
885 422 928 451 vel

87 471 198 509 spiritus
209 470 356 499 exstinctio
371 478 420 498 vos
431 470 458 498 in
478 470 545 498 cella
559 469 701 506 quiescere
716 478 770 498 1101]
785 469 927 506 permittit.

164 517 330 554 Respondeo.
353 517 470 545 Vitiosos
491 516 518 545 in
540 517 593 545 1100
612 519 639 545 et
654 516 680 544 in
696 516 772 550 aliis,
788 519 819 544 ut
833 515 891 544 dixi
904 516 927 549 2,

88 571 222 594 excusare
243 571 298 592 non
319 563 420 597 audeo,
443 563 488 592 sed
511 563 644 592 rationem
665 571 716 600 pro
736 563 794 591 illis
815 562 862 599 qui
884 570 928 591 ra-

90 611 159 641 tione
179 610 322 639 ducuntur
336 613 363 639 et
378 610 422 647 pia
436 610 586 639 intentione
601 610 692 638 omnia
706 610 822 644 faciunt,
837 613 929 638 osten-

86 658 150 688 dere
170 657 308 686 benevolis
329 665 403 685 nunc
417 656 547 691 intendo;
562 657 628 694 quia
642 656 791 690 malevoli,
807 657 853 694 qui
871 665 928 685 ma-

86 705 126 743 gis
146 703 216 732 facta
243 706 337 732 nostra
365 703 526 732 calumniari
554 703 712 732 desiderant
739 711 822 740 quam
844 712 927 740 agno-

86 758 162 781 scere
182 749 343 784 veritatem,
366 749 452 786 magis
466 749 573 783 dolent,
589 750 610 778 si
626 753 735 778 ostensa
749 749 789 778 015
804 749 925 784 13110110,

86 796 199 827 materia
221 796 397 825 subtrahitur
425 795 602 829 detrahendi;
627 796 692 832 quia
713 796 841 825 inimicus
868 796 927 824 vult

85 844 188 882 potius,
210 851 306 872 causas
328 843 504 871 maledicendi
517 843 527 859 ³
550 846 646 871 contra
665 851 729 871 eum
750 851 833 880 quem
854 843 927 877 odit,

85 891 134 920 sibi
148 890 242 919 adesse
257 898 339 926 quam
355 889 464 923 abesse,
478 892 509 918 ut
523 897 577 918 non
592 897 628 918 ex
647 889 757 923 invidia,
773 889 819 918 sed
834 897 870 918 ex
885 889 928 918 iu-

85 937 156 966 stitia
170 944 233 965 eum
249 935 377 973 persequi
393 935 527 964 videatur.
543 936 621 972 Quod
636 938 729 964 autem
748 944 822 964 nunc
836 936 927 972 potius

84 991 166 1021 quam
181 982 245 1011 olim
261 982 387 1011 videmur
404 982 583 1011 mendicando
598 982 680 1019 plura
693 982 837 1019 colligere,
856 982 927 1011 inter

84 1030 149 1059 alias
169 1032 235 1058 sunt
256 1029 421 1066 principales
446 1036 560 1063 causae,
588 1037 657 1066 quas
682 1032 759 1066 potes
783 1029 928 1058 advertere

0 1054 75 1113 syrma.
84 1084 163 1106 veras
184 1083 259 1105 esse:
281 1084 337 1104 una
359 1078 414 1110 est,
443 1075 516 1112 quod
545 1084 609 1104 011111
631 1076 696 1104 olim
718 1076 797 1112 pauci
819 1076 928 1104 Fratres

83 1123 198 1152 fuissent
218 1122 246 1151 in
267 1122 385 1157 Ordine,
406 1130 481 1150 1111110
502 1122 590 1151 multo
604 1122 699 1159 plures
721 1125 786 1151 suut
806 1122 926 1159 ubique;

84 1173 111 1199 et
130 1169 225 1207 plures
246 1169 374 1206 pluribus
395 1169 532 1206 indigent,
554 1171 808 1206 quantonumerus
829 1177 927 1198 nume-

84 1225 147 1246 rum
167 1216 292 1251 excedit,
315 1219 342 1245 et
361 1216 506 1250 omnibus,
531 1224 602 1253 quae
624 1216 772 1245 necessitas
793 1216 926 1253 requirit,

83 1266 125 1293 est
143 1263 230 1300 magis
251 1271 330 1300 opus.
345 1263 411 1291 Nam
427 1263 573 1297 Dominus,
595 1263 684 1291 infans
705 1266 801 1297 natus,
821 1263 928 1292 modico

83 1310 234 1340 diversorio
259 1312 287 1339 et
315 1310 457 1347 praesepIo
479 1313 625 1338 contentus
645 1309 738 1344 fuit⁴3
760 1310 805 1338 sed
832 1318 928 1347 aggre-

83 1360 145 1395 gata
164 1357 364 1394 discipulorum
386 1356 484 1390 turba,
506 1356 539 1385 ad
561 1356 773 1385 celebrationem
792 1357 928 1393 paschalis

84 1403 200 1433 convivii
221 1403 373 1441 quaesivit,
394 1403 445 1432 sibi
463 1403 576 1440 parari
602 1403 790 1432 coenaculum
814 1403 928 1441 prande

83 1453 218 1480 stratum.

163 1496 287 1526 Secunda
308 1504 391 1525 causa
409 1499 465 1531 est,
481 1497 555 1534 quod
570 1497 642 1525 inter
657 1497 752 1533 plures
767 1499 832 1525 sunt
846 1497 927 1525 etiam

84 1545 179 1582 plures
199 1543 302 1573 debiles
323 1547 350 1572 et
371 1543 490 1578 infirmi,
511 1544 633 1572 maxime
655 1543 703 1580 qui
728 1544 792 1572 olim
815 1547 928 1572 strenue

86 1591 231 1628 Religionis
258 1593 285 1619 et
313 1590 417 1619 arduae
444 1590 616 1627 paupertatis
643 1590 751 1627 pondus
773 1598 821 1627 per
842 1598 928 1619 annos

85 1637 220 1675 plurimos
241 1637 420 1674 portantes⁵,
442 1644 516 1665 nunc
537 1645 573 1665 ex
595 1637 733 1665 humanae
753 1636 927 1665 mortalitatis

83 1684 234 1714 defectibus
256 1684 363 1718 lassati,
385 1686 498 1721 cogente
522 1684 581 1720 ipsa
602 1684 731 1718 caritate,
753 1692 807 1712 non
828 1683 929 1712 debent

83 1731 134 1769 ipsi
161 1734 193 1760 ut
220 1731 331 1759 infirma
355 1738 454 1767 pecora
483 1730 618 1767 relinqui,
641 1730 687 1759 sed
714 1730 773 1767 pie,
794 1730 928 1767 quamdiu

83 1780 230 1815 poterunt,
251 1777 419 1806 fulcimentis
439 1777 625 1814 corporalium
654 1777 849 1806 necessitatum
877 1785 928 1814 pro

84 1824 203 1854 iustitiae
221 1824 422 1857 misericordia,
438 1832 488 1861 pro
502 1824 620 1853 aliorum
636 1824 823 1853 aedificatione
837 1827 864 1853 et
878 1832 928 1861 pro

84 1871 224 1900 iuniorum
252 1871 435 1900 instructione
463 1871 621 1900 sustentari.
654 1871 686 1899 Et
716 1873 830 1908 propter
861 1871 928 1900 tales

84 1920 192 1955 oportet
213 1920 240 1947 et
260 1917 388 1954 expedit,
410 1917 492 1954 plura
512 1917 576 1954 peti.

161 1964 254 1993 Tertia
285 1971 384 1998 causa,
415 1962 483 2001 quia
510 1964 605 2000 plures
633 1963 714 1992 modo
742 1964 929 1993 mendicantes

84 2014 149 2040 sunt
169 2011 196 2039 in
219 2011 337 2040 Ecclesia
357 2011 391 2040 de
412 2011 529 2040 diversis
550 2010 715 2045 Ordinibus,
737 2014 764 2040 et
785 2010 859 2048 quod
880 2018 929 2039 no-

83 2058 126 2087 bis
146 2058 237 2087 solum
258 2057 376 2086 dabatur
397 2057 554 2094 integrum,
569 2065 644 2086 nunc
659 2058 816 2086 minutatim
828 2058 839 2074 ⁶
860 2057 929 2086 divi-

83 2104 159 2134 ditur
179 2104 252 2133 inter
280 2104 384 2141 plures.
410 2104 486 2133 Unde
507 2104 633 2141 cogimur
654 2112 728 2133 nunc
749 2105 832 2133 latius
853 2107 929 2134 tanto

84 2151 194 2189 vagari,
209 2159 265 2189 quo
279 2151 372 2180 minus
386 2151 413 2180 in
429 2151 495 2180 locis
513 2151 629 2188 singulis
650 2151 733 2180 datur
747 2151 834 2180 nobis.
850 2151 929 2188 Quod

84 2198 157 2227 enim
178 2198 325 2235 aliquando
347 2198 515 2227 offerebatur
536 2198 615 2227 nobis
635 2206 690 2227 1101]
713 2198 927 2235 quaerentibus,

85 2253 160 2274 nunc
182 2245 229 2274 vix
251 2252 301 2282 per
323 2244 431 2274 diversa
452 2245 609 2273 minutatim
632 2245 787 2282 colligimus
801 2253 865 2273 cum
880 2253 929 2273 ru-

36 2322 41 2327 ,
84 2291 164 2327 bore,
186 2294 213 2321 et
234 2294 343 2329 oportet
363 2299 414 2320 nos
433 2295 542 2328 petere,
558 2292 623 2328 quia
636 2300 691 2320 non
711 2291 867 2328 petentibus
882 2300 929 2328 pa-

85 2347 148 2368 rum
169 2339 267 2374 datur,
288 2338 356 2368 dum
377 2346 414 2367 ex
434 2338 611 2367 multitudine
633 2338 785 2375 petentium
804 2338 930 2367 homines

84 2388 149 2415 sunt
169 2385 270 2415 lassati.
293 2385 345 2422 Qui
366 2388 458 2414 autem
481 2393 530 2422 per
551 2393 580 2414 se
602 2385 671 2413 nihil
686 2385 803 2419 babent,
818 2392 929 2414 necesse

84 2434 141 2468 est,
162 2440 210 2462 eos
230 2432 337 2467 omnia,
359 2431 462 2469 quibus
482 2431 620 2469 indigent,
641 2431 676 2460 ab
697 2431 758 2460 aliis
772 2431 928 2468 postulare,

148 2603 156 2616 ¹
173 2603 230 2627 Cod.
249 2604 265 2626 B
281 2609 354 2627 nunc.
369 2604 465 2627 Inferius
477 2603 574 2627 vocibus
589 2603 685 2627 Videtur
702 2604 765 2627 enim
782 2604 798 2626 C
816 2604 930 2627 interserit

84 2642 155 2671 mihi,
172 2646 194 2666 et
210 2649 253 2671 pro
270 2642 374 2671 videtur,
391 2643 428 2666 vel
444 2643 497 2666 edd.
515 2643 607 2666 videtur
623 2642 706 2671 etiam,
723 2642 793 2672 quod.

148 2680 157 2694 ²
175 2682 267 2710 Quaest.
285 2682 306 2704 6.
323 2694 355 2699 -
372 2682 466 2705 Inferius
483 2688 526 2710 pro
544 2681 659 2705 benevolis
676 2682 693 2704 Α
704 2681 746 2704 BC
764 2680 891 2704 benevolos.

149 2720 158 2733 Β
175 2720 232 2743 Edd.
241 2720 398 2750 matiymndi.
408 2721 503 2744 lnrerius
514 2721 568 2744 edd.
577 2720 638 2744 inter
649 2720 710 2743 alias
721 2719 863 2750 principales
875 2726 929 2743 cau-

85 2764 126 2782 sas
143 2765 185 2787 pro
202 2759 263 2782 inter
280 2759 343 2782 alias
359 2761 416 2782 sunt
428 2758 574 2789 principales
591 2765 685 2782 causae.

150 2797 160 2810 ⁴
176 2797 222 2821 Csr.
240 2798 294 2821 Luc.
312 2799 338 2825 2,
354 2798 378 2821 7.
393 2810 425 2815 —
442 2798 545 2821 Subinde
561 2798 674 2826 allegatur
691 2798 745 2820 Luc.
762 2798 806 2825 22,
824 2798 860 2820 42.
879 2796 929 2826 (cfr.

86 2836 153 2859 Marc.
172 2837 214 2864 44,
232 2837 292 2866 450,
310 2836 349 2860 ubi
366 2843 408 2865 pro
422 2836 512 2867 parari
527 2837 580 2859 edd.
594 2836 748 2866 praeparari.

149 2874 159 2887 ⁶
175 2876 252 2898 Mattb.
270 2876 312 2904 20,
332 2876 376 2898 ⁴2:
401 2876 545 2898 Portavimus
570 2875 663 2903 pondus
687 2875 732 2897 diei
754 2877 776 2897 et
797 2877 881 2897 aestus,
897 2887 928 2891 —

86 2912 193 2937 Subinde
210 2914 333 2943 respicitur
349 2915 429 2937 Ezech.
446 2914 489 2942 34,
507 2915 548 2937 2²:
565 2913 716 2937 Ventilabatis
737 2914 814 2936 omnia
839 2914 928 2936 infirma

88 2958 184 2981 pecora,
209 2953 283 2976 donec
308 2953 498 2981 dispergerentur
523 2954 590 2975 toras.
606 2965 637 2969 -—
654 2953 749 2975 Inferius
769 2952 928 2981 supplevimus

86 2990 201 3020 iustitiae,
222 2994 245 3014 et
262 2991 314 3015 voci
330 2991 461 3015 sustentari
473 2991 540 3014 codd.
553 2992 683 3020 praefigunt
694 2992 720 3014 ut
728 2991 821 3021 possint
831 2990 927 3014 diutius.

1774 207 1830 236 343

986 284 1029 312 vel
1050 291 1160 318 carere,
1182 285 1233 313 nisi
1254 285 1339 314 velint
1353 285 1445 314 illicite
1461 285 1622 322 acquirere,
1638 285 1681 314 vel
1696 292 1830 322 quocum-

985 338 1039 367 que
1061 331 1142 359 modo
1163 332 1236 368 apud
1258 332 1325 361 alios
1345 332 1501 366 deservire,
1527 332 1570 361 vel
1598 332 1650 361 nisi
1678 332 1763 369 gratis
1791 332 1830 361 eis

985 377 1112 406 donetur.

1064 424 1169 459 Quarta
1191 432 1288 458 causa,
1314 433 1368 453 non
1397 428 1487 454 tamen
1516 425 1628 454 omnino
1655 424 1828 454 commenda·
1845 432 1920 455 Quarta-

985 469 1062 504 bilis,
1085 470 1131 499 sed
1154 479 1203 507 pro
1225 471 1317 508 aliqua
1335 475 1413 508 parte
1435 473 1603 501 excusabilis
1623 472 1743 507 accedit,
1763 472 1829 509 quia

985 517 1033 553 qui
1055 525 1109 545 non
1130 521 1171 546 est
1193 518 1299 554 patiens
1320 519 1452 555 penuriae
1474 519 1500 547 in
1523 519 1566 548 his
1587 519 1690 556 quibus
1710 519 1827 556 indiget,

985 563 1069 600 plura
1090 572 1153 593 eum
1176 565 1342 601 conquirere
1364 569 1473 602 oportet
1485 566 1504 594 ⁷.

1306 659 1444 695 QUAEsrio
1466 660 1507 688 IX.

1065 750 1125 779 Cur
1146 750 1283 788 Reliqiosi
1303 752 1483 789 impatientes
1502 753 1561 781 sint
1581 753 1749 782 sustinendo

1308 799 1467 836 penariam
1479 799 1499 828 8.

1064 891 1129 920 Item
1151 899 1273 928 quaero:
1295 900 1366 929 quae
1388 896 1504 929 possunt
1532 900 1591 922 esse
1619 900 1718 921 causae
1744 893 1828 921 11111115

985 936 1184 973 impatientiae
1205 938 1256 966 11151
1278 938 1495 975 voluptuositas,
1524 947 1595 976 quae
1623 939 1661 967 nil
1690 939 1749 967 vult
1777 939 1828 967 sibi

984 983 1078 1012 deesse
1100 984 1210 1012 illorum
1233 993 1304 1021 quae
1319 985 1438 1022 appetit,
1453 994 1524 1023 quae
1540 986 1628 1014 omnis
1643 985 1828 1022 religiositatis

984 1033 1025 1058 est
1046 1030 1247 1059 exterminium
1262 1034 1272 1059 ἵ)

1063 1077 1228 1113 Respondeo.
1251 1078 1335 1112 Haec,
1357 1078 1407 1107 etsi
1430 1079 1455 1106 in
1479 1078 1644 1115 quibusdam
1666 1078 1765 1107 habeat
1790 1078 1828 1106 10—

984 1131 1063 1157 cum,
1085 1131 1139 1152 non
1156 1127 1246 1152 tamen
1261 1128 1301 1153 est
1317 1125 1406 1161 poti0r
1421 1133 1517 1159 causa,
1533 1125 1579 1154 sed
1594 1125 1662 1154 aliae
1677 1125 1827 1162 quaedam:

984 1178 1054 1203 una,
1076 1170 1156 1207 quia,
1178 1173 1208 1198 ut
1229 1171 1332 1199 dictum
1354 1172 1432 1206 est⁹‚
1453 1172 1547 1208 plures
1572 1172 1706 1200 habemus
1726 1171 1828 1201 debiles
1839 1177 1973 1201 (331131τί1113-

984 1220 1011 1245 01
1032 1217 1157 1246 infirmos
1179 1226 1261 1254 quam
1282 1218 1361 1252 olim,
1383 1226 1446 1247 cum
1468 1227 1563 1247 omnes
1584 1219 1641 1248 fere
1662 1222 1741 1248 erant
1764 1219 1828 1248 novi

984 1264 1011 1292 in
1032 1263 1149 1298 Ordine,
1170 1264 1233 1301 qui,
1255 1272 1318 1293 cum
1341 1265 1431 1294 lassati
1454 1265 1507 1293 iam
1529 1269 1555 1294 et
1576 1266 1705 1294 exhausti
1721 1266 1775 1294 sint
1789 1266 1829 1294 vi-

984 1311 1078 1344 ribus,
1100 1314 1224 1347 oportet,
1247 1315 1279 1339 ut
1293 1311 1482 1347 reficiantur,
1503 1320 1536 1340 ne
1552 1312 1661 1349 penitus
1685 1311 1827 1346 deficiant,
1845 1317 1974 1359 Distigctionjs

984 1357 1057 1394 quod
1079 1360 1151 1386 esset
1178 1361 1273 1386 contra
1295 1358 1515 1392 misericordiae,
1537 1358 1658 1387 caritatis
1679 1361 1706 1387 et
1726 1358 1829 1387 discre-
1840 1345 1889 1360 mem
1904 1346 1945 1359 mm
1968 1354 1973 1359 '

985 1404 1066 1433 tionis
1093 1404 1241 1438 virtutem,
1269 1413 1332 1433 cum
1361 1405 1428 1434 tales
1455 1405 1576 1433 maxime
1597 1405 1709 1434 consilio
1730 1412 1781 1433 suo
1802 1409 1829 1434 et

985 1451 1042 1479 zelo
1063 1453 1090 1479 et
1112 1451 1220 1487 pietatis
1241 1451 1369 1487 exemplo
1390 1454 1544 1480 sustentent
1566 1451 1696 1480 Ordinem
1721 1451 1748 1479 in
1777 1459 1828 1480 suo

984 1497 1091 1534 vigore,
1120 1505 1154 1525 ne
1181 1497 1272 1525 subito
1294 1501 1407 1526 corruat
1427 1506 1443 1525 a
1465 1497 1580 1534 pristina
1604 1498 1743 1534 puritate;
1766 1498 1829 1526 licet

985 1544 1088 1573 virtute
1109 1544 1243 1580 corporali
1266 1545 1319 1572 iam
1340 1553 1410 1577 non,
1432 1545 1503 1573 sicut
1524 1545 1604 1579 olim,
1619 1544 1772 1573 eminenter
1786 1545 1828 1573 lu-

985 1593 1064 1619 ceant
1075 1590 1098 1607 ¹0
1120 1594 1233 1627 propter
1251 1591 1374 1627 corporis
1388 1591 1612 1620 destructionem.
1634 1592 1686 1620 Aut
1706 1594 1828 1628 oportet,
1845 1597 1973 1617 uemhrums.

985 1637 1059 1674 quod
1080 1641 1184 1666 eontra
1205 1638 1441 1666 misericordiam
1460 1638 1578 1674 deficere
1595 1638 1689 1666 subito
1707 1638 1827 1675 permit-

986 1688 1102 1719 tantur,
1131 1687 1158 1713 et
1187 1687 1252 1714 tunc
1273 1693 1309 1714 ex
1331 1685 1382 1713 1100
1404 1685 1490 1722 magis
1510 1685 1649 1714 fovebitur
1670 1685 1697 1713 in
1725 1685 1829 1714 Ordine

985 1731 1146 1765 carnalitas,
1169 1731 1233 1768 quia
1254 1731 1369 1768 quilibet
1385 1731 1491 1760 iuvenis
1512 1735 1539 1760 et
1561 1739 1659 1766 sanus,
1675 1731 1830 1761 instructus

985 1778 1076 1807 carnis
1098 1778 1259 1815 prudentia,
1285 1778 1415 1815 rogitabit
1439 1778 1513 1815 apud
1534 1786 1562 1807 se
1584 1778 1695 1807 dicens:
1717 1778 1738 1807 si
1762 1778 1829 1807 tales

985 1825 1036 1853 viri
1060 1833 1110 1862 pro
1131 1824 1318 1853 aedificatione
1339 1824 1449 1853 Ordinis
1475 1833 1601 1862 corpora
1621 1833 1679 1853 saa
1700 1825 1830 1854 tradide-

985 1872 1091 1899 runtss
1112 1871 1241 1899 omnibus
1260 1870 1415 1905 laboribus,
1438 1871 1518 1899 modo
1538 1871 1686 1905 debilitati,
1708 1871 1747 1900 sic
1767 1879 1830 1908 per-

985 1918 1135 1946 mittuntur
1156 1917 1261 1954 absque
1282 1917 1470 1946 misericordia
1491 1918 1601 1955 perire3
1623 1918 1684 1946 volo
1703 1918 1771 1946 mibi
1786 1926 1829 1947 ca-

985 1972 1050 1993 vere
1071 1967 1098 1993 et
1119 1972 1233 2001 parcere
1254 1964 1362 2001 corpori
1385 1967 1411 1993 et
1436 1964 1503 1993 illud
1530 1964 1646 1993 fovendo
1674 1965 1828 2000 custodire,

985 2019 1019 2040 ne
1040 2011 1107 2039 mibi
1129 2011 1255 2040 similiter
1276 2011 1423 2048 contingat.
1447 2011 1478 2039 Et
1499 2011 1537 2040 sic
1555 2011 1655 2048 aliquis
1669 2011 1781 2040 audebit
1795 2011 1829 2040 de

985 2061 1077 2087 cetero
1092 2058 1140 2086 vix
1161 2058 1299 2086 ferventer
1314 2065 1343 2086 se
1357 2058 1384 2086 in
1400 2057 1447 2086 Dei
1462 2057 1574 2087 servitio
1588 2065 1729 2087 exercere.
1745 2074 1781 2078 —
1798 2057 1830 2086 Si
1853 2064 1884 2084 Ad
1895 2069 1952 2084 mem-

985 2108 1082 2133 autem
1103 2104 1203 2133 debent
1224 2104 1326 2133 debiles
1343 2104 1572 2133 misericorditer
1585 2103 1728 2142 refoveri,
1743 2112 1828 2142 expe·
1862 2088 1916 2107 hrum
1928 2088 1946 2107 ι’

985 2151 1040 2186 dit,
1061 2154 1094 2180 ut
1114 2151 1194 2180 etiam
1217 2151 1278 2186 alii,
1300 2151 1347 2188 qui
1369 2159 1456 2180 unum
1478 2159 1579 2188 corpus
1603 2151 1740 2181 societatis
1763 2159 1827 2181 cum

985 2198 1024 2227 eis
1045 2201 1110 2226 sunt
1131 2200 1158 2226 et
1179 2197 1217 2226 eis
1239 2197 1364 2226 serviunt
1384 2200 1411 2226 et
1432 2197 1540 2226 labores
1554 2197 1664 2226 Ordinis
1677 2205 1728 2234 pro
1742 2197 1782 2227 eis
1799 2198 1828 2226 in

985 2244 1081 2278 domo,
1103 2244 1130 2273 in
1152 2244 1244 2273 divino
1265 2244 1370 2279 officio,
1392 2244 1420 2273 in
1442 2244 1544 2282 frigore
1564 2247 1591 2273 et
1612 2244 1736 2281 petendis
1756 2245 1828 2274 elee-

986 2291 1107 2328 mosynis
1127 2294 1154 2320 et
1174 2291 1234 2320 aliis
1255 2291 1409 2329 obsequiis,
1431 2291 1524 2329 aliquo
1544 2291 1626 2320 modo
1649 2291 1744 2321 mitius
1765 2299 1829 2329 per-

986 2340 1140 2366 tractentur
1168 2340 1195 2366 et
1222 2337 1320 2366 melius
1348 2338 1524 2372 reficIantur,
1553 2340 1585 2366 ut
1608 2337 1700 2367 minus
1720 2338 1754 2367 de
1774 2338 1828 2368 illis

985 2385 1205 2414 scandalizentur
1219 2387 1246 2413 et
1261 2384 1352 2413 minus
1368 2387 1545 2414 murmurent
1560 2388 1656 2414 contra
1670 2393 1732 2420 eos,
1747 2385 1827 2423 quasi

985 2431 1036 2468 ipsi
1059 2431 1108 2460 soli
1130 2434 1294 2460 consumant
1316 2431 1423 2465 omnia,
1445 2439 1516 2468 quae
1541 2431 1713 2467 offeruntur,
1742 2435 1769 2462 et
1796 2434 1829 2462 ut

1048 2602 1058 2615 ⁰
1075 2603 1148 2626 Codd.
1167 2603 1185 2625 Α
1196 2603 1211 2625 Β
1227 2603 1263 2625 1110
1274 2606 1296 2625 01
1309 2603 1376 2631 paulo
1389 2603 1481 2626 inferius
1493 2602 1627 2626 minuatim.
1638 2603 1684 2626 Csr.
1697 2604 1729 2626 Du
1743 2603 1827 2633 Gange,

986 2642 1127 2665 Glossarium
1144 2645 1187 2664 etc,
1204 2641 1351 2670 Minutatim,
1370 2642 1537 2670 particulatim,
1554 2642 1609 2664 Gall.
1626 2648 1654 2665 en
1671 2641 1749 2665 detail.

1048 2680 1056 2693 ⁷
1073 2680 1130 2703 Cod.
1147 2681 1163 2702 B
1180 2680 1285 2710 accipere
1302 2682 1398 2710 oportet.

1047 2718 1056 2732 ⁸
1075 2720 1141 2742 Vat.:
1161 2719 1226 2748 Quae
1242 2719 1272 2742 sit
1286 2725 1361 2743 causa
1372 2718 1531 2749 impatientiae
1539 2719 1655 2749 penuriae
1666 2719 1691 2743 in
1701 2720 1748 2751 fine
1756 2726 1828 2750 prae-

984 2758 1084 2783 cedentis
1101 2758 1244 2788 quaestionis
1260 2758 1342 2782 dictae.

1047 2796 1057 2810 ⁹
1074 2798 1166 2826 Quaest.
1179 2798 1200 2819 8.
1208 2809 1239 2814 ——
1252 2798 1294 2820 Pro
1307 2803 1355 2820 nna
1366 2797 1383 2820 C
1392 2797 1474 2827 prima
1486 2803 1567 2821 causa.
1580 2798 1673 2821 Interius
1685 2804 1727 2827 pro
1738 2798 1828 2822 exhau-

983 2836 1016 2860 sti
1030 2836 1078 2860 sint
1094 2837 1112 2858 A
1122 2837 1138 2858 Β
1155 2835 1267 2859 eoeliausti'
1281 2837 1346 2859 sunt.

1048 2873 1067 2887 ²⁰
1084 2875 1141 2898 Edd.
1157 2874 1285 2898 eminenter
1301 2874 1455 2898 aestimentur
1472 2874 1558 2898 lucere.

1048 2913 1066 2926 ¹¹
1084 2914 1140 2936 Dan.
1157 2914 1183 2941 3,
1201 2914 1238 2936 95.
1256 2926 1287 2930 —-
1303 2913 1407 2936 Subinde
1420 2914 1541 2942 respicitur
1558 2913 1616 2937 Tob.
1627 2914 1650 2942 7,
1663 2915 1670 2937 vl
1679 2915 1704 2937 si:
1721 2915 1753 2938 Ne
1771 2916 1827 2938 rorte

984 2954 1007 2975 et
1024 2952 1077 2974 huic
1094 2952 1197 2975 similiter
1214 2952 1364 2980 contingeret.
1379 2965 1407 2968 —
1420 2952 1514 2975 Inferius
1526 2959 1569 2981 pro
1580 2952 1678 2983 fovendo
1690 2953 1706 2977 C
1717 2952 1827 2983 fruendo.
