2133 3317
0 688 77 713 smptu-

0 827 72 853 Papias.

0 921 37 950 liius
49 920 72 940 de

0 949 55 969 igme.

0 1293 65 1336 3133.OE

465 228 660 258 OPUSCULUM
682 227 737 256 XV.
760 226 916 256 EPISTOLA
936 227 980 256 DE
1002 226 1168 256 SANDALIIS
1188 226 1440 255 APOSTOLORUM.

85 311 142 348 ipse
162 309 295 338 Dominus
317 307 467 345 praecepit,
483 306 603 335 existere
618 305 734 334 curabat
749 317 775 333 ιι.
793 321 832 325 -
847 305 926 339 110111,

85 357 113 385 in
127 356 183 384 vita
196 355 267 384 beati
283 353 427 383 Frontonis
440 352 568 389 discipuli
583 351 717 380 scribitur
732 351 772 380 sic
784 351 810 379 ¹:
835 362 848 376 «
862 351 927 380 Bea-

85 406 130 431 tus
141 402 240 430 Fronto
251 404 350 434 castra,
362 399 447 428 urbes
457 402 485 428 et
495 398 585 427 vicina
598 398 657 426 loca
672 398 809 426 calceatus
821 400 928 426 tantum

85 448 212 478 sandaliis
233 454 398 484 peragrans,
419 445 544 483 gentium
558 444 676 474 catervis
691 444 775 473 divini
792 443 869 473 verbi
884 452 926 472 se-

85 495 160 524 mina
179 494 349 531 erogabat».
372 508 408 514 -
431 492 509 526 ltem,
524 492 553 520 in
568 492 690 520 Marthae
711 494 738 520 et
755 490 928 527 Magdalenae

85 541 170 570 vitis2
191 540 308 577 legitur,
329 539 403 576 quod
425 538 468 567 vel
489 538 617 567 sandaliis
635 538 803 571 utebantur,
818 537 861 566 vel
876 545 928 565 nu-

86 588 127 617 dis
147 586 264 624 pedibus
284 585 455 614 incedebant.

164 633 190 661 [ι.
213 633 252 661 De
266 632 394 661 sandaliis
408 634 501 660 autem
515 631 616 660 dicitur
631 630 713 659 Marci
728 633 808 659 sexto
819 630 846 658 ³:
864 629 928 659 Cat-

87 683 180 710 ceatos
199 679 363 712 sandaliis;
384 678 497 707 Glossa:
523 689 536 703 α
551 677 585 706 Ut
605 685 695 714 neque
716 685 765 713 pes
786 679 875 705 tectus
894 676 929 704 sit

87 734 177 763 neque
198 725 290 754 nudus
310 724 343 753 ad
359 727 462 753 terram
476 735 503 751 ι).
519 740 558 744 —-
572 723 638 752 Item
653 723 686 751 ad
703 722 835 760 Ephesios
849 724 929 751 sexto

86 775 113 802 et
132 771 260 801 Matthaei
281 771 387 800 decimo
408 770 509 799 dicitur
530 770 558 798 in
579 770 711 803 Glossa⁴‚
733 769 862 798 sandaliis
886 769 929 798 vel

87 819 167 848 soleis
193 825 259 847 usos
287 817 428 854 Apostolos
455 816 547 845 fuisse.
577 815 694 853 Papias⁵
722 818 815 844 autem
844 815 928 844 dicit:

91 877 107 891 «
120 864 246 894 Sandalia
265 867 358 893 autem
384 867 449 892 sunt
469 863 653 892 calceamenta
673 862 794 899 desuper
821 862 929 891 corium

87 919 142 941 non
164 911 293 940 habentia
307 923 333 938 υ.
349 926 387 930 —
402 910 483 944 Item,
506 909 640 938 Eusebius
654 908 845 938 Caesareensis
859 908 930 937 libro

88 960 168 987 sexto
189 956 386 986 ecclesiasticae
408 956 556 989 Historiae,
581 955 702 992 capitulo
731 955 771 983 De
792 954 931 983 laudibus

90 1004 224 1041 Orz'yem'a
235 1003 263 1037 ⁶,
284 1003 350 1032 dicit
370 1003 423 1032 sic:
449 1013 463 1027 α
477 1004 545 1031 Ante
566 1002 656 1030 omnia
671 1001 804 1038 Origenes
820 1009 930 1038 praece-

87 1054 134 1088 pta
154 1050 311 1087 evangelica
331 1053 358 1079 et
380 1057 460 1079 voces
487 1049 636 1078 Salvatoris
657 1057 767 1077 summo
787 1056 882 1077 amore
903 1051 930 1077 et

88 1097 179 1127 studio
206 1096 343 1134 implenda
371 1104 431 1125 esse
452 1096 596 1130 censebat,
618 1096 722 1132 quibus
743 1095 930 1132 praecipitur,

87 1143 156 1172 duas
176 1143 284 1172 tunicas
305 1151 360 1172 non
381 1143 536 1177 habendas,
558 1150 608 1171 nec
630 1142 823 1171 calceamentis
850 1144 931 1170 uten-

88 1190 170 1224 dum,
192 1197 242 1218 nec
262 1189 296 1218 de
316 1189 436 1218 crastino
450 1189 668 1226 cogitandum».
691 1189 722 1217 Et
736 1188 864 1225 sequitur
878 1188 931 1216 ita:

92 1247 107 1263 α
122 1237 246 1274 Denique
261 1245 310 1274 per
326 1237 428 1265 multos
442 1244 528 1265 annos
542 1236 646 1273 absque
659 1235 734 1264 omni
749 1235 933 1264 calceamento

89 1283 171 1313 nudis
193 1283 312 1312 traditur
340 1283 482 1312 incessisse
511 1282 631 1320 vestigiis
645 1294 672 1310 n.
693 1298 732 1302 —
757 1282 838 1316 item,
866 1281 933 1310 Gre-

90 1331 184 1368 gorius
198 1330 385 1359 Nazianzenus
396 1330 422 1358 ⁷:
442 1341 455 1355 «
470 1329 604 1367 Optabam
620 1329 745 1358 homines
760 1329 869 1363 videre,
884 1329 931 1366 qui

89 1376 214 1405 viverent
235 1376 268 1404 ad
289 1376 465 1413 exemplum,
485 1375 687 1412 praedicatores
702 1375 839 1411 Evangelii
854 1374 933 1403 Chri-

90 1423 141 1458 sti,
162 1423 244 1452 nudis
265 1423 382 1460 pedibus
402 1422 575 1455 incedentes,
597 1425 711 1459 propter
733 1429 849 1458 regnum
865 1429 934 1458 pau-

90 1478 186 1508 peres,
208 1473 321 1507 propter
343 1473 534 1506 paupertatem
556 1477 635 1506 reges
650 1481 676 1496 ι.

168 1518 194 1545 5.
216 1517 320 1551 Cernis,
336 1519 412 1553 puto,
428 1516 450 1545 si
465 1516 577 1553 proprie
598 1515 687 1552 sapis,
708 1515 782 1552 quod
801 1515 857 1544 duo
872 1515 934 1544 illu-

90 1564 217 1593 strissimi
242 1563 411 1592 Graecorum
438 1562 564 1591 doctores
592 1565 771 1599 praeceptum
798 1562 935 1599 evangeli-

90 1618 154 1640 cum
173 1610 209 1639 de
228 1618 283 1639 non
305 1609 447 1647 portandis
468 1609 659 1638 calceamentis
679 1609 713 1637 ad
736 1609 855 1638 litteram
871 1617 934 1638 cen-

90 1659 208 1687 suerunt
227 1656 431 1686 observandum
443 1656 462 1684 ⁸.
485 1655 587 1692 Quodsi
608 1655 732 1685 fortassis
752 1656 780 1684 in
802 1656 853 1684 hac
874 1663 936 1684 sen·

155 1809 162 1822 ¹
181 1810 237 1831 Prae
254 1809 362 1831 manibus
379 1808 492 1831 habemus
508 1807 639 1831 breviorem
659 1809 807 1831 solummodo
825 1809 896 1831 vitam
913 1809 936 1831 S.

91 1848 212 1871 Frontonis
230 1848 340 1877 (Bolland.
358 1851 413 1870 tom.
431 1848 468 1870 Xl.
487 1847 516 1870 25
534 1847 652 1874 Octobris,
673 1854 727 1875 pag.
746 1847 791 1869 497
808 1847 896 1876 seqq),
913 1848 937 1869 in

92 1887 158 1910 cuius
178 1893 198 1909 c.
216 1887 236 1909 1.
253 1893 275 1909 11.
294 1887 314 1908 1.
330 1887 353 1909 S.
369 1887 465 1914 Fronto,
483 1886 576 1909 iubente
592 1886 695 1913 Christo,
713 1892 725 1908 a
744 1887 809 1908 Petro
827 1886 936 1914 Apostolo

92 1926 232 1954 baptizatus,
249 1926 308 1948 inter
324 1926 354 1948 72
370 1926 496 1953 discipulos
513 1925 594 1948 Christi
614 1925 644 1948 ad
664 1925 846 1953 praedicandum
867 1927 937 1948 Evan-

92 1965 178 1994 getium
190 1965 311 1988 exhibetur
322 1968 344 1988 et
355 1971 367 1987 a
381 1966 446 1988 Petro
457 1965 567 1993 Apostolo
585 1965 614 1988 ad
632 1965 763 1987 Secundam
778 1965 937 1994 Aquitaniam⁷

92 2004 178 2027 scilieet
195 2004 365 2032 Petragoricos,
390 2004 516 2026 destinatus
534 2003 565 2032 (n.
584 2004 628 2032 2.),
646 2003 685 2032 qni
706 2011 716 2023 α
729 2004 813 2026 multas
829 2002 899 2026 urbes
916 2006 938 2025 et

93 2043 196 2070 castella,
214 2043 236 2065 in
253 2042 339 2072 quibus
361 2042 460 2065 verbum
485 2042 524 2065 Dei
544 2042 688 2065 seminavit»
710 2043 738 2071 (0.
757 2044 778 2065 2.
795 2049 817 2064 n.
837 2042 876 2069 4¹¹3
894 2043 936 2064 cfr.

91 2088 114 2104 n.
128 2083 173 2110 12.)
187 2087 326 2110 peragrans,
344 2090 354 2102 n
363 2081 442 2104 obiit...
455 2088 515 2104 anno
528 2081 563 2104 42.
578 2085 631 2109 post
642 2082 834 2104 resurrectionem
846 2081 937 2103 Domini

92 2121 164 2144 nostri
181 2121 230 2143 lesu
248 2120 363 2143 Christi».
381 2120 426 2143 Csr.
443 2120 545 2147 naham,
567 2121 597 2143 de
614 2121 664 2143 Vita
686 2122 710 2143 B.
728 2121 810 2143 Mariae
828 2120 938 2148 111ος0010-

94 2166 148 2189 nae,
166 2166 186 2182 c.
203 2160 240 2182 37.
257 2162 280 2182 et
297 2159 338 2188 49,
357 2159 397 2182 ubi
414 2160 450 2182 ille
467 2163 563 2182 vocatur
580 2160 708 2182 Frontinus.

156 2198 165 2212 ²
182 2198 282 2227 Raban.,
308 2199 337 2221 (10
364 2199 413 2221 Vita
438 2199 462 2221 B.
479 2199 563 2221 Mariae
587 2199 748 2227 Magdalcnae,
769 2205 789 2221 c.
814 2199 850 2221 41.
873 2198 939 2225 dicit,

94 2238 158 2267 quod
176 2239 260 2260 Martha
282 2247 292 2258 α
304 2244 397 2266 semper
413 2238 475 2261 nuda
494 2238 566 2266 pedes
578 2247 599 2260 ι.
622 2238 694 2260 Α110111
712 2238 783 2260 vitam
800 2238 829 2260 do
847 2238 940 2265 Magda-

95 2277 144 2299 lena
162 2279 184 2299 et
201 2277 286 2299 Martha
304 2277 327 2299 in
344 2277 393 2299 istis
410 2277 506 2300 saeculis
524 2277 677 2305 conscriptam
696 2283 741 2299 non
758 2277 898 2299 invenimus.

157 2315 167 2328 ⁹
185 2316 250 2338 Vers.
267 2316 289 2338 9.
306 2329 337 2332 -—
353 2316 431 2338 Glossa
450 2319 485 2338 est
500 2315 626 2339 ordinaria
644 2316 680 2343 (ex
693 2316 766 2343 Beda,
784 2316 824 2344 qui
836 2315 940 2344 sequitur

94 2355 204 2383 August..
222 2356 246 2377 ΙΙ.
266 2355 295 2377 (10
312 2355 429 2377 Consensu
449 2355 587 2382 Evangelist.
599 2361 619 2377 c.
631 2356 668 2377 30.
682 2362 702 2377 n.
716 2355 764 2383 75.)
782 2355 803 2376 in
821 2356 882 2377 hunc
898 2355 939 2376 loc.

159 2393 169 2406 ⁴
186 2394 265 2416 Glossa
283 2393 408 2416 ordinaria
425 2394 448 2415 in
467 2395 523 2421 Eph.
542 2394 569 2420 6,
591 2394 628 2416 15:
647 2394 677 2416 Et
692 2393 792 2416 calceati
803 2397 846 2416 etc.
861 2402 872 2413 α
886 2394 941 2415 Mar-

96 2439 137 2456 cus
155 2432 206 2462 [csr.
222 2436 276 2455 nota
293 2433 436 2461 praecedens
452 2439 505 2455 cum
524 2433 602 2455 Glossa
620 2432 675 2454 ibid.
693 2432 798 2461 allegata]
817 2432 871 2454 dicit
883 2433 941 2460 Apo-

97 2472 166 2495 stolos
184 2473 295 2495 calceatos
312 2472 419 2494 sandaliis
435 2472 472 2494 vel
489 2472 569 2499 soleis,
584 2475 608 2494 ut
619 2478 694 2500 neque
707 2478 748 2499 pes
764 2472 792 2494 sit
809 2475 882 2494 tectus
899 2478 941 2494 nec

96 2511 173 2534 nudus
189 2512 218 2534 ad
236 2514 320 2533 terram
333 2520 354 2533 π.
372 2512 404 2533 1)0
421 2511 499 2533 Glossa
517 2510 643 2534 ordinaria
660 2511 681 2533 in
695 2511 770 2533 Matth.
787 2511 824 2537 10,
839 2511 874 2532 10.
886 2511 941 2533 vide

97 2556 166 2578 supra
184 2556 239 2578 pag.
257 2550 315 2577 307,
333 2553 410 2572 notam
429 2551 450 2571 6.

160 2587 170 2600 ⁶
187 2589 219 2610 De
235 2595 282 2617 quo
299 2588 353 2611 vide
370 2594 439 2616 snpra
458 2589 515 2616 306,
533 2591 611 2610 notam
630 2588 667 2610 44.

161 2626 170 2640 θ
187 2627 243 2655 Cap.
263 2628 285 2650 3.
307 2627 363 2649 Vide
381 2633 450 2654 supra
468 2633 522 2655 pag.
540 2627 598 2654 306,
615 2629 692 2649 notam
717 2627 739 2649 6.
763 2627 784 2649 111
807 2627 850 2649 linc
873 2627 940 2654 primi

99 2667 141 2689 loci
158 2666 247 2694 allegati
264 2666 418 2693 respiciuntur
435 2666 511 2688 matth.
533 2666 570 2693 10,
592 2667 624 2687 ΙΟ.
643 2668 665 2688 et
681 2667 708 2693 6,
726 2666 762 2688 34.

161 2703 169 2717 ⁷
188 2705 248 2727 Orat.
266 2705 287 2727 6.
306 2705 370 2731 (alias
391 2705 436 2733 12.)
454 2711 477 2726 n.
495 2706 517 2726 2.
534 2704 578 2726 Csr.
602 2710 671 2732 supra
695 2711 748 2732 pag.
770 2704 826 2732 307,
844 2707 897 2726 nota
916 2706 941 2730 Β,

100 2743 139 2766 ubi
157 2744 272 2766 extensius
296 2743 428 2771 exhibetur,
450 2743 542 2765 omiSsis
560 2746 636 2765 tamen
651 2744 750 2772 propter
768 2749 868 2772 requam
883 2749 941 2772 pait-

98 2788 166 2811 perrs
187 2786 243 2810 etc.,
260 2788 319 2811 quae
337 2782 407 2805 verba
426 2783 448 2804 111
461 2783 504 2804 11110
516 2782 607 2809 allegati
618 2788 641 2803 11.
654 2783 676 2804 2.
687 2782 809 2804 habentur.
822 2782 864 2804 Pro
874 2788 942 2811 prae-

101 2819 216 2843 dicatores
234 2820 358 2850 Emmqelt'i
379 2821 417 2846 (ita
441 2821 458 2842 Α
479 2823 503 2842 et
526 2820 579 2842 edd.
603 2820 627 2846 i,
650 2821 673 2848 2)
697 2820 747 2841 Vat.
769 2819 942 2848 pramiicatoris

102 2859 231 2889 Evangelii.

163 2897 172 2909 ¹³
191 2898 345 2926 Adinngimus
357 2899 507 2920 monitionem
520 2898 587 2923 viris,
606 2904 651 2919 11011
670 2897 758 2918 seminis
772 2896 878 2925 (quibus,
894 2903 943 2918 san-

103 2937 168 2959 (101115
179 2937 280 2963 reis-ctis,
293 2943 360 2958 nsum
371 2937 498 2959 calceorum
512 2936 633 2964 insinuat),
650 2936 726 2958 (1010111
743 2941 755 2956 a
767 2935 884 2957 Clemente
896 2936 943 2957 Alc-

103 2976 192 3002 xandr.,
211 2976 234 2997 ll.
252 2975 396 3002 Pacdumgt,
414 2982 433 2996 r.
455 2975 493 2996 ll:
512 2975 566 2997 Viro
583 2978 659 2996 aulem
679 2974 757 3001 pulcre
774 2974 880 2996 convenit
894 2974 943 2995 nul-

103 3014 136 3035 los
153 3013 238 3036 habere
255 3015 356 3040 volvens,
375 3017 535 3041 praeterquam
553 3013 571 3035 si
590 3011 852 3035 111111101,“Υποδεὸἑσθαι
869 3012 942 3040 0111111,

1770 223 1825 253 387

984 305 1068 333 tentia
1089 304 1290 341 praesumseris
1310 304 1417 338 dicere,
1439 303 1593 341 praedictos
1613 303 1684 332 duos
1701 302 1828 331 doctores

984 351 1120 380 haeresim
1141 351 1283 388 sapuisse;
1305 359 1355 388 per
1375 351 1529 388 praedictas
1557 353 1584 379 et
1611 353 1673 387 post
1700 347 1829 377 dicendas

984 398 1162 426 auctoritates
1182 398 1328 427 doctorum
1349 397 1509 432 Latinorum
1530 396 1730 426 catholicorum
1751 395 1828 424 calu-

984 444 1081 472 mniari
1105 444 1131 472 in
1153 444 1205 472 hac
1225 448 1304 481 parte
1331 443 1485 481 praedictos
1509 443 1636 472 doctores
1655 441 1828 472 convinceris

984 489 1135 519 manifeste.
1150 507 1188 511 —-
1204 491 1282 525 ltem,
1298 491 1326 520 in
1341 491 1404 520 vitis
1418 491 1531 519 Patrum
1543 490 1569 525 ⁹,
1584 490 1612 518 in
1627 490 1828 518 monachorum

985 536 1170 573 perfectorum
1192 537 1321 566 laudibus
1342 538 1442 575 legitur
1457 537 1485 566 in
1503 537 1631 574 pluribus
1652 536 1733 571 locis,
1755 535 1830 573 quod

984 583 1066 612 nudis
1076 583 1197 620 vestigiis
1208 584 1378 613 incedebant.
1391 601 1426 604 —
1439 584 1515 618 ltem,
1526 584 1709 620 Hieronymus
1720 583 1747 611 in
1759 582 1830 611 libro

985 633 1080 658 contra
1102 630 1271 659 Iovinianum
1284 631 1306 648 ¹⁰
1334 631 1512 668 reprehendit
1533 631 1640 667 ipsum,
1667 630 1741 667 quod
1765 637 1830 659 cum

985 676 1063 713 prius
1090 679 1221 713 tanquam
1253 677 1392 714 perfectus
1422 677 1576 706 monachus
1603 676 1685 705 nudis
1712 676 1828 713 pedibus

986 723 1112 757 incessit,
1130 726 1239 760 postea,
1261 732 1277 752 a
1298 724 1465 761 perfectione
1479 726 1637 761 apostatans
1657 723 1826 757 monachali,

987 769 1171 798 calceamenta
1191 770 1323 798 deaurata
1344 770 1480 807 portabat.

1066 817 1090 844 6.
1107 816 1182 851 Item,
1198 817 1314 845 Actuum
1329 817 1490 846 duodecimo
1502 818 1539 845 ¹¹:
1557 817 1660 846 Calcea
1675 820 1699 845 te
1713 816 1827 854 caligas

987 866 1075 896 tuas;
1094 863 1129 891 ad
1150 864 1218 892 haec
1239 866 1281 892 est
1300 872 1357 892 una
1377 863 1490 893 Glossa:
1516 875 1530 889 α
1546 864 1642 893 Petrus
1657 866 1769 900 propter
1791 863 1829 891 ri-

986 917 1081 946 gorem
1103 910 1221 938 carceris
1242 910 1388 947 ligamenta
1407 910 1442 939 ad
1464 910 1561 939 horam
1583 910 1709 943 laxabat,
1724 912 1771 943 ut,
1786 912 1831 938 tu-

987 955 1048 984 nica
1075 956 1148 984 cirea
1176 956 1258 992 pedes
1286 956 1419 990 demissa,
1448 956 1536 993 frigus
1563 957 1651 985 noctis
1678 959 1831 992 utcumque

987 1004 1170 1039 temperaret,
1198 1003 1357 1040 exemplum
1379 1003 1514 1039 praebens
1534 1003 1664 1037 infirmis,
1690 1006 1737 1037 ut,
1766 1010 1831 1031 cum

988 1049 1112 1077 molestia
1136 1050 1271 1086 corporali
1293 1050 1336 1078 vel
1357 1050 1459 1078 iniuria
1479 1052 1622 1078 tentantur
1642 1050 1779 1083 humana,
1800 1049 1832 1077 li-

988 1098 1047 1124 ceat
1067 1095 1172 1132 aliquid
1193 1096 1288 1125 laxare
1306 1096 1340 1125 de
1362 1096 1452 1133 rigore
1474 1096 1647 1133 propositi».
1670 1096 1745 1124 Sicut
1766 1103 1831 1132 ergo

990 1142 1086 1170 Petrus
1107 1142 1134 1170 in
1156 1150 1203 1176 eo,
1226 1143 1299 1179 quod
1321 1143 1394 1171 circa
1415 1143 1497 1180 pedes
1519 1143 1639 1171 tunicam
1660 1142 1769 1171 demisit
1796 1142 1831 1171 ad

989 1189 1085 1217 horam
1107 1192 1221 1226 propter
1243 1190 1362 1226 rigorem
1384 1190 1516 1224 carceris,
1538 1190 1698 1226 exemplum
1714 1189 1831 1218 infirmis

989 1235 1118 1272 praebuit
1144 1238 1171 1264 et
1195 1235 1315 1272 rigorem
1340 1236 1457 1270 laxavit,
1479 1236 1517 1265 ita
1537 1239 1564 1265 et
1585 1236 1612 1264 in
1633 1244 1681 1270 eo,
1703 1235 1777 1272 quod
1798 1235 1832 1264 ad

990 1282 1087 1310 horam
1108 1285 1216 1310 tantum
1237 1282 1338 1320 caligas
1359 1283 1471 1316 habuit,
1500 1283 1522 1311 si
1551 1285 1641 1311 tamen
1670 1282 1775 1311 habuit.
1804 1282 1833 1311 ln

990 1328 1044 1357 fine
1075 1332 1165 1357 tamen
1193 1329 1348 1365 praedictae
1372 1329 1482 1358 Glossae
1508 1329 1621 1367 caliyae
1649 1329 1720 1357 Petri
1752 1329 1833 1366 spiri-

990 1375 1101 1404 tualiter
1129 1378 1310 1412 exponuntur
1331 1376 1388 1404 sic:
1416 1376 1522 1412 «Quod
1548 1376 1653 1405 dictum
1682 1379 1742 1404 est:
1769 1375 1832 1404 Sint

991 1422 1082 1450 lumbi
1102 1422 1192 1450 vestri
1209 1423 1388 1459 praecincti,
1404 1423 1492 1451 Lucae
1505 1422 1668 1451 duodecimo
1681 1423 1718 1456 ¹²,
1733 1426 1760 1451 et
1773 1422 1832 1450 cal-

991 1469 1065 1497 ceati
1081 1469 1166 1506 pedes
1186 1469 1218 1497 in
1236 1469 1496 1506 praeparationem
1511 1469 1662 1506 Euanqelz'z'
1678 1469 1778 1506 pacis,
1799 1469 1834 1497 ad

991 1516 1122 1552 Ephesios
1143 1518 1236 1550 sexto,
1250 1515 1436 1552 spiritualium
1455 1516 1590 1544 virtutum
1606 1515 1740 1553 verbique
1754 1524 1834 1552 prae-

991 1562 1098 1591 dicandi
1113 1570 1254 1591 resumere
1269 1562 1400 1590 iubentur
1415 1562 1531 1599 insignia
1541 1574 1568 1590 ».
1581 1579 1618 1583 -
1633 1563 1739 1591 Textus
1752 1562 1834 1591 etiam

994 1608 1096 1637 Calcea
1111 1612 1135 1637 te
1148 1608 1182 1637 ad
1197 1609 1315 1637 litteram
1336 1609 1506 1643 intellectus,
1522 1617 1576 1637 non
1591 1609 1712 1637 dissonat
1726 1617 1742 1637 a
1755 1616 1835 1645 prae-

992 1655 1071 1684 dictis
1085 1655 1296 1684 auctoritatibus
1310 1659 1337 1684 et
1350 1655 1465 1684 inferius
1479 1655 1650 1690 annotandis,
1662 1655 1709 1684 sed
1723 1655 1835 1684 omnino

994 1810 1037 1831 1100
1054 1811 1088 1831 est
1104 1814 1153 1831 esse
1170 1808 1313 1835 calceatum,
1331 1814 1377 1830 non
1394 1814 1490 1836 parvam
1510 1807 1578 1830 habet
1595 1808 1726 1830 allinitatem
1740 1814 1792 1830 cum
1806 1807 1836 1829 δε-

994 1846 1078 1875 δέσθαι,
1096 1847 1160 1876 qnod
1177 1849 1211 1869 est
1227 1853 1276 1869 csse
1293 1846 1401 1876 liyutum.
1419 1846 1536 1874 Optimum
1559 1847 1653 1875 quidem
1677 1849 1711 1869 est
1731 1847 1836 1869 exercita-

995 1886 1062 1908 tionis
1079 1892 1153 1914 genus
1177 1886 1245 1908 nudis
1262 1886 1292 1908 uti
1311 1885 1421 1913 pedihus,
1439 1888 1461 1908 et
1477 1885 1506 1908 ad
1523 1885 1643 1907 sanitatem
1661 1888 1683 1907 et
1700 1886 1729 1908 ad
1746 1886 1836 1913 expedi-

995 1928 1040 1948 tam
1059 1925 1186 1947 facilitatem
1201 1925 1352 1952 conveniens,
1366 1924 1405 1947 ubi
1417 1930 1461 1946 non
1473 1924 1595 1952 prohibeat
1606 1925 1736 1947 necessitas.
1748 1924 1836 1953 Quodsi

994 1964 1036 1986 iter
1052 1970 1098 1986 non
1116 1964 1284 1992 ingrediamur,
1302 1969 1343 1985 nec
1360 1963 1429 1985 nudis
1447 1963 1552 1985 incedere
1571 1962 1669 1991 pedibus
1694 1963 1740 1991 pati
1765 1963 1836 1991 possi-

995 2010 1058 2032 mus,
1075 2003 1142 2026 soleis
1160 2004 1270 2025 utendum
1282 2006 1328 2030 est;
1344 2009 1382 2025 eas
1399 2006 1475 2025 antem
1492 2002 1558 2025 Attici
1575 2002 1689 2025 vocabant
1705 2001 1835 2031 κονίποδας,

994 2043 1056 2072 quod
1074 2041 1154 2072 pedes,
1171 2046 1285 2071 quantum
1302 2048 1346 2070 ego
1364 2041 1475 2068 coniiciO,
1490 2041 1587 2071 pulveri
1602 2042 1790 2071 appropinquare
1808 2043 1836 2064 sa-

994 2084 1072 2104 cerent
1088 2084 1132 2103 etc.

1058 2119 1068 2132 ⁹
1084 2120 1130 2142 Csr.
1146 2120 1186 2142 lib.
1203 2120 1217 2142 1.
1235 2120 1281 2142 vita
1300 2120 1324 2142 Β.
1342 2119 1431 2141 Antonii
1448 2119 1554 2145 abbatis,
1571 2125 1589 2141 c.
1608 2119 1698 2146 2331V.
1710 2126 1730 2141 c.
1744 2119 1784 2147 «15,
1797 2119 1836 2141 nbi

995 2165 1022 2182 ex
1039 2159 1149 2185 Cassian„
1163 2160 1177 2181 Ι.
1189 2159 1218 2181 (10
1235 2158 1369 2181 Coenob10r.
1388 2158 1480 2180 institut.
1498 2164 1518 2180 e.
1536 2158 1577 2184 lo,
1595 2158 1700 2185 affertur,
1715 2158 1779 2187 quod
1797 2159 1837 2180 Ae-

996 2199 1070 2226 gyptii
1088 2198 1194 2220 monachi
1212 2198 1377 2225 calceamenta,
1389 2197 1459 2219 veluti
1471 2197 1589 2219 interdicta
1601 2197 1735 2224 evangelico
1748 2203 1837 2225 praece-

997 2242 1047 2265 pto,
1066 2237 1203 2259 recusabant
1219 2240 1241 2258 et
1257 2236 1337 2264 caligis
1355 2239 1442 2258 tantum
1460 2235 1583 2257 utebantur
1600 2239 1703 2264 tempore
1721 2236 1838 2259 infirmita-

996 2277 1037 2303 tis,
1055 2276 1136 2298 hiemis
1153 2278 1196 2297 etc.
1214 2275 1281 2297 lsaias
1298 2274 1383 2301 abhas,
1400 2274 1460 2296 Orat.
1480 2275 1500 2296 3.
1516 2281 1539 2296 11.
1559 2274 1585 2301 4,
1603 2275 1741 2297 instituendo
1758 2276 1838 2297 fratres

997 2315 1107 2342 iuniores,
1133 2315 1269 2342 generaliter
1294 2314 1405 2340 insinuat,
1422 2313 1486 2341 qnod
1507 2321 1517 2333 α
1530 2313 1551 2335 111
1569 2313 1649 2335 itincre
1667 2316 1768 2340 tantum,
1790 2320 1837 2336 non

997 2357 1073 2376 autem
1091 2354 1115 2375 111
1132 2354 1186 2375 cella
1205 2353 1332 2375 sandalium
1346 2354 1401 2375 serat
1413 2361 1423 2372 2>
1439 2352 1535 2380 (Migne,
1548 2353 1628 2374 Pau-01.
1640 2353 1720 2375 Graec.
1733 2355 1788 2375 toni.
1802 2353 1838 2375 40.

996 2393 1040 2415 col.
1058 2393 1136 2416 1111).
1155 2392 1177 2413 ln
1194 2392 1240 2413 vita
1258 2392 1279 2413 S.
1296 2391 1414 2413 Fructuosi
1431 2397 1450 2413 c.
1468 2391 1489 2413 3.
1506 2391 1601 2418 legitur,
1612 2391 1676 2419 qnod
1692 2400 1702 2411 α
1714 2392 1791 2414 nudus
1802 2398 1838 2414 ve-

997 2431 1070 2459 stigiis
1087 2430 1222 2458 penetrabat
1239 2431 1287 2453 loca
1305 2436 1426 2452 nemorosa
1438 2438 1460 2456 a,
1478 2433 1499 2452 et
1516 2436 1536 2452 c.
1555 2430 1594 2452 Ἰ111
1615 2439 1626 2449 α
1639 2431 1775 2452 Excalceatis
1797 2437 1838 2453 nu-

997 2470 1080 2498 disque
1098 2468 1196 2497 pedibus
1207 2477 1217 2489 u
1240 2468 1338 2497 (Migne,
1355 2469 1436 2490 patrol.
1447 2469 1495 2490 Lat.
1510 2471 1565 2490 tom.
1578 2468 1613 2490 87.
1629 2469 1673 2491 col.
1686 2468 1729 2490 462
1742 2471 1764 2490 et
1776 2469 1838 2498 464).

1060 2507 1080 2520 ¹⁰
1097 2507 1157 2530 Libr.
1176 2508 1190 2529 l.
1207 2514 1228 2529 n.
1247 2507 1289 2529 40:
1307 2507 1362 2529 Nam
1383 2513 1436 2529 cum
1454 2508 1593 2529 monachum
1611 2513 1661 2529 esse
1678 2513 1703 2529 se
1718 2507 1802 2529 iactitet
1817 2510 1839 2530 et

998 2551 1050 2575 post
1067 2547 1184 2569 sordidam
1202 2547 1303 2568 tunicam
1320 2549 1343 2568 ct
1359 2546 1433 2568 nudos
1451 2545 1591 2573 0011000011
1603 2546 1713 2568 candidas
1730 2549 1806 2569 vestes
1816 2549 1839 2569 et

999 2586 1093 2608 nitidam
1119 2588 1220 2607 cutem...
1245 2591 1269 2607 50
1295 2586 1410 2611 conserat;
1432 2585 1578 2607 manifestum
1601 2587 1646 2611 est,
1671 2585 1733 2614 quod
1755 2588 1838 2607 terrum

998 2625 1074 2652 caelo,
1092 2624 1145 2646 vitia
1164 2623 1297 2651 virtutibus,
1315 2626 1419 2645 ventrem
1437 2625 1551 2651 praeferat
1567 2623 1656 2645 Christo
1674 2626 1715 2645 etc.
1734 2623 1790 2646 lbid.
1815 2624 1837 2646 ll.

998 2669 1020 2685 11.
1039 2664 1081 2685 21:
1099 2663 1155 2685 Ante
1172 2662 1248 2684 nudus
1270 2668 1321 2684 cras
1338 2662 1410 2690 pede,
1428 2662 1497 2684 modo
1514 2669 1559 2684 non
1576 2663 1649 2685 solum
1668 2663 1780 2690 calceato,
1797 2662 1838 2685 sed

999 2705 1021 2725 et
1037 2706 1125 2725 ornato.

1060 2740 1078 2753 ¹¹
1098 2741 1162 2763 Vers.
1172 2742 1193 2762 8.
1203 2753 1232 2756 ——
1242 2741 1319 2762 Glossa
1332 2742 1366 2762 est
1376 2739 1502 2762 ordinm-ia
1514 2740 1576 2768 apud
1589 2741 1702 2768 Lyn-anum
1714 2740 1749 2769 (0.1
1760 2741 1839 2770 Beda).

999 2780 1095 2802 Tcxtnm
1113 2779 1246 2807 originalem
1264 2779 1335 2801 secuti
1353 2778 1513 2801 substituimus
1526 2779 1590 2802 clrca
1604 2779 1674 2808 pectes
1691 2786 1732 2807 pro
1750 2779 1840 2803 circum

997 2818 1078 2848 pedes,
1096 2821 1118 2840 ct
1134 2819 1260 2847 utcumque
1277 2819 1419 2847 temperaret
1436 2825 1478 2846 pro
1497 2820 1636 2848 ven-tumque
1658 2820 1798 2848 temperaret
1819 2822 1841 2841 et

999 2858 1120 2880 tentantur
1139 2863 1180 2884 pro
1198 2856 1334 2879 intentatur.

1062 2894 1081 2908 ¹⁷
1099 2896 1163 2917 Vei-s.
1183 2895 1223 2922 35,
1242 2898 1293 2923 post
1309 2901 1380 2924 quem
1399 2896 1454 2923 Eph.
1473 2896 1497 2923 6,
1518 2895 1557 2923 15,
1570 2895 1608 2918 11111
1624 2903 1665 2924 pru
1678 2896 1841 2926 {aprunum-af

999 2934 1082 2957 aonam
1102 2935 1198 2961 Vulgata
1214 2934 1242 2957 in
1256 2934 1449 2963 praeparatione.
1461 2935 1503 2956 111-ο
1521 2934 1590 2963 Quod
1606 2934 1694 2957 [lictum
1711 2937 1745 2958 est
1761 2936 1840 2957 Glossa

1000 2976 1021 2995 et
1037 2973 1097 2995 Beda
1118 2973 1146 2996 Et
1162 2973 1219 3002 quia
1236 2973 1324 2996 dictum
1340 2975 1387 3001 est,
1408 2979 1451 3000 pro
1473 2973 1634 3002 spiritualitati.
1653 2975 1711 2996 Roda
1730 2973 1841 3003 spiritam-

1002 3011 1066 3039 lt'trr,
1087 3018 1129 3039 pro
1146 3011 1256 3034 iubentur
1274 3012 1333 3034 Beda
1353 3011 1454 3040 iubetur,
1472 3013 1548 3034 Glossa
1567 3012 1683 3035 intuemur.

1842 494 1869 513 De
1876 499 1927 513 more
1935 499 1974 513 mo-

1851 518 1959 537 nachot-um.

1845 825 1913 843 Toxius
1926 824 1975 843 Scri-

1841 850 1907 871 pturae
1916 848 1974 872 expli-

1841 873 1914 890 eantur.
