2133 3317
167 831 237 849 Contra

106 855 236 874 machinantes

106 878 183 898 Ordinis
208 877 235 896 di-

106 902 205 921 visionem.

120 1160 148 1178 ΒΘ
161 1159 237 1178 incorri-

130 1183 226 1207 gibilibus⁴

119 2791 147 2810 De
161 2791 248 2815 capitiuis

126 2814 242 2833 domesticis.

251 233 307 262 [458

250 310 399 348 generalis,
422 307 612 346 provincialis,
641 306 768 334 Custodis
789 313 839 334 seu
867 304 1032 338 Guardiani,
1058 303 1101 332 vel

251 366 348 386 eorum
371 362 518 385 excessum
533 362 582 382 seu
598 353 812 386 correctionem,
834 355 882 380 3111
897 354 1036 380 secretum
1052 351 1101 379 Ca-

252 403 348 440 pituli,
365 410 413 430 seu
428 400 626 430 dissensionem
641 399 825 428 Definitorum
841 398 884 426 vel
898 398 1042 431 Fratrum,
1057 397 1101 426 vel

252 449 355 487 aliquid
377 448 468 481 aliud,
490 447 564 475 unde
586 446 661 475 Ordo
682 450 776 474 noster
805 445 890 482 possit
911 445 1036 478 turbari,
1058 445 1101 473 vel

251 496 391 529 infamari,
413 495 513 523 audeat
534 494 653 523 scienter
675 496 757 522 extra
785 492 917 521 Ordinem
950 492 1100 529 publicare.

252 544 283 572 Et
304 544 325 572 si
348 542 411 579 quis
432 542 528 570 talium
551 541 636 569 fuerit
656 540 861 577 deprehensus,
882 540 956 568 omni
979 543 1043 568 actu
1065 540 1103 568 le-

251 590 346 627 gitimo
368 592 395 618 et
416 588 514 617 officiis
535 588 646 616 Ordinis
667 587 803 624 privetur.
820 587 852 615 Et
872 587 915 616 cui
933 588 1000 616 11300
1015 595 1103 624 poena

251 645 305 665 non
321 636 464 673 competit,
480 635 650 672 probationis
665 635 776 672 caputio
797 635 941 671 puniatur,
963 634 1006 663 vel
1021 634 1101 663 etiam

251 684 380 720 gravius,
403 683 556 712 secundum
579 682 652 719 quod
675 682 799 710 Ministro
822 681 960 710 videbitur
981 681 1015 710 de
1039 689 1103 709 con-

253 730 314 759 silio
336 730 535 759 Discretorum.

334 778 417 811 ltem,
439 777 492 805 sub
514 776 738 805 interminatione
768 776 952 804 anathematis
974 775 1104 812 prohibe-

253 833 331 859 mus,
354 832 389 853 ne
410 824 473 861 quis
495 824 580 852 verbo
602 823 646 852 vel
667 823 738 851 sacto
760 823 853 859 aliquo
878 823 959 851 modo
980 822 1013 851 ad
1035 822 1104 851 divi-

252 872 357 900 sionem
380 871 467 899 nostri
499 870 611 898 Ordinis
643 870 770 898 laborare
802 872 969 906 praesumat.
993 869 1019 897 Si
1042 868 1105 905 quis

252 923 344 947 autem
368 926 404 947 ex
425 917 623 946 deliberatione
645 920 741 945 contra
762 916 874 949 fecerit,
904 919 1036 953 tanquam
1058 923 1105 944 ex-

253 965 474 995 communicatus
505 967 532 993 et
563 964 757 992 schismaticus
778 971 809 991 ac
830 963 988 992 destructor
1017 962 1104 991 nostri

253 1013 364 1042 Ordinis
386 1012 539 1045 habeatur,
561 1015 588 1040 et
610 1019 758 1048 quousque
790 1010 970 1044 satisfecerit,
992 1018 1008 1038 a
1034 1018 1105 1038 coni-

254 1060 385 1089 munione
407 1059 531 1088 omnium
554 1061 709 1095 separetur.

334 1108 443 1135 Fratres
463 1105 666 1142 incorrigibiles
687 1113 751 1133 cum
778 1105 836 1133 suis
857 1104 1020 1133 excessibus
1044 1104 1107 1133 dili-

254 1158 351 1192 genter
383 1152 546 1189 conscriptis
574 1155 601 1181 et
629 1152 794 1180 examinatis
822 1151 939 1180 fideliter
961 1151 1106 1188 1101111101-

255 1205 345 1231 strum
367 1201 409 1229 vel
431 1199 577 1228 Custodem
605 1199 647 1227 vel
680 1199 855 1227 visitatorem
878 1198 912 1227 ad
938 1198 1106 1235 provinciale

255 1248 411 1285 Capitulum
434 1246 668 1275 transmittantur.
692 1245 743 1282 Qui
766 1245 787 1274 si
810 1245 877 1274 adeo
906 1245 1107 1282 incorrigibiles

255 1295 373 1329 fuerint,
396 1293 469 1331 quod
492 1301 542 1321 nec
564 1293 673 1329 culpam
704 1292 847 1321 humiliter
869 1300 1034 1329 cognoscere
1056 1300 1106 1321 nec

256 1341 452 1380 poenitentiam
475 1340 639 1376 condignam
672 1340 766 1368 subire
799 1339 954 1373 voluerint,
985 1339 1108 1367 incarce-

256 1393 368 1423 rentur,
390 1388 433 1417 vel
454 1388 488 1416 de
509 1387 612 1415 Ordine
633 1387 819 1423 expellantur.
837 1387 861 1414 Si
878 1394 945 1415 vero
966 1386 1108 1423 poeniten-

256 1438 321 1466 tiam
345 1435 478 1472 recipiant
499 1438 526 1463 et
548 1434 748 1463 correctionem
771 1434 948 1470 promittant,
970 1441 1034 1462 cum
1059 1433 1110 1461 011-

257 1483 407 1513 sericordia
439 1482 606 1519 poenitentia
638 1481 813 1518 imponatur,
836 1489 919 1517 quam
953 1480 974 1509 si
997 1484 1109 1517 portare

257 1530 490 1567 contempserint,
512 1529 545 1557 ad
568 1532 700 1557 consueta
721 1528 787 1556 vitia
810 1531 996 1562 revertentes,
1018 1528 1045 1556 in
1067 1535 1110 1556 se—

257 1578 352 1615 quenti
374 1577 501 1614 Capitulo
531 1584 617 1613 poena
645 1575 779 1604 consimili
810 1575 985 1612 puniantur1
1009 1574 1046 1612 [id
1068 1578 1110 1603 est

257 1625 398 1654 eiectionis
420 1624 461 1653 vel
484 1622 701 1660 carcerationis]

336 1673 419 1705 Item,
436 1671 530 1700 nullus
545 1670 650 1699 01001115
665 1670 706 1698 vel
724 1678 772 1706 per
788 1677 817 1698 se
838 1677 968 1706 egressus
982 1669 1110 1697 mittatur

111 1727 245 1775 ⁰333&th
257 1720 289 1749 ad
312 1719 470 1757 generalem
493 1718 659 1746 Ministrum.
683 1717 709 1745 Si
732 1720 823 1745 tamen
847 1717 908 1745 talis
929 1716 963 1744 ad
985 1724 1049 1744 eum
1066 1723 1111 1744 ve-

257 1767 345 1801 nerit,
367 1774 422 1794 non
451 1773 515 1794 00111
548 1765 678 1801 recipiat,
700 1764 747 1793 sed
780 1764 905 1792 Ministro
933 1763 976 1792 vel
998 1762 1111 1800 provin-

257 1814 316 1843 ciali
340 1813 465 1850 Capitulo
488 1812 655 1840 remittatur.
678 1811 839 1840 Huiusmodi
862 1813 955 1839 301001
970 1813 1111 1847 apostatae

257 1860 477 1890 misericordiam
501 1859 672 1896 postulantes
694 1858 880 1895 recipiantur,
903 1858 978 1886 salva
999 1857 1111 1886 Ordinis

257 1908 416 1945 disciplina,
439 1906 490 1935 nisi
506 1906 657 1943 praeterita
678 1905 735 1934 vita
750 1913 848 1934 eorum
865 1904 1022 1941 receptione
1037 1904 1111 1940 ipsos

258 1955 330 1983 iuste
352 1954 449 1983 reddat
470 1953 605 1990 indignos.
628 1953 682 1981 Nec
703 1952 805 1989 aliquis
826 1954 951 1988 apostata
972 1951 1005 1980 ad
1021 1950 1112 1980 officia

258 2002 370 2030 Ordinis
392 2001 557 2030 restituatur
587 2000 637 2029 nisi
661 2008 710 2037 per
742 1999 899 2028 Ministrum
927 1999 954 2027 in
986 1998 1112 2034 Capitulo

258 2048 419 2086 provinciali
442 2056 506 2076 cum
530 2047 713 2076 Definitorum
735 2046 849 2074 consilio
873 2049 900 2074 et
922 2053 1053 2079 assensu;
1076 2044 1112 2073 si-

258 2096 361 2124 militer
382 2102 433 2123 1100
453 2094 487 2123 ad
508 2094 649 2127 habitum,
665 2093 715 2121 nisi
732 2093 759 2121 in
781 2100 847 2121 casu
862 2092 1015 2121 excusabili
1028 2092 1038 2108 ²
1053 2091 1112 2120 fue-

260 2143 297 2171 rit
317 2142 408 2171 visum
430 2141 555 2169 Ministro
576 2141 609 2169 de
638 2140 751 2169 consilio
784 2140 983 2168 Discretorum.
1005 2139 1113 2167 Habens

260 2189 288 2217 in
309 2188 413 2217 Ordine
434 2187 556 2216 officium
578 2187 705 2224 aliquod,
728 2187 749 2215 si
772 2185 970 2223 apostataverit
984 2193 1047 2214 cum
1063 2193 1112 2213 no-

261 2236 337 2265 tabili
359 2235 488 2264 scandalo
509 2234 636 2267 Ordinis,
652 2242 705 2262 non
722 2233 887 2262 restituatur
901 2233 929 2261 in
944 2235 1111 2269 perpetuum

260 2283 366 2320 absque
386 2282 590 2319 dispensatione
611 2281 747 2318 generalis
768 2280 894 2308 Ministri.

340 2329 460 2366 Quilibet
481 2328 604 2356 Minister
627 2327 803 2364 provincialis
824 2326 925 2355 habeat
940 2325 1110 2354 ordinariam

261 2376 479 2406 iurisdictionem
508 2374 673 2404 auctoritate
702 2374 838 2411 generalis
859 2373 976 2402 Ministri
998 2380 1112 2401 excom-

261 2422 437 2456 municandi,
459 2421 582 2458 capiendi
615 2424 643 2449 et
674 2420 863 2449 incarcerandi
896 2423 924 2448 et
951 2420 1005 2448 alia
1026 2427 1114 2456 poena

262 2470 393 2508 puniendi
416 2477 500 2506 super
531 2471 670 2505 apostatas
701 2467 818 2496 aliarum
850 2466 1058 2495 Provinciarum
1084 2466 1112 2494 in

262 2517 412 2546 Provinciis
433 2516 499 2545 suis.
523 2516 595 2544 idem
623 2515 729 2552 possint
754 2513 887 2543 Custodes
915 2516 943 2542 et
963 2513 1111 2542 Guardiani

262 2565 290 2593 in
312 2572 378 2593 casu
399 2563 579 2593 necessitatis.

341 2612 461 2640 Caveant
481 2613 574 2639 autem
595 2609 711 2638 Ministri
733 2612 760 2638 et
791 2608 940 2642 Custodes,
962 2607 1036 2644 quod
1057 2615 1113 2636 non

264 2659 440 2696 permittant,
462 2661 600 2695 apostatas
622 2656 701 2686 sive³
724 2664 806 2690 suae,
828 2656 886 2684 sive
911 2655 1027 2684 alterius
1048 2655 1113 2683 Pro-

264 2706 369 2735 vinciae
390 2706 418 2734 in
440 2705 599 2734 scandalum
622 2704 735 2733 Ordinis
754 2703 874 2740 evagari.

343 2753 414 2790 Quia
435 2761 501 2781 vero
522 2752 575 2791 qui
594 2751 713 2789 ozeyliyz't
744 2751 862 2780 modica
890 2749 1039 2787 paulatim
1071 2749 1114 2777 la-

266 2800 368 2828 bitur4
399 2799 433 2828 ad
459 2799 579 2833 maiora,
611 2798 789 2832 ordinamus,
817 2796 893 2834 quod
923 2796 1113 2830 Guardianus‚

589 228 785 257 OPUSCULUM
808 227 896 255 XVllI.
918 225 1201 254 CONSTlTUTlONEs
1222 225 1464 254 NARBONENSI-15.
1487 225 1582 254 RUBR.
1604 225 1669 253 Vlll.

1158 304 1201 332 vel
1223 304 1283 333 01115
1304 304 1431 333 Vicarius
1452 307 1543 332 teneat
1564 304 1721 340 Capitulum
1750 303 1783 331 ad
1805 302 1898 331 minus
1923 303 2007 331 semel

1158 351 1185 380 in
1208 351 1331 388 qualibet
1352 351 1521 387 septimana,
1544 351 1571 378 in
1594 358 1649 387 quo
1671 350 1781 378 Fratres
1806 349 1839 377 de
1871 349 2007 386 quotidia-

1158 398 1201 427 nis
1222 398 1384 427 excessibus
1405 401 1432 426 et
1453 397 1626 434 negligentiis
1648 405 1676 426 se
1697 400 1843 430 accusent;
1859 399 1886 424 et
1901 404 1935 424 ne
1959 396 2008 424 ali-

1160 444 1227 481 quid
1249 444 1468 481 repreliensibile
1489 443 1691 478 abscondatur,
1714 442 1821 472 solliciti
1844 442 1899 471 sint
1920 442 2008 471 Guar-

1159 491 1232 519 diani
1253 490 1327 519 omni
1349 498 1411 518 sero
1433 489 1556 518 officinas
1571 490 1699 518 Fratrum
1714 489 1872 526 diligentius
1888 489 2008 517 visitare.

1159 538 1258 567 Custos
1279 538 1361 566 etiam
1390 536 1524 565 sollicitus
1546 537 1580 565 sit
1602 536 1758 573 corrigere,
1784 536 1805 565 si
1828 544 1884 573 qua
1905 535 2009 564 fuerint

1160 585 1186 613 in
1209 585 1352 613 Fratribus
1374 591 1441 612 suae
1462 583 1607 612 Custodiae
1632 583 1803 620 corrigenda.
1827 583 1858 611 Et
1890 582 2010 611 sufficiat

1160 633 1183 661 ei
1207 632 1291 661 semel
1313 632 1341 660 in
1362 639 1434 659 anno
1455 631 1564 659 Fratres
1586 638 1651 659 suos
1666 630 1805 659 ordinarie
1820 630 1942 664 visitare,
1958 630 2010 658 nisi

1160 679 1253 716 aliqua
1275 678 1423 707 necessitas
1445 678 1508 714 plus
1529 677 1663 714 requirat.
1686 677 1718 705 Et
1738 685 1773 705 00
1795 676 2011 713 simplicioribus

1161 726 1304 754 Fratribus
1326 725 1482 762 ignorantia
1503 725 1538 753 sit
1558 724 1665 753 occasio
1686 724 1880 761 delinquendi,
1895 723 2009 758 Custos,

1161 781 1225 801 cum
1247 773 1355 805 visitat,
1378 772 1431 800 illis
1452 771 1583 808 Regulam
1605 774 1632 800 01
1653 771 1868 799 Constitutiones
1896 771 1923 799 in
1950 771 2011 800 vul-

1161 820 1220 857 gari
1242 820 1387 856 diligenter
1409 822 1539 856 exponat.

1242 868 1322 900 item,
1345 874 1379 895 ne
1401 866 1479 895 labor
1501 866 1638 903 generalis
1659 865 1775 902 Capituli
1798 865 1833 893 sit
1858 865 1962 899 inanis,
1984 868 2012 893 et

1162 915 1189 943 in
1211 917 1400 950 contemptum
1417 913 1508 942 veniat
1523 913 1634 941 Ordinis
1654 912 1813 949 disciplina,
1835 912 2010 946 ordinamus,

1162 961 1235 998 quod
1265 961 1360 989 nullus
1391 961 1511 997 simplex
1543 960 1671 989 sacerdos
1702 967 1753 988 000
1784 959 1925 988 confessor
1960 966 2011 987 nec

1161 1008 1337 1037 Guardianus
1358 1016 1409 1036 nec
1430 1007 1528 1036 Custos
1550 1015 1600 1036 nec
1622 1007 1799 1044 provincialis
1820 1006 1943 1035 Minister
1963 1013 2013 1034 seu

1164 1055 1294 1083 Visitator
1315 1055 1439 1083 absolvat
1461 1054 1581 1091 aliquem
1603 1054 1743 1087 Fratrem,
1759 1053 1805 1090 qui
1823 1056 2013 1089 transgressus

1162 1102 1247 1131 fuerit
1269 1102 1493 1135 constitutiones,
1516 1101 1542 1129 in
1565 1101 1668 1138 quibus
1689 1104 1754 1129 sunt
1769 1108 1872 1137 poenae
1894 1103 2013 1133 taxatae,

1163 1150 1213 1178 nisi
1230 1157 1276 1178 eas
1292 1157 1361 1186 quas
1383 1149 1517 1177 meruerit
1539 1156 1641 1185 poenas
1655 1148 1736 1177 faciat
1751 1148 1793 1177 vel
1808 1147 1899 1176 facere
1918 1147 1953 1176 sit
1967 1154 2014 1183 pa-

1164 1200 1251 1225 ratus.
1275 1197 1306 1225 Et
1326 1196 1374 1233 qui
1397 1199 1494 1225 contra
1515 1196 1634 1225 scienter
1656 1195 1766 1229 fecerit,
1795 1195 1855 1223 eius
1876 1194 2013 1223 absolutio

1164 1244 1244 1272 irrita
1266 1244 1301 1272 sit
1322 1247 1349 1272 et
1370 1251 1459 1277 cassa;
1482 1243 1588 1280 possint
1609 1246 1700 1271 tamen
1730 1250 1833 1279 poenae
1856 1243 1966 1270 taxatae
1987 1241 2014 1269 in

1165 1299 1267 1328 poenas
1297 1290 1506 1327 aequivalentes
1531 1290 1696 1319 commutari
1731 1297 1779 1326 per
1811 1289 1950 1326 praelatos
1971 1288 2016 1317 vel

1165 1338 1321 1367 sacerdotes
1342 1338 1493 1371 discretos,
1515 1338 1559 1366 vel
1580 1337 1661 1365 etiam
1678 1337 1705 1365 in
1728 1344 1829 1373 poenas
1844 1335 2015 1369 arbitrarias,

1165 1393 1228 1414 cum
1251 1385 1336 1414 suerit
1357 1385 1502 1414 haesitatio
1533 1385 1560 1413 111
1593 1384 1774 1418 00050100113,
1796 1384 1840 1412 vel
1861 1383 1962 1412 oblivio
1987 1382 2016 1411 in

1166 1432 1313 1466 memoria,
1337 1432 1379 1460 vel
1402 1432 1429 1460 in
1451 1439 1568 1468 corpore
1589 1430 1751 1467 impotentia
1771 1430 1896 1459 faciendi.

1245 1479 1426 1513 Ordinamus‚
1448 1478 1522 1515 quod
1545 1478 1639 1507 nullus
1661 1478 1784 1506 Minister
1806 1477 1982 1514 provincialis
2000 1484 2016 1505 a

1166 1526 1352 1563 poenitentia,
1379 1533 1463 1562 quam
1486 1525 1610 1562 posuerit
1631 1525 1776 1559 Visitator,
1798 1527 1825 1553 et
1846 1524 1941 1553 nullus
1961 1523 2015 1552 Cu-

1167 1576 1224 1602 stos
1245 1581 1260 1601 a
1286 1573 1468 1609 poenitentia,
1497 1580 1580 1609 quam
1610 1572 1774 1608 imposuerit
1799 1571 1938 1605 Minister,
1967 1578 2017 1600 nec

1167 1620 1342 1648 Guardianns
1363 1627 1379 1647 a
1400 1619 1568 1656 poenitentia
1583 1618 1710 1655 imposita
1724 1627 1740 1647 a
1754 1618 1888 1653 Custode,
1904 1626 1954 1647 000
1969 1618 2018 1646 311-

1167 1667 1231 1703 quis
1252 1666 1367 1695 inferior
1382 1674 1397 1694 a
1412 1665 1580 1702 poenitentia
1594 1665 1743 1694 Guardiani
1758 1665 1882 1694 absolvat
1897 1665 2017 1702 aliquem

1168 1714 1212 1742 vel
1227 1716 1378 1742 commutet
1393 1713 1499 1750 absque
1514 1713 1625 1741 licentia
1639 1712 1814 1750 imponentis.
1834 1712 1866 1741 Et
1886 1712 1907 1741 si
1920 1712 1931 1729 ⁵
1953 1720 2018 1740 con-

1168 1765 1211 1790 tra
1233 1761 1336 1789 factum
1358 1760 1458 1795 fuerit,
1480 1760 1540 1797 ipsa
1560 1760 1698 1789 absolutio
1719 1760 1755 1788 sit
1775 1759 1873 1788 inanis.

1248 1807 1416 1836 Ordinamus
1437 1808 1566 1844 insuper,
1588 1806 1661 1844 quod
1683 1807 1824 1835 Generalis
1848 1807 1957 1835 nullum
1977 1806 2017 1834 fa-

1168 1855 1222 1884 0131
1242 1855 1370 1892 generale
1391 1857 1528 1883 statutum
1549 1854 1601 1882 nisi
1623 1854 1650 1882 in
1672 1854 1793 1891 generali
1811 1853 1937 1890 Capitulo
1952 1861 2015 1882 cum

1168 1902 1352 1931 Definitorum
1375 1909 1504 1935 assensu,
1520 1904 1547 1930 et
1562 1900 1635 1938 quod
1650 1900 1759 1929 nullum
1775 1899 1951 1937 privilegium
1965 1899 2016 1928 im-

1169 1953 1274 1987 petret,
1297 1949 1371 1986 quod
1393 1948 1479 1986 possit
1500 1948 1619 1985 Regulae
1637 1947 1787 1984 derogare,
1810 1954 1860 1976 nec
1882 1949 2018 1975 statutum

1169 1996 1281 2034 aliquod
1303 1996 1383 2025 aliter
1406 1996 1494 2024 solvat
1514 1996 1558 2024 vel
1580 1995 1671 2029 laxet,
1692 1994 1744 2023 nisi
1766 1994 1837 2023 sorte
1858 1994 1885 2022 in
1908 1993 2018 2031 speciali

1169 2052 1205 2073 ex
1228 2051 1312 2072 causa
1340 2042 1495 2071 necessaria
1520 2042 1563 2071 vel
1585 2041 1663 2070 valde
1691 2041 1752 2069 utili
1781 2040 1882 2069 viderit
1909 2040 2020 2077 dispen-

1170 2091 1295 2119 sandum.

1249 2138 1368 2166 Caveant
1395 2140 1488 2165 autem
1514 2136 1697 2173 provinciales
1718 2135 1834 2164 Ministri
1855 2143 1871 2163 a
1892 2134 2020 2163 multitu-

1169 2184 1233 2213 dine
1255 2183 1466 2220 provincialium
1487 2182 1716 2211 constitutionum
1738 2184 1766 2210 et
1786 2181 1868 2210 etiam
1885 2188 2020 2218 quorum-

1172 2231 1238 2260 libet
1263 2234 1475 2267 praeceptorum
1505 2233 1620 2267 propter
1647 2229 1793 2258 oblivionis
1814 2231 1841 2258 et
1862 2232 2018 2266 transgres-

1170 2278 1254 2306 sionis
1276 2278 1432 2314 periculum
1454 2277 1622 2306 evitandum.

1334 2371 1374 2400 DE
1398 2379 1613 2400 VISITATIONIBUS
1634 2379 1850 2400 PROVINOEARUM.

1479 2464 1611 2494 Rubrica
1639 2465 1713 2493 VIII.

1249 2560 1318 2589 Cum
1340 2560 1442 2596 Regula
1456 2559 1544 2593 dicat,
1560 2558 1634 2595 quod
1656 2569 1670 2583 <t
1685 2558 1810 2591 Fratres,
1825 2557 1873 2594 qui
1889 2559 1955 2585 sunt
1969 2557 2018 2585 Mi-
2034 2565 2109 2593 Quoties
2120 2533 2133 2583 ii

1170 2607 1249 2636 nistri
1272 2610 1299 2635 et
1320 2606 1392 2635 servi
1415 2606 1533 2634 aliorum
1555 2606 1699 2639 Fratrum,
1723 2605 1833 2633 visitent
1847 2607 1874 2633 et
1888 2606 2019 2632 moneant
2031 2589 2133 2632 ssifflii'iiff

1170 2654 1271 2682 fratres
1292 2661 1358 2682 5005
1379 2656 1406 2682 01
1427 2652 1570 2681 caritative
1588 2652 1729 2689 corrigant
1747 2651 1820 2688 ipsos
1835 2662 1866 2685 ”3
1887 2650 1921 2679 ad
1940 2658 2019 2688 prae-

1171 2701 1300 2730 standum
1315 2701 1355 2729 eis
1369 2700 1539 2729 adiutorium
1561 2702 1588 2728 et
1608 2699 1642 2728 ad
1663 2698 1856 2736 negligentiam
1879 2697 2020 2735 corrigen-

1170 2748 1234 2776 dam
1255 2747 1432 2781 ordinamus,
1454 2746 1529 2784 quod
1550 2755 1566 2775 a
1588 2746 1670 2775 tertio
1691 2754 1763 2774 anno
1784 2745 1811 2774 in
1833 2745 1948 2774 tertium
1969 2752 2019 2781 per

1172 2794 1304 2832 speciales
1332 2794 1494 2822 Visitatores
1521 2793 1650 2822 visitetur
1671 2796 1746 2821 totus
1767 2792 1857 2826 Ordo,
1880 2792 1917 2820 ita
1945 2791 2019 2828 quod

330 2959 338 2972 ¹
356 2960 478 2988 Sequentia
491 2960 583 2982 suntad
595 2959 733 2987 marginem.
745 2960 760 2981 E
770 2958 874 2982 carcerI's
884 2965 926 2986 pro
936 2957 1114 2982 carcer-ationis.

330 2998 339 3011 ²
356 2999 385 3021 lta
404 2999 428 3025 E,
444 2999 496 3021 cod.
514 2999 606 3021 videtur
623 2998 730 3026 primitus
747 2998 833 3020 habere
857 2997 891 3021 ita
915 2996 1059 3024 emcnsabz'lz',
1078 2997 1114 3019 1·οΙ

268 3036 433 3061 i'izeoecztsabili.

1234 2956 1243 2968 ³
1261 2957 1276 2978 E
1294 2956 1378 2978 omittit
1393 2955 1449 2978 sire.

1235 2995 1244 3008 ⁴²
1262 2996 1328 3018 Eccli.
1351 2996 1390 3022 19,
1410 2996 1435 3017 l:
1453 2995 1478 3017 Et
1494 2994 1535 3023 qui
1552 2994 1639 3022 spernit
1657 2993 1746 3016 modica
1765 2992 1874 3021 paulatini
1892 2991 1991 3014 decidet.

1236 3033 1245 3046 ⁵
1264 3035 1285 3057 ln
1303 3034 1384 3057 codice
1401 3039 1525 3062 perperam
1542 3033 1590 3063 qui.

2029 871 2114 919 ”tatii

2051 918 2084 936 bus
2093 918 2114 937 im

2029 1813 2113 1832 Facultas
2126 1818 2133 1836 2·

2034 1837 2118 1856 uei-aliun
2126 1850 2131 1863 ἶ,

2045 1860 2117 1880 Provint

2036 1884 2082 1903 lium
2093 1889 2118 1903 ar<
