2133 3317
121 674 249 698 impuritatem

125 699 145 717 in
154 698 245 716 subiecto.

132 1049 247 1077 Brevitatem

133 1079 152 1092 in
165 1078 185 1092 se
200 1078 248 1097 ipso.

122 1378 226 1405 Tristitiam
234 1379 254 1397 in

147 1404 234 1421 termlno.

267 215 305 244 48
824 212 1021 241 OPUSCULUM
1041 211 1071 239 11.
1093 210 1326 247 SOLILOQUIUM.
1348 210 1416 239 CAP.
1437 211 1468 239 11.

268 293 339 330 Quid
351 293 423 322 enim
437 295 478 321 est
490 292 592 321 saeculi
604 290 728 320 laetitia?
743 290 898 327 Respondet
911 289 1083 326 Augustinus
1095 290 1117 317 1;

273 340 440 377 «Impunita
471 338 633 375 nequitia»,
658 337 686 365 id
716 340 758 366 est
786 336 943 370 luxuriari,
972 335 1118 370 inebriari,

268 386 514 416 comessationibus
534 392 648 418 vacare,
670 383 840 412 vanitatibus
861 382 1005 412 intendere
1026 385 1053 411 et
1067 391 1119 419 pro

268 433 312 462 his
342 433 370 462 in
392 433 444 461 hac
465 432 521 461 vita
540 431 610 459 nihil
641 430 705 459 mali
737 430 884 459 sustinere.
918 430 1019 458 Putant
1045 429 1119 458 enim

267 480 348 514 mali,
370 487 483 509 securos
504 486 534 507 se
555 486 615 507 esse
635 478 663 506 in
679 477 801 512 deliciis,
817 485 881 506 cum
896 485 952 506 non
973 476 1120 514 corrigun-

268 531 315 556 tur
336 535 388 564 pro
410 526 467 555 suis
488 525 635 562 nequitiis;
657 527 684 553 et
709 524 854 561 ignorant,
876 524 967 561 quod,
989 524 1062 553 sicut
1082 523 1120 552 di-

268 574 305 603 cit
318 573 489 610 Augustinus
499 573 520 606 2,
540 583 552 597 «
567 571 637 600 nihil
652 570 789 600 infelicius
804 574 846 599 est
858 570 989 600 felicitate
1004 578 1120 608 peccan-

267 621 353 654 tium,
375 628 431 657 qua
452 619 574 656 poenalis
595 618 743 647 infirmitas
769 618 908 652 nutritur,
929 620 957 646 et
978 618 1051 646 mala
1072 625 1120 645 vo-

266 667 358 695 luntas
380 666 529 694 roboratur
542 677 568 692 ».
591 681 629 685 ——
650 664 789 699 Secundo,
811 664 895 693 habet
916 664 1120 702 impuritatem

267 714 298 742 tn
318 713 453 742 subiecto.
475 712 571 741 Anima
593 712 666 741 enim
688 712 808 749 peccatis
830 711 983 740 deformata
997 714 1039 740 est
1053 711 1119 740 sub—

266 762 368 790 iectum
396 760 528 789 mundani
558 759 667 797 gandii,
689 767 761 796 quae
793 759 932 793 laetatur,
954 767 1021 787 cum
1043 758 1120 787 mate

266 807 384 845 fecerit,
407 811 433 836 et
453 807 580 835 exsultat
602 807 633 835 z'n
653 806 742 835 rebus
761 806 897 843 pessimis
908 805 928 834 ³.
951 805 1028 834 Unde
1049 805 1119 834 hene

266 855 332 883 dicit
353 855 451 883 beatus
472 853 671 890 Hieronymus,
694 853 768 890 quod
794 864 808 878 (ε
823 852 916 881 ridere
944 855 971 881 et
998 852 1120 890 gaudere

266 909 329 931 cum
352 902 404 929 hoc
426 901 536 929 saeculo
558 909 613 929 non
634 903 676 929 est
696 900 818 929 hominis
833 900 944 934 sensati,
967 900 1014 928 sed
1036 900 1120 936 phre-

266 949 387 982 netici»;
410 948 476 985 quia
507 948 644 976 mundum
678 956 726 976 cor
757 955 813 976 non
841 955 906 976 cum
934 947 988 976 hoc
1009 947 1120 976 saeculo

266 996 426 1030 immundo,
449 995 497 1024 sed
518 1003 582 1024 cum
604 995 660 1023 Deo
681 998 709 1024 et
729 995 757 1023 in
779 995 836 1023 Deo
857 995 961 1023 laetum
976 996 1018 1023 est
1038 997 1065 1023 et
1080 994 1120 1023 iu-

267 1043 398 1073 cundum.
429 1059 465 1062 ——
498 1042 591 1071 Tertio
619 1042 703 1071 habet
731 1041 900 1070 brevitatem
928 1041 960 1070 in
980 1050 1010 1070 se
1038 1042 1118 1078 ipso,

267 1091 356 1128 quia4
382 1089 530 1128 pecudium
552 1088 722 1127 hypocritae
754 1089 794 1117 ad
815 1089 911 1117 instar
929 1088 1043 1126 puncti.
1065 1089 1119 1117 Au-

267 1138 396 1176 gustinus
417 1145 502 1174 super
534 1137 678 1165 loannem:
706 1148 720 1162 «
735 1136 849 1165 Laetitia
876 1136 980 1165 saeculi
1011 1136 1119 1165 vanitas

267 1188 323 1220 est,
346 1193 409 1214 cum
440 1193 540 1221 magno
568 1184 704 1213 desiderio
736 1187 882 1221 speratur,
908 1186 941 1212 ut
962 1183 1070 1217 veniat,
1093 1186 1120 1212 et

267 1241 321 1262 non
344 1235 434 1270 potest
453 1232 555 1266 teneri,
577 1240 641 1260 cum
664 1231 810 1260 venerit».
834 1231 856 1259 O
877 1231 982 1265 anima,
1009 1238 1119 1268 «quam

265 1280 374 1314 brevis,
396 1287 481 1317 quam
501 1279 606 1316 fragilis
628 1281 656 1307 θῖ
676 1286 760 1316 quam
783 1278 887 1307 caduca
915 1281 956 1307 est
977 1278 1119 1307 mundana

266 1326 391 1356 laetitia⁵
406 1338 432 1354 ».
458 1327 561 1354 Breues
586 1326 658 1354 enim
674 1326 735 1354 (lies
751 1324 878 1354 lzomtm's
892 1328 978 1359 sunt,
1001 1328 1032 1353 ut
1053 1324 1120 1353 dicit

267 1374 321 1402 Iob.
343 1390 382 1394 —
403 1373 509 1410 Quarto
531 1372 614 1401 habet
642 1372 797 1401 tristitiam
827 1372 859 1401 in
889 1372 1030 1406 termino,
1053 1371 1120 1409 quia

267 1421 395 1455 ducunt,
417 1421 474 1449 lieu
495 1420 606 1454 miseri,
628 1419 660 1448 in
682 1419 764 1448 bonis
785 1419 846 1448 (lies
867 1427 937 1447 suo-5
952 1422 976 1447 et
991 1418 1023 1447 iot
1041 1427 1119 1456 pun-

268 1473 312 1497 cto
327 1469 367 1497 acl
381 1467 533 1506 infernum
548 1467 752 1496 descendunt?
773 1468 911 1495 Extrema
926 1466 999 1495 enim
1013 1466 1121 1503 yctudz't‘

268 1515 363 1544 taetus
385 1518 516 1552 occupat.
539 1515 637 1549 Immo,
659 1523 675 1543 o
697 1514 801 1548 anima,
817 1514 839 1543 si
854 1514 930 1543 vales
944 1514 1118 1548 discernere,

267 1564 320 1592 tale
342 1562 473 1600 gaudium
503 1562 585 1591 babet
610 1562 772 1599 frequenter
799 1561 938 1590 tristitiam
967 1560 1119 1589 admixtam

266 1611 294 1639 in
316 1614 381 1639 actu
403 1618 469 1644 suo,
491 1610 557 1647 quia
580 1618 693 1646 semper
718 1616 830 1638 necesse
862 1611 916 1643 est,
939 1608 1013 1645 quod
1031 1616 1120 1645 prae-

266 1660 366 1686 sumat
396 1665 486 1685 sucuro
514 1656 691 1694 perturbata
723 1655 900 1685 conscientia
911 1655 931 1683 ⁷.
957 1672 996 1676 —
1018 1655 1120 1691 Quinto

329 1844 337 1857 1
355 1845 429 1867 Serm.
447 1845 495 1866 171.
509 1844 574 1873 (alias
588 1844 625 1866 37.
637 1844 667 1866 de
684 1843 767 1867 Verbis
779 1844 880 1872 Domini)
894 1850 913 1866 c.
926 1843 978 1866 4.n.
992 1843 1018 1866 si:
1029 1843 1118 1866 Saeculi

267 1884 351 1906 laetitia
369 1887 402 1906 est
417 1884 531 1912 impunita
548 1884 656 1912 nequitIa.
670 1884 823 1906 Luxurientur
835 1883 953 1911 homines,
970 1883 1119 1910 fornicentur,

268 1924 291 1945 in
308 1923 445 1951 spectaculis
462 1926 592 1951 nugentur,
615 1922 748 1945 ebriositate
769 1923 952 1950 ingurgitentur,
976 1922 1119 1950 turpitudine

266 1963 401 1990 foedentur,
418 1962 473 1985 nihil
491 1962 545 1984 mali
562 1963 689 1991 patiantur-3
705 1965 728 1984 et
739 1962 816 1984 videte
833 1962 919 1984 saeculi
936 1962 1058 1990 gaudium.
1077 1962 1118 1984 ista

266 2003 337 2030 mala,
355 2008 415 2031 quae
427 2002 623 2029 commemoravi,
642 2008 687 2023 non
700 2001 796 2029 castiget
810 2002 919 2023 sames...
931 2001 970 2023 sed
984 2001 1028 2023 sint
1039 2001 1118 2023 onmia

267 2042 288 2064 in
306 2048 385 2064 rerum
403 2041 557 2067 abundantia,
574 2041 598 2063 in
610 2047 668 2068 pace
685 2041 772 2067 carnis,
790 2041 812 2062 in
826 2040 949 2063 securitate
966 2041 1039 2062 maiae
1057 2046 1119 2062 men-

267 2081 307 2105 tis:
325 2086 379 2103 ecce
396 2080 473 2103 videte
496 2080 581 2102 saeculi
603 2080 725 2108 gandium.
742 2092 773 2096 —
791 2080 886 2102 lnserius
908 2079 1007 2101 vocibus
1029 2079 1119 2102 Putant

266 2120 328 2144 enim
345 2119 361 2143 C
372 2120 440 2142 DFL
458 2120 591 2147 praefigunt
608 2120 701 2142 Incerta
717 2118 834 2142 securitas
852 2120 887 2142 est
904 2119 997 2145 (saeculi
1014 2119 1116 2147 laetitia).

329 2158 338 2171 2
355 2159 426 2186 Epist.
448 2159 497 2180 138.
517 2158 582 2187 (alias
599 2158 631 2187 5.)
647 2164 666 2180 c.
685 2159 705 2180 2.
721 2164 744 2180 n.
766 2158 804 2185 11,
822 2158 862 2180 ubi
875 2164 918 2186 pro
929 2157 1039 2187 poenalis
1051 2157 1119 2188 infir-

267 2198 336 2221 milas
350 2201 423 2220 textus
440 2198 559 2226 originalis
570 2197 678 2227 poenalis
691 2197 834 2226 I'mpzmitas,
848 2197 888 2226 qui
901 2197 970 2219 etiam
989 2200 1041 2225 post
1052 2196 1119 2220 mala

268 2237 378 2261 voluntas
396 2237 460 2260 addit
479 2236 540 2260 relat
563 2236 635 2260 hostis
655 2236 761 2259 interior.
779 2237 821 2259 Pro
839 2236 948 2259 imtritur
965 2236 1060 2259 CDFL
1082 2235 1119 2259 iiz-

266 2277 383 2301 curritur.

329 2315 338 2328 ³
356 2317 422 2339 Prov.
441 2317 466 2345 2,
486 2316 526 2344 it,
544 2316 580 2338 cni
598 2316 718 2343 Bet-nard„
737 2316 766 2338 de
784 2316 860 2338 Gratia
884 2318 906 2337 et
924 2315 962 2337 lib.
985 2314 1035 2337 arl).
1057 2321 1076 2337 c.
1095 2315 1117 2337 5.

267 2363 287 2378 n.
310 2356 347 2383 14,
360 2356 478 2383 adiungit:
492 2356 547 2378 Tale
559 2358 593 2378 est
605 2355 668 2384 quod
687 2355 783 2382 faciunt,
801 2356 878 2384 quale,
892 2361 945 2377 cum
963 2355 1040 2377 rident
1052 2356 1118 2383 phre-

266 2396 342 2418 netici.
354 2407 384 2411 —
403 2395 435 2417 De
452 2395 562 2417 sententia
581 2395 673 2417 Hieron.
686 2396 726 2417 cfr.
744 2393 874 2417 Comment.
892 2394 914 2416 in
927 2394 999 2416 Eccle.
1014 2395 1038 2421 2,
1057 2395 1077 2416 2.
1096 2396 1118 2416 et

266 2434 290 2461 4,
314 2434 386 2461 13-16,
404 2433 445 2456 ubi
463 2434 576 2462 gaudium
599 2434 705 2461 ipsorum
723 2436 821 2455 vocatur
843 2433 942 2455 amentia
960 2436 982 2455 et
999 2433 1116 2460 insipieus.

265 2473 333 2497 Card.
350 2474 419 2501 Ilugo
437 2480 449 2495 a
468 2474 491 2495 S.
503 2472 591 2501 Charo,
609 2473 630 2495 in
650 2473 721 2495 Eccle.
739 2474 765 2500 2,
779 2474 805 2495 2;
817 2472 980 2502 Αιιῃῑιείἰηῑιεε
998 2472 1067 2495 Risus
1079 2479 1117 2494 eo-

265 2520 317 2536 rum
335 2513 395 2536 risus
412 2515 446 2535 est
464 2513 651 2541 phreneticorum
670 2512 719 2541 (cfr.
738 2512 758 2534 in
778 2512 838 2534 loan.
856 2513 944 2540 Evang.
962 2515 988 2534 tr.
1007 2511 1030 2533 7.
1047 2518 1070 2533 n.
1087 2513 1117 2534 2:

265 2553 380 2575 Gaudium
398 2553 459 2574 enim
484 2552 588 2580 ipsorum
605 2552 672 2581 qnasi
694 2552 882 2580 phreneticorum
905 2552 956 2579 est).
974 2563 1005 2568 —-
1022 2551 1117 2573 inferius

264 2593 282 2615 A
293 2592 309 2615 C
319 2593 337 2615 D
348 2593 363 2614 E
373 2593 388 2614 F
398 2592 413 2614 L
432 2592 540 2614 omittunt
552 2591 676 2614 iiiumnzdo
694 2593 716 2613 et
733 2592 755 2613 et
771 2590 796 2613 in
809 2591 863 2613 Deo.

326 2631 336 2644 ‘²
368 2632 396 2654 Ut
414 2631 497 2653 dicitur
514 2630 553 2653 lob
571 2631 612 2659 20,
631 2631 657 2657 5,
675 2631 713 2653 cui
729 2630 782 2652 Vat.
799 2636 853 2652 cuni
873 2630 954 2658 paucis
976 2630 1046 2653 codd.
1061 2630 1117 2652 sub-

265 2671 350 2699 iungit:
368 2670 498 2700 ὤχρων-[τα
510 2674 544 2692 θεῖ
556 2670 593 2692 hic
605 2670 721 2696 mundus,
739 2670 805 2692 cuins
817 2669 930 2698 gaudium
948 2672 982 2692 est
993 2668 1025 2692 ad
1040 2668 1116 2692 instar

261 2710 356 2740 puncti,
375 2710 439 2739 quod
456 2716 498 2732 nec
511 2710 583 2732 latum
600 2716 643 2731 nec
655 2710 752 2737 longum
770 2715 813 2731 nec
830 2710 902 2731 altum
914 2712 948 2731 est
965 2715 1008 2731 nec
1020 2710 1117 2736 protun-

265 2750 330 2772 dum.
341 2762 372 2765 —
384 2749 499 2771 Sententia
516 2748 638 2776 Augustiiii
651 2747 749 2770 habetur
766 2748 789 2770 in
803 2749 862 2770 loan.
880 2748 969 2775 evang.
981 2750 1008 2770 tr.
1024 2747 1047 2769 7.
1059 2754 1082 2770 n.
1095 2748 1102 2769 l
1111 2764 1116 2769 .

265 2789 307 2811 Pro
325 2794 413 2817 ¹»itaquo
431 2787 546 2810 desiderio
564 2791 638 2810 textus
656 2788 773 2815 originalis
790 2793 881 2816 maymt
895 2786 1077 2816 exspectatione,
1095 2789 1116 2808 et

265 2834 306 2856 pro
324 2829 436 2857 spei-atm-
454 2827 496 2850 AC
507 2828 576 2850 DFL
594 2829 699 2856 optatur.
717 2828 761 2850 [Μ
780 2828 881 2849 addunt:
899 2827 975 2849 Gloria
997 2827 1115 2849 mundana

264 2866 415 2895 quantumvis
433 2866 528 2888 fulmine
541 2867 594 2888 suita
607 2872 660 2888 mox
673 2866 775 2894 peritura
788 2866 862 2892 venit,
875 2871 920 2887 non
933 2865 1035 2887 reditura
1047 2865 1116 2893 perit.

266 2907 319 2928 item
333 2906 464 2928 Bernardus
477 2906 525 2934 [cfr.
539 2905 608 2933 Epist.
632 2905 680 2927 104.
697 2912 718 2927 11.
738 2905 779 2934 1.];
797 2906 893 2931 Forma,
915 2911 1002 2933 genus,
1024 2910 1115 2932 mores,

265 2946 385 2974 sapientia,
397 2951 434 2967 res
447 2948 468 2967 et
481 2946 580 2967 honores
592 2948 666 2967 morte
678 2948 747 2967 ruunt
760 2944 834 2967 subita
843 2962 848 2971 ,
861 2945 908 2967 sola
921 2947 1016 2967 manent
1027 2944 1116 2967 merita.

328 2984 337 2996 ⁵
355 2984 487 3007 Secundum
505 2985 616 3012 Anselm.,
635 2984 673 3006 lib.
691 2984 875 3007 exhortationum
888 2987 930 3007 etc.
944 2984 1012 3013 (circa
1028 2984 1114 3013 tinem).

264 3037 295 3040 —
314 3024 422 3052 Sequitur
440 3022 479 3045 iol)
501 3023 538 3050 tt,
557 3024 578 3046 55.

1178 289 1260 318 habet
1281 289 1435 318 miseriam
1454 297 1598 327 maffltam
1619 289 1651 318 iit
1681 288 1779 327 effectu
1800 289 1938 327 proprio,
1961 290 2027 327 quia
2043 296 2133 341 Migfigicatjn

1177 339 1218 365 est
1240 336 1392 373 spiritualis
1413 336 1506 373 gaudii
1527 336 1766 373 impedimentum.
1788 336 1909 373 Agnosce
1930 336 2025 373 igitur,

1176 392 1193 412 0
1213 383 1321 418 anima,
1343 392 1428 420 quam
1450 383 1535 412 miser
1557 386 1598 412 est
1618 383 1664 413 hic
1686 383 1818 418 mundus,
1833 386 1861 413 et
1875 384 2026 413 miserrimi

1177 430 1224 468 qui
1246 434 1405 467 sequuntur
1426 431 1528 468 ipsum.
1551 431 1664 468 Semper
1686 431 1757 460 enim
1774 430 1914 459 mundana
1928 431 2028 468 gaudia

1177 477 1361 506 exc-luserunt
1381 478 1509 507 homines
1530 486 1546 506 a
1567 478 1647 506 beata
1666 477 1732 506 vita.
1757 477 1950 507 Bernardnsssz
1977 490 1991 503 «
2005 478 2027 506 O

1177 532 1261 561 quam
1282 524 1345 553 vilis
1366 528 1423 559 est,
1445 532 1529 561 quam
1551 524 1658 553 inutilis
1679 527 1721 553 est
1742 524 1883 553 mundana
1903 525 2028 554 consola-

1177 571 1230 605 tio,
1252 574 1280 600 et
1300 571 1376 608 quod
1406 572 1471 608 plus
1503 574 1544 600 est
1573 571 1770 606 metuendum,
1792 571 1858 608 quia
1889 579 1971 600 verae
1996 579 2028 601 ac

1176 620 1287 646 sanctae
1309 617 1504 646 consolationis
1530 620 1571 646 est
1596 617 1824 654 impedimentum
1840 629 1867 645 n.
1894 618 2029 646 «Renuas

1176 664 1275 701 igitur,
1298 673 1314 693 o
1334 665 1427 693 anima
1447 673 1524 699 mea,
1545 665 1574 693 in
1594 665 1700 693 mundo
1721 664 1868 699 delectari,
1890 665 1912 693 si
1934 664 1976 693 vis
1994 664 2028 693 de

1176 712 1224 740 Dei
1246 712 1381 741 memoria
1403 712 1581 741 consolari».
1603 712 1674 740 Haec
1703 712 1869 741 Bernardus.
1899 712 2028 749 Augusti-

1177 759 1268 788 nus⁹z
1295 771 1308 785 α
1324 760 1445 788 Cunctae
1467 762 1613 788 creaturae
1634 759 1683 788 tibi
1705 759 1847 793 vilescant,
1862 761 1894 788 ut
1915 759 2029 787 Creator

1177 809 1243 835 tuus
1265 807 1341 835 solus
1362 807 1389 835 in
1412 806 1495 835 corde
1516 806 1695 835 dulcescat».

1258 854 1301 882 10.
1324 853 1424 882 Annia.
1447 853 1502 882 Iam
1533 853 1669 882 mundum
1692 853 1827 890 despicio,
1856 853 1911 881 iam
1933 853 2028 882 falsam

1177 901 1308 930 laetitiam
1330 909 1482 938 veramque
1503 900 1660 935 tristitiam,
1681 900 1778 929 falsam
1794 900 1967 929 dulcedinem
1982 908 2029 929 ve-

1176 956 1294 985 ramque
1316 947 1411 976 mundi
1433 947 1650 976 amaritudinem
1664 955 1798 985 agnosco;
1814 950 1841 976 et
1856 947 1891 976 ob
1906 948 1959 976 hoc
1973 955 2029 976 non

1177 995 1316 1024 immerito
1339 995 1406 1024 haec
1420 995 1513 1023 omnia
1534 995 1689 1024 secundum
1704 997 1785 1023 tunm
1800 994 1947 1023 consilium
1966 1002 2030 1024 con-

1177 1045 1278 1071 temno.
1301 1042 1353 1071 Sed
1374 1042 1455 1079 quia,
1477 1050 1494 1070 o
1515 1042 1616 1076 homo,
1632 1041 1704 1071 sicut
1725 1042 1826 1071 asseris
1837 1042 1871 1076 1⁰,
1889 1041 1949 1070 sine
1962 1041 2030 1071 dile-

1177 1089 1267 1118 ctione
1288 1097 1349 1118 esse
1372 1097 1426 1117 non
1448 1089 1542 1123 valeo;
1564 1089 1608 1118 dic
1630 1097 1746 1126 quaeso,
1768 1088 1836 1126 quid
1854 1091 1954 1125 agam?
1969 1088 2029 1125 Quo

1177 1144 1222 1165 me
1244 1139 1425 1165 convertam?
1446 1136 1497 1165 Ubi
1519 1136 1693 1165 dilectionem
1723 1135 1933 1165 convenientem
1953 1135 2030 1164 inve-

1176 1183 1251 1212 niam
1264 1186 1275 1211 ?

1255 1230 1342 1259 Hono.
1365 1229 1387 1258 Ο
1408 1229 1516 1264 anima,
1538 1230 1561 1258 si
1582 1233 1610 1259 te
1630 1230 1719 1267 ipsam
1739 1229 1861 1267 perfecte
1882 1237 2029 1266 cognosce-

1176 1285 1237 1311 res,
1259 1277 1397 1306 mundum
1417 1280 1445 1306 et
1466 1277 1574 1311 omnia,
1596 1285 1668 1314 quae
1689 1277 1718 1305 in
1734 1277 1839 1306 mundo
1854 1279 1935 1311 sunt,
1952 1285 2030 1314 sper—

1176 1332 1273 1359 neres;
1296 1324 1317 1353 si
1340 1327 1366 1353 te
1388 1327 1517 1353 naturam
1546 1324 1691 1353 caelestem
1720 1324 1903 1361 intelligeres,
1931 1324 2031 1361 procul

1176 1371 1261 1400 dubio
1283 1374 1423 1400 terrenam
1446 1371 1662 1400 consolationem
1694 1371 1871 1400 abhorreres.
1898 1382 1912 1396 «
1927 1371 2031 1401 Erube-

1177 1427 1222 1448 sce
1243 1419 1330 1456 igitur
1351 1419 1472 1447 volutari
1500 1419 1528 1447 in
1557 1427 1658 1453 coeno,
1681 1427 1753 1456 quae
1774 1426 1803 1447 es
1824 1418 1858 1448 de
1879 1419 1955 1448 caelo
1967 1420 2029 1454 11»;

1176 1466 1311 1495 erubesce
1331 1465 1359 1494 in
1392 1465 1454 1494 imis
1484 1465 1632 1500 delectari,
1654 1473 1727 1502 quae
1747 1473 1803 1494 non
1825 1468 1903 1502 potes
1924 1465 1977 1494 nisi
2001 1465 2030 1494 in

1177 1513 1294 1542 summis
1314 1513 1418 1542 satiari.
1440 1514 1546 1542 Natura
1567 1521 1612 1547 es,
1633 1516 1665 1542 ut
1686 1516 1770 1550 put0,
1786 1513 1911 1542 caelestis
1926 1516 1953 1542 et
1968 1520 2030 1542 cae-

1177 1560 1273 1589 lestem
1295 1560 1527 1594 consolationem,
1549 1560 1622 1589 sicut
1643 1560 1775 1594 aestimo,
1802 1560 1985 1594 naturaliter,
2008 1560 2030 1589 si

1177 1608 1295 1636 carnalis
1310 1607 1417 1636 insania
1431 1607 1621 1644 permitteret,
1638 1610 1783 1644 appeteres
1809 1610 1837 1636 et
1861 1607 2030 1644 requireres.

1177 1654 1388 1683 Bernardus³2;
1414 1654 1464 1683 «O
1485 1663 1570 1692 quam
1599 1654 1681 1684 dulce
1709 1657 1736 1683 et
1757 1654 1918 1684 delectabile
1945 1657 2029 1689 esset,

1240 1841 1249 1854 ὃ
1267 1842 1306 1864 lob
1324 1843 1362 1869 21,
1380 1842 1422 1869 13,
1440 1844 1493 1870 post
1510 1848 1580 1871 quem
1598 1842 1666 1864 Prov.
1685 1841 1727 1869 ⁴4,
1747 1842 1784 1864 13.

1239 1880 1248 1893 ⁷
1266 1883 1319 1910 Sap.
1339 1882 1380 1909 l7,
1400 1882 1440 1904 lO:
1457 1881 1515 1904 Cuni
1534 1882 1563 1904 sit
1580 1882 1642 1904 enim
1659 1881 1739 1904 timida
1752 1881 1868 1910 nequitia,
1881 1881 1920 1904 dat
1932 1881 2030 1904 testimo-

1176 1921 1241 1944 nium
1260 1921 1473 1948 condemnationis
1491 1927 1585 1949 semper
1602 1921 1664 1943 enim
1683 1921 1811 1949 praesumit
1827 1927 1897 1943 saeva
1915 1924 1958 1943 etc.
1980 1920 2029 1949 (cfr.

1177 1961 1200 1983 S.
1212 1961 1308 1989 Bonav.‚
1321 1960 1451 1983 Commeat.
1469 1960 1492 1982 in
1504 1961 1566 1983 hunc
1583 1959 1645 1988 loe).
1662 1961 1705 1983 Pro
1719 1961 1863 1990 praesumat
1880 1960 1897 1983 Α
1907 1959 1923 1983 C
1934 1960 1952 1982 D
1961 1960 1977 1982 E
1986 1960 2002 1982 F
2012 1961 2028 1983 L

1176 2000 1265 2023 timeat.
1276 2012 1307 2016 ——
1320 2000 1372 2022 Vat.
1387 2006 1441 2022 cum
1459 1999 1565 2028 pluribus
1578 2000 1647 2022 codd.
1665 1999 1692 2028 (A
1702 1999 1717 2023 C
1727 2000 1746 2022 D
1756 2000 1771 2022 E
1780 2000 1796 2022 F
1806 2000 1822 2022 L
1834 1999 2028 2028 repugnantibus)

1176 2039 1253 2061 addit:
1270 2039 1303 2061 An
1322 2039 1428 2066 ignoras,
1446 2044 1460 2060 ο
1478 2039 1568 2066 anima,
1586 2039 1650 2067 quod
1667 2045 1714 2061 non
1732 2039 1819 2061 diutius
1836 2039 1947 2067 perdurat
1963 2038 2027 2061 laeti-

1176 2078 1218 2105 tia,
1236 2084 1297 2107 quae
1314 2081 1348 2101 est
1365 2079 1387 2100 in
1405 2078 1551 2101 comedendo
1569 2081 1591 2100 et
1614 2077 1728 2106 bibendo,
1745 2084 1816 2107 quam
1839 2078 1907 2101 durat
1924 2078 2028 2106 tristitia,

1176 2124 1237 2146 quae
1255 2120 1289 2140 est
1301 2117 1323 2139 in
1341 2117 1465 2140 esuriendo
1477 2120 1499 2139 ct
1515 2118 1631 2140 sitiendo?
1644 2118 1680 2140 Sic
1692 2120 1727 2140 est
1743 2118 1773 2140 de
1785 2117 1894 2140 omnibus
1911 2118 1960 2140 aliis
1978 2117 2028 2147 (cfr.

1176 2157 1285 2186 August,
1304 2157 1359 2179 viu.
1377 2156 1480 2179 Confess.
1498 2163 1518 2179 c.
1536 2157 1557 2179 3.
1576 2163 1598 2179 n.
1611 2157 1633 2179 7.
1651 2163 1713 2186 seq.;
1731 2157 1853 2184 Bernard.,
1871 2157 1901 2180 de
1918 2157 1995 2180 Gratia
2006 2161 2029 2180 et

1175 2196 1214 2219 lib.
1232 2196 1281 2218 arb.
1300 2202 1318 2218 c,
1338 2196 1359 2218 5.
1377 2203 1399 2218 n.
1418 2196 1455 2218 14.
1473 2199 1495 2219 θῖ
1512 2197 1586 2219 Serm.
1606 2197 1642 2218 12.
1660 2196 1689 2218 de
1707 2196 1824 2223 Diversis,
1841 2202 1864 2218 n.
1882 2196 1922 2225 3.).

1238 2234 1248 2247 ⁵
1266 2236 1340 2257 Serm.
1359 2235 1379 2257 li.
1398 2235 1420 2257 in
1438 2235 1521 2263 Vigilia
1539 2235 1613 2257 Nativ.
1631 2235 1736 2263 Domini,
1754 2242 1777 2257 n.
1795 2235 1816 2262 sl,
1833 2234 1873 2257 ubi
1891 2235 1982 2263 primus
1998 2236 2029 2258 10-

1176 2280 1229 2302 cus,
1247 2275 1366 2297 secundus
1383 2274 1481 2297 habetur
1500 2275 1574 2296 Serm.
1592 2274 1613 2296 4.
1632 2281 1702 2302 super
1719 2275 1754 2297 Ps.
1774 2274 1821 2302 Oui
1837 2273 1940 2303 habitat,
1965 2281 1988 2297 n.
2006 2276 2027 2297 2.

1175 2314 1220 2337 Ct'r.
1238 2315 1310 2336 Serm.
1330 2314 1351 2336 5.
1369 2315 1393 2336 in
1411 2315 1551 2337 Ascensione
1568 2315 1672 2342 Domini,
1690 2321 1711 2336 n.
1730 2315 1752 2337 8.
1764 2318 1786 2337 et
1804 2314 1846 2343 1143
1864 2315 1893 2337 de
1906 2315 2028 2343 Diligendo

1175 2353 1235 2381 Deo,
1254 2359 1272 2375 c.
1292 2353 1312 2375 4.
1331 2360 1354 2375 n.
1373 2354 1380 2375 l
1392 2354 1409 2376 1.
1428 2356 1450 2375 et
1466 2353 1651 2376 Declamationes
1665 2356 1707 2375 etc.
1727 2353 1798 2380 (inter
1815 2359 1886 2381 opera
1901 2354 2026 2383 Bernardi)

1174 2394 1221 2415 LV.
1239 2399 1260 2415 n.
1280 2393 1318 2415 66.
1335 2399 1385 2422 seq.

1238 2431 1247 2444 ⁹
1265 2431 1309 2455 Cir.
1326 2438 1397 2460 supra
1417 2438 1471 2460 pag.
1494 2432 1536 2458 44,
1557 2435 1610 2454 nota
1631 2432 1653 2454 7.
1666 2431 1739 2454 Codd.
1751 2431 1795 2454 AC
1806 2432 1874 2454 DEF
1892 2432 1951 2455 duos
1963 2438 2027 2460 prae-

1175 2474 1265 2495 notatos
1282 2473 1345 2495 locos
1370 2472 1481 2494 Bernardi
1506 2472 1615 2494 omittunt
1635 2474 1657 2494 et
1674 2474 1809 2500 sequentem
1836 2472 1955 2500 assignant
1971 2472 2028 2495 Ber-

1173 2511 1264 2539 nardo,
1282 2513 1297 2534 L
1316 2511 1400 2533 omittit
1417 2511 1479 2534 Haec
1501 2510 1649 2533 Bernardus.
1666 2510 1829 2540 Αυῃῖιεῖίηαε,
1848 2511 1855 2532 I
1878 2510 1962 2533 omittit
1978 2510 2027 2534 Au-

1174 2550 1293 2580 qustimcs.
1310 2550 1354 2573 Csr.
1368 2551 1441 2573 Serm.
1459 2550 1481 2572 9.
1494 2550 1524 2572 (le
1541 2549 1620 2572 verbis
1638 2550 1727 2572 Domini
1741 2550 1763 2572 in
1780 2556 1851 2572 coena
1871 2550 1943 2579 (inter
1955 2556 2026 2578 opera

1174 2590 1294 2618 Bernardi)
1313 2596 1337 2612 n.
1354 2590 1376 2611 3.
1394 2592 1415 2612 et
1433 2590 1507 2612 Serm.
1526 2589 1564 2611 fil.
1581 2595 1602 2611 n.
1619 2589 1646 2616 7;
1664 2589 1738 2611 Serm.
1756 2589 1777 2611 in
1793 2590 1846 2617 Sap.
1864 2588 1892 2617 7,
1911 2589 1947 2611 30.
1966 2591 1988 2611 et
2000 2590 2025 2616 8,

1175 2629 1196 2651 11.
1214 2628 1282 2657 (inter
1299 2634 1369 2656 opera
1387 2627 1508 2657 Bernardi)
1526 2634 1550 2649 n.
1568 2628 1590 2650 2.

1237 2667 1256 2682 ¹0
1274 2668 1349 2696 Supra
1366 2674 1389 2689 n.
1407 2668 1428 2689 8.
1446 2679 1477 2683 —
1493 2667 1591 2689 inferius
1613 2673 1656 2695 pro
1675 2666 1719 2690 Ubi
1734 2666 1882 2690 dilectionem
1899 2667 1931 2689 IL
1949 2668 1976 2690 ut
1993 2666 2025 2689 [ἰί-

1174 2707 1297 2731 lectionem
1315 2708 1340 2735 (L
1358 2706 1551 2735 dilectationem).

1237 2747 1255 2760 ¹1
1274 2748 1302 2770 Ut
1319 2747 1375 2769 dicit
1392 2747 1502 2769 Bernard.
1524 2753 1593 2775 supra
1616 2752 1635 2769 c.
1659 2747 1679 2768 l.
1696 2752 1719 2768 n.
1738 2746 1775 2768 l19.
1794 2746 1837 2768 Pro
1851 2744 1958 2768 volutari
1973 2745 2025 2768 Vat.

1173 2794 1227 2810 cum
1245 2786 1351 2815 pluribus
1373 2786 1441 2809 codd.
1463 2785 1591 2809 consolari.
1609 2786 1642 2808 De
1659 2792 1707 2814 seq.
1731 2785 1889 2813 propositione
1911 2785 1951 2806 cfr.
1970 2785 2026 2807 Ber-

1173 2826 1250 2853 nard.,
1268 2826 1297 2848 de
1315 2825 1512 2855 DiligendoADeo,
1530 2831 1549 2847 c.
1567 2824 1590 2846 7.
1606 2830 1628 2846 n.
1647 2824 1683 2846 48.
1702 2827 1724 2846 et
1740 2824 1778 2846 21.
1797 2836 1826 2839 -
1844 2823 1956 2851 Superius
1972 2825 2025 2851 post

1172 2870 1296 2894 sperneres
1311 2865 1372 2891 Vat.,
1385 2855 1555 2894 refragantibus
1571 2863 1590 2885 A
1599 2863 1615 2886 C
1625 2863 1644 2885 D
1653 2864 1694 2885 EF
1704 2863 1732 2890 L,
1743 2863 1818 2885 addit:
1837 2865 1859 2885 et
1871 2863 1959 2885 discere
1972 2868 2023 2890 pos-

1173 2910 1221 2931 ses,
1239 2910 1310 2932 quam
1328 2895 1508 2926 consolationem
1527 2903 1549 2925 in
1566 2906 1605 2925 tua
1622 2902 1743 2925 dilectione
1759 2903 1865 2924 affectare
1883 2908 1928 2924 non
1946 2902 2024 2924 imme-

1172 2944 1216 2966 rito
1234 2942 1340 2965 deberes.

1235 2981 1255 2995 1²
1274 2982 1344 3010 Epist.
1362 2982 1391 3004 ad
1408 2982 1499 3004 Fratres
1516 2981 1545 3004 de
1561 2982 1637 3004 Monte
1653 2981 1694 3003 Dei
1717 2980 1784 3009 (inter
1801 2986 1871 3008 opera
1889 2980 2024 3009 Bernardi),

1173 3021 1212 3044 lib.
1230 3022 1244 3044 1.
1263 3027 1282 3044 c.
1301 3022 1322 3043 S.
1340 3028 1361 3044 n.
1381 3021 1418 3043 23.
1436 3021 1489 3043 Post
1505 3019 1528 3043 si
1548 3020 1671 3042 ADEFL
1688 3019 1777 3042 addunt
1793 3020 1821 3042 nt
1836 3018 1924 3042 dictam
1942 3020 1983 3041 est.

2079 858 2133 886 secun

2046 885 2121 909 quaet-iti
2125 885 2133 904 11

2046 906 2112 929 ganda)
2118 906 2133 928 ‘ta

2046 929 2095 948 lesti.
2122 940 2123 944 =

2046 1231 2123 1256 nesponz
