2133 3317
0 683 35 706 itio,
47 687 79 701 ne·

0 707 40 727 intia
49 711 80 725 ex—

0 731 28 759 [rb
52 729 80 748 di-

44 767 48 772 '
96 765 205 801 signum
226 766 267 792 est
288 763 427 800 neglectae
448 762 628 791 conscientiae
643 765 670 790 et
692 760 831 789 interioris
846 760 940 788 levita-

0 823 78 844 undum.

0 1477 24 1497 liis
31 1477 84 1501 quin—

5 1503 46 1520 nnnt
54 1506 83 1520 ca-

0 1851 87 1876 ligationis

0 1877 62 1918 3⁸02?

1 2578 92 2622 ’3,ῃὲἔῖἓὲ

15 2625 93 2650 Religio-

540 218 736 247 OPUSCULUM
757 218 821 245 VIII.
844 217 886 245 DE
908 217 969 245 SEX
990 217 1059 245 ALIS
1081 216 1248 244 SERAPHIM.
1270 215 1338 244 CAP.
1361 215 1389 243 II.
1786 212 1839 241 135

94 299 229 328 bonorum
251 305 368 334 operum
395 299 550 329 structura,
573 303 645 332 quae
672 295 786 323 devotae
807 294 938 322 orationis

94 345 249 382 frequentia
269 352 324 372 non
345 343 566 380 compaginatur,
589 342 660 370 sicut
680 341 780 378 paries
806 341 938 378 tapidum

94 393 156 421 sine
176 395 319 420 caemento
336 392 353 418 ¹.
377 391 404 418 In
430 390 501 418 omni
526 389 675 426 Religione,
707 388 754 417 ubi
787 388 939 416 devotionis

94 439 187 468 fervor
215 437 351 474 tepuerit,
380 436 461 465 etiam
494 436 611 464 aliarum
640 435 775 463 virtutum
811 434 940 462 machina

94 485 190 521 incipit
220 484 338 513 delicere
369 486 397 511 et
426 482 613 519 propinquare
645 481 749 509 ruinae.
778 480 939 516 [tampades

94 530 253 569 fatuarum
281 529 432 567 viryinum
452 529 515 557 sine
536 528 593 557 oleo
615 528 852 564 exstinguuntur,
872 526 938 554 Mat-

95 577 168 606 thaei
191 577 321 614 vigesimo
343 576 447 613 quinto.

177 625 220 652 11.
243 622 345 652 Deinde
372 622 493 651 cavenda
520 625 561 651 est
585 620 760 658 neqtiyentia
787 619 940 648 eoeterioris

95 670 283 707 disciptinae,
305 677 376 706 quae
404 677 455 705 pro
475 668 574 697 decore
597 667 742 704 Religionis
763 669 790 695 et
815 665 940 694 habilita-

95 717 169 746 tione
190 716 329 753 profectus
350 715 501 752 spiritualis
522 718 625 743 statuta
645 717 702 748 est,
723 714 803 742 cuius
821 713 940 741 desertio

95 811 138 840 tis.
160 811 232 839 Talis
252 813 345 838 autem
366 809 525 846 disciplinae
546 808 720 837 observantia
742 807 848 835 nonita
862 814 940 834 man-

95 858 194 891 datur,
215 857 292 894 quasi
322 856 401 885 aliter
423 864 477 884 non
506 855 584 884 liceat
612 855 718 887 vivere,
740 853 786 882 sed
808 853 873 890 quia
902 853 941 881 sic

95 904 182 941 magis
203 904 330 932 convenit
356 906 469 940 propter
490 902 641 931 honestatis
667 900 885 930 conformitatem
915 902 942 927 et

98 952 264 981 uniformem
297 951 414 979 fratrum
447 949 702 982 conversationem,
735 956 768 977 ne
790 956 840 985 pro
861 947 941 976 libitu

96 999 215 1036 quisque
237 998 310 1026 vivat
324 1001 351 1026 et
372 997 467 1031 faciat,
489 996 562 1025 unde
583 996 653 1024 forte
671 995 716 1023 alii
738 994 896 1023 turbentur.
913 994 940 1022 In

98 1045 199 1073 talibus
220 1047 312 1072 autem
339 1042 533 1076 observantiis,
556 1050 627 1079 quae
655 1041 681 1070 in
701 1049 730 1070 se
756 1040 942 1069 indifferentes

97 1095 175 1125 sunt,
207 1091 252 1120 sed
284 1094 398 1127 propter
419 1089 494 1118 aliud
525 1092 657 1123 statutae,
679 1092 710 1117 ut
731 1088 835 1117 dictum
865 1087 940 1120 est2,

97 1138 185 1167 maior
210 1141 251 1166 est
283 1137 407 1166 habenda
438 1136 592 1173 diligentia,
614 1138 645 1164 ut
676 1135 745 1164 bene
778 1137 941 1168 serventur,

97 1192 182 1222 quam
202 1184 365 1221 scrupulose
380 1183 545 1217 timendum,
564 1183 586 1211 si
601 1190 637 1211 ex
653 1182 746 1219 aliqua
766 1181 942 1218 surreptione

97 1231 263 1269 quandoque
294 1230 551 1267 transgrediantur;
583 1229 634 1258 nisi
666 1229 736 1257 forte
772 1227 942 1257 consuetudo

97 1281 243 1316 generaret
262 1277 479 1310 deformitatem,
502 1281 528 1305 et
546 1276 727 1305 dissimulatio
748 1275 942 1312 negligentiam

97 1325 230 1359 nutriret;
246 1328 312 1353 tunc
334 1328 447 1361 propter
461 1323 536 1352 aliud
558 1324 661 1352 malum
677 1330 849 1359 consequens
864 1330 943 1359 prae-

98 1372 250 1402 cavendum
272 1372 347 1401 zelus
368 1371 525 1408 disciplinae
547 1370 668 1399 dormire
690 1378 743 1398 non
765 1369 854 1398 debet.

179 1420 222 1447 12.
245 1419 335 1447 Verus
362 1418 447 1455 igitur
468 1418 588 1446 iustitiae
617 1418 719 1446 zelator
741 1416 831 1454 primo
852 1418 942 1449 cavet,

99 1473 133 1495 ne
153 1466 255 1494 malum
277 1465 370 1502 aliquo
391 1465 472 1493 modo
492 1463 586 1502 faciat
608 1464 650 1493 vel
672 1464 783 1497 doceat;
806 1462 943 1496 secundo,

99 1521 133 1542 ne
154 1513 274 1541 licentiet
295 1512 338 1541 vel
366 1511 512 1545 concedat,
533 1519 710 1548 quacumque
736 1509 943 1547 importunitate

99 1568 149 1589 seu
169 1559 404 1588 circumventione
431 1559 568 1592 mollitus;
591 1558 686 1591 tertio,
715 1565 749 1586 ne
775 1556 874 1594 faveat
901 1556 944 1585 vel

99 1606 194 1643 diligat
214 1606 287 1640 fieri,
309 1606 391 1634 etiam
413 1606 434 1634 si
450 1614 482 1634 eo
504 1605 663 1642 irrequisito
678 1604 737 1638 fiat,
761 1604 803 1632 vel
817 1604 943 1636 absente;

101 1656 214 1691 quarto,
236 1661 271 1682 ne
285 1652 447 1682 dissimulet
467 1655 494 1681 et
516 1655 602 1680 taceat
617 1651 694 1688 quasi
717 1650 858 1684 nesciens,
880 1657 944 1678 cum

100 1700 134 1729 ad
154 1707 219 1729 eum
235 1699 370 1737 pertineat
384 1707 502 1736 arguere
520 1701 547 1727 et
561 1697 718 1731 ostendere,
737 1699 873 1734 quantum
888 1704 945 1724 ma-

100 1747 158 1776 lum
181 1747 228 1781 sit,
257 1749 284 1775 et
303 1746 459 1780 deterrere,
481 1753 515 1774 ne
537 1745 655 1774 ulterius
673 1744 773 1773 audeat
794 1743 892 1772 similia
905 1745 946 1771 at-

101 1797 223 1828 tentare;
255 1794 365 1830 quinto,
387 1801 421 1822 ne
453 1793 580 1821 inultum
610 1800 668 1820 esse
697 1791 853 1828 pullatum
881 1790 946 1827 quia

101 1840 212 1877 aliquod
233 1840 335 1868 bonum
359 1840 432 1876 parit
454 1839 554 1876 peccati
572 1837 726 1874 castigatio,
748 1836 851 1865 scilicet
872 1836 946 1873 quod

101 1888 160 1924 ipse
190 1887 237 1924 qni
259 1887 337 1920 fecit,
367 1885 538 1923 prohibetur
565 1885 645 1913 ultra
674 1892 809 1921 peccare;
841 1883 947 1911 Ioannis

102 1934 199 1972 quinto
211 1934 234 1962 ³:
256 1934 321 1962 lam
336 1933 397 1962 ‘noti
414 1941 550 1970 peceare,
566 1940 600 1960 ize
621 1931 748 1960 (leterius
769 1930 821 1958 tibi
834 1929 948 1966 aliquid

102 1981 258 2018 contingat.
281 1981 359 2014 Item,
378 1980 443 2017 quia
456 1983 607 2016 purgatur
628 1987 648 2006 a
660 1981 791 2015 peceato,
814 1985 847 2005 ne
862 1985 877 2005 a
892 1977 947 2005 Deo

103 2031 197 2065 postea
216 2027 316 2056 durius
337 2027 483 2064 puniatur;
505 2026 718 2054 Proverbiorum
740 2024 872 2062 vigesimo
893 2027 948 2052 ter-

102 2075 156 2104 tio:
185 2075 228 2103 Tu
258 2074 345 2111 viryct
369 2073 514 2110 percuties
542 2072 625 2101 illum
652 2075 677 2100 et
705 2072 840 2100 animam
868 2070 948 2099 iltius

104 2121 137 2150 cte
157 2119 274 2158 inferno
296 2119 439 2149 tiber-abis.
463 2120 542 2153 Item,
565 2119 629 2155 quia
657 2126 707 2155 per
728 2118 781 2147 hoc
808 2117 862 2145 alii
882 2125 948 2145 eru-

103 2168 242 2202 diuntur,
263 2170 295 2196 ut
322 2170 436 2196 caveant
457 2166 555 2195 similia
584 2168 759 2202 perpetrare;
787 2163 948 2192 Proverbio-

104 2222 167 2243 rum
187 2214 294 2243 decimo
323 2221 409 2242 nono:
432 2212 581 2241 Pestilente
608 2211 767 2249 flagellato,
788 2210 949 2247 sapientior

104 2261 158 2290 erit
170 2260 335 2298 parvulus,
357 2260 383 2288 id
398 2263 455 2293 est,
477 2259 595 2288 tenellus
616 2262 644 2287 et
659 2266 747 2286 novus
769 2257 875 2286 cautior
890 2265 949 2286 esse

106 2307 200 2336 discet.
223 2307 305 2341 Item,
327 2307 386 2344 ipse
404 2305 571 2343 praelatu&
598 2305 717 2334 vicarius
745 2304 857 2341 superni
879 2303 950 2332 iudi-

105 2354 159 2388 cis,
181 2354 285 2382 liberat
305 2353 439 2381 animam
465 2360 554 2380 suam
574 2360 590 2380 a
621 2355 732 2388 peccato
753 2350 949 2387 negligentiae,

105 2400 227 2430 officium
242 2409 324 2429 suum
347 2400 385 2429 sic
401 2398 553 2436 implend0;
576 2398 649 2435 quod
664 2398 729 2434 quia
746 2397 801 2426 Heli
824 2396 951 2425 sacerdos

105 2455 159 2475 non
180 2446 259 2481 fecit,
281 2446 378 2474 mortis
405 2445 567 2474 sententiam
593 2452 657 2472 cum
684 2444 748 2472 filiis
774 2442 951 2480 peccantibus

106 2493 235 2530 excepit,
257 2493 337 2530 primi
361 2493 464 2529 Regum
486 2495 586 2529 quarto
597 2493 616 2519 4.

188 2540 231 2569 13.
255 2540 282 2568 ln
304 2540 355 2568 hoc
376 2539 448 2568 enim
472 2538 604 2567 differunt
626 2537 776 2566 laudabiles
801 2536 952 2572 Religiones

108 2590 135 2616 et
155 2587 207 2615 iam
228 2587 364 2624 dilapsae,
384 2594 437 2615 non
459 2585 533 2623 quod
548 2585 641 2613 nullus
657 2592 772 2621 peccans
786 2583 813 2611 in
830 2582 952 2611 laudabi-

109 2634 181 2663 libus
202 2634 371 2671 reperiatur,
400 2633 446 2662 sed
474 2632 548 2670 quod
576 2632 670 2660 nullus
698 2631 811 2667 impune
839 2636 952 2666 peccare

996 294 1118 328 sinatur,
1141 297 1167 322 et
1189 293 1318 330 peccandi
1350 293 1440 321 aditus
1472 292 1593 321 studiose
1614 290 1840 328 praecludantur,

995 343 1022 369 et
1053 340 1254 377 incorrigibiles
1275 343 1302 368 et
1332 340 1399 368 alios
1421 339 1573 368 inficientes
1594 338 1788 370 eliminentur,
1813 339 1841 365 et

996 387 1059 415 boni
1081 387 1227 415 foveantur
1255 390 1282 415 et
1306 386 1470 423 diligantur,
1499 389 1532 414 ut
1553 387 1730 422 perseverent
1758 386 1785 412 et
1813 383 1840 411 in

996 434 1094 461 melius
1115 441 1223 469 semper
1246 433 1398 470 proficiant.
1421 433 1486 461 Nam
1509 440 1572 461 cum
1589 432 1616 460 in
1638 434 1774 460 conventu
1790 431 1842 458 An-

996 479 1120 515 gelorum
1142 483 1205 507 ante
1226 480 1461 507 confirmationem
1484 482 1511 507 et
1532 479 1559 506 in
1584 478 1680 506 ordine
1702 476 1842 514 Apostolo-

997 533 1060 553 rum
1077 526 1129 553 sul]
1145 526 1302 562 magisterio
1316 526 1417 554 Christi
1433 529 1548 562 reperta
1562 525 1599 553 sit
1611 525 1764 562 pravam&
1779 523 1841 560 quis

996 572 1064 600 ordo
1086 572 1222 600 bonorum
1251 572 1278 600 in
1300 575 1375 600 terra
1402 572 1501 601 audeat
1530 572 1581 600 sibi
1609 579 1741 608 arrogare
1770 570 1842 599 hanc

997 619 1232 655 praerogativam,
1254 618 1327 655 qnod
1350 622 1491 655 peccatum
1514 619 1539 647 in
1562 627 1593 647 eo
1615 627 1668 646 non
1691 618 1748 646 sit?
1763 617 1842 654 quia,

997 665 1047 694 etsi
1076 665 1188 701 plurimi
1214 673 1263 701 per
1284 665 1332 693 Dei
1360 666 1475 701 gratiam
1502 666 1639 693 immunes
1667 665 1702 693 ibi
1725 664 1842 698 fuerint,

998 712 1045 741 sed
1067 720 1120 740 non
1136 719 1243 746 omnes;
1267 712 1372 740 loannis
1393 712 1499 740 decimo
1521 712 1638 740 terti05:
1664 712 1716 739 Vos
1737 710 1844 739 mundi

998 759 1079 792 estis,
1101 758 1151 786 sed
1173 767 1230 786 non
1251 767 1356 786 omnes.

1081 806 1123 834 14.
1157 806 1237 833 Bonis
1265 805 1353 838 enim,
1382 805 1514 841 quamdiu
1543 808 1608 833 sunt
1638 806 1682 833 hic
1711 805 1737 833 in
1769 808 1843 833 statu
1881 838 1884 841 Ι
1908 813 1990 841 expedit

999 852 1137 886 merendi,
1160 852 1272 889 expedit
1293 852 1400 888 aliquos
1431 852 1517 880 malos
1538 860 1631 880 secum
1656 852 1773 885 habere,
1796 851 1843 888 qui
1860 838 1991 880 ffiss'ffiffll

998 900 1038 928 eis
1066 900 1120 928 sint
1140 899 1252 927 maioris
1282 899 1388 927 occasio
1410 898 1520 927 meriti:
1546 899 1649 935 quibus
1676 899 1844 935 compatian-
1861 890 1934 903 ”⁰¹¹¹m'

999 950 1045 975 tur
1073 947 1100 974 in
1122 946 1201 974 malis
1229 946 1301 979 suis,
1323 949 1419 974 contra
1447 953 1517 981 qnos
1542 945 1616 973 zelus
1644 953 1740 973 eorum
1773 945 1845 972 inar-

998 993 1107 1027 descat,
1133 1001 1203 1030 qnos
1218 993 1357 1029 corrigere
1376 992 1512 1025 laborent,
1538 992 1640 1028 quibus
1662 992 1764 1020 similes
1786 991 1845 1020 fieri

999 1040 1206 1077 pertimescant,
1229 1039 1275 1076 qui
1297 1039 1336 1067 eis
1358 1039 1412 1067 sint
1426 1038 1583 1067 tentationis
1605 1038 1733 1072 materia,
1755 1046 1770 1066 a
1785 1038 1846 1074 qui-

1000 1086 1052 1114 bus
1079 1085 1161 1114 etiam
1190 1085 1395 1122 persecutiones
1426 1085 1580 1113 sustineant
1610 1088 1638 1113 et
1668 1093 1703 1113 ex
1726 1092 1846 1121 quorum

1000 1133 1218 1161 consideratione
1249 1132 1355 1161 confusi
1391 1132 1586 1165 humilientur,
1618 1131 1683 1168 quia
1704 1131 1771 1159 tales
1793 1139 1848 1159 non

1000 1183 1080 1213 sunt,
1108 1180 1309 1208 admoneantur
1338 1179 1490 1216 gratiarum
1512 1178 1627 1207 actionis
1648 1179 1671 1207 ei
1687 1178 1734 1215 qui
1756 1181 1847 1206 custo-

1000 1227 1039 1255 dit
1068 1234 1129 1260 eos,
1152 1234 1186 1255 ne
1207 1226 1274 1255 tales
1302 1226 1466 1254 efficiantur.
1489 1225 1514 1253 Si
1540 1228 1632 1253 autem
1654 1225 1779 1253 deessent
1800 1225 1847 1253 bo-

1000 1273 1042 1302 nis
1071 1272 1275 1309 praedictarum
1298 1272 1433 1300 virtutum
1456 1272 1628 1305 occasiones,
1657 1272 1755 1300 merita
1776 1271 1847 1307 ipso-

1001 1328 1064 1348 rum
1086 1322 1162 1348 tanto
1183 1319 1281 1348 fierent
1302 1319 1383 1347 etiam
1401 1319 1522 1353 minora;
1545 1318 1577 1346 ad
1599 1318 1707 1346 Galatas
1728 1321 1808 1346 sexto
1822 1318 1846 1346 ⁶:

1002 1367 1083 1403 Qitcte
1104 1367 1180 1395 enim
1200 1366 1388 1394 seminaverit
1409 1364 1506 1399 homo,
1529 1364 1598 1393 haec
1619 1369 1643 1393 et
1664 1368 1753 1393 metet.

1083 1414 1126 1442 15.
1149 1413 1202 1441 Nec
1223 1416 1314 1441 tamen
1333 1412 1474 1449 ctiligyemti
1493 1415 1558 1440 sunt
1583 1412 1645 1440 mali
1662 1420 1711 1440 seu
1726 1411 1995 1448 fovendi,Quimamoie-

1002 1460 1048 1489 sed
1071 1460 1230 1494 tolerandi,
1252 1459 1373 1488 maxime
1399 1467 1518 1496 quorum
1551 1459 1658 1487 occulta
1686 1461 1751 1487 sunt
1779 1458 1850 1487 mala
1859 1445 1994 1495 Πιὲῗῖιξιιὲἒῗ

1001 1511 1029 1536 et
1049 1507 1117 1536 alios
1138 1515 1191 1535 non
1223 1506 1365 1540 inficiunt,
1394 1509 1421 1535 et
1452 1509 1493 1534 est
1523 1514 1586 1542 spes
1615 1505 1649 1534 de
1680 1506 1850 1534 correctione
1891 1491 1961 1510 “wm'

1002 1555 1135 1591 ipsorum.
1152 1554 1200 1583 Ubi
1222 1562 1288 1582 vero
1310 1553 1362 1582 ista
1382 1553 1544 1586 defecerint,
1567 1553 1603 1581 ibi
1625 1553 1684 1581 sine
1705 1552 1781 1589 gravi
1803 1552 1849 1580 de-

1002 1602 1134 1630 trimento
1162 1600 1292 1629 sustineri
1314 1608 1368 1628 non
1397 1604 1528 1636 possunt,
1554 1603 1581 1628 et
1610 1599 1670 1628 ideo
1691 1599 1848 1628 eliminandi

1003 1651 1080 1681 sunt,
1102 1655 1136 1676 ne
1158 1650 1272 1684 putetur
1299 1655 1396 1675 eorum
1419 1647 1539 1683 pravitas
1567 1646 1646 1675 bonis
1667 1646 1784 1683 placere.
1807 1646 1848 1674 In-

1004 1695 1083 1723 terim
1099 1695 1194 1728 etiam,
1208 1694 1275 1722 (lum
1298 1694 1464 1727 tolerantur,
1481 1692 1625 1730 puniendi
1642 1696 1706 1721 sunt
1728 1691 1848 1720 stimulis

1003 1741 1236 1775 admonitionum,
1258 1741 1481 1777 correptionum,
1504 1740 1711 1773 confusionum,
1734 1739 1848 1775 castiga-

1004 1789 1126 1822 tionum;
1142 1788 1270 1825 ungendi
1286 1788 1367 1816 etiam
1382 1787 1510 1815 fomentis
1529 1787 1770 1819 exhortationum,
1786 1793 1850 1814 con-

1005 1835 1183 1868 solationum,
1198 1835 1354 1863 orationum
1377 1837 1403 1862 et
1418 1833 1649 1870 promissionum,
1665 1832 1686 1860 si
1701 1832 1771 1860 forte
1786 1839 1851 1860 con-

1005 1883 1143 1911 valescant
1162 1882 1196 1911 de
1217 1881 1377 1910 infirmitate
1395 1883 1422 1909 et
1442 1881 1527 1909 fortes
1546 1880 1628 1914 fiant;
1650 1879 1853 1917 praecludenda

1005 1933 1047 1958 est
1067 1929 1106 1958 eis
1128 1929 1171 1957 via
1192 1928 1319 1965 peccandi
1342 1931 1369 1957 et
1384 1927 1541 1956 tentationis
1562 1927 1653 1955 aditus
1673 1925 1851 1960 obstruendi;

1006 1976 1080 2014 quod
1102 1976 1183 2004 etiam
1206 1976 1284 2004 bonis
1299 1975 1424 2012 expedit,
1440 1982 1474 2003 ne
1489 1974 1680 2011 opportunitas
1694 1973 1757 2002 mali
1773 1972 1854 2001 faciat

1007 2032 1053 2052 eos
1070 2023 1229 2051 deteriores.
1251 2038 1290 2042 —
1311 2022 1452 2050 Praelatus
1473 2021 1559 2055 enim,
1581 2021 1702 2049 vicarius
1724 2020 1786 2054 Dei,
1808 2018 1951 2056 cuim-aelata
1967 2034 2001 2056 nq-

1007 2070 1080 2098 data
1097 2072 1136 2097 est
1150 2072 1275 2106 potestas
1289 2077 1309 2097 a
1325 2068 1447 2096 Domino
1462 2076 1551 2104 super
1565 2066 1715 2104 familiam
1729 2075 1817 2095 suam
1829 2066 1850 2100 ⁷,
1866 2054 2002 2119 ἒῖἓῖθῧῗοιζῖἰῖ

1007 2119 1034 2145 et
1055 2116 1099 2145 cui
1120 2115 1222 2144 debent
1243 2115 1344 2144 subditi
1367 2123 1399 2144 ea
1419 2115 1453 2143 de
1474 2122 1556 2143 causa
1578 2114 1637 2143 vice
1658 2113 1766 2142 Domini
1788 2113 1853 2141 obe-
1880 2100 1928 2119 ΜΒ
1944 2102 2000 2118 ‘²²¹⁰'

1007 2163 1082 2197 dire,
1104 2163 1125 2191 si
1148 2171 1201 2191 non
1230 2162 1344 2199 corrigit
1364 2161 1572 2198 delinquentes,
1597 2161 1619 2189 si
1642 2160 1776 2197 permittit
1801 2159 1853 2188 sub

1007 2218 1036 2239 se
1056 2210 1122 2238 vitia
1137 2217 1277 2244 crescere,
1292 2212 1320 2238 et
1334 2208 1548 2237 consuetudines
1562 2207 1648 2236 malas
1662 2207 1743 2241 oriri,
1758 2209 1786 2235 et
1800 2206 1853 2235 iam

1007 2260 1120 2286 exortas
1141 2256 1266 2285 roborari
1289 2259 1316 2284 et
1343 2255 1467 2289 dilatari,
1490 2255 1511 2283 si
1533 2254 1620 2288 videt,
1643 2253 1785 2290 regulares
1805 2252 1854 2281 ob-

1008 2303 1161 2333 servantias
1181 2303 1280 2336 dilabi,
1302 2306 1328 2331 et
1357 2301 1589 2338 transgressiones
1611 2299 1806 2337 multiplicari,
1828 2302 1855 2328 et

1008 2358 1059 2386 pro
1080 2357 1159 2386 posse
1181 2357 1234 2377 non
1256 2349 1348 2377 obviat
1373 2352 1428 2377 tam
1450 2347 1642 2385 praesentibus
1662 2346 1741 2375 malis
1769 2354 1853 2383 quam

1008 2395 1231 2429 imminentibus3
1254 2395 1389 2431 triplicem
1412 2394 1468 2422 Deo
1489 2393 1584 2422 reddet
1606 2393 1747 2421 rationem.

1090 2443 1133 2470 16.
1166 2442 1257 2470 Primo
1286 2450 1336 2478 pro
1357 2450 1415 2470 sua
1445 2440 1636 2478 neytz'yemia,
1658 2439 1768 2477 quando
1799 2446 1853 2467 non
1870 2450 1898 2469 ne
1911 2450 1979 2475 prima.

1008 2489 1072 2518 fecit
1099 2489 1132 2517 ad
1154 2488 1227 2526 quod
1255 2488 1345 2517 officio
1367 2488 1528 2522 tenebatur3
1557 2486 1709 2524 Sapientiae
1731 2485 1852 2514 sext082

1011 2535 1085 2563 Cum
1105 2534 1201 2563 essetis
1223 2534 1354 2562 ministri
1373 2533 1457 2571 reyni
1477 2533 1573 2566 iltius,
1596 2540 1653 2560 non
1681 2535 1754 2560 reete
1775 2530 1853 2559 iacti-

1010 2581 1099 2610 castis
1119 2590 1170 2609 nec
1191 2580 1357 2609 custodistis
1378 2580 1465 2617 teyem
1487 2579 1616 2608 iustitiae
1643 2587 1731 2616 neque
1751 2586 1853 2606 secun-

1010 2629 1082 2657 dum
1102 2628 1277 2656 voluntatem
1298 2627 1361 2655 eius
1382 2626 1564 2655 ambulastis.
1587 2625 1739 2654 Horremle
1762 2628 1787 2653 et
1801 2624 1855 2653 cito

173 2812 181 2826 ¹
199 2813 327 2842 Respicitur
344 2814 424 2835 Ezech.
442 2813 483 2840 13,
501 2812 585 2834 10-15:
603 2812 629 2833 Et
649 2811 699 2839 ipse
721 2809 858 2832 aedificabat
880 2809 954 2837 parie-

111 2856 169 2882 tem,
186 2853 216 2875 illi
234 2856 310 2875 autem
328 2851 438 2874 liniebant
455 2857 508 2874 eum
526 2852 573 2873 luto
590 2850 679 2879 absque
702 2849 780 2878 paleis.
804 2849 843 2871 Dic
866 2849 894 2871 ad
914 2854 954 2870 eos

110 2892 150 2921 qui
167 2892 248 2914 liniunt
265 2891 353 2920 absque
370 2893 538 2919 temperatura,
555 2890 619 2919 quod
638 2895 734 2911 casurus
750 2888 778 2910 sit
795 2891 838 2910 etc.
850 2889 954 2916 Sequens

111 2931 175 2953 locus
191 2930 284 2958 respicit
300 2930 376 2952 lllatth.
393 2929 435 2956 25,
454 2929 475 2951 1.
492 2935 556 2958 seqq.
819 2925 827 2939 ²
846 2926 911 2948 Num.
930 2926 953 2948 7.

175 2968 184 2982 ³
202 2969 267 2992 Vers.
286 2968 327 2996 14;
344 2970 473 2997 sequuntur
489 2968 556 2990 Prov.
574 2967 616 2995 23,
634 2966 676 2994 ⁴4,
694 2968 716 2988 et
733 2965 788 2988 ibid.
808 2966 849 2993 19,
861 2965 955 2987 25:1²2-

111 3008 199 3031 stilente
216 3008 329 3036 flagellato
346 3010 388 3030 etc.

1073 2807 1082 2820 ⁸
1100 2808 1166 2830 Vers.
1184 2808 1221 2829 11.
1238 2813 1304 2835 seqq.

1074 2846 1083 2859 ⁵
1101 2846 1167 2869 Vers.
1186 2846 1221 2868 10.
1240 2846 1313 2873 Supra
1331 2845 1452 2873 respicitur
1472 2844 1517 2867 lob.
1538 2843 1564 2871 4,
1588 2844 1632 2866 18:
1655 2844 1678 2866 ln
1701 2843 1787 2871 angelis
1809 2842 1857 2865 suis

1011 2885 1098 2913 reperit
1114 2885 1258 2913 pravitatem.

1075 2923 1084 2936 ‘³
1102 2924 1166 2946 Vers.
1185 2924 1206 2945 8.

1075 2962 1083 2976 ⁷
1101 2962 1230 2991 Respicitur
1247 2962 1324 2984 Matth.
1341 2961 1382 2990 24,
1400 2960 1442 2988 45,
1460 2961 1496 2983 vel
1513 2961 1568 2983 Luc.
1589 2961 1628 2989 12,
1647 2959 1683 2982 42.

1074 3001 1083 3014 ⁸
1102 3002 1167 3025 Vers.
1185 3001 1206 3023 5.
1225 3002 1246 3023 6.
