2133 3317
386 270 441 292 PAT

135 311 165 334 74
187 311 212 333 13
223 322 254 326 -
267 311 385 332 Pastorum
397 308 506 332 excubiae
520 307 700 330 considerandae

135 351 165 373 72
185 350 196 372 4

182 390 257 411 Pnen
276 401 303 404 —-
320 387 386 410 Pueri
403 389 479 415 patres
500 385 586 414 aliquid
608 387 700 406 orantes

136 429 199 457 ipsos
211 431 306 456 paterno
322 427 416 450 nomine
432 425 548 453 appellare
565 424 638 446 solent
658 424 698 445 173

137 469 150 490 3
167 481 197 483 -
219 467 300 489 Filium
327 465 494 494 pauperculum
519 463 641 486 sustentari
666 466 700 485 est

135 507 194 535 patri
211 505 376 532 desiderabile,
394 510 473 526 carum
491 506 513 525 et
529 503 638 530 placitum
654 502 697 524 318

135 546 149 568 7
166 558 197 562 -
214 545 314 572 Sepelire
333 546 419 571 patrem
437 545 470 564 est
487 548 586 568 magnae
610 541 699 569 pietatis

134 591 194 612 opus
211 584 255 605 319
272 584 285 605 9

182 623 246 645 —in
266 623 311 645 Deo
328 625 361 645 est
370 622 489 650 proprium
503 627 614 649 personae
631 620 655 642 17
673 621 693 642 11

135 675 166 679 -
182 665 216 684 851
233 662 333 690 1111010111
351 661 490 689 principium
513 664 535 682 et
557 660 622 687 origo
644 658 698 682 ibid.

135 714 165 717 -—
187 703 282 729 generat
301 700 382 722 Filium
408 700 466 722 sicut
490 699 527 721 lux
552 698 698 726 splendorem

135 739 188 763 ibid.
206 752 237 756 —
255 739 313 761 Patri
324 738 454 761 attribuitur
467 738 554 764 unitas,
566 738 620 766 quia
632 738 698 765 origo

135 778 164 802 ib.
184 779 212 801 12
229 791 259 795 --
277 779 335 800 Ρ3111
352 778 515 806 appropriatur
528 777 698 806 potestas,quia

134 818 274 846 principium
292 817 346 840 ibid.
363 829 393 833 -—
411 817 468 839 Patri
486 816 649 844 appropriatur
671 816 699 837 31-

135 857 208 879 11111110
225 860 319 884 propter
337 857 445 878 unitatem
463 858 484 877 et
497 858 631 882 potestatem
645 854 698 877 ibid.

135 909 166 912 —
183 895 330 923 cognoscitur
346 895 367 917 in
385 900 443 916 voce.
465 894 557 922 delapsa
582 894 610 915 de
636 894 698 915 caelo

135 935 165 957 73
183 935 196 957 9
214 947 244 951 —
262 935 283 956 in
309 940 367 956 voce
391 936 530 956 contestatus
554 936 588 954 est
609 932 698 955 Christo

136 975 166 997 74
188 975 212 996 12

183 1025 213 1029 -
231 1013 287 1035 Sunt
304 1011 332 1034 24
345 1012 421 1034 Ρ31185
434 1011 553 1040 utriusque
570 1011 697 1033 testamenti

137 1052 181 1074 408
200 1051 212 1074 4
229 1064 260 1067 -
277 1051 352 1073 Sancti
374 1051 450 1072 Patres
475 1049 591 1072 habebant
611 1050 699 1077 sapien-

135 1091 190 1113 tiam
207 1093 229 1112 et
246 1090 330 1112 iudicia
346 1092 369 1111 et
385 1089 512 1111 secundum
531 1088 642 1116 prolixum
663 1088 698 1110 Of·

136 1130 213 1152 ficium
232 1129 383 1151 laudaverunt
399 1128 538 1150 Attis-simum
557 1127 602 1149 407
628 1128 641 1149 2

136 1169 239 1197 Sponsae
260 1168 373 1190 Ecclesiae
398 1167 506 1189 convenit
528 1166 549 1188 in
575 1166 698 1194 spiritualis

136 1207 207 1230 Patris
225 1209 359 1235 potestatem
377 1206 472 1228 transire
490 1206 534 1227 398
553 1206 566 1227 5
584 1218 613 1221 —
634 1205 698 1233 spiri-

136 1247 215 1273 tualis,
232 1246 305 1274 qualis
321 1245 443 1273 eligendus
459 1245 487 1267 sit
506 1244 550 1266 494
562 1243 576 1266 b
588 1256 618 1260 —
631 1244 696 1272 Quod

135 1284 163 1307 sit
179 1284 229 1306 eius
246 1283 346 1306 officium
365 1282 418 1305 ibid.

183 1323 235 1345 ΡΛτι
251 1335 282 1339 -
304 1323 393 1350 Quanto
418 1322 475 1350 quid
500 1322 611 1349 tenerius,
637 1323 697 1343 tanto

135 1362 221 1390 patitur
238 1361 332 1389 gravius
353 1361 389 1383 121
411 1361 425 1382 5
441 1373 473 1377 -
494 1360 597 1383 Christus
622 1360 697 1388 primo

136 1401 158 1423 in
175 1407 200 1423 se
217 1407 258 1429 pro
275 1399 349 1428 nobis,
366 1406 426 1422 nune
443 1399 564 1422 nobiscum
588 1401 609 1422 in
632 1399 699 1422 nobIs

135 1440 182 1468 pati
199 1440 308 1468 dignatur
326 1439 369 1461 176
387 1440 400 1461 2

183 1479 299 1501 Parmam
323 1491 353 1494 —
374 1481 408 1500 est
425 1478 497 1500 virtus
517 1478 633 1500 adornans
649 1484 699 1506 per-

136 1519 216 1540 fectam
235 1517 384 1540 humilitatem
401 1517 424 1539 in
447 1517 578 1546 aequanimi
604 1523 699 1545 perpes-

136 1557 200 1579 sione
217 1559 362 1584 contemptus
379 1556 408 1578 72
427 1557 440 1577 8
459 1569 487 1571 -
510 1556 542 1578 Ad
566 1556 698 1584 patientiam

135 1596 158 1618 in
170 1595 301 1618 infirmitate
313 1595 410 1623 pertinet
423 1595 502 1622 paucis
513 1595 631 1623 obsequiis
643 1601 698 1623 pau-

136 1635 216 1663 cisque
232 1634 341 1657 remediis
357 1637 488 1656 contentum
506 1640 556 1656 esse
574 1634 618 1656 434
635 1634 699 1655 10-

136 1673 217 1695 11181113
234 1673 311 1695 01111113
329 1676 474 1695 consummat
491 1673 536 1695 545
554 1674 567 1695 2
579 1686 610 1690 -
626 1676 700 1695 conte-

136 1712 169 1740 git
185 1718 198 1734 a
216 1712 415 1740 perturbationum
433 1712 512 1734 iaculis
529 1715 550 1734 et
567 1718 578 1734 a
597 1712 700 1735 nuditate

136 1751 227 1779 inopiae
245 1751 378 1774 meritorum
398 1751 441 1773 150
463 1751 489 1773 15
503 1763 533 1767 —
545 1752 611 1780 quasi
629 1752 699 1774 armis

136 1791 238 1813 defendit
254 1794 276 1813 et
292 1791 357 1819 quasi
374 1796 439 1812 sacra
457 1793 520 1812 veste
532 1791 628 1813 adornat
645 1790 698 1813 ibicl.

135 1842 166 1846 —
178 1830 261 1857 frangit
276 1836 357 1852 omnes
368 1829 461 1851 insidias
474 1829 556 1851 inimici
570 1829 610 1851 501
631 1830 636 1850 1
647 1830 651 1850 1
669 1842 699 1846 —

137 1869 232 1891 Scotum
250 1868 372 1896 patientiae
394 1868 474 1896 triplex
499 1871 532 1890 est
563 1868 603 1890 139
630 1869 643 1891 5
668 1881 699 1884 —

136 1908 238 1936 praelato
255 1910 349 1935 propter
361 1907 401 1929 tria
420 1907 546 1929 necessaria
563 1910 597 1930 est
616 1908 659 1929 138
679 1908 699 1929 1.

136 1953 188 1975 sqq.
204 1959 236 1963 —-
252 1946 373 1969 roboratur
390 1952 432 1974 per
449 1946 522 1968 Deum
542 1946 585 1968 147
608 1947 612 1968 1
633 1947 698 1969 —in

137 1985 241 2008 adversis
258 1985 353 2008 discitur
369 1985 390 2007 in
408 1986 479 2008 corde
495 1986 543 2008 lesu
566 1986 606 2007 188
633 1986 645 2007 3
668 1998 700 2002 -

136 2024 321 2047 Fundamentum
338 2024 460 2052 patientiae
477 2027 511 2046 est
527 2024 643 2046 humilitas
655 2024 698 2046 434

138 2063 166 2085 10
183 2075 214 2079 -
231 2063 330 2085 Medium
348 2064 428 2085 efficax
453 2063 584 2091 patIentiam
610 2069 698 2085 conser-

136 2102 206 2124 vandi
224 2105 258 2124 est
275 2102 382 2130 cogitatio
400 2102 429 2124 de
447 2102 546 2130 peccatis
570 2102 700 2124 commissis

138 2141 182 2163 485
199 2142 212 2163 2
229 2153 260 2157 -
284 2141 333 2164 sine
350 2141 486 2164 discretione
503 2142 625 2163 remissum
648 2141 699 2163 facit

137 2179 158 2202 in
176 2180 295 2208 regiminis
312 2180 393 2208 vigore
412 2180 455 2202 142
473 2181 486 2202 2

185 2219 340 2241 rnamenta
358 2232 386 2234 —
404 2220 495 2241 fuerunt
512 2219 635 2242 duodecim
655 2219 698 2241 408

137 2257 150 2280 4
167 2269 198 2273 -
215 2257 257 2279 Per
275 2257 337 2285 ipsos
354 2258 452 2285 populus
468 2258 610 2280 credentium
623 2264 700 2280 carna-

136 2296 186 2319 liter
211 2296 373 2324 multiplicatus
397 2299 431 2318 est
455 2295 508 2318 ibid.
534 2309 563 2312 —
580 2297 610 2319 ad
632 2303 700 2324 ange-

137 2336 205 2358 licum
235 2335 375 2357 consortium
404 2338 560 2363 pervenerunt
589 2334 643 2358 ibid.
670 2348 699 2351 -

137 2375 238 2397 eminent
264 2374 391 2396 humilitate
412 2377 434 2396 et
458 2374 602 2401 simplicitate
628 2375 700 2402 perfe-

136 2413 237 2436 etissima
255 2414 283 2435 62
303 2414 330 2435 18
348 2425 378 2429 —-
395 2413 468 2435 Homo
482 2413 505 2435 fit
516 2413 592 2435 socius
607 2413 701 2435 Patriar-

137 2453 233 2474 charum
251 2458 292 2480 per
309 2452 460 2474 humilitatem
477 2455 499 2474 ct
516 2452 568 2474 fidei
586 2452 701 2474 confiden-
717 2452 718 2460 ¹

138 2491 192 2513 tiam
210 2491 234 2513 51
261 2491 286 2513 17

185 2531 333 2553 2113000000
350 2542 380 2546 -
398 2531 492 2558 Propter
515 2530 639 2557 patrocinia
664 2536 701 2557 pa-

137 2572 183 2591 rata
202 2569 364 2592 confidendum
386 2569 411 2590 16
433 2570 458 2590 10

185 2608 256 2631 ΡΛυιΑ
274 2620 304 2624 —-
321 2611 369 2630 erat
387 2608 467 2630 mulier
488 2608 585 2630 eximiae
610 2607 701 2630 virtutis

139 2647 183 2669 326
202 2647 230 2669 29
247 2659 278 2664 -
295 2647 348 2669 Eius
359 2650 458 2669 extrema
473 2650 596 2674 paupertas
609 2647 653 2668 280
663 2647 700 2669 23.

139 2686 183 2708 326
201 2687 230 2707 29
246 2698 277 2702 -
295 2686 348 2708 Eius
364 2685 499 2708 abstinentia
518 2686 562 2708 263
581 2687 604 2708 21

186 2725 268 2747 Paetus
284 2737 314 2741 —
332 2726 468 2747 anachoreta
488 2725 542 2752 fugit
569 2727 594 2746 ut
617 2725 702 2752 imper-

140 2765 212 2787 fectus
229 2764 273 2786 255
295 2765 321 2786 14
338 2776 369 2780 -
385 2766 419 2786 851
436 2767 515 2786 auctor
533 2764 593 2785 vitae
604 2765 702 2785 31131110-
717 2768 719 2779 ³

139 2806 241 2825 rotarum
259 2803 302 2825 258
329 2804 341 2825 2
358 2816 389 2819 —
411 2803 463 2825 Eius
488 2802 622 2824 abstinentia
649 2802 700 2825 ibid.

140 2843 185 2864 263
203 2842 227 2864 21

186 2893 216 2897 -
233 2881 337 2908 lapidans
354 2881 495 2908 Stephanum
520 2881 605 2903 electus
629 2884 663 2903 est
679 2881 701 2902 in

140 2920 275 2948 Apostolum
294 2919 322 2942 38
341 2919 368 2941 27
385 2931 416 2935 -
434 2919 475 2941 fuit
491 2926 532 2941 vas
544 2923 649 2942 aeternae
661 2920 702 2941 ele-

140 2959 228 2985 ctionis,
246 2959 371 2981 sacrarium
390 2958 480 2980 divinae
506 2958 702 2985 sanctificationis,

139 2999 259 3027 speculum
277 3004 390 3025 supernae
415 2997 612 3025 contemplationis
635 2997 663 3019 28
690 2998 698 3020 11

233 3045 260 3068 S.
270 3045 360 3067 Bonita.
370 3057 401 3061 —
412 3045 480 3067 Tom.
493 3045 547 3067 Vllt.

827 229 925 257 tNDEx
946 228 1192 257 ALPHABETICUS.

732 320 763 324 —
780 308 803 330 in
821 309 911 330 tertium
938 308 1026 329 caelum
1044 310 1124 334 raptus
1141 306 1213 328 Deum
1239 307 1295 328 facie

732 349 762 371 ad
780 348 860 370 faciem
878 346 1077 374 contemplabatur
1102 346 1131 367 90
1157 346 1169 367 6
1194 357 1225 361 -
1250 351 1295 367 11011

732 388 781 410 sine
798 387 898 415 peccatis
915 386 1002 408 vixerat
1018 384 1071 407 ibid.
1089 397 1120 401 —
1144 386 1193 406 erat
1210 384 1295 411 Spiritu

733 429 755 449 S.
772 427 872 454 repletus
891 425 934 447 147
956 425 981 446 19
999 437 1029 441 —
1046 423 1126 446 habuit
1150 423 1255 451 spiritum
1274 423 1295 444 in

732 466 872 494 plenitudine
888 467 910 486 et
927 463 1061 491 sapientiam
1076 463 1124 485 sine
1137 462 1205 484 studii
1218 461 1295 484 labore

733 505 777 527 420
795 505 807 526 3
825 516 856 521 —-
872 502 980 525 affluebat
996 505 1109 531 quantum
1132 502 1161 523 ad
1183 501 1296 523 sufficien-

732 545 786 566 tiam
804 543 886 565 mentis
903 543 948 564 283
966 542 995 564 33
1012 553 1044 557 --
1061 540 1219 568 Evangelium,
1231 539 1295 568 quod

732 589 772 611 per
782 582 944 605 revelationem
957 580 1039 603 Christi
1051 580 1169 606 didicerat,
1181 585 1233 601 cum
1246 585 1296 601 coa-

732 622 825 650 postolis
842 621 935 643 contulit
953 621 960 642 t
969 620 996 642 47
1018 620 1043 641 19
1060 632 1090 635 -
1108 618 1214 641 fidelibus
1232 624 1296 645 prae—

731 661 781 683 latis
797 660 927 688 exemplum
945 659 1009 681 dedit
1025 658 1145 681 consilium
1162 657 1295 686 requirendi

732 699 785 723 ibid.
807 713 837 715 —
863 705 904 721 cur
928 697 1062 721 dissenserit
1086 703 1097 719 a
1124 696 1227 718 barnaba
1253 702 1295 724 pro

732 740 815 761 loanne
832 738 945 765 discipulo
963 738 1004 760 351
1030 743 1041 759 a
1066 749 1097 752 —
1123 736 1191 758 Silam
1217 738 1241 757 ut
1262 742 1296 757 so-

732 779 792 801 cium
810 777 892 799 sumsit
909 783 951 804 pro
967 775 1099 798 fortioribus
1111 774 1230 797 laboribus
1242 773 1294 796 ibid.

731 830 762 833 —
779 817 908 839 Corinthios
924 822 969 838 non
987 822 1013 837 ex
1031 815 1129 841 18111318,
1146 814 1186 836 sed
1205 820 1246 841 pro
1258 820 1296 841 eo-

731 864 782 879 rum
801 857 895 879 utilitate
912 856 1005 878 visitare
1022 855 1159 883 promiserat
1175 854 1211 876 141
1235 855 1247 875 8
1265 866 1295 870 —

732 897 835 919 instruxit
856 896 1003 918 Timotheum
1030 894 1052 916 in
1077 894 1152 916 officio
1177 893 1296 921 regiminis

731 935 848 958 commissi
869 935 906 956 131
933 935 938 955 1
960 946 991 950 -
1002 940 1029 955 ex
1041 934 1141 961 perfecta
1155 932 1247 954 caritate
1259 932 1296 954 (le-

730 973 846 997 siderabat
863 974 921 995 mori
939 979 981 1000 pro
998 973 1070 994 salute
1083 972 1240 999 proximorum
1258 971 1271 992 9
1283 971 1295 992 8

730 1026 761 1030 —
778 1019 819 1041 per
836 1012 980 1035 securitatem
998 1017 1043 1033 non
1062 1010 1135 1032 timuit
1156 1010 1257 1037 separari
1283 1016 1294 1031 a

730 1053 778 1074 Deo
799 1052 824 1073 10
847 1051 867 1072 11
889 1063 919 1067 -
937 1050 995 1078 fugit
1012 1053 1122 1075 mortem,
1141 1052 1164 1071 ut
1181 1054 1205 1071 se
1226 1054 1296 1070 rescr-

730 1094 795 1113 13181
812 1091 840 1112 ad
859 1089 1017 1117 gloriosiorem
1036 1089 1179 1116 triumphum
1207 1087 1251 1109 253
1274 1088 1295 1109 3.

732 1130 776 1152 256
796 1130 820 1151 16
838 1141 869 1145 -
887 1128 946 1156 sugit
962 1130 1072 1153 mortem,
1092 1130 1115 1149 ut
1131 1126 1254 1154 gloriosius
1275 1129 1296 1148 et

732 1168 870 1191 fructuosius
888 1173 930 1195 pro
947 1167 1044 1188 Domino
1069 1168 1186 1193 pateretur
1212 1165 1256 1187 238
1283 1165 1295 1186 9

733 1221 760 1224 -
779 1210 872 1236 paratus
889 1210 937 1228 erat
954 1205 1031 1228 omnia
1048 1205 1145 1227 adversa
1163 1204 1241 1226 subire
1254 1210 1295 1232 pro

731 1247 821 1270 Christo
838 1246 883 1268 366
902 1245 916 1267 b
933 1257 964 1261 —
974 1245 1096 1267 Caesarem
1109 1243 1231 1271 appellavit
1243 1242 1296 1265 ibid.

731 1299 761 1303 —
778 1292 820 1308 suo
842 1285 946 1312 exemplo
971 1285 1075 1306 hortatur
1100 1283 1128 1305 ad
1154 1282 1295 1304 desiderium

731 1325 833 1353 martyrii
860 1325 904 1346 252
924 1324 931 1345 1
963 1336 991 1339 --
1015 1327 1049 1345 est
1074 1321 1156 1344 nobilis
1181 1321 1295 1344 christiani

731 1365 843 1387 exercitus
860 1363 905 1385 dux
923 1362 977 1385 ibid.
988 1375 1019 1378 —
1030 1366 1064 1384 est
1076 1361 1222 1389 perfectionis
1234 1366 1296 1388 prae-

731 1404 814 1431 cipuus
831 1405 929 1425 sectator
950 1401 995 1424 259
1021 1401 1034 1422 6
1059 1414 1087 1416 -
1114 1400 1246 1422 imitabilem
1272 1405 1297 1421 se

732 1442 828 1470 praebet
845 1442 866 1463 in
884 1441 1015 1463 austeritate
1032 1440 1092 1462 vitae
1117 1442 1139 1461 et
1157 1440 1179 1461 in
1205 1439 1241 1466 pia
1268 1438 1295 1460 ad

732 1482 850 1509 proximos
866 1480 1062 1503 condescensione
1080 1478 1134 1501 ibid,
1151 1491 1179 1494 —
1193 1478 1297 1506 penurio-

732 1527 781 1543 sam
798 1521 869 1542 vitam
887 1519 950 1542 duxit
968 1520 1012 1541 233
1031 1519 1059 1540 33
1079 1531 1106 1533 -
1125 1524 1170 1540 11011
1189 1518 1228 1539 fuit
1248 1523 1297 1545 per-

734 1560 811 1582 fectior
829 1559 917 1581 Christo
940 1558 984 1580 237
1004 1558 1025 1579 6.
1042 1558 1086 1579 <238
1111 1557 1139 1578 rlO
1162 1569 1192 1573 --
1219 1562 1297 1584 quam-

733 1599 767 1620 vis
785 1599 911 1626 perfectus,
930 1596 1029 1619 habebat
1046 1596 1202 1618 infirmitatem
1222 1595 1297 1617 carnis

733 1637 777 1659 253
797 1637 808 1659 4
825 1649 857 1653 —
874 1643 917 1659 non
936 1639 984 1658 crat
1002 1635 1110 1658 immunis
1122 1634 1151 1657 ab
1167 1634 1297 1656 infirmitate

732 1677 807 1699 caruis
825 1676 868 1698 237
887 1676 900 1697 6
919 1688 948 1691 -
966 1675 1019 1697 Eius
1042 1674 1177 1696 abstinentia
1205 1673 1248 1695 257
1279 1673 1296 1694 1.

733 1716 777 1737 262
799 1716 832 1737 15.
850 1715 894 1737 264
912 1715 936 1736 21
955 1713 1117 1741 —castigavit
1133 1719 1217 1740 corpus
1228 1718 1296 1734 suum

732 1761 775 1782 pro
797 1753 930 1782 superando
954 1754 1018 1775 hoste
1044 1752 1171 1774 domestico
1197 1752 1240 1773 269
1268 1751 1295 1772 112

732 1806 762 1810 -
780 1794 903 1821 perfectam
922 1792 1072 1814 humilitatem
1091 1791 1170 1813 habuit
1196 1790 1240 1812 448
1267 1790 1295 1812 40

732 1845 762 1848 -
780 1833 809 1854 Eo
828 1838 901 1860 usque
925 1830 1094 1858 infirmabatur,
1121 1833 1143 1852 ut
1169 1830 1296 1857 praesentia

732 1872 782 1894 eius
803 1874 863 1893 esset
887 1869 1050 1898 despectabilis
1075 1870 1116 1891 189
1142 1870 1171 1891 20
1196 1881 1226 1885 -
1245 1869 1297 1890 Eius

733 1913 857 1939 paupertas
875 1909 919 1932 276
939 1910 975 1931 Ἰ12.
993 1909 1036 1930 283
1055 1909 1084 1930 33
1099 1920 1128 1924 ——
1141 1908 1297 1936 omnia,quae

734 1950 813 1972 mundi
830 1951 905 1976 erant,
930 1952 1039 1976 tanquam
1060 1950 1150 1969 mortua
1176 1946 1298 1974 reputabat

737 1989 777 2010 189
797 1988 825 2010 20
843 2000 873 2004 -
890 1987 991 2009 servavit
1009 1986 1142 2008 mandatum
1161 1985 1251 2008 Domini
1268 1986 1297 2007 de

733 2034 778 2049 non
795 2026 934 2055 possidenda
953 2026 1050 2054 pecunia
1069 2025 1111 2047 413
1132 2024 1144 2046 4
1161 2037 1192 2040 —
1209 2025 1297 2046 1101118-

732 2066 797 2089 rebat
814 2066 935 2093 pecuniam
954 2065 997 2086 283
1017 2064 1046 2086 34
1063 2076 1093 2080 -
1110 2064 1164 2086 1111111
1190 2056 1297 2090 habebat,

732 2106 773 2128 sed
785 2112 829 2127 non
842 2105 916 2127 solum
929 2103 973 2126 sibi
984 2103 1124 2130 sufficiebat,
1134 2109 1215 2124 verum
1228 2102 1296 2124 etiam

733 2145 754 2166 in
771 2145 827 2166 alios
844 2143 978 2165 abundabat
995 2142 1038 2164 284
1060 2142 1088 2164 34
1109 2154 1138 2158 -
1151 2141 1297 2169 stipendiarie

732 2183 845 2205 laboravit
863 2182 906 2204 420
925 2182 938 2204 3
955 2194 986 2197 -
1003 2181 1090 2203 victum
1108 2180 1185 2203 labore
1203 2186 1298 2208 quaere-

733 2221 771 2244 bat
788 2222 833 2243 279
846 2221 875 2243 20
887 2233 917 2237 -—
929 2220 1020 2248 corpori
1032 2220 1161 2242 necessaria
1173 2219 1297 2247 aliquando

733 2261 762 2283 ab
773 2260 918 2282 auditoribus
930 2259 1032 2287 accepit,
1044 2259 1168 2287 aliquando
1180 2257 1298 2280 laboribus

732 2299 855 2328 acquisivit
873 2298 917 2320 414
931 2298 952 2320 4.
968 2298 1012 2320 415
1024 2298 1038 2320 7
1050 2310 1080 2314 -
1093 2304 1134 2325 pro
1151 2297 1297 2326 acquirendis

733 2337 867 2360 necessariis
884 2336 927 2359 sibi
945 2339 967 2359 et
983 2337 1052 2359 sociis
1063 2337 1111 2358 suis
1124 2336 1235 2358 laboravit
1252 2342 1298 2357 ma-

733 2376 801 2399 nibus
818 2375 862 2398 342
880 2375 895 2398 b
912 2388 943 2392 —
960 2381 1012 2397 cum
1030 2377 1166 2403 paupertate
1188 2377 1210 2396 81
1237 2380 1298 2396 exer-

733 2416 786 2437 citio
803 2415 872 2437 studii
889 2414 1014 2442 spiritualis
1035 2414 1108 2436 labori
1133 2419 1245 2435 manuum
1266 2413 1298 2435 111-

734 2454 805 2477 tendit
822 2454 866 2475 227
885 2454 913 2475 32
931 2465 962 2469 -—-
978 2459 1022 2475 non
1040 2453 1140 2481 ubique,
1157 2452 1197 2474 sed
1210 2455 1296 2474 tantum

717 2509 718 2512 ,
735 2492 817 2515 alicubi
835 2492 949 2514 laboravit
966 2492 1010 2514 420
1027 2492 1040 2513 3
1058 2504 1089 2508 -
1114 2497 1158 2513 non
1184 2491 1298 2519 quaesivit

717 2551 718 2557 ,
735 2531 854 2554 sustentari
873 2531 947 2553 alieno
965 2531 1091 2553 ministerio
1109 2530 1153 2552 236
1172 2530 1192 2551 6.
1206 2530 1250 2552 242
1270 2530 1292 2551 11

734 2577 826 2592 —non
845 2570 885 2592 fuit
910 2570 1058 2597 imperfectus
1083 2569 1210 2591 recusando
1235 2568 1298 2596 quod

734 2609 837 2632 Christus
855 2608 935 2631 habuit
952 2608 996 2630 242
1016 2608 1039 2630 ἸΙΙ
1061 2620 1091 2624 -
1113 2607 1244 2630 Necessaria
1266 2613 1298 2629 re·

734 2649 811 2676 cipere
827 2647 857 2670 ab
874 2648 922 2669 aliis
939 2648 1041 2676 quodam
1054 2647 1124 2669 modo
1138 2647 1254 2668 infirmum
1267 2646 1298 2668 vi-

717 2683 718 2688 *
734 2687 801 2709 detur
818 2689 923 2714 respectu
941 2686 1086 2714 perfectionis
1104 2686 1164 2707 l‘auli
1181 2685 1225 2708 415
1242 2686 1255 2707 9
1267 2697 1299 2702 -

735 2733 778 2754 pro
795 2726 843 2747 aliis
861 2725 1000 2747 mendicavit
1019 2725 1062 2747 424
1080 2725 1109 2746 23
1127 2737 1157 2741 -
1171 2724 1299 2752 mandax-it,

735 2766 840 2788 collectas
857 2764 904 2786 fieri
923 2771 965 2792 pro
982 2764 1125 2792 pauperibus
1145 2764 1299 2786 sustentandis

737 2804 781 2826 342
800 2797 826 2825 n'

782 2843 908 2865 PAurt-:nTAs
926 2854 955 2857 —
972 2842 1042 2864 electa
1068 2848 1079 2863 a
1105 2841 1195 2863 Christo
1221 2841 1264 2863 287
1285 2842 1297 2863 4

735 2894 764 2898 -
782 2881 885 2904 Christus
901 2887 926 2903 se
943 2880 1045 2903 exhibuit
1062 2881 1179 2903 doctorem
1201 2886 1298 2908 pauper-

736 2920 786 2942 tatis
804 2919 875 2942 vrrbo
893 2922 915 2942 et
931 2920 1035 2948 exemplo
1054 2920 1098 2941 293
1117 2920 1153 2941 20.
1167 2919 1209 2941 423
1231 2920 1298 2941 18-

736 2959 894 2987 Paupertatem
912 2958 1015 2981 Christus
1032 2964 1124 2980 summo
1136 2959 1216 2980 affectu
1235 2964 1298 2980 com-

736 2998 824 3026 plectit,
842 2998 947 3025 excmplo
963 2997 1062 3020 ostendit
1080 3000 1101 3019 ct
1120 2997 1191 3020 verbo
1210 2997 1298 3025 praedi-

1834 230 1889 258 729

1587 267 1642 289 PAU

1328 306 1389 328 cavit
1407 306 1451 328 272
1468 307 1482 328 2
1501 319 1528 322 -
1541 306 1644 329 Christus
1656 307 1760 334 exemplo
1777 313 1819 329 suo
1837 313 1891 334 pau-

1328 348 1439 373 pertatem
1457 345 1579 368 amabilem
1597 345 1697 368 reddidit
1715 345 1759 367 -274
1770 345 1783 367 7
1796 358 1826 362 -
1838 346 1893 368 Pau-

1329 384 1423 412 pertatis
1440 387 1555 406 extremae
1571 390 1675 407 normam
1694 384 1797 407 Christus
1817 391 1892 406 serra·

1329 423 1361 444 vit
1379 426 1401 445 et
1417 424 1530 446 consuluit
1547 423 1591 446 273
1610 424 1623 446 5
1639 436 1671 440 -
1687 424 1739 446 Vita
1757 423 1839 446 Christi
1852 424 1893 446 fuit

1329 465 1444 484 extremae
1461 463 1603 490 paupertatis
1616 462 1660 484 340
1673 468 1692 484 a.
1706 463 1746 485 501
1762 462 1775 484 7
1790 475 1818 478 -
1830 463 1892 485 Chri-

1329 504 1377 523 stus
1395 507 1437 529 pro
1454 501 1550 523 fortibus
1561 502 1583 523 in
1596 505 1731 530 paupertate
1742 502 1893 524 informandis

1329 540 1402 562 caruit
1419 540 1498 562 loculis
1516 540 1558 562 -116
1581 541 1602 562 11
1624 553 1654 557 -
1671 540 1774 563 Christus
1796 547 1893 568 pauper·

1330 582 1398 601 tatem
1416 579 1531 606 assumsit,
1548 583 1573 601 ut
1598 580 1761 607 perfectionem
1786 580 1892 608 exemplo

1330 621 1467 640 monstraret
1484 618 1529 640 275
1541 619 1554 639 9
1566 631 1596 634 —-
1609 618 1711 641 Christus
1726 619 1827 646 suscepit
1839 625 1893 646 ege-

1329 659 1409 678 statem
1435 660 1575 684 extremam,
1600 661 1623 680 111
1648 659 1842 686 locupletaremur
1870 658 1892 679 in

1329 696 1393 723 copia
1417 696 1441 718 13
1464 696 1476 718 4
1502 708 1532 712 -
1557 696 1659 719 Christus
1684 703 1725 724 per
1747 697 1893 725 exquisitissi-

1328 741 1389 757 mam
1403 738 1562 763 paupertatem
1581 736 1688 758 satisfecit
1704 742 1747 763 pro
1759 736 1893 758 avidissima

1329 774 1454 801 cupiditate
1476 774 1500 796 14
1519 774 1531 796 4
1550 786 1580 790 -
1596 774 1704 797 altissima
1725 777 1759 797 est
1784 775 1892 797 rationale

1329 813 1414 834 summi
1432 813 1545 835 pontificis
1567 813 1648 836 Christi
1674 814 1718 835 293
1746 814 1782 835 19.
1804 820 1838 842 sq.
1863 826 1893 830 —

1329 852 1407 879 Qualis
1432 852 1573 879 paupertatis
1594 854 1667 874 forma
1692 853 1806 880 Apostolis
1831 858 1893 880 prae-

1329 894 1395 918 cepta
1413 893 1433 912 et
1451 890 1481 912 ab
1497 891 1584 913 eisdem
1603 894 1691 913 servata
1716 891 1782 913 fuerit
1804 891 1848 913 273
1871 891 1892 913 5.

1330 929 1375 951 275
1392 930 1413 951 9.
1432 936 1466 958 sq.
1484 930 1529 952 276
1551 931 1584 952 12.
1598 931 1642 952 278
1656 931 1693 952 20.
1706 930 1751 952 295
1764 931 1776 951 3
1790 943 1819 946 -
1832 930 1893 952 Chri-

1329 972 1378 990 stus
1411 972 1569 996 paupertatem
1598 972 1722 991 extremam
1755 969 1894 991 consulendo

1329 1007 1401 1029 suasit
1418 1008 1462 1029 273
1481 1008 1502 1029 5.
1520 1008 1564 1029 276
1586 1008 1620 1029 13.
1638 1008 1681 1029 277
1706 1009 1730 1029 15
1752 1020 1782 1024 -
1802 1014 1893 1030 summa

1329 1046 1413 1068 indicta
1431 1049 1465 1068 est
1481 1047 1595 1074 Apostolis
1619 1047 1662 1068 293
1690 1047 1714 1068 19
1737 1059 1768 1063 -
1793 1047 1894 1074 Apostoli

1330 1089 1352 1107 et
1379 1085 1550 1113 praedicatores
1576 1088 1733 1113 paupertatem
1760 1086 1892 1108 altissimam

1330 1127 1380 1146 actu
1398 1127 1420 1146 et
1438 1124 1515 1146 habitu
1534 1125 1649 1152 praeferre
1661 1124 1746 1147 debent
1758 1125 1802 1146 273
1816 1125 1837 1146 5.
1850 1125 1893 1146 280

1330 1164 1359 1185 22
1376 1176 1407 1179 -
1429 1164 1571 1191 Paupertatis
1593 1167 1707 1186 extremae
1730 1164 1846 1191 exemplar
1872 1164 1893 1185 in

1330 1203 1376 1224 vita
1394 1203 1518 1230 praecessit
1534 1203 1696 1230 Apostolorum
1715 1202 1760 1224 273
1773 1202 1786 1223 5
1798 1215 1828 1218 —
1841 1203 1894 1224 Pau-

1330 1242 1424 1269 pertatis
1435 1242 1555 1264 consilium
1568 1248 1613 1264 non
1626 1242 1668 1264 fuit
1679 1245 1732 1263 ante
1744 1242 1894 1269 Evangelium

1331 1281 1374 1303 296
1393 1282 1405 1303 6
1424 1293 1454 1297 -
1470 1281 1618 1309 Evangelicae
1631 1281 1772 1308 paupertatis
1785 1281 1893 1308 perfectio

1330 1326 1405 1342 novae
1422 1321 1465 1347 legi
1484 1320 1576 1348 proprie
1593 1320 1700 1342 convenit
1717 1320 1762 1342 287
1781 1320 1802 1342 4.
1815 1320 1858 1342 288
1873 1320 1894 1342 5.

1330 1366 1365 1389 sq.
1382 1372 1412 1376 --
1429 1366 1473 1382 11011
1491 1362 1539 1382 8131
1556 1359 1656 1382 consulta
1675 1359 1749 1381 levitis
1767 1360 1810 1381 238
1833 1359 1846 1381 5
1865 1372 1894 1374 -

1330 1400 1353 1421 111
1370 1402 1447 1421 vetere
1464 1399 1514 1426 tege
1538 1398 1729 1421 contemnebatur
1751 1398 1795 1420 299
1822 1399 1847 1420 16
1864 1410 1895 1414 -

1330 1441 1364 1461 est
1381 1437 1465 1460 odibile
1484 1437 1570 1459 bonum
1589 1438 1633 1459 286
1656 1438 1660 1458 l
1691 1450 1721 1453 —
1739 1437 1856 1459 deridetur
1874 1440 1895 1459 et

1330 1477 1484 1500 contemnitur
1501 1477 1545 1498 300
1568 1476 1592 1498 19
1618 1489 1648 1492 -
1673 1477 1730 1498 Ante
1748 1475 1830 1498 Christi
1855 1476 1895 1498 ad-

1331 1519 1425 1538 ventum
1449 1516 1485 1538 vix
1511 1515 1604 1544 perfecti
1630 1515 1794 1543 pretiositatem
1823 1515 1894 1543 ipsius

1330 1558 1475 1583 agnoverunt
1487 1556 1532 1577 2916
1548 1555 1553 1576 1
1569 1568 1600 1570 -
1611 1557 1663 1582 post
1674 1555 1799 1576 adventum
1812 1554 1894 1576 Christi

1330 1595 1353 1616 in
1370 1598 1429 1616 tanta
1449 1594 1668 1621 subadmiratione,
1687 1597 1711 1615 ut
1724 1594 1760 1616 vix
1772 1596 1895 1621 quantum-

1330 1640 1430 1662 cumque
1447 1639 1571 1661 pert‘ersus
1589 1633 1716 1655 haereticus
1733 1632 1806 1660 ipsius
1822 1632 1896 1660 digni-

1330 1672 1369 1694 tati
1382 1673 1505 1700 derogaret
1518 1671 1570 1694 [laid.
1583 1685 1609 1687 —
1620 1672 1761 1699 Paupertatis
1773 1671 1894 1693 consilium

1330 1712 1415 1739 Legem
1434 1718 1477 1733 non
1495 1711 1603 1738 destruit,
1620 1711 1660 1733 sed
1679 1713 1823 1733 consummat
1849 1710 1894 1732 288

1331 1751 1343 1771 6
1363 1763 1390 1766 -2
1409 1751 1572 1772 Pcrfectionem
1591 1750 1731 1778 paupertatis
1754 1750 1833 1777 legalis
1854 1749 1895 1771 ob-

1330 1790 1443 1812 servantia
1462 1796 1507 1811 non
1525 1792 1646 1817 oppugnat
1670 1788 1732 1816 ibid,
1757 1795 1791 1817 sq.
1817 1801 1846 1805 --
1873 1790 1895 1810 ln

1331 1832 1465 1857 paupertate
1482 1831 1534 1851 sunt
1551 1828 1636 1850 diversi
1652 1828 1738 1856 gradus
1756 1828 1800 1850 ‘288
1812 1828 1835 1849 7.
1850 1828 1894 1849 312

1332 1868 1344 1889 4
1361 1880 1392 1884 -
1409 1868 1496 1895 gradus
1513 1867 1582 1889 habet
1599 1870 1620 1889 et
1638 1867 1712 1889 maius
1729 1870 1751 1888 et
1768 1867 1844 1888 miuus
1861 1872 1896 1888 re-

1330 1906 1385 1934 cipit
1402 1907 1447 1929 250
1465 1907 1502 1928 20.
1523 1907 1562 1928 291
1589 1907 1614 1927 16
1628 1918 1659 1922 -—-
1670 1907 1727 1928 Tres
1738 1908 1792 1928 sunt
1809 1905 1895 1933 gradus

1330 1946 1472 1974 paupertatis
1488 1945 1533 1967 395
1551 1945 1563 1966 7
1587 1958 1617 1961 -
1639 1945 1699 1973 Quid
1721 1944 1894 1967 observandum

1330 1985 1358 2007 sit
1375 1985 1434 2007 circa
1452 1984 1590 2007 differentias
1607 1987 1627 2006 et
1646 1984 1732 2012 gradus
1754 1983 1895 2011 paupertatis

1331 2024 1371 2046 311
1397 2025 1402 2045 t
1430 2037 1460 2039 —
1483 2025 1505 2046 111
1523 2030 1569 2052 quo
1587 2023 1696 2045 consistat
1712 2023 1821 2051 perfectio
1840 2029 1895 2050 pau-

1331 2063 1424 2090 pertatis
1442 2063 1486 2085 326
1504 2063 1541 2085 28.
1560 2062 1603 2085 327
1622 2063 1651 2084 33
1663 2075 1693 2078 -
1711 2062 1804 2090 spiritus
1822 2062 1896 2084 consi-

1330 2102 1368 2124 stit
1393 2102 1415 2123 in
1438 2103 1537 2130 perfecta
1564 2101 1708 2124 abdicatione
1733 2101 1894 2128 temporalium

1331 2141 1502 2169 possessionum
1520 2141 1564 2162 246
1584 2141 1604 2162 8.
1623 2140 1668 2162 415
1685 2141 1697 2161 9
1716 2152 1746 2156 -
1762 2140 1848 2167 Duplex
1862 2142 1896 2161 est

1331 2180 1471 2208 paupertatis
1490 2180 1587 2207 perfecta
1605 2179 1718 2207 professio
1736 2179 1779 2200 273
1807 2178 1828 2200 4.
1851 2178 1894 2200 277

1332 2219 1359 2240 116
1377 2231 1408 2235 -
1425 2218 1575 2245 Evangelicae
1601 2218 1742 2246 paupertatis
1763 2221 1796 2240 est
1822 2217 1896 2240 domi-

1331 2258 1393 2280 nium
1422 2261 1444 2279 et
1469 2257 1632 2285 proprietatem
1657 2257 1799 2285 relinquere,
1827 2262 1894 2278 usum

1331 2303 1408 2319 rerum
1427 2303 1482 2318 vero
1500 2303 1546 2318 non
1563 2296 1669 2323 reiicere,
1687 2296 1727 2318 sed
1745 2298 1832 2317 arctare
1850 2295 1893 2317 273

1332 2336 1344 2357 3
1369 2348 1400 2351 -
1424 2336 1486 2357 Nulla
1512 2338 1586 2362 potest
1603 2340 1653 2356 esse
1671 2334 1783 2362 professio
1800 2334 1895 2356 omnino

1331 2374 1492 2401 temporalium
1509 2379 1586 2395 rerum
1605 2373 1715 2395 abdicans
1733 2379 1800 2395 usum
1819 2373 1862 2395 312
1881 2373 1894 2395 5

1330 2425 1361 2429 —
1392 2412 1547 2440 Pauperibus,
1578 2415 1791 2441 quantumcumque
1823 2415 1895 2434 extre-

1331 2458 1393 2473 mam
1411 2451 1515 2473 voverint
1532 2454 1704 2479 paupertatem,
1726 2451 1776 2473 licet
1793 2451 1894 2478 recipere

1331 2491 1500 2517 eleemosynam
1527 2490 1571 2512 332
1597 2490 1610 2511 3
1638 2502 1666 2505 —
1693 2489 1787 2517 spiritus
1812 2490 1894 2512 dicitur

1331 2529 1446 2551 abdicatio
1472 2529 1551 2551 mundi
1577 2532 1599 2551 et
1623 2529 1822 2556 concupiscentiae
1845 2529 1895 2551 eius

1332 2569 1376 2590 272
1395 2569 1407 2590 3

1377 2619 1408 2624 —
1426 2607 1567 2635 Paupertatis
1584 2606 1732 2634 evangelicae
1753 2610 1787 2629 est
1809 2610 1895 2629 susten-

1332 2647 1372 2669 tari
1391 2647 1420 2669 de
1437 2652 1482 2668 non
1499 2652 1542 2668 suo
1561 2646 1605 2668 -273
1625 2645 1637 2668 4
1654 2658 1684 2662 -
1706 2645 1784 2668 Alieno
1808 2646 1893 2673 suscipi

1333 2688 1390 2707 tecto
1408 2685 1427 2707 ei
1445 2685 1566 2713 competit,
1589 2685 1629 2714 qui
1654 2686 1752 2712 perfecte
1778 2684 1893 2707 Christum

1332 2725 1414 2746 imitari
1432 2724 1495 2752 cupit
1512 2724 1556 2746 276
1578 2724 1604 2746 14
1622 2736 1652 2740 -
1669 2724 1712 2752 Qui
1739 2723 1807 2746 habet
1832 2724 1893 2746 unde

1331 2766 1476 2791 sustentetur,
1494 2763 1587 2791 proprie
1604 2769 1648 2785 uon
1666 2763 1749 2785 dicitur
1766 2769 1835 2790 egere
1849 2763 1892 2785 277

1336 2803 1361 2825 15
1378 2814 1407 2819 —·
1425 2803 1514 2830 Pauper
1532 2805 1566 2824 est
1581 2802 1620 2830 (101
1638 2803 1703 2829 plura
1722 2805 1796 2829 portat
1809 2802 1830 2823 in
1843 2802 1893 2828 via,

1331 2847 1401 2870 quam
1427 2841 1490 2863 domi
1516 2841 1599 2863 babeat
1622 2841 1667 2863 285
1685 2841 1714 2862 39
1732 2853 1760 2856 -
1779 2841 1893 2868 l‘aupcres

1331 2881 1404 2903 solum
1423 2881 1444 2902 in
1461 2883 1540 2908 aperta
1563 2880 1698 2902 necessitate
1723 2880 1809 2902 loculos
1836 2881 1892 2902 terre

1331 2918 1415 2942 debent
1432 2918 1485 2942 ibid.
1503 2931 1533 2936 --
1551 2919 1665 2941 Pertectae
1677 2919 1818 2946 paupertatis
1830 2925 1893 2941 sum-

1331 2964 1367 2980 ma
1386 2964 1431 2980 non
1449 2958 1551 2981 consistit
1569 2959 1591 2980 in
1618 2958 1718 2981 vivendo
1744 2958 1772 2981 de
1797 2958 1892 2980 decimis

1331 3001 1353 3020 et
1369 2997 1524 3020 oblationibus
1541 2997 1585 3020 279
1604 2998 1628 3020 21

1768 3046 1795 3065 (js)
