2133 3317
13 1022 70 1041 reges.

0 1250 85 1270 nundus

0 1278 87 1298 κῶμοι.

507 222 703 252 OPUSCULUM
724 223 766 251 lv.
788 223 831 251 DE
853 223 875 251 V
897 222 1167 252 FESTlVlTATIBUS.
1191 223 1377 252 FESTIVITAS
1399 224 1440 253 tv.
1811 226 1847 254 93

101 302 262 340 cognitionis
290 301 440 334 infusione,
468 303 601 328 mortuos
630 300 754 329 suscitat
781 300 809 329 in
839 300 943 337 gratiae

101 349 259 382 collatione,
280 347 415 384 infirmos
440 350 547 380 curat,
569 346 690 375 claudos
717 350 824 381 sanat,
849 355 944 384 para-

101 396 200 434 lyticos
220 398 246 423 et
272 397 436 423 contractos
459 392 601 430 rectificat
620 392 648 421 in
669 393 806 429 spirituali
834 393 943 422 confor-

100 443 216 476 tatione,
237 443 269 469 ut
284 441 338 469 iam
358 440 514 469 efficiantur
534 439 620 468 fortes
634 442 661 468 et
681 439 793 468 viriles¹
818 447 868 476 per
881 447 944 476 gra-

1001 300 1066 329 tiam
1088 301 1136 338 qui
1158 301 1236 338 prius
1256 305 1335 330 erant
1356 302 1459 331 debiles
1479 305 1507 331 et
1527 302 1630 331 infirmi
1656 310 1705 339 per
1726 302 1846 339 culpam.

1000 347 1023 375 O
1043 355 1127 384 quam
1148 348 1216 376 felix
1236 352 1263 377 et
1284 348 1396 377 beatum
1417 356 1534 383 nomen,
1562 348 1637 386 quod
1665 351 1769 377 tantam
1790 357 1847 378 me-

1001 394 1058 422 ruit
1080 394 1181 423 habere
1203 395 1334 424 virtutem
1356 398 1383 424 et
1403 395 1552 424 efficaciam
1565 395 1593 424 ²!

864 573 882 601 F
884 581 1022 602 issum-AS
1040 573 1081 602 IV.

193 697 340 734 Quomodo
362 696 458 725 Filius
482 695 533 724 Dei
552 704 572 724 a
593 695 694 724 devota
715 695 819 724 auiina
840 703 906 724 cam
928 694 1024 732 Mayis
1044 695 1082 723 sit
1102 695 1300 732 spiritualiter
1320 697 1505 734 quaerendus
1525 701 1550 726 el
1570 690 1753 727 adorandus.

179 822 203 849 1.
225 820 357 857 Sequitur
378 822 478 856 quarta
491 818 664 852 solemnitas,
685 825 757 855 quae
777 817 901 846 consistit
915 817 942 845 in

98 869 253 906 Magorum
274 866 453 896 adoratione.
477 865 622 902 Postquain
644 864 717 893 enim
743 864 834 892 anima
857 864 941 892 istum

98 915 288 945 dulcissimum
309 921 428 951 puerum
450 920 499 950 per
520 912 637 949 gratiam
652 911 832 948 spiritualiter
847 918 943 940 conce-

98 962 149 1000 pit,
170 961 278 998 peperit
298 963 325 989 et
350 959 515 993 nominavit,
548 962 604 987 tres
625 966 719 995 reges,
741 958 793 986 hoc
824 960 865 987 est
886 961 943 986 tres

97 1009 203 1038 animae
224 1008 298 1037 vires
319 1023 355 1028 —-
376 1014 448 1043 quae
466 1006 535 1034 bene
549 1013 630 1042 reyes
644 1005 792 1038 dicuntur,
808 1004 874 1041 quia
887 1004 942 1032 iam

98 1055 174 1085 carni
192 1054 401 1091 principantur,
423 1052 550 1081 sensibus
563 1051 757 1085 dominantur,
779 1051 806 1079 in
828 1050 892 1079 solis
906 1050 944 1079 di-

98 1102 169 1130 vinis
183 1101 290 1134 studiis,
306 1100 377 1129 sicut
391 1099 469 1128 decet
480 1099 500 1133 ³,
516 1101 688 1135 occupantur
702 1115 740 1118 —
755 1105 874 1135 puerum
889 1098 942 1126 iam

98 1156 147 1186 per
168 1148 282 1177 effectus
303 1146 469 1183 multiplices
489 1145 529 1174 eis
549 1145 701 1174 revelatum
724 1145 751 1173 in
769 1144 878 1173 civitate
900 1152 944 1173 re-

98 1195 154 1232 gia,
175 1195 228 1223 boe
244 1193 328 1223 estin
349 1193 434 1222 totius
451 1192 547 1221 mundi
563 1192 703 1226 machina,
725 1192 870 1220 aestimant
884 1199 944 1220 esse

98 1241 306 1280 quaerendum.
324 1240 468 1276 Quaerunt
488 1239 573 1275 igitur
593 1238 829 1272 meditationibus,
851 1238 944 1275 requi-

99 1291 166 1317 runt
180 1287 386 1321 affectionibus,
409 1286 580 1322 interrogant
593 1285 699 1314 devotis
720 1284 943 1322 cogitationibus:

103 1335 157 1364 Ubi
176 1338 217 1363 est
246 1334 298 1372 qai
318 1337 407 1362 natus
437 1332 499 1361 est?
527 1332 659 1360 Vidimus
689 1331 800 1360 stellam
822 1331 885 1359 eius
913 1331 944 1359 in

97 1381 246 1414 oriente4,-
267 1380 387 1409 vidimus
408 1379 558 1408 claritatem
581 1379 641 1407 eius
668 1378 818 1415 fulgentem
848 1378 875 1406 in
897 1378 943 1406 de-

97 1431 161 1457 vota
181 1430 286 1461 mente,
308 1427 429 1455 vidimus
456 1425 630 1462 splendorem
652 1425 713 1454 eius
733 1425 886 1453 radiantem
915 1425 942 1453 in

98 1474 201 1503 intimis
215 1474 335 1508 animae,
356 1472 513 1501 audivimus
534 1472 594 1500 eius
608 1479 716 1505 vocem,
734 1479 806 1508 quae
826 1474 867 1500 est
882 1471 943 1499 dul-

97 1521 220 1555 cissima,
242 1520 415 1558 gustavimus
435 1519 495 1548 eius
515 1518 704 1552 dulcedinem,
726 1526 797 1555 quae
818 1520 860 1547 est
880 1525 943 1546 sua—

97 1568 221 1601 vissima,
243 1567 418 1604 percepimus
439 1566 499 1595 eius
520 1565 632 1594 odorem
661 1565 871 1599 suavissimum,
893 1572 943 1593 ex-

97 1615 168 1652 perti
200 1622 297 1644 sumus
327 1614 388 1643 eius
408 1613 569 1650 amplexum
595 1612 842 1641 deliciosissimum.
872 1612 942 1646 lam,

97 1661 232 1695 Herodes,
254 1660 338 1690 redde
359 1667 539 1697 responsum,
560 1659 673 1687 ostende
700 1658 844 1692 dilectum,
866 1666 943 1687 mon-

99 1711 156 1737 stra
176 1708 343 1736 infantulum
364 1706 549 1736 desideratum
561 1706 581 1733 ⁵.
606 1706 683 1734 Hunc
706 1705 895 1734 desideramus
916 1708 944 1734 et

98 1755 267 1792 quaerimus.

162 1919 170 1932 ¹
188 1919 244 1943 Cod.
261 1920 276 1942 F
293 1919 366 1949 soi-les
384 1917 479 1941 viribus.

161 1957 171 1970 ²
189 1957 239 1979 Vat.
257 1961 334 1980 eontra
352 1956 476 1979 ABCDE
493 1956 584 1978 adiicit:
610 1956 739 1985 Aliquando
764 1956 882 1983 laetificat,
907 1956 946 1978 ali-

99 1997 193 2026 quando
211 2003 285 2026 usque
303 1996 386 2019 mentis
402 1995 536 2018 ebrietatem
554 1995 651 2018 infundit
672 1998 694 2018 et
716 2001 782 2018 suam
799 1995 944 2018 dulcedinem

99 2036 262 2059 communicat.

162 2074 171 2087 ³
190 2075 239 2098 Vat.
251 2081 304 2097 cum
322 2075 337 2096 F
348 2075 365 2096 G
383 2074 472 2096 addunt
490 2080 542 2096 rere
553 2079 628 2102 repes.
645 2072 748 2096 Subinde
760 2079 802 2101 pro
817 2079 945 2102 pilei-uui...

99 2114 254 2138 rocelinum...
272 2113 398 2137 aestimant
422 2119 471 2136 esse
488 2112 651 2142 quaerendum
674 2112 743 2135 ΑΒΕ
754 2113 796 2135 DE
819 2113 945 2140 incongrue

99 2160 181 2183 puer...
199 2152 344 2176 revelatur...
369 2151 510 2175 aestimatio·
534 2157 583 2175 esse
600 2151 763 2181 quaerendum
789 2151 815 2180 [B
833 2157 946 2181 quaeren-

100 2192 161 2222 dns}

162 2230 172 2243 ⁴
189 2232 266 2254 Matth.
283 2232 309 2258 2,
327 2232 348 2253 2.
366 2243 396 2247 -—
413 2231 508 2253 interius
530 2231 573 2252 ΑΒ
584 2230 599 2253 C
611 2231 627 2252 D
638 2231 653 2252 E
670 2230 777 2252 omittunt
796 2229 945 2259 percepimus

100 2270 150 2294 eius
168 2270 264 2293 odorem
280 2269 458 2293 suavissimum.

163 2308 173 2321 ⁶
189 2309 329 2332 Auctoritate
346 2308 416 2331 ΑΒΕ
427 2309 470 2330 DE
487 2308 609 2331 omisimus
626 2314 688 2337 quae
704 2308 756 2330 Vat.
772 2314 826 2330 cum
848 2308 891 2330 FG
909 2308 945 2330 hic

101 2349 179 2371 addit:
198 2349 292 2376 Propter
310 2351 372 2370 tuam
391 2348 487 2375 gloriam
505 2347 629 2369 videndam
647 2353 693 2369 non
711 2347 829 2374 venimus,
851 2350 945 2375 propter

101 2390 163 2410 tuam
182 2387 280 2414 gratiam
305 2386 453 2408 obtinendam
478 2392 523 2407 non
548 2385 738 2413 properavimuS,
764 2388 858 2413 propter
882 2387 944 2407 tuam

102 2426 243 2448 maiestatem
261 2425 402 2448 adorandam
420 2431 465 2447 non
479 2424 646 2446 festinavimus.
659 2424 708 2445 Tua
720 2424 781 2445 enim
799 2424 869 2451 gloria
883 2423 945 2452 [Vat.

102 2464 193 2494 qratia]
210 2467 244 2486 est
261 2464 333 2492 ipsius
351 2465 449 2491 tactura,
467 2465 505 2485 tna
523 2463 630 2485 maiestas
641 2462 714 2490 ipsius
730 2465 846 2488 creatura,
863 2465 899 2484 tua
914 2462 944 2484 iu-

102 2503 207 2526 cunditas
224 2503 297 2531 ipsius
321 2505 356 2525 est
372 2503 485 2530 potentia,
503 2506 541 2524 tua
566 2501 680 2530 opulentia
702 2504 736 2523 est
761 2501 833 2529 ipsius
849 2500 945 2529 umbra,

103 2544 140 2564 tua
158 2541 274 2570 nobilitas,
295 2544 333 2564 tua
356 2541 525 2569 magnificentia
542 2543 577 2562 est
598 2546 653 2562 suae
675 2540 776 2562 infinitae
799 2539 860 2568 [Vat.
883 2539 946 2562 addit

103 2580 212 2604 bonitatis
229 2580 261 2610 el]
286 2580 410 2603 nobilitatis
430 2580 521 2602 modica
538 2579 640 2601 scintilla.
658 2580 681 2601 ln
707 2582 728 2601 te
746 2579 877 2601 invenimus
899 2584 945 2607 quo

104 2620 178 2648 ipsum
197 2620 372 2648 cognoscimus,
390 2625 496 2642 amamus
513 2622 535 2641 et
551 2619 721 2645 desideramus,
739 2624 783 2640 non
801 2618 824 2640 in
843 2624 891 2646 quo
913 2624 946 2640 re-

103 2658 224 2687 quiescere
240 2658 375 2681 debeamus.
392 2659 457 2680 Tuus
474 2659 548 2680 honor
565 2659 587 2679 et
603 2657 674 2679 decus
696 2659 730 2679 est
746 2656 780 2679 sui
801 2656 890 2678 decoris
907 2662 946 2678 nu-

103 2699 148 2719 tus.
165 2696 205 2719 Dic
222 2697 302 2725 igitur,
319 2702 347 2719 ne
365 2697 496 2725 protrahas:
515 2695 559 2719 Ubi
574 2697 607 2718 est
630 2695 671 2724 qui
686 2697 758 2718 natas
778 2696 829 2718 est?
846 2694 889 2717 Ubi
912 2697 945 2717 est

104 2739 160 2762 ergo
178 2735 298 2763 longitudo
315 2734 404 2762 brevis,
422 2735 558 2763 magnitudo
575 2735 644 2762 levis,
661 2734 756 2756 altitudo
779 2733 884 2761 subdita,
901 2733 946 2755 lati-

104 2774 159 2796 tudo
184 2775 298 2802 angusta?
316 2773 358 2797 Ubi
376 2774 413 2796 lux
438 2774 528 2801 lucens,
546 2780 604 2802 aqua
630 2773 719 2801 sitiens,
745 2773 811 2801 panis
827 2772 946 2795 esuriens?

104 2812 144 2835 Dic
161 2811 238 2839 nobis,
257 2812 295 2834 ubi
313 2812 412 2840 potentia
430 2813 528 2841 regitur,
546 2812 655 2840 sapientia
674 2811 804 2838 instruitur,
821 2811 895 2833 virtus
911 2817 946 2833 su-

103 2854 226 2878 stentatur,
244 2850 347 2874 Verbum
365 2851 436 2874 Patris
453 2852 567 2874 lactatur?
585 2851 624 2873 Dic
635 2850 714 2878 nobis,
731 2850 771 2873 ubi
788 2853 894 2873 aeternus
907 2850 947 2872 Dei

103 2890 172 2912 Filius
189 2890 263 2912 intans
279 2890 413 2913 invenitur?
435 2890 478 2913 Ubi
500 2890 610 2919 splendor
627 2892 735 2918 paternae
758 2889 843 2917 gloriae
865 2889 947 2917 pannis

104 2928 220 2951 involutus
235 2929 355 2952 cernitur?
372 2929 415 2952 Ubi
432 2929 555 2952 audiemus
572 2929 593 2951 in
615 2928 736 2951 cunabulis
754 2928 884 2956 vagientem
907 2928 946 2957 qui

103 2970 138 2990 est
154 2968 291 2991 miserorum
308 2968 449 2991 consolatio?
467 2968 509 2990 Ubi
522 2968 653 2991 videbimus
670 2968 726 2990 inter
744 2967 835 2989 brachia
854 2967 948 2990 infantu-

104 3006 151 3029 lum
169 3006 306 3036 baiulatum,
323 3007 362 3036 qui
379 3010 413 3030 est
435 3008 576 3035 Angelorum
594 3010 616 3029 et
633 3007 764 3035 hominum,
787 3006 903 3029 caelorum
926 3010 947 3029 et

1079 818 1105 846 2.
1126 829 1139 842 «ι
1154 817 1176 846 O
1190 817 1361 852 dulcissime,
1382 826 1398 847 o
1422 819 1607 849 amantissime
1632 828 1702 857 puer
1722 824 1845 856 aeterne,

1000 863 1089 893 infans
1110 864 1238 901 antique,
1260 864 1370 901 quando
1391 867 1418 893 te
1433 865 1601 900 videbimus,
1623 867 1733 903 quando
1757 870 1784 896 te
1806 867 1846 896 in-

1001 911 1155 944 veniemus,
1177 911 1288 948 quando
1311 914 1375 940 ante
1402 911 1499 940 faciem
1522 915 1597 941 tuam
1626 913 1846 950 apparebimus?

1001 957 1101 986 Taedet
1122 958 1243 994 gaudere
1264 958 1322 986 sine
1350 961 1392 992 te,
1414 958 1530 987 delectat
1557 959 1678 995 gaudere
1700 963 1791 988 tecum
1820 964 1847 990 et

1001 1004 1069 1033 ssere
1090 1007 1191 1033 tecum.
1214 1004 1314 1038 Omne,
1343 1005 1416 1042 quod
1439 1005 1487 1034 tibi
1515 1009 1556 1034 est
1577 1006 1741 1040 adversum,
1769 1007 1847 1036 nobis

1001 1054 1042 1080 est
1063 1051 1223 1085 molestum;
1245 1055 1324 1080 tuum
1341 1051 1543 1088 beneplacitum
1559 1056 1600 1081 est
1614 1055 1741 1081 nostrum
1756 1053 1848 1081 indefi-

1002 1098 1077 1127 ciens
1090 1098 1266 1127 desiderium.
1282 1098 1304 1126 Ο
1319 1098 1340 1126 si
1357 1101 1413 1126 tam
1428 1098 1508 1127 dulce
1522 1101 1564 1127 est
1578 1098 1645 1127 flere
1659 1099 1693 1127 de
1707 1102 1749 1133 te,
1764 1107 1846 1136 qnam

1001 1145 1081 1174 dulce
1096 1148 1167 1174 esset
1188 1145 1309 1181 gaudere
1323 1145 1356 1173 de
1378 1145 1426 1174 te⁶
1439 1156 1465 1173 ».
1488 1161 1524 1166 —-
1546 1145 1597 1174 Ubi
1618 1153 1683 1182 ergo
1704 1153 1746 1180 es,
1765 1154 1848 1183 quem

1002 1192 1184 1229 quaerimus?
1206 1192 1255 1220 Ubi
1270 1200 1314 1226 es,
1330 1199 1414 1228 quem
1435 1192 1461 1220 in
1477 1192 1605 1221 omnibns
1626 1196 1653 1221 et
1675 1200 1740 1229 prae
1761 1193 1848 1221 omui—

1001 1239 1054 1267 bus
1074 1238 1289 1267 desideramus?
1316 1238 1369 1267 Ubi
1386 1247 1415 1267 es
1436 1239 1488 1277 qai
1506 1243 1596 1267 itata-3
1610 1247 1639 1267 es
1659 1248 1712 1268 reat·
1726 1240 1848 1268 Iudaeo-

1001 1293 1070 1313 rum
1086 1285 1107 1319 ⁷,
1130 1285 1176 1314 lex
1197 1285 1374 1319 devotorum,
1394 1285 1445 1313 lux
1466 1293 1625 1319 caecorum,
1647 1285 1705 1314 dux
1734 1286 1848 1315 misero-

1001 1340 1082 1366 rum,
1107 1332 1163 1360 vita
1178 1332 1369 1366 morientium,
1394 1332 1470 1360 salus
1483 1334 1595 1361 aeterna
1615 1332 1739 1361 omnium
1760 1336 1848 1361 aeter-

1001 1378 1100 1407 naliter
1122 1378 1296 1407 viventium?

1080 1425 1106 1454 3.
1123 1425 1254 1461 Sequitur
1276 1425 1418 1461 responsio
1436 1425 1616 1454 conveniens:
1639 1426 1674 1454 In
1690 1425 1847 1455 Bethlehem

1002 1471 1132 1504 Iudae&-
1154 1470 1312 1499 Bethlehem
1333 1471 1432 1500 domus
1453 1471 1542 1508 panis,
1565 1472 1643 1500 Iuda
1660 1472 1793 1501 confitens
1807 1473 1848 1501 in-

1002 1520 1182 1554 terpretatur.
1205 1518 1241 1546 lbi
1272 1518 1345 1546 enim
1367 1518 1495 1547 Christus
1525 1518 1679 1553 invenitur,
1711 1519 1758 1547 ubi
1787 1522 1848 1556 post

1002 1564 1199 1593 confessionem
1225 1564 1373 1593 criminum
1403 1565 1481 1601 panis
1502 1565 1626 1594 caelestis
1648 1565 1734 1600 vitae,
1756 1565 1783 1594 id
1807 1569 1847 1595 est

1002 1611 1127 1640 doctrina
1153 1611 1329 1648 evangelica,
1351 1611 1480 1645 auditur,
1508 1612 1666 1640 ruminatur
1697 1615 1724 1641 et
1750 1612 1846 1641 devota

1002 1661 1094 1687 mente
1115 1658 1268 1692 retinetur,
1296 1661 1328 1686 ut
1348 1666 1431 1695 opere
1453 1658 1600 1695 impleatur
1621 1662 1648 1688 et
1675 1659 1735 1688 aliis
1762 1659 1848 1688 adim-

1002 1705 1101 1742 plenda
1122 1708 1302 1742 proponatur.
1326 1705 1363 1734 lbi
1385 1713 1455 1742 puer
1476 1706 1551 1734 lesus
1571 1713 1634 1734 cum
1658 1706 1742 1734 Maria
1760 1710 1848 1735 matre

1002 1751 1143 1780 invenitur
1154 1751 1174 1785 ⁹,
1197 1751 1244 1780 ubi
1266 1755 1326 1788 post
1348 1751 1529 1788 lacrymosam
1550 1752 1762 1787 contritionem,
1788 1755 1848 1789 post

1003 1920 1160 1940 creaturarum
1178 1916 1282 1940 omnium
1300 1920 1449 1940 conservator
1466 1919 1487 1939 ct
1504 1916 1613 1939 solIdator
1631 1916 1692 1946 [Vnt.
1708 1923 1761 1939 cum
1780 1917 1795 1939 F
1812 1922 1849 1940 so-

1004 1955 1113 1986 lidatio]5l

1064 1995 1074 2009 '⁴'
1091 1996 1149 2018 Vide
1167 2002 1236 2024 supra
1254 2002 1308 2024 pag.
1322 1995 1365 2021 66,
1382 1998 1460 2017 notam
1473 1995 1493 2017 4.
1510 2007 1541 2011 —
1558 1995 1652 2017 inferius
1664 1997 1716 2023 post
1733 1994 1848 2018 desidera-

1002 2041 1056 2058 mus
1074 2036 1123 2057 Vat.
1141 2041 1195 2057 cnm
1212 2034 1328 2057 nonnullis
1344 2034 1413 2057 codd.
1430 2033 1495 2056 addit
1511 2035 1533 2056 et
1548 2033 1696 2064 affectamus.

1066 2073 1074 2086 ⁷
1092 2074 1168 2096 unuh.
1186 2074 1211 2100 2,
1229 2074 1251 2095 2.

1065 2111 1074 2124 Β
1093 2113 1168 2134 Matth.
1186 2113 1210 2139 2,
1228 2112 1248 2134 5.
1267 2124 1298 2128 —
1315 2111 1437 2139 Bernard.‚
1455 2111 1529 2133 Serm.
1548 2111 1568 2133 l.
1594 2111 1616 2133 in
1634 2111 1718 2138 Vigilia
1744 2111 1849 2133 Nativita-

1002 2152 1031 2174 tis
1047 2151 1151 2178 Domini,
1168 2157 1191 2173 n.
1203 2151 1228 2173 6:
1245 2150 1371 2173 Considera
1387 2150 1500 2179 denique,
1517 2149 1580 2179 quod
1597 2149 1620 2172 in
1634 2149 1765 2173 Bethlehem
1777 2149 1849 2172 Iudae

1002 2191 1109 2218 nascitur,
1126 2193 1148 2212 et
1165 2190 1273 2213 sollicitus
1284 2192 1344 2216 esto,
1362 2189 1481 2218 quomodo
1492 2189 1622 2211 Bethlehem
1635 2188 1703 2211 iudae
1716 2188 1848 2215 inveniaris,

1002 2233 1024 2252 et
1040 2230 1086 2252 iam
1104 2236 1132 2252 ne
1150 2229 1171 2251 in
1188 2232 1210 2252 te
1226 2229 1322 2258 quidem
1340 2229 1426 2256 suscipi
1443 2228 1591 2256 dedignatur.
1609 2228 1740 2250 Bethlehem
1762 2228 1849 2256 qnippe

1002 2268 1099 2291 domum
1114 2268 1199 2298 panis,
1227 2269 1281 2291 luda
1303 2272 1368 2291 sonat
1392 2267 1570 2297 consessionem.
1588 2267 1623 2289 Tu
1640 2273 1710 2295 ergo,
1733 2267 1751 2289 si
1776 2267 1848 2289 divini

1001 2307 1068 2330 verbi
1085 2307 1170 2335 pabulo
1187 2307 1277 2335 repleas
1293 2307 1394 2329 animam
1412 2309 1499 2329 tuam...
1516 2306 1534 2328 si
1557 2306 1659 2334 denique
1676 2312 1703 2328 ex
1720 2306 1766 2328 tide
1783 2306 1849 2328 vivas

1002 2350 1024 2369 et
1042 2352 1189 2375 nequaquam
1209 2352 1301 2374 gemere
1318 2348 1435 2374 oporteat,
1452 2346 1507 2374 quia
1519 2345 1604 2368 oblitus
1621 2345 1651 2367 sis
1668 2345 1791 2367 comedere
1809 2351 1848 2373 pa-

1004 2392 1056 2408 nem
1070 2388 1134 2408 tuum
1148 2385 1198 2414 [cl‘r.
1216 2386 1251 2407 Ps.
1264 2385 1304 2407 4101
1316 2402 1321 2412 ,
1339 2384 1382 2414 5.],
1395 2385 1527 2407 Bethlehem
1547 2386 1618 2407 sactus
1630 2390 1667 2411 es,
1684 2383 1769 2412 dignus
1781 2384 1848 2412 plane

1002 2425 1147 2453 susceptione
1165 2425 1292 2450 dominica,
1310 2424 1329 2446 si
1347 2427 1425 2446 tamen
1441 2424 1553 2446 consessio
1569 2430 1615 2446 non
1633 2423 1736 2446 defuerit.
1755 2423 1787 2445 Sit
1799 2429 1848 2451 pro·

1002 2464 1055 2486 inde
1082 2462 1170 2486 Iudaea
1195 2462 1350 2493 sanctificatio
1376 2466 1414 2485 tua
1440 2462 1485 2491 [Ps.
1502 2463 1560 2489 413,
1577 2462 1622 2491 2.];
1644 2462 1810 2484 consessionem
1828 2465 1849 2484 et

1001 2502 1109 2524 decorem
1127 2501 1223 2524 induere
1240 2501 1291 2530 [cfr.
1314 2502 1348 2523 Ps.
1368 2502 1424 2528 loa,
1447 2500 1487 2530 l.],
1505 2507 1575 2529 qnam
1602 2501 1700 2522 maxime
1722 2501 1803 2522 stolam
1827 2501 1848 2522 in

1001 2540 1110 2563 ministris
1125 2540 1174 2562 suis
1190 2539 1293 2563 Christus
1305 2542 1415 2568 acceptat.
1434 2540 1536 2568 Denique
1548 2538 1648 2561 breviter
1667 2538 1705 2561 tibi
1725 2542 1849 2568 utrumqne

1001 2579 1148 2601 commendat
1160 2579 1282 2606 Apostolus
1294 2577 1372 2607 [Rom.
1389 2578 1422 2605 to,
1435 2577 1495 2607 ·10.]·.
1509 2577 1596 2605 Corde,
1609 2577 1727 2606 inquiens,
1744 2577 1849 2601 creditur

1001 2617 1033 2640 acl
1044 2616 1171 2645 iustitiam,
1188 2622 1229 2639 ore
1240 2618 1320 2639 (itatem
1336 2616 1451 2646 confessio
1467 2616 1494 2647 fit
1510 2616 1542 2639 ad
1552 2616 1661 2639 sulutem.
1681 2616 1764 2638 lustitia
1781 2616 1850 2645 siqui-

1002 2655 1054 2677 dem
1073 2655 1094 2677 in
1111 2655 1194 2681 corde,
1207 2655 1272 2682 panis
1285 2654 1306 2677 in
1318 2654 1398 2677 domo.
1415 2655 1452 2676 Est
1468 2654 1529 2676 enim
1547 2654 1631 2677 institia
1649 2654 1720 2682 panis.
1739 2655 1764 2676 Et
1778 2653 1848 2682 beati,

1002 2694 1044 2724 qul
1059 2693 1167 2717 esuriunt
1184 2695 1204 2716 el
1220 2693 1305 2716 sitiunt
1321 2693 1448 2721 iustitiam,
1475 2692 1587 2722 quoniam
1612 2692 1658 2722 ipsi
1673 2692 1849 2716 salurabimlur

1002 2732 1090 2762 [Matth.
1107 2732 1132 2759 5,
1149 2732 1191 2761 6.].
1209 2732 1242 2754 Sit
1257 2738 1314 2760 ergo
1339 2732 1362 2754 in
1378 2732 1448 2754 corde
1465 2732 1562 2759 iustitia,
1585 2735 1608 2754 et
1624 2732 1721 2760 iustitia,
1743 2738 1802 2761 quae
1819 2738 1849 2755 ear

1001 2771 1047 2802 fide
1058 2772 1093 2794 est
1103 2770 1180 2800 [Rom.
1196 2771 1235 2798 lt),
1248 2770 1293 2800 ss.];
1311 2771 1367 2793 haec
1379 2771 1439 2793 enim
1452 2771 1499 2793 sola
1512 2769 1580 2793 habet
1592 2770 1688 2798 gloriam
1700 2771 1762 2798 apud
1775 2771 1848 2793 Deum

1003 2810 1053 2840 [cfr.
1071 2810 1136 2832 Rom.
1151 2809 1174 2837 4,
1193 2810 1215 2831 2.
1231 2809 1316 2839 seqq.].
1334 2809 1366 2832 Sit
1382 2809 1450 2832 etiam
1469 2809 1490 2831 in
1508 2815 1548 2831 ore
1564 2809 1676 2832 consessio
1694 2809 1722 2832 ad
1740 2810 1847 2836 salutem,

1002 2852 1025 2872 et
1041 2855 1136 2872 securus
1153 2849 1198 2871 iam
1215 2849 1307 2877 suscipe
1323 2855 1390 2876 eum,
1407 2848 1446 2877 qui
1464 2848 1486 2871 in
1498 2848 1630 2871 Bethlehem
1649 2848 1717 2871 tudae
1736 2849 1849 2876 nascitur,

1005 2888 1077 2911 lesum
1094 2888 1208 2910 Christum
1227 2888 1308 2910 Filium
1326 2888 1374 2910 Dei.

1065 2926 1074 2939 ⁹
1093 2927 1170 2950 Matth.
1187 2927 1213 2955 2,
1232 2927 1276 2949 iil:
1299 2927 1325 2949 Et
1348 2927 1456 2949 intrantes
1472 2926 1569 2949 domum
1591 2926 1728 2949 invenerunt
1751 2932 1849 2954 puerum

1004 2973 1058 2989 cum
1075 2966 1143 2989 Maria
1169 2969 1242 2988 matre
1263 2966 1319 2989 eius.
1337 2978 1368 2982 —
1385 2966 1479 2988 inferius
1496 2971 1523 2989 ex
1540 2967 1557 2988 Α
1568 2966 1610 2989 BC
1621 2966 1665 2988 DE
1689 2966 1850 2995 supplevimus

1004 3005 1213 3035 contemplationis.

1864 829 1956 848 Allocutio
1968 830 1992 848 :id

1870 858 1948 877 puerum
1960 853 1986 872 le-

1903 881 1950 895 sum.

1863 1155 1991 1178 interrogatio.

1865 1435 1975 1459 Responsio.
