2133 3317
3 303 88 324 istinctio.

22 395 88 416 Primo·

3 419 36 447 ⁰³⁴}
49 417 90 437 sub-

1 445 67 462 inuam-

0 1135 90 1179 ma

0 1182 83 1203 uenum.

0 1834 90 1854 luti-ictio.

577 213 772 241 OPUSCULUM
794 212 836 241 Xl.
859 212 1019 241 APOLOGIA
1041 212 1221 241 PAUPERUM.
1243 211 1310 240 CAP.
1333 211 1372 239 111.

105 293 178 331 quod
199 292 355 321 huiusmodi
388 290 555 327 comparatio
586 290 645 318 fieri
674 292 763 326 potest
786 290 829 318 vel
860 297 947 326 quan-

105 344 164 369 tum
188 339 222 367 ad
246 346 278 367 ea
302 345 373 375 quae
397 339 462 366 sunt
485 336 519 365 de
542 336 722 369 substantia,
744 336 787 364 vel
812 339 946 372 quantum

105 387 138 416 ad
159 393 190 415 ea
211 393 281 422 quae
302 388 367 413 sunt
387 384 420 413 de
441 383 632 420 conyruemia
653 385 785 411 statuum.
808 383 833 411 Si
860 390 947 419 quan-

106 436 165 462 tum
185 431 218 460 ad
250 439 281 460 ea
312 438 383 468 quae
413 432 478 459 sunt
508 429 542 458 de
573 429 754 462 substantia,
776 429 815 457 sic
842 436 871 457 se
898 429 947 456 ha-

106 479 169 508 bent
190 478 266 506 velut
286 476 448 506 excedentia
468 479 496 505 et
516 483 645 509 excessa,
668 483 718 512 pro
746 483 778 503 eo
806 475 947 508 videlicet,

104 525 177 562 quod
197 524 231 553 ad
252 523 446 560 perfectionem
468 526 557 551 status
571 521 717 558 Religionis
735 521 889 550 necessario
904 529 947 550 re-

104 570 225 608 quiritur
246 569 380 598 abdicatio
401 568 593 605 proprietatis,
614 567 648 596 ad
669 575 752 604 quam
782 570 872 595 tamen
897 566 947 594 mi-

104 617 176 646 nime
209 616 402 653 astringuntur
434 615 547 652 praelati
583 614 733 648 Ecclesiae,
768 613 840 642 sicut
874 616 948 650 patet

104 664 206 693 Causae
233 662 411 691 duodecimae
438 661 598 699 quaestione
626 660 754 697 prima1‚
776 668 812 688 ex
834 659 948 688 concilio

104 709 264 748 Agathensi:
292 721 305 734 «
321 708 443 746 Episcopi
465 708 499 737 de
521 707 604 736 rebus
625 707 746 744 propriis
766 707 810 735 vel
829 706 948 743 acquisi-

104 757 138 786 tis
158 756 200 785 vel
222 755 357 793 quidquid
378 755 411 784 de
432 754 545 791 proprio
566 754 668 782 habent
697 753 845 782 heredibus
874 752 946 786 suis,

104 804 125 833 si
140 802 291 837 voluerint,
306 801 536 838 derelinquant».
553 801 655 829 Verum
678 800 819 837 praelatus
838 807 873 828 ex
889 799 948 836 ipso

104 848 280 887 praelationis
310 848 400 876 officio
432 850 542 876 tenetur
573 855 628 875 non
659 846 748 875 solum
770 846 804 874 ad
825 854 856 874 ea
876 853 947 882 quae

105 899 170 926 sunt
191 895 288 924 salutis
309 894 454 932 propriae,
475 894 522 923 sed
543 893 624 922 etiam
646 893 733 930 plebis
754 892 803 921 sibi
820 892 947 921 commis-

104 951 157 972 sae.
180 943 246 971 Nam
268 942 292 970 ei
314 949 365 979 pro
385 941 508 978 quolibet
530 940 704 969 subditorun]
726 948 742 968 a
769 939 884 968 Domino
908 939 948 967 di-

104 990 214 1019 citur2:
239 988 360 1018 Custodi
379 988 479 1016 virum
500 987 608 1020 istum,·
629 987 681 1025 qui
700 986 728 1014 si
754 986 857 1023 lapsus
884 984 947 1022 fue-

104 1036 160 1070 rit,
181 1035 237 1064 erit
258 1035 361 1063 anima
382 1038 435 1062 tua
452 1042 510 1071 pro
531 1033 634 1062 am'ma
661 1033 750 1061 illius.
776 1033 807 1061 Et
834 1032 867 1061 ad
897 1032 948 1060 hoc

104 1082 256 1119 Religiosus
276 1089 313 1110 ex
334 1082 393 1118 ipso
415 1080 560 1117 Religionis
575 1083 638 1109 voto
652 1087 827 1117 nequaquam
848 1079 948 1108 astrin-

105 1129 188 1166 gitur.
211 1145 248 1148 —
269 1128 295 1156 Si
317 1131 409 1156 autem
431 1127 479 1155 fiat
509 1126 677 1163 comparatio
705 1130 840 1163 quantum
862 1125 895 1154 ad
917 1133 949 1154 ea

105 1183 175 1212 quae
197 1178 261 1204 sunt
291 1174 325 1203 de
353 1173 544 1211 conyrztentz‘a
571 1176 694 1202 statuum
723 1172 883 1209 simpliciter
909 1172 948 1200 di-

105 1221 239 1255 cendum,
261 1221 333 1258 quod
356 1223 444 1249 status
468 1219 663 1257 praelationis
683 1223 710 1248 et
737 1219 797 1248 eius
818 1218 949 1255 perfectio

104 1270 146 1297 est
165 1267 338 1301 eminentior,
360 1266 591 1304 quemadmodum
613 1266 735 1295 insinuat
757 1265 902 1302 Dionysius
921 1265 948 1293 in

105 1314 176 1343 libro
196 1314 230 1343 de
245 1313 433 1342 Ecclesiastica
448 1313 607 1342 Hierarchia
618 1312 638 1347 ⁵,
654 1312 761 1341 dicens:
782 1324 795 1337 α
811 1312 886 1340 Sicut
901 1311 948 1348 qui

104 1361 169 1390 dicit
194 1359 392 1389 hierarchiam
414 1360 573 1389 summatim
594 1359 659 1388 dicit
687 1359 882 1388 universorum
907 1366 949 1387 sa-

105 1415 216 1437 crorum
238 1410 382 1441 ornatum,
404 1407 442 1435 ita
462 1406 555 1435 dicens
570 1405 757 1434 hierarcham
772 1408 907 1434 monstrat
922 1405 949 1433 in

104 1454 160 1483 Deo
179 1457 332 1482 manentem
348 1456 375 1482 et
389 1453 512 1482 divinum
535 1453 644 1487 virum,
659 1452 686 1481 in
701 1460 757 1489 quo
771 1452 861 1481 omnis
876 1452 949 1480 bier—

104 1501 198 1530 archia
226 1500 370 1537 perficitur
388 1512 414 1527 ι».
443 1500 572 1528 Similiter
594 1502 621 1528 et
642 1499 823 1535 Hieronymus
844 1499 877 1527 ad
902 1499 948 1527 Fa-

103 1547 204 1576 biolam
214 1548 241 1575 4:
267 1558 281 1572 «ι
296 1547 382 1575 Tanta
402 1546 483 1575 debet
504 1554 564 1575 esse
579 1546 692 1575 scientia
706 1549 734 1575 et
748 1546 867 1575 eruditio
883 1554 950 1582 pon-

105 1594 185 1623 tificis
206 1594 270 1628 Dei,
292 1596 324 1622 ut
344 1601 456 1630 gressus
477 1593 537 1622 eius
558 1596 585 1622 et
605 1596 696 1622 motus
715 1596 742 1622 et
757 1593 888 1621 universa
902 1601 950 1621 vo-

105 1640 183 1670 calia
203 1640 272 1675 sint;
295 1640 438 1669 veritatem
459 1643 551 1669 mente
582 1640 717 1676 concipiat
744 1643 772 1668 et
803 1642 859 1668 toto
890 1647 948 1668 eam

105 1687 202 1716 habitu
223 1690 333 1716 resonet
354 1690 381 1716 et
401 1690 518 1721 ornatu,
533 1690 565 1716 ut
579 1686 713 1724 quidquid
728 1687 798 1724 agit,
814 1686 950 1724 quidquid

105 1733 229 1771 loquitur
249 1733 285 1763 sit
305 1734 431 1762 doctrina
452 1734 620 1771 populorum
635 1745 664 1761 ».

185 1780 230 1809 524.
252 1780 306 1809 Nec
327 1783 418 1809 tamen
439 1788 475 1809 ex
497 1780 540 1809 his
562 1783 651 1817 potest
679 1780 789 1814 inferri,
817 1779 891 1817 quod
916 1779 950 1808 ad

107 1826 244 1863 pontificis
264 1829 364 1855 statum
387 1827 558 1864 requiratur,
573 1826 647 1864 quod
662 1834 757 1855 omnes
771 1829 859 1855 status
874 1834 950 1863 prae-

106 1874 198 1908 cellat,
213 1873 241 1902 in
255 1874 399 1907 omnibus;
422 1873 544 1910 alioquin
564 1881 619 1902 non
633 1876 725 1910 posset
737 1873 798 1902 fieri
813 1873 949 1910 pontifex,

105 1921 156 1949 nisi
178 1924 250 1949 esset
270 1921 363 1957 virg03
384 1921 512 1957 congruit
533 1923 640 1954 tamen,
663 1920 736 1957 quod
757 1920 784 1948 in
807 1920 850 1949 liis
872 1927 950 1956 prae-

106 1967 185 1996 cellat
205 1975 277 2004 quae
291 1967 325 1996 ad
340 1967 467 2004 pascendi
483 1967 574 2004 gregis
588 1969 712 2004 spectant
726 1966 863 2001 officium,
879 1966 951 1995 sicut

106 2014 200 2043 scribit
221 2014 403 2050 Hieronymus
424 2013 457 2042 ad
478 2013 656 2042 Oceanum⁵:
682 2024 696 2038 α
711 2013 833 2042 Futurus
857 2015 950 2049 pastor

105 2060 240 2089 Ecclesiae
261 2060 322 2089 talis
342 2060 469 2097 eligatur,
491 2060 571 2089 cuius
591 2060 795 2096 comparatione
809 2059 950 2088 subiectus

105 2107 225 2144 populus
245 2107 344 2136 merito
363 2115 437 2144 grece
457 2106 604 2135 dicatur».
627 2106 659 2135 Et
678 2106 828 2143 Gregorius
853 2106 880 2134 in
904 2106 950 2134 Pa-

105 2154 199 2183 storali
210 2154 236 2182 ⁶:
262 2165 276 2179 «
291 2154 409 2182 Tantum
430 2153 511 2182 debet
528 2153 663 2182 actionem
678 2153 772 2189 populi
786 2152 856 2181 actio
871 2160 950 2189 prae-

105 2200 202 2230 cedere
223 2200 374 2237 praesulis,
395 2203 531 2237 quantum
553 2200 654 2229 distare
675 2199 744 2228 solet
764 2208 780 2228 a
798 2207 881 2236 grege
896 2199 951 2227 vita

105 2247 263 2285 pastoris».
286 2248 460 2284 Quapropter
490 2247 524 2275 ad
555 2247 732 2284 praelationis
762 2248 864 2275 statum
896 2254 950 2274 non

106 2293 234 2330 congruit
263 2293 394 2322 accedere
424 2293 476 2322 nisi
508 2293 677 2330 perfectum,
710 2295 741 2321 ut
769 2292 891 2321 ibidem⁷
913 2292 950 2320 ait

106 2340 269 2377 Gregorius:
296 2351 310 2365 ur
325 2339 482 2368 Virtutibus
502 2340 608 2377 pollens
630 2343 741 2368 coactus
765 2339 799 2367 ad
827 2339 949 2376 regimen

106 2387 212 2422 veniat,
233 2387 385 2416 virtutibus
406 2394 512 2415 vacuus
532 2394 582 2415 nec
603 2389 715 2415 coactus
735 2386 887 2415 accedat».

170 2566 177 2579 ²
195 2566 250 2590 Can.
271 2567 305 2589 19.
323 2567 456 2589 Secundum
473 2567 606 2589 Gratianum
620 2567 665 2595 (alii
677 2567 835 2590 contradicunt
847 2567 899 2596 ipsi)
913 2568 952 2590 ha—

107 2605 173 2628 betur
189 2611 209 2628 c.
228 2605 265 2628 48.
282 2606 369 2628 concilii
387 2606 524 2634 Agatbensis
540 2612 578 2628 au.
596 2606 649 2628 506.

169 2643 178 2657 ²
195 2643 257 2667 Libr.
274 2645 306 2667 lll.
324 2645 380 2673 Reg.
399 2645 441 2672 20,
460 2645 498 2667 39.

169 2682 178 2695 ⁸
195 2682 250 2711 Cap.
270 2683 290 2706 l.
307 2683 321 2712 S
337 2684 360 2706 3.
376 2695 407 2700 —
424 2683 536 2712 Superius
552 2685 604 2711 post
619 2683 765 2713 comparatio
777 2683 831 2706 edd.
843 2683 951 2712 supplent

106 2723 221 2745 statuum.

168 2759 178 2773 ⁴
195 2760 265 2789 Epist.
283 2760 320 2783 64.
339 2761 403 2788 (alias
420 2761 481 2790 ⁴28.)
499 2768 522 2784 n.
539 2761 577 2784 23.
594 2760 651 2784 Cum
669 2762 730 2783 textu
748 2760 852 2789 originali
866 2760 950 2783 substi-

107 2799 192 2822 tuimus
205 2799 226 2822 in
244 2799 289 2822 fine
305 2798 414 2823 doctrina
430 2799 574 2830 populorum
592 2806 634 2828 pro
651 2798 760 2822 doctrina
771 2799 950 2829 Apostolorum.

169 2837 178 2850 ¹⁵
195 2838 264 2866 Epist.
282 2838 320 2861 69.
337 2838 402 2867 (alias
419 2839 465 2867 83.)
483 2845 506 2861 n.
524 2840 550 2861 8:
567 2839 666 2861 Futurus
682 2840 760 2867 pastor
776 2839 889 2861 Ecclesiae
901 2840 950 2862 talis

107 2876 204 2905 eligitur,
221 2877 251 2899 ad
267 2877 333 2900 cuius
349 2877 546 2906 comparationem
562 2880 624 2900 recte
641 2883 696 2905 grex
713 2877 781 2900 ceteri
796 2878 950 2901 nominentur.

169 2914 179 2928 ⁶
196 2915 249 2938 Sive
265 2916 352 2943 Regula
369 2916 477 2944 pastoral.
493 2922 517 2944 p.
534 2916 558 2938 ll.
573 2922 593 2938 e.
606 2916 614 2938 l
626 2924 631 2938 τ
645 2916 745 2939 Tantum
757 2915 826 2939 debet
837 2916 950 2939 actionem

107 2954 187 2982 populi
204 2954 263 2977 actio
279 2954 442 2977 transcendere
457 2955 582 2983 praesulis,
599 2957 710 2984 quantum
727 2955 812 2978 distare
829 2956 885 2978 solet
907 2958 949 2978 etc.

107 2993 150 3016 Pro
166 2992 214 3017 vita
227 2993 334 3023 pastoris
351 2993 370 3016 A
381 2994 398 3016 B
414 2993 462 3017 vita
477 2993 613 3023 pastoralis.

1791 210 1842 238 251

1083 291 1128 318 325.
1151 290 1243 318 Status
1263 297 1330 317 vero
1345 288 1501 326 Reliyionis
1522 291 1679 325 peccatores
1700 290 1727 316 et
1747 287 1846 324 imper-

1004 336 1088 364 fectos
1109 336 1242 369 admittit,
1265 338 1296 364 ut
1317 336 1403 364 iustos
1425 335 1525 364 efficiat
1544 338 1572 364 et
1592 334 1626 363 ad
1654 334 1847 371 perfectionem

1004 382 1145 418 perducat.
1169 382 1200 409 Et
1221 382 1297 415 ideo,
1319 390 1487 418 quamquam
1509 381 1686 419 praelationis
1705 384 1794 410 status
1821 381 1847 410 in

1004 427 1171 464 perfectione
1199 428 1234 455 sit
1261 428 1351 461 altior,
1376 428 1522 464 Religionis
1553 431 1645 457 tamen
1677 428 1801 457 securior
1822 431 1849 457 et

1004 473 1108 501 morbis
1130 474 1231 502 nostris
1251 474 1381 502 curandis
1408 474 1608 511 expedientior,
1637 482 1688 511 pro
1716 482 1747 503 eo
1775 474 1848 511 quod

1004 528 1020 548 a
1042 520 1136 548 multis
1158 520 1289 556 periculis
1310 521 1398 551 eruit.
1427 521 1529 557 quibus
1557 525 1645 550 status
1673 521 1848 558 praelationis

1004 567 1135 603 exponit,
1158 567 1280 603 primum
1303 567 1413 603 quidem
1443 569 1547 597 ratione
1576 569 1686 597 annexi·
1712 567 1847 603 honoris,

1005 613 1085 641 iuxta
1105 612 1172 641 illud
1195 613 1336 649 augustini
1359 621 1443 650 super
1459 614 1615 643 Psalmosssz
1635 626 1648 639 «
1664 615 1771 651 Quanto
1786 616 1848 652 plus

1006 659 1186 692 honoramur,
1208 662 1284 687 tanto
1305 660 1367 695 plus
1383 660 1572 696 periclitamur
1584 673 1609 689 n.
1627 661 1785 690 Huiusmodi
1800 670 1849 690 au-

1005 708 1060 734 tem
1081 705 1196 742 periculi
1219 705 1389 734 occasionem
1412 706 1588 735 manifestans
1602 707 1751 744 Gregorius
1766 716 1849 745 super

1005 752 1072 780 illud
1094 751 1178 780 Iob⁹:
1202 752 1260 787 Qui
1286 752 1357 780 rlz‘ez't
1384 752 1448 789 regyz'
1475 757 1626 790 (apostata,
1655 755 1707 782 ait:
1734 766 1746 779 «
1763 755 1850 783 Unus-

1005 798 1123 835 quisque
1139 801 1242 832 rector,
1258 798 1366 835 quoties
1387 799 1531 827 extollitur
1553 800 1578 827 in
1595 808 1641 833 eo,
1657 801 1729 837 quod
1745 805 1851 830 ceteros

1006 845 1090 882 regit,
1113 845 1193 874 toties
1214 853 1263 882 per
1286 845 1393 882 lapsum
1415 846 1561 882 superbiae
1582 855 1597 874 a
1619 848 1718 875 summi
1735 848 1850 876 rectoris

1005 891 1095 919 officio
1116 893 1299 928 separatur».
1323 891 1394 920 Idem
1416 892 1496 920 etiam
1520 892 1545 920 in
1569 893 1691 929 Registro
1704 894 1741 921 1⁰:
1768 905 1781 918 α
1798 894 1851 931 Ego

1005 937 1078 966 viam
1099 938 1195 975 capitis
1224 938 1276 967 mei
1309 946 1443 975 sequens,
1472 946 1648 975 summopere
1675 939 1850 968 decreveram

1005 992 1064 1013 esse
1079 984 1270 1022 opprobrium
1282 984 1433 1013 hominum
1448 989 1472 1013 cc
1487 985 1607 1014 abiectio
1619 986 1718 1023 plebis,
1732 990 1761 1015 ut
1776 990 1851 1015 tanto

1006 1031 1133 1060 veracius
1154 1031 1228 1060 intus
1249 1031 1441 1065 ascenderem,
1463 1035 1567 1069 quanto
1587 1032 1652 1061 foris
1667 1033 1800 1062 humilius
1814 1034 1851 1061 ia-

1006 1085 1138 1107 cerem».
1160 1095 1199 1098 ——
1219 1078 1327 1107 Adiacet
1348 1078 1433 1115 igitur
1454 1079 1536 1107 statui
1553 1079 1728 1116 praelationis
1743 1080 1851 1116 pericu-

1006 1125 1063 1153 lum
1079 1125 1185 1153 ratione
1200 1125 1328 1159 lionoris,
1350 1133 1400 1154 nec
1421 1134 1474 1154 non
1490 1128 1517 1154 et
1532 1126 1637 1154 ratione
1655 1126 1752 1154 oneris
1766 1130 1792 1154 ec
1806 1135 1851 1154 oc—

1006 1172 1180 1209 eupatz'om's.
1193 1172 1268 1200 Unde
1280 1172 1351 1200 idem
1363 1172 1512 1209 Gregorius
1526 1173 1647 1201 secundo
1659 1173 1801 1201 Moralium
1815 1174 1849 1201 ¹1:

1011 1229 1024 1243 «
1039 1218 1149 1252 Omnis,
1172 1218 1218 1255 qui
1241 1218 1430 1255 dispensandis
1452 1219 1536 1247 rebus
1560 1219 1676 1248 terrenis
1698 1219 1850 1256 praesidet,

1005 1265 1105 1294 occulti
1128 1265 1214 1293 liostis
1236 1265 1332 1293 iaculis
1355 1265 1435 1294 latius
1458 1268 1538 1302 patet.
1561 1266 1626 1294 Nam
1643 1274 1705 1294 cum
1721 1266 1754 1294 ad
1769 1266 1852 1294 admi—

1006 1311 1148 1340 nistranda
1169 1312 1294 1340 exterius
1315 1320 1392 1341 meus
1413 1312 1561 1342 efficaciter
1582 1320 1611 1341 se
1639 1313 1789 1342 extendere
1811 1313 1851 1341 ni-

1007 1358 1084 1393 titur,
1100 1367 1115 1387 a
1130 1359 1171 1387 sui
1188 1359 1404 1387 consideratione
1418 1363 1601 1396 separatur».
1619 1376 1655 1379 —
1671 1360 1788 1396 Apparet
1802 1360 1851 1388 ita—

1006 1413 1077 1442 que,
1099 1405 1172 1442 quod
1195 1405 1372 1442 praelationis
1393 1408 1481 1434 status
1502 1406 1584 1435 simul
1606 1409 1647 1435 est
1671 1406 1799 1435 excelsus
1827 1410 1853 1435 et

1007 1452 1194 1489 periculosus,
1216 1455 1244 1481 et
1264 1452 1324 1481 ideo
1346 1452 1436 1489 ipsum
1457 1456 1587 1490 appetere
1608 1453 1691 1482 simul
1712 1456 1753 1482 est
1778 1462 1854 1490 prae-

1007 1502 1182 1527 sumtuosum
1204 1502 1231 1527 et
1252 1499 1377 1528 stultum.
1398 1499 1512 1536 Propter
1534 1499 1606 1537 quod
1629 1500 1666 1528 ait
1684 1500 1854 1537 Augustinus

1006 1545 1113 1574 decimo
1134 1554 1205 1574 nono
1219 1545 1253 1574 de
1267 1545 1381 1574 Civitate
1396 1546 1443 1574 Dei
1459 1546 1496 1574 ¹2:
1517 1558 1530 1571 «
1542 1546 1628 1575 Locus
1643 1546 1780 1583 superior,
1795 1547 1853 1575 sine

1007 1601 1063 1629 quo
1083 1593 1203 1629 populus
1224 1593 1281 1629 regi
1304 1601 1357 1621 non
1379 1596 1484 1630 potest,
1503 1596 1531 1622 et
1545 1593 1566 1622 si
1582 1593 1619 1621 ita
1633 1593 1851 1628 administretur,

1007 1641 1039 1667 ut
1058 1639 1152 1674 decet,
1174 1642 1265 1668 tamen
1286 1639 1444 1668 indecenter
1465 1640 1643 1677 appetitur».
1671 1640 1701 1668 Et
1730 1640 1789 1669 ideo
1816 1640 1853 1668 ait

1007 1686 1156 1723 Gregorius
1186 1686 1292 1715 decimo
1323 1690 1419 1715 octavo
1440 1687 1583 1715 Moralium
1597 1687 1635 1715 ¹³:
1662 1699 1675 1712 <1
1690 1687 1779 1716 Sancti
1801 1687 1852 1716 viri

1007 1741 1182 1770 nequaquam
1205 1741 1287 1762 curas
1308 1734 1479 1762 extrinsecas
1499 1737 1648 1771 appetunt,
1671 1734 1718 1763 sed
1745 1735 1853 1763 occulto

1007 1780 1103 1809 ordine
1124 1780 1175 1809 sibi
1196 1780 1423 1817 superimpositas
1444 1784 1567 1817 gemunt.
1590 1781 1621 1810 Et
1642 1781 1768 1818 quamvis
1794 1781 1853 1810 illas

1007 1834 1056 1863 per
1079 1826 1220 1855 meliorem
1242 1826 1420 1855 intentionem
1442 1827 1564 1864 fugiant,
1585 1830 1675 1857 tamen
1698 1836 1748 1865 per
1762 1828 1853 1857 subdi—

1008 1876 1062 1902 tam
1083 1876 1203 1902 mentem
1225 1876 1352 1910 portant,
1374 1882 1443 1910 quas
1471 1874 1582 1911 quidem
1610 1883 1801 1911 summopere,
1830 1875 1851 1903 si

1007 1919 1102 1953 liceat,
1124 1920 1211 1948 vitare
1232 1920 1376 1953 festinant;
1398 1920 1443 1949 sed
1467 1921 1594 1950 timentes
1609 1921 1730 1950 occultas
1743 1921 1852 1958 dispen-

1007 1966 1126 1995 sationes
1147 1966 1210 2000 Dei‚
1232 1969 1325 1995 tenent
1353 1967 1427 2004 quod
1458 1967 1584 2004 fugiunt,
1615 1971 1748 1996 exercent
1779 1967 1851 2004 quod

1007 2012 1134 2041 vitant».

1085 2060 1130 2088 026.
1154 2060 1195 2088 Ex
1216 2060 1259 2088 his
1280 2063 1374 2097 aperte
1395 2061 1543 2098 colligitur,
1558 2061 1632 2098 quod
1648 2061 1724 2090 locus
1737 2061 1852 2098 praela-

1007 2106 1094 2134 tionis
1114 2114 1165 2143 pro
1186 2106 1353 2136 sublimitate
1375 2107 1486 2144 quidem
1508 2108 1610 2144 gradus
1631 2110 1658 2137 et
1676 2108 1851 2137 multiformi-

1007 2156 1062 2182 tate
1083 2153 1198 2190 periculi
1219 2161 1235 2181 a
1256 2154 1323 2182 viris
1343 2154 1397 2183 iam
1412 2154 1543 2191 probatae
1559 2154 1670 2183 virtutis
1684 2158 1774 2191 potest
1788 2163 1850 2184 cum

1007 2199 1146 2228 coactione
1166 2202 1194 2228 et
1213 2199 1358 2229 formidine
1379 2201 1497 2237 suscipi,
1523 2209 1538 2229 a
1566 2201 1758 2238 peccatoribus
1785 2210 1852 2231 vero

1007 2249 1034 2275 et
1055 2247 1172 2275 infirmis
1193 2250 1249 2276 tota
1269 2247 1350 2276 debet
1367 2247 1517 2276 intentione
1532 2248 1629 2282 vitari,
1644 2256 1660 2276 a
1674 2249 1758 2277 nullis
1772 2257 1851 2285 pror-

1007 2301 1055 2322 sus
1075 2293 1166 2330 appeti
1194 2296 1221 2322 et
1251 2294 1285 2322 ab
1313 2294 1441 2323 omnibus
1469 2294 1608 2323 honorari.
1639 2296 1730 2324 Status
1758 2299 1849 2324 autem

1008 2339 1164 2377 Reliyionis
1175 2340 1209 2368 ab
1220 2340 1367 2374 universis,
1383 2343 1437 2369 tam
1454 2341 1533 2370 iustis
1549 2349 1632 2378 quam
1647 2342 1849 2378 peccatoribus,

1007 2389 1062 2414 tam
1078 2386 1206 2423 perfectis
1220 2395 1302 2424 quam
1320 2387 1500 2424 imperfectis,
1516 2391 1570 2416 tam
1587 2388 1757 2425 sapientibus
1767 2396 1850 2425 quam

1071 2566 1079 2579 ⁷
1097 2568 1162 2590 Parte
1180 2568 1194 2590 l.
1212 2574 1232 2590 c.
1250 2569 1272 2590 9.

1070 2605 1079 2618 Β
1096 2607 1198 2629 Enarrat.
1214 2607 1236 2629 in
1254 2607 1288 2629 Ps.
1309 2607 1359 2629 106.
1378 2614 1400 2630 n.
1417 2607 1439 2629 7.

1069 2644 1079 2657 ⁹
1095 2645 1156 2668 Libr.
1174 2646 1256 2669 XXlV.
1275 2647 1351 2668 Moral.
1367 2652 1386 2669 c.
1405 2646 1441 2669 25.
1459 2653 1481 2668 n.
1499 2647 1537 2669 52.
1555 2646 1577 2668 in
1594 2646 1633 2669 lob
1651 2646 1693 2674 33,
1712 2647 1748 2668 v18.
1765 2658 1796 2663 —
1813 2647 1853 2669 Su-

1006 2684 1085 2712 perius
1101 2690 1144 2712 pro
1158 2684 1262 2714 periculi
1277 2684 1424 2708 occasionem
1441 2685 1494 2707 cdd.
1509 2684 1653 2714 perz'culmn.

1069 2722 1089 2735 ¹⁰
1106 2722 1166 2746 Libr.
1184 2723 1222 2745 lX.
1240 2724 1309 2751 Epist.
1326 2724 1392 2752 epist.
1419 2724 1466 2746 l2l.
1490 2723 1520 2746 ad
1545 2723 1676 2746 Leandrum
1692 2723 1851 2752 Hispaleuseui

1006 2762 1077 2790 episc.
1094 2762 1210 2790 Allegatur
1228 2762 1261 2784 Ps.
1279 2763 1320 2790 21,
1337 2762 1358 2784 7.
1378 2762 1463 2784 Textus
1480 2762 1596 2790 originalis
1617 2765 1668 2790 post
1688 2761 1763 2792 plebis
1786 2763 1850 2790 plura

1006 2800 1070 2823 addit
1087 2803 1109 2823 et
1125 2807 1167 2828 pro
1184 2800 1293 2824 veracius
1310 2800 1362 2829 <BC
1373 2801 1417 2823 DG
1434 2800 1559 2830 veraciter)
1577 2800 1694 2824 substituit
1710 2801 1798 2824 verius.

1070 2838 1088 2851 ¹¹
1105 2839 1160 2868 Cap.
1179 2839 1215 2862 48.
1233 2846 1256 2862 n.
1271 2839 1309 2862 75.
1327 2840 1380 2862 Post
1392 2841 1458 2869 patet
1475 2842 1547 2862 textus
1563 2840 1679 2868 originalis
1697 2840 1765 2863 multa
1781 2839 1853 2862 addit.

1069 2876 1089 2890 ¹²
1106 2877 1162 2906 Cap.
1180 2878 1217 2900 ⁴9.
1234 2878 1292 2901 Voci
1303 2877 1483 2901 administretur
1496 2880 1568 2901 textus
1580 2878 1696 2906 originalis
1707 2879 1814 2907 praefigit
1825 2880 1853 2901 te-

1006 2918 1092 2940 ncatur
1109 2918 1186 2946 atque.

1069 2954 1088 2968 ¹³
1105 2955 1161 2984 Cap.
1180 2955 1216 2978 43.
1233 2962 1255 2978 n.
1272 2956 1310 2978 70.

1866 293 1947 312 Duorum
1959 295 1995 312 sta-

1862 319 1879 335 tu
1883 322 1912 343 um
1922 322 1996 340 compa-

1862 342 1915 358 ratio.

1872 573 1977 592 Periculum

1865 597 1937 615 ratione
1952 596 1984 615 ho·

1883 620 1933 638 noris
1946 620 1965 638 in

1878 643 1972 667 praelatis.

1865 1131 1918 1158 item„
1925 1132 1996 1150 ratione

1867 1160 1929 1181 oneris
1939 1157 1961 1181 et·
1967 1160 1997 1174 oc-

1867 1181 1978 1202 cupationis.

1869 1364 1996 1383 Curollarium.

1871 1505 1991 1528 Augustinus.

1870 1692 1975 1715 Gregorius.

1868 2065 1962 2089 Epilogus.
