2133 3317
768 218 1010 247 PROLEGOMENA
1031 219 1058 247 C.
1081 219 1121 247 111.

135 304 201 326 Ν11111.
220 302 248 324 V.
265 301 359 324 Corona
376 300 401 323 B.
419 299 510 323 Mariae
533 298 642 328 Vin-ainis.

135 350 183 372 Hoc
199 354 298 376 parvum
313 347 420 370 Officium
436 346 516 374 incipit
533 345 622 368 verbis:
642 353 653 364 ιι
666 344 723 367 Cum
741 343 880 366 iucunditate
891 351 914 369 »,

74 398 102 421 de
126 402 172 425 (1110
197 396 262 423 plura
284 395 385 417 diximus
407 399 461 422 pag.
479 393 536 420 677,
553 395 606 415 nota
624 393 646 414 6.
663 391 791 420 separatim
814 392 914 418 hymnus

74 443 141 467 huius
151 442 237 465 Officii:
257 450 268 461 α
280 441 371 469 Gaude,
390 440 472 468 Virgo,
484 440 554 462 Mater
571 439 654 462 Christi
666 447 688 466 12,
706 438 833 465 invenitur,
846 440 870 459 ut
882 437 914 459 ibi

73 491 158 514 dictum
176 491 220 517 est,
238 488 391 516 multipliciter
408 489 509 509 mutatus
523 489 544 509 et
561 488 642 508 auctus
658 485 720 513 apud
738 485 803 506 lilone
821 484 914 511 (Hymni

73 534 156 563 Latini,
169 537 223 556 tom.
236 534 260 556 ll.
272 540 326 561 pag.
340 533 382 555 162
397 533 472 561 seqq.)
490 535 512 554 et
529 532 590 560 apud
609 531 740 553 Sbaraleam
754 529 915 558 (Supplcmen-

74 586 122 605 tum
139 581 168 603 ad
185 580 313 608 Scriptores
329 583 372 602 etc.
388 585 441 607 pag.
469 579 528 606 149).
553 578 696 606 opusculum
719 578 762 599 hoc
785 576 916 598 attribuitur

75 635 87 652 3
104 627 208 650 Sbaralea
235 629 257 649 et
274 626 357 649 Bonelli
375 626 396 648 S.
415 626 602 653 Bonaventurae‚
623 624 687 653 quod
712 624 780 646 etiam
806 623 853 646 duo
877 629 917 645 co-

74 675 136 698 dices
152 673 218 697 nobis
235 673 281 696 noti
298 673 442 696 confirmant..

350 741 485 772 Elenchus
505 740 636 771 codicum.

139 814 156 836 1.
174 812 321 842 Sutishurqi,
340 812 476 834 bibliotheca
499 811 628 834 Monasterii
645 811 716 833 sancti
735 810 805 837 Petri,
822 809 874 832 cod.
893 809 916 831 b.

74 862 90 884 l.
107 861 143 883 20.
159 861 231 883 chart.
248 860 272 882 in
290 860 312 882 8.
328 865 387 881 saec.
406 859 456 881 XV.
474 859 584 881 exeuntis.
603 871 631 874 -
649 858 696 880 Hoc
714 863 773 885 opus
791 857 868 884 incipit
880 857 917 879 sol.

75 908 112 930 53.
127 914 146 930 r.
163 913 216 930 cum
234 907 382 929 indicatione:
398 906 512 935 Sequitur
529 911 619 929 corona
639 904 666 928 de
683 904 749 927 beata
762 903 853 933 vti-yi'ne
865 903 917 926 Ma-

74 954 112 978 ria
128 953 238 977 ordinata
256 959 270 976 a
287 954 369 976 sancto
387 953 562 976 Bonacenttirrt.
580 951 639 975 Cum
651 950 796 974 iucunditate
812 949 915 973 nominis

74 1000 149 1025 Mai-ie
166 1000 306 1023 memoriam
323 1003 365 1022 etc.
384 999 469 1022 Desinit
487 1000 522 1022 tol.
540 998 577 1021 55.
594 1005 614 1021 r.
633 998 723 1021 addito:
741 997 806 1020 Finit
827 1003 917 1020 corona

76 1046 138 1071 beate
155 1045 254 1076 virymis
271 1046 355 1069 Mai-ie.

136 1094 158 1116 2.
180 1092 340 1120 vindobonae,
358 1092 495 1114 bibliotheca
518 1091 630 1119 Palatina,
648 1091 699 1114 cod.
719 1091 788 1113 3655.
805 1092 875 1113 chart.
894 1091 917 1112 in

76 1141 96 1163 8.
113 1146 172 1163 saec.
189 1140 240 1162 XV.
257 1139 367 1162 exeuntis.
384 1152 415 1155 —
432 1139 511 1166 incipit
530 1139 565 1161 rol.
585 1138 621 1160 46.
639 1144 658 1160 r.
680 1137 724 1160 sub
748 1137 854 1160 rubrica:
879 1137 918 1160 Co-

75 1193 136 1211 rona
151 1186 179 1210 de
195 1186 261 1209 beata
278 1185 357 1209 Maria
375 1185 466 1215 oirqine
482 1185 593 1208 ordinata
611 1191 626 1207 a
639 1186 723 1208 sancto
740 1185 915 1207 Bonorentura.

75 1235 161 1257 Desinit
176 1235 213 1257 rol.
231 1233 268 1256 47.
286 1240 321 1256 v.:

75 1275 146 1305 Patre
162 1285 205 1304 etc.

339 1239 367 1256 ne
384 1234 405 1255 te
421 1232 480 1255 nihil
496 1238 587 1262 necans
612 1232 717 1255 honoret.
737 1231 783 1259 Qui
798 1238 852 1255 cam
870 1232 917 1254 Deo

136 1373 150 1402 S
167 1374 187 1396 8.
205 1374 368 1402 Opportunum
385 1373 477 1396 videtur
494 1375 546 1401 post
564 1374 619 1395 haec
631 1373 741 1400 opuscula
754 1372 882 1399 rhythmica
895 1372 917 1393 in

75 1421 208 1450 Appendice
219 1421 292 1449 posita
305 1421 334 1443 de
345 1421 395 1442 aliis
406 1420 549 1448 Rhythmicis
560 1420 627 1442 editis
639 1422 661 1442 et
673 1420 847 1442 Bonaventurae
860 1419 920 1441 attri-

76 1468 136 1492 butis
153 1474 226 1496 pauca
244 1468 332 1496 dicere,
349 1473 409 1496 quae
426 1467 484 1489 inter
495 1466 579 1496 spuria
592 1467 714 1489 reiicienda
726 1473 776 1489 esse
787 1472 916 1489 censemus.

136 1516 204 1538 Num.
221 1516 236 1538 1.
255 1514 362 1545 Officium
374 1514 402 1537 (Ie
413 1513 579 1543 compassione
592 1514 616 1536 B.
630 1513 722 1537 Mariae
738 1513 842 1542 Viryinis
855 1513 916 1541 (Vat.

76 1566 129 1586 tom.
147 1562 184 1585 Vl.
201 1568 256 1590 pag.
274 1561 337 1590 485).

137 1609 185 1631 Hoc
201 1607 339 1636 opusculum
357 1607 449 1635 incipit:
470 1615 480 1627 <x
492 1606 550 1629 Cum
569 1607 637 1628 Maria
662 1606 790 1634 Virgine».
814 1606 919 1628 Oudinus

76 1655 129 1683 (100.
145 1661 215 1683 saepe
232 1655 268 1676 cit.
287 1657 341 1677 tom.
359 1654 390 1676 111.
408 1654 451 1675 col.
464 1653 530 1681 407),
542 1659 612 1682 quem
625 1655 753 1681 sequuntur
765 1653 864 1675 editores
877 1652 920 1674 Ve-

75 1702 119 1724 neti
132 1701 256 1731 (Diatribae
269 1707 322 1729 pag.
336 1701 402 1729 130),
414 1703 500 1728 censet,
514 1701 556 1722 hoc
569 1700 674 1722 Officium
689 1705 739 1722 esse
760 1708 770 1719 α
783 1706 877 1727 prorsus
890 1699 920 1721 in-

75 1748 171 1776 dignum
180 1765 186 1775 ,
203 1747 266 1777 quod
279 1747 328 1769 viro
341 1747 407 1774 gravi
419 1749 441 1769 et
452 1746 560 1774 prudenti
573 1745 715 1768 tribuatur».
733 1745 839 1767 Sbaralea
853 1746 919 1773 (Sup-

75 1797 216 1826 plementum
234 1798 278 1818 etc.
295 1801 349 1823 pag.
370 1794 421 1822 158)
440 1795 483 1816 1100
499 1794 619 1816 confirmat
637 1793 728 1821 dicens,
745 1793 801 1815 illud
813 1799 863 1815 esse
876 1793 920 1815 ine-

74 1846 138 1871 ptam
154 1842 306 1864 imitationem
324 1840 397 1863 Officii
415 1840 607 1862 Bonaventuriani
625 1840 654 1862 de
671 1839 778 1861 Passione
794 1839 885 1861 Domini
897 1841 919 1861 et

75 1888 194 1912 abundare
211 1887 335 1916 phrasibus
351 1887 465 1915 prudente
482 1890 503 1909 et
520 1886 588 1909 docto
600 1886 650 1908 viro
668 1892 763 1914 prorsus
784 1894 794 1905 a
806 1885 918 1913 indignis:

75 1933 209 1964 emplastris
218 1933 375 1964 poenitentiae
382 1952 387 1961 ‚
397 1932 497 1956 Iudaeos
506 1932 530 1955 in
541 1932 631 1962 surore,
642 1931 757 1955 moeroris
767 1931 867 1954 azoticus
876 1934 918 1953 ete.

76 1981 182 2004 consertis
193 1990 216 2003 11.
233 1981 294 2003 100111
313 1981 375 2008 (pag.
387 1980 418 2003 50
432 1980 474 2002 col.
494 1980 525 2005 11.)
545 1982 620 2007 putat,
637 1979 693 2001 illud
710 1985 760 2001 esse
785 1987 795 1999 11
807 1978 919 2006 composi·

75 2032 124 2051 tum
136 2028 196 2051 circa
208 2034 292 2050 annum
310 2027 374 2055 1422,
386 2033 432 2056 quo
446 2027 616 2053 Theodericus,
625 2026 760 2054 archiepisc.
771 2025 919 2053 emoniensis,

75 2076 98 2098 in
110 2075 199 2103 synodo
216 2077 294 2097 contra
312 2074 431 2096 Wiclifitas
447 2076 525 2096 coacta
542 2074 599 2095 inter
616 2073 658 2095 3113
671 2073 784 2099 decrevit,
800 2076 823 2095 ut
836 2074 917 2095 festum

76 2121 250 2151 compassionis
262 2121 288 2144 B.
303 2120 406 2150 Vir-pinis
418 2120 549 2143 solemniter
561 2120 671 2148 deinceps
682 2119 810 2142 celebretur
822 2119 919 2147 singulis

75 2169 140 2192 annis
152 2169 207 2191 seria
219 2168 255 2191 Vl.
268 2170 320 2196 post
331 2167 473 2190 Dominicam
486 2168 519 2190 lll.
532 2167 659 2194 Paschatis,
671 2170 696 2189 ut
707 2167 774 2189 etiam
788 2166 920 2189 observavit

77 2215 215 2244 Spondanus
232 2215 253 2237 in
270 2215 440 2238 continuatione
456 2214 577 2236 Annalium
595 2214 624 2236 ad
642 2214 741 2236 eundem
759 2220 796 2236 an.
815 2220 836 2236 n.
857 2214 885 2235 10
898 2223 919 2236 ι».

76 2263 120 2286 Sed
132 2263 265 2289 dicendum,
283 2262 328 2284 iam
346 2264 411 2284 antea
428 2263 472 2284 hoc
483 2261 589 2283 Officium
603 2262 671 2283 fuisse
683 2261 851 2289 compositum,
864 2267 917 2283 cum

76 2310 130 2333 illud
147 2312 252 2332 occurrat
269 2309 290 2331 in
309 2307 381 2331 tribus
397 2308 464 2331 codd.
484 2308 516 2335 (n.
532 2309 555 2330 2.
573 2307 594 2330 4.
612 2308 658 2336 12.)
684 2308 742 2330 infra
766 2308 854 2333 relatis,
878 2307 918 2335 qui

76 2356 207 2380 tribuuntur
223 2362 284 2379 saec.
302 2357 360 2378 XlV.
377 2357 456 2378 saltem
474 2355 572 2378 exeunti.
591 2368 620 2371 —
638 2355 721 2377 Bonelli
735 2355 863 2380 (Prodi-om.
875 2354 921 2377 col.

77 2402 121 2425 696
138 2403 212 2431 seqq.)
230 2402 308 2425 nititur
325 2402 420 2431 quidem
437 2401 536 2424 rationes
553 2401 636 2424 Oudini
654 2402 768 2427 refellere,
780 2404 856 2423 lamen
868 2401 918 2428 ipse

77 2449 204 2478 confitetur,
221 2451 265 2472 hoc
281 2449 387 2472 Officium
405 2449 501 2471 multum
519 2448 610 2471 dil'lerre
627 2448 656 2470 ab
674 2448 718 2471 3110
736 2448 815 2471 Officio
827 2448 856 2470 de
869 2448 919 2469 l‘as-

77 2495 140 2518 sione
150 2496 238 2518 Domini
250 2499 272 2518 et
283 2502 332 2518 esse
347 2504 358 2516 «
368 2495 479 2518 incertum
491 2498 513 2517 et
524 2494 621 2517 dubium
632 2504 653 2517 1».
664 2495 708 2517 Nos
719 2501 775 2517 vero
787 2494 919 2522 opinamur,

77 2542 132 2565 illud
148 2549 198 2565 esse
214 2549 310 2571 prorsus
326 2542 483 2570 illegitimum,
501 2542 559 2564 510111
571 2548 613 2564 nce
625 2542 669 2564 ullo
681 2542 775 2570 antiquo
787 2541 917 2563 testimonio

77 2584 126 2611 sive
143 2589 295 2612 indiculorum
313 2589 361 2612 sive
378 2589 484 2612 codicum
502 2591 536 2611 est
560 2588 692 2617 probatum.
718 2589 776 2611 lnter
792 2588 916 2611 duodecim

78 2635 145 2658 codd.
162 2636 219 2659 infra
236 2637 318 2659 relatos
335 2642 398 2659 unns
410 2642 445 2658 an.
463 2636 518 2658 1516
536 2638 641 2658 exaratus
659 2637 756 2663 praefert
774 2636 918 2657 1300310010-

78 2688 126 2704 ram
143 2686 273 2711 auctorem,
286 2682 332 2705 duo
344 2688 402 2705 saec.
415 2683 465 2704 XV.
479 2683 584 2704 loannem
597 2683 682 2710 Papam
695 2682 769 2709 ΧΧΙΙ,
781 2681 824 2704 alii
834 2687 918 2704 novem

79 2732 152 2752 tacent
168 2730 197 2752 (le
214 2733 314 2752 auctore.

352 2798 487 2829 Elenohus
507 2798 637 2829 codicum.

144 2871 162 2892 l.
178 2871 300 2899 ‘lucustae
319 2869 485 2897 Trevirorum,
503 2869 640 2892 bibliotheca
664 2868 767 2896 Publica,
791 2869 843 2891 Ἰ111.
865 2875 919 2896 pro-

80 2922 150 2944 gress.
168 2917 221 2939 659.
243 2918 314 2939 chart.
337 2923 396 2939 saec.
419 2917 469 2939 XV.
489 2916 604 2945 Δ4110119111.
622 2929 651 2932 -
670 2917 691 2938 2.
710 2915 869 2943 Darmstmlii,
888 2915 918 2937 bi-

79 2961 188 2986 bliotheca
208 2963 309 2990 0003115,
330 2963 394 2985 ligi.
412 2963 483 2985 chart.
495 2968 554 2985 saec.
567 2962 626 2985 XlV.
639 2962 746 2985 exeuntis.
759 2964 875 2991 Aeunnmn.
887 2975 917 2979 —

1748 216 1812 244 CVII

971 296 992 318 3.
1004 296 1131 325 Herbipoli,
1144 296 1282 319 bibliotheca
1294 296 1406 318 Minorum
1419 294 1618 322 Conventualium,
1629 295 1643 317 l.
1655 294 1705 316 144.
1717 294 1813 316 membr.

971 349 1030 365 saec.
1047 343 1098 365 XV.
1115 344 1231 373 Anonym..
1249 355 1279 359 —
1298 343 1318 365 4.
1336 341 1448 369 Londini,
1467 341 1604 364 bibliotheca
1617 341 1715 367 Musaei,
1726 341 1816 363 collect.

971 389 1116 418 Cottoniana‚
1134 389 1238 412 Faustina
1255 390 1281 411 Α.
1293 390 1330 411 Vl.
1347 390 1419 411 chart.
1431 394 1490 411 saec.
1503 388 1563 410 XlV.
1575 387 1684 410 exeuntis.
1697 389 1814 416 Anonym.

971 449 1002 453 —
1019 437 1039 458 5.
1057 436 1161 463 Matriti,
1179 436 1315 459 bibliotheca
1333 436 1469 462 Nationaiis,
1485 436 1510 457 B.
1528 434 1550 457 b.
1569 435 1621 457 158.
1637 433 1736 456 membr.
1752 440 1813 456 saec.

972 483 1023 505 XV.
1042 484 1158 512 Anonymi.
1175 495 1205 499 —
1223 484 1245 505 6.
1262 482 1345 506 Sancti
1361 482 1437 510 Galli,
1456 482 1593 505 bibliotheca
1607 481 1749 508 Monasterfi,
1762 480 1815 503 482.

972 531 1043 552 chart.
1061 535 1120 552 saec.
1138 530 1187 552 XV.
1206 531 1322 559 Anonym.
1339 542 1369 546 —
1381 530 1404 552 7.
1417 528 1516 556 Ibidem,
1530 528 1583 551 485.
1594 529 1665 551 chart.
1678 527 1741 551 Fecit
1749 533 1815 556 papa

972 576 1088 600 Iohannes
1105 576 1185 599 XXII.
1202 589 1232 593 —
1250 577 1271 598 8.
1288 575 1372 599 Sancti
1395 575 1468 598 Pauli
1491 575 1513 598 in
1539 574 1665 603 Carinthia,
1691 574 1750 597 Bias.
1774 574 1813 596 76.

973 623 1072 645 membr.
1089 623 1142 644 anni
1161 623 1229 645 1516.
1246 624 1264 645 Α
1282 624 1364 646 sancto
1387 623 1555 645 Bonacentura
1580 621 1727 651 dispositam.
1745 633 1774 636 —
1792 621 1813 643 9.

973 669 1125 697 Solotharni,
1138 669 1273 691 bibliotheca
1286 669 1395 696 Civitatis,
1409 669 1480 695 (num.
1494 668 1568 697 vacat)
1581 667 1680 690 membr.
1692 673 1751 690 saec.
1764 667 1816 689 XV.

973 717 1090 745 Anonymi.
1107 728 1138 732 —
1153 716 1185 737 10.
1201 715 1296 745 Tiyari,
1309 715 1445 738 bibliotheca
1458 715 1600 742 CantonaIis,
1612 715 1703 737 CLVlll.
1717 713 1814 736 membr.

973 768 1032 785 saec.
1051 762 1101 785 XV.
1119 762 1254 792 Composuit
1266 762 1381 785 Iohannes
1390 769 1454 792 papa
1467 762 1547 785 XXII.
1559 774 1589 778 —
1603 762 1610 784 1
1621 762 1638 784 l.
1656 760 1815 788 Vindobonae,

973 809 1110 832 bibliotheca
1123 810 1230 836 Palatina,
1242 810 1309 832 3576.
1322 811 1392 832 chart.
1405 816 1464 832 saec.
1475 810 1525 832 XV.
1538 810 1654 839 Anonym.
1667 821 1697 825 —-
1714 809 1747 830 12.
1761 807 1816 830 Wis-

973 856 1077 884 mariae,
1091 856 1227 878 bibliotheca
1240 857 1342 883 Ducalis,
1355 856 1380 878 0,
1394 857 1431 878 62.
1444 856 1542 878 membr.
1553 862 1612 878 sace.
1626 856 1684 878 XlV.
1698 857 1817 884 Anonym.

1037 903 1102 925 Num.
1121 903 1145 925 11.
1164 902 1227 931 Opus
1245 902 1447 932 contemplationis
1465 903 1525 930 (Vat.
1544 906 1598 925 tom.
1621 903 1657 925 Vl.
1678 908 1732 930 pag.
1751 902 1814 930 440).

1038 951 1128 978 incipit:
1149 958 1160 970 «
1172 951 1233 972 lesus
1245 949 1363 972 ineffabilis
1375 959 1397 971 n.
1409 950 1463 972 111110
1476 949 1585 977 reprobat
1597 952 1686 977 praeter
1699 949 1816 971 Oudinum

974 1000 996 1020 et
1012 998 1112 1020 editores
1129 997 1229 1019 Venetos
1246 997 1313 1019 etiam
1340 996 1447 1018 Sbaralea
1466 996 1671 1026 (Supplementttni
1693 999 1734 1018 etc.
1762 1002 1818 1023 pag.

979 1045 1019 1067 158
1037 1044 1079 1066 col.
1097 1044 1142 1073 ll.),
1159 1044 1198 1072 qui
1216 1044 1245 1066 de
1262 1049 1289 1066 eo
1308 1043 1372 1065 dicit:
1394 1052 1405 1063 ι(
1417 1044 1537 1071 indignum
1556 1046 1590 1065 est
1607 1044 1628 1065 S.
1642 1043 1752 1069 Doctore,
1764 1049 1817 1065 cum

974 1092 1002 1114 sit
1019 1091 1113 1113 omnino
1131 1091 1181 1113 leve
1198 1094 1220 1113 et
1237 1091 1336 1118 puerile:
1355 1091 1431 1113 Iesum
1457 1089 1534 1113 laudis
1557 1089 1690 1117 incttriimz,
1709 1095 1769 1119 quae
1790 1089 1817 1119 sit

975 1138 1080 1161 humana
1100 1137 1163 1166 leae,-
1181 1138 1233 1160 Iesu.
1245 1137 1333 1159 miram
1345 1136 1501 1159 humilitatem
1514 1137 1537 1159 [11
1549 1137 1598 1159 etas
1610 1136 1757 1163 asinatione;
1770 1137 1818 1158 tw·-

976 1185 1017 1208 bae
1029 1184 1230 1214 obsequiositatem
1243 1184 1266 1207 in
1276 1183 1441 1213 processione,-
1454 1184 1500 1207 Are
1513 1184 1585 1210 lesus.
1595 1189 1660 1206 mors
1670 1182 1764 1206 leaenae
1775 1186 1817 1205 etc.

976 1233 1031 1261 Quis
1049 1235 1094 1255 tam
1113 1232 1213 1254 misellus
1230 1231 1311 1259 hodie,
1329 1231 1368 1259 qui
1386 1237 1431 1253 non
1451 1231 1543 1253 meliora
1567 1230 1696 1253 scriberet?
1719 1230 1817 1257 Deinde,

976 1286 1029 1303 cum
1048 1280 1084 1301 hic
1101 1282 1180 1301 auctor
1198 1279 1240 1301 ait:
1257 1277 1349 1302 Mariae
1374 1277 1507 1301 mirabilem
1532 1277 1704 1307 conceptionem
1729 1276 1816 1306 absque

976 1326 1153 1357 inquinatione7-
1170 1332 1223 1348 cum
1241 1326 1276 1348 his
1292 1331 1351 1354 quae
1374 1325 1532 1347 Bonaventura
1555 1325 1588 1347 lll.
1610 1324 1778 1346 Sententiarum
1797 1324 1820 1346 li-

976 1373 1018 1395 bro
1031 1373 1109 1399 tradit,
1121 1372 1247 1400 pugnantia
1266 1372 1342 1394 dicere
1359 1372 1432 1394 videri
1450 1374 1526 1399 posset
1537 1380 1558 1393 ».
1573 1384 1601 1387 —-
1614 1371 1698 1393 Bonelli
1716 1370 1818 1393 libellum

976 1419 1055 1442 timide
1072 1420 1196 1442 defendere
1213 1419 1289 1441 nititur
1307 1419 1435 1447 (Prodrom.
1453 1419 1496 1441 col.
1513 1419 1580 1446 662),
1592 1418 1727 1446 praesertim
1740 1420 1818 1440 contra

976 1469 1139 1494 argumentum
1157 1465 1277 1488 Sbaraleae
1295 1465 1409 1488 ultimum.
1429 1465 1487 1487 Cum
1512 1468 1589 1487 autem
1614 1465 1682 1487 etiam
1708 1464 1819 1486 exteriora

977 1513 1104 1535 testimonia
1123 1513 1167 1535 fine
1184 1513 1269 1534 saeculi
1286 1512 1337 1534 XV.
1354 1512 1467 1534 anteriora
1493 1512 1580 1540 desint,
1605 1517 1647 1534 nos
1672 1511 1728 1533 illud
1754 1510 1818 1540 Opas

976 1559 1179 1589 contemplationis
1197 1565 1292 1587 prorsus
1309 1565 1336 1581 ex
1347 1559 1438 1586 scriptis
1450 1559 1626 1581 Bonaventurae
1638 1558 1818 1586 expungendum

976 1613 1026 1629 esse
1043 1610 1158 1634 putamus.
1176 1607 1278 1635 Quatuor
1296 1606 1387 1628 codices
1405 1606 1459 1628 illud
1478 1605 1587 1628 habentes
1610 1605 1694 1627 inventi
1717 1608 1770 1627 sunt
1786 1610 1819 1627 se-

976 1654 1063 1683 quioris
1080 1654 1171 1680 aetatis,
1189 1659 1288 1682 quorum
1307 1656 1352 1675 tres
1364 1655 1481 1675 auctorem
1494 1652 1614 1675 nominant
1626 1653 1818 1674 Bonaventuram.

1255 1745 1390 1776 Elenchus
1411 1745 1540 1775 codicum.

1043 1841 1060 1862 l.
1079 1840 1199 1868 Coloniae,
1226 1839 1362 1862 bibliotheca
1388 1839 1503 1865 Civitatis,
1521 1840 1536 1862 l.
1555 1839 1576 1861 4.
1593 1840 1664 1862 chart.
1689 1845 1749 1862 saec.
1767 1839 1818 1861 XV.

976 1891 1093 1917 Anonym.
1110 1900 1140 1904 —-
1158 1889 1179 1909 2.
1191 1886 1323 1914 Manat-hii,
1342 1887 1476 1909 bibliotheca
1490 1887 1569 1915 Regia,
1582 1886 1651 1908 9084.
1670 1887 1742 1909 chart.
1759 1892 1818 1908 saec.

976 1935 1028 1957 XV.
1045 1934 1153 1957 exeuntis.
1172 1933 1278 1957 Doctoris
1295 1932 1414 1963 seraphici
1424 1935 1499 1956 sancti
1512 1933 1684 1956 Bonatientare.
1695 1945 1726 1949 —
1744 1933 1763 1955 3.
1778 1932 1818 1955 lbi-

976 1981 1040 2009 119111,
1062 1982 1142 2003 19132.
1161 1981 1253 2003 miscell.
1270 1987 1329 2003 saec.
1347 1980 1397 2002 XV.
1414 1980 1524 2003 exeuntis.
1544 1979 1628 2003 Sancti
1647 1980 1820 2003 Bonaeentm'e.

977 2041 1006 2044 -—
1027 2029 1046 2050 1.
1068 2027 1215 2057 Salisoaryi,
1234 2027 1371 2049 bibliotheca
1389 2027 1517 2049 monasterii
1534 2027 1605 2049 sancti
1623 2027 1692 2054 Petri,
1710 2026 1732 2048 b.
1751 2027 1764 2048 l.
1783 2026 1819 2048 20.

976 2076 1048 2097 chart.
1065 2076 1086 2097 in
1105 2075 1128 2096 8.
1144 2080 1203 2096 saec.
1222 2074 1273 2096 XV.
1289 2074 1399 2096 exeuntis
1417 2073 1524 2096 Doctoris
1543 2072 1662 2102 seraphici
1683 2072 1760 2096 sancti
1776 2072 1819 2094 Bo-

976 2122 1116 2144 narentur-e.

1039 2168 1105 2190 Num.
1124 2168 1155 2189 lll.
1174 2166 1287 2190 Carmina
1304 2166 1328 2189 in
1346 2166 1469 2190 Canticum
1487 2167 1554 2189 Salve
1572 2166 1658 2194 Regina
1676 2166 1737 2194 (Vat.
1760 2168 1816 2188 tom.

976 2215 1013 2237 Vl.
1031 2221 1085 2243 pag.
1104 2214 1167 2243 489).

1039 2262 1130 2290 incipit:
1152 2270 1162 2281 α
1175 2262 1254 2288 Salve,
1267 2261 1339 2288 Virgo
1351 2261 1467 2288 virginum
1477 2277 1481 2287 ‚
1493 2261 1555 2283 stella
1568 2260 1691 2287 matutina,
1703 2272 1734 2276 —
1746 2260 1821 2282 Sordi-

976 2309 1059 2331 (lorum
1077 2308 1198 2330 criminum
1216 2313 1270 2329 vera
1289 2307 1415 2335 medicina,
1432 2319 1463 2323 —
1480 2306 1818 2335 (1005013111Χ1100110010,οιιὶ

975 2358 1028 2377 sunt
1044 2355 1066 2377 in
1083 2355 1163 2381 ruina,
1179 2367 1210 2370 —
1226 2354 1244 2376 O
1262 2360 1316 2376 vere
1334 2354 1495 2381 peccaminum
1514 2359 1567 2375 vera
1585 2353 1708 2375 draconina
1721 2361 1731 2372 n
1743 2354 1748 2374 t
1760 2352 1816 2375 Cum

975 2402 1065 2425 Oudino
1084 2402 1136 2427 (loc.
1153 2401 1190 2423 cit.
1207 2401 1248 2423 col.
1267 2400 1321 2429 408)
1339 2404 1360 2422 et
1377 2400 1506 2423 editoribus
1523 2400 1617 2422 Venetis
1635 2401 1685 2426 (loc.
1703 2400 1741 2422 cit.
1764 2405 1817 2428 pag.

980 2449 1031 2477 135)
1049 2448 1117 2470 etiam
1135 2447 1240 2469 Sbaralea
1260 2448 1311 2470 (100.
1329 2447 1365 2469 011.
1392 2453 1444 2475 pag.
1472 2447 1525 2473 159)
1552 2448 1595 2469 1100
1620 2452 1713 2469 carmen
1738 2449 1817 2474 utpote

976 2501 1071 2523 prorsus
1096 2494 1198 2522 ineptum
1223 2493 1333 2521 reprobat
1358 2493 1392 2516 his
1409 2493 1499 2515 verbis:
1521 2501 1531 2513 α
1543 2494 1607 2515 Adeo
1624 2493 1708 2515 insulsa
1726 2496 1779 2516 sunt
1796 2496 1818 2516 et

976 2541 1096 2568 infantilia,
1115 2545 1151 2567 ut,
1168 2540 1254 2563 111-011111
1272 2540 1392 2568 seraphico
1415 2543 1554 2569 sanctaeque
1577 2540 1690 2562 Ecclesiae
1713 2540 1817 2567 Doctori,

976 2588 1061 2610 sedne
1079 2587 1188 2610 mediocri
1206 2587 1256 2609 viro
1279 2587 1346 2609 tribui
1370 2590 1531 2609 mereantur».
1558 2587 1600 2609 Pro
1625 2587 1729 2614 exemplo
1754 2587 1818 2609 all'ert

976 2634 1075 2662 primam
1091 2634 1209 2661 stropham
1232 2633 1333 2661 aliasque
1359 2634 1454 2660 phrases
1479 2635 1516 2654 ut:
1539 2632 1627 2662 Reyintt
1652 2632 1816 2661 reqnmzimm,

981 2681 1050 2710 Virgo
1065 2680 1183 2710 puellaris
1191 2688 1198 2707 ,·
1216 2680 1343 2703 Sam-atum
1359 2679 1478 2709 palatium
1497 2679 1538 2702 Dci
1548 2679 1701 2707 cont=oca1·is,·
1714 2678 1815 2701 Dalcetlo

976 2727 1119 2755 stult-ednas,
1137 2734 1149 2749 0
1167 2727 1267 2750 clemens
1284 2726 1422 2755 clementia,
1448 2727 1623 2749 Damnatoram
1650 2725 1729 2754 ceula,
1756 2725 1817 2748 stola

976 2773 1082 2798 caritatis
1090 2783 1098 2801 ,·
1117 2774 1136 2796 0
1152 2773 1203 2803 pia,
1223 2773 1344 2802 passima,
1364 2779 1376 2796 o
1394 2772 1482 2801 dulcis,
1496 2772 1633 2796 (lalcissima
1645 2776 1687 2795 etc.
1701 2781 1722 2794 n.
1734 2785 1765 2789 —-
1778 2773 1817 2794 Bo-

975 2822 1026 2844 nelli
1045 2821 1172 2844 ‹11r0u1-oin.
1189 2821 1232 2843 col.
1250 2821 1293 2842 603
1312 2822 1370 2849 seq.)
1389 2820 1465 2842 nititur
1484 2821 1526 2842 1100
1543 2826 1636 2842 carmen
1655 2820 1815 2848 (111100111-11110

976 2869 1113 2896 impressum
1132 2870 1165 2889 cst
1182 2867 1319 2894 Argentinae
1339 2866 1406 2896 ¹495)
1432 2867 1461 2889 ab
1484 2866 1532 2889 istis
1553 2867 1657 2889 censuris
1682 2866 1817 2893 desendet-c,

975 2916 1015 2938 sed
1034 2916 1128 2941 frustra,
1146 2917 1170 2936 ut
1187 2913 1253 2936 nobis
1270 2914 1367 2936 videtur.
1386 2914 1467 2942 Quoad
1489 2915 1597 2942 strophae
1623 2914 1711 2942 primae
1733 2920 1815 2936 xoccm

975 2961 1107 2984 (Irat'nniua
1125 2961 1185 2983 100111
1203 2961 1255 2989 (loc.
1272 2961 1308 2983 cit.
1326 2962 1368 2983 001.
1397 2961 1447 2989 176)
1473 2961 1593 2989 observat,
1617 2961 1676 2984 illam
1700 2968 1744 2984 non
1767 2968 1817 2983 0550
