2133 3317
0 844 78 866 undum.

0 1363 7 1377 ι
17 1356 34 1376 δ.
45 1357 72 1376 111-

0 1381 38 1400 latio
54 1380 78 1399 ad

0 1409 34 1423 mn
40 1409 82 1423 wn-

0 1427 72 1447 tionem.

0 1497 18 1516 id
23 1501 82 1519 nanos,

0 1520 70 1540 wlifliter.

13 1915 65 1936 nuo.

311 247 507 276 OPUSCULUM
529 246 593 274 XVI.
617 245 789 273 EXPOSlTIO
811 245 913 273 SUPER
935 244 1087 274 REGULAM
1109 245 1262 274 FRATRUM
1282 244 1443 273 MlNORUM.
1466 244 1533 272 CAP.
1556 244 1608 272 Vll.

95 325 216 364 plenarie
249 333 299 361 pro
320 333 363 358 re,
385 325 428 352 ius
448 324 565 360 emptori
587 323 754 359 acquisitum
787 325 828 351 est
851 323 876 350 in
907 331 936 350 re

95 375 193 409 empta.
217 371 319 399 [dcirco
339 370 441 399 dicitur
462 369 588 397 Matthaei
605 369 737 406 quinto¹÷
760 369 846 397 Beati
863 377 937 405 pau-

92 427 174 456 peres
194 417 321 454 spiritu,
342 416 482 455 quoniam
510 416 642 452 ipsorum
671 419 711 443 est
732 424 855 452 regnum
876 424 937 443 cae-

95 466 198 494 lorum.
221 465 290 493 Sunt
311 472 377 500 ergo
397 463 498 491 domini
521 463 661 491 caelorum
691 463 738 499 qui
767 466 867 491 cuncta
894 462 938 490 de-

94 512 194 541 derunt
225 513 340 547 propter
371 510 478 543 Deum,
510 510 636 546 quamvis
671 509 792 537 nondum
825 509 878 537 sint
910 509 936 537 in

94 559 153 587 eius
173 557 352 594 possessione.
382 557 459 585 Hunc
486 559 579 584 autem
608 556 720 584 modum
742 555 818 592 regni
846 556 938 592 acqui-

95 604 172 634 rendi
193 603 283 637 addit,
305 603 413 632 dicens:
437 603 587 640 Pauperes
607 602 694 631 rebus
715 601 799 639 fecit,
821 602 937 630 virtuti-

95 651 148 680 bus
167 650 344 679 sublimauit.
374 650 411 678 Ad
435 650 485 678 hoc
513 649 585 678 enim
614 649 760 677 ordinatur
788 652 937 685 paupertas

94 698 160 732 ista,
182 700 226 731 ut,
248 697 370 725 resoluto
392 704 440 733 per
455 704 514 724 eam
531 696 695 732 prohibente
707 695 727 729 ²,
750 695 861 729 virtutis
876 703 937 723 san-

95 745 173 774 ctitas
193 746 337 780 augeatur.
367 743 500 771 Studeant
521 750 587 779 ergo
615 742 657 770 isti
684 750 837 778 pauperes,
866 742 937 770 sicut

97 794 161 820 sunt
181 790 280 819 ceteris
300 790 433 818 arctiores
448 791 624 826 paupertate,
646 789 684 817 sie
706 789 761 817 sint
782 796 848 825 prae
869 792 939 817 cete-

97 838 134 867 ris
155 838 183 866 in
204 837 356 866 virtutibus
369 836 498 865 omnibus
518 836 655 864 celsiores.
673 836 798 864 —Haec
819 836 857 864 sit
869 844 937 873 por-

95 886 133 914 tio
159 888 271 917 vestra,
300 892 375 922 quae
392 883 529 920 perducit
556 883 588 911 'in
609 886 720 911 terram
741 882 899 910 viventium
915 882 936 916 ⁵,

94 940 126 961 eo
147 931 219 968 ipso,
241 939 296 967 quo
327 930 354 958 in
380 933 455 958 terra
485 929 663 957 morientium
688 928 757 956 nihil
788 931 935 965 quaerunt.

96 978 164 1012 Cui,
186 976 366 1006 dilectissimi
385 975 510 1013 fratres,
540 975 665 1004 totaliter
686 974 883 1009 inhaerentes,
905 977 937 1003 ut

94 1024 197 1059 omnia,
218 1031 290 1061 quae
311 1024 338 1051 in
361 1031 414 1052 usu
436 1023 563 1051 Fratrum
585 1026 665 1055 sunt,
687 1022 758 1050 hanc
780 1021 938 1058 praedicent

93 1073 297 1108 paupertatem;
312 1069 387 1098 niati
401 1069 484 1098 aliud
503 1077 560 1106 pro
573 1068 689 1097 nomine
712 1068 830 1096 Domini
843 1068 938 1096 nostri

94 1118 159 1147 Iesu
182 1116 292 1146 Christi
311 1117 342 1145 in
368 1119 542 1153 perpetuam
564 1115 617 1143 sul)
646 1115 723 1144 caelo
745 1114 849 1143 habere
871 1114 936 1143 ueli-

94 1165 139 1194 tis.
162 1164 221 1201 lpse
242 1163 313 1192 enim
344 1163 381 1191 ita
409 1170 514 1199 pauper
543 1162 661 1195 exstitit,
690 1161 763 1198 quod
792 1161 860 1190 nihil
890 1162 938 1189 ha-

93 1211 166 1245 buit,
188 1218 243 1247 quo
265 1213 356 1247 posset
377 1217 440 1238 eum
462 1209 588 1237 diabolus
609 1209 742 1245 spoliare,
768 1211 799 1236 ut
827 1216 911 1244 supra
926 1209 937 1224 ⁴

93 1260 176 1295 patet.

171 1305 218 1333 26,
240 1304 291 1333 Sed
312 1304 378 1341 quia
405 1303 443 1332 sic
468 1303 610 1331 Fratribus
630 1302 824 1339 (lepauperatis
844 1310 938 1331 neces-

94 1352 166 1382 saria
185 1354 227 1381 est
247 1351 369 1380 fraterna
391 1350 577 1383 consolati05,
599 1349 688 1378 addit:
709 1350 744 1378 Et
765 1349 938 1387 ubicumque

93 1402 163 1427 sunt
183 1402 250 1426 etse
264 1397 426 1426 invenerint
448 1397 584 1430 Fratres,
601 1396 752 1424 ostendant
766 1398 831 1430 ete.;
847 1398 937 1424 osten-

93 1446 176 1478 dens,
197 1445 316 1482 qualiter
337 1452 367 1472 se
387 1444 487 1472 debent
509 1443 611 1472 habere
626 1443 734 1471 Fratres
752 1443 785 1471 ad
800 1443 868 1471 alios
888 1451 937 1471 sa-

92 1500 145 1520 nos
152 1491 174 1525 ⁶,
189 1494 217 1519 et
231 1492 430 1527 consequenter
445 1489 478 1518 ad
493 1497 606 1526 aegros.
618 1505 655 1508 —
667 1489 745 1518 Circa
760 1489 880 1525 primum
898 1489 938 1517 in-

93 1538 194 1567 format
214 1545 261 1566 eos
288 1537 321 1565 ad
343 1544 437 1565 veram
468 1539 495 1565 et
526 1544 579 1564 non
605 1536 697 1564 fictam
726 1535 883 1569 caritatem,
911 1539 938 1564 et

93 1585 192 1614 hocin
214 1584 338 1613 duobus:
368 1583 458 1620 primo
483 1583 573 1620 quoad
598 1582 761 1611 familiarem
789 1585 816 1611 et
844 1582 938 1611 affabi-

94 1632 147 1661 lem
176 1631 367 1660 socialitatem
390 1631 418 1663 ⁷‚·
454 1629 590 1664 secundo,
621 1629 712 1666 quoad
743 1629 937 1658 necessitatum

93 1678 217 1707 omnium
239 1677 448 1706 relevationem.
464 1693 504 1697 —
518 1676 589 1704 Dicit
603 1684 685 1713 ergo:
708 1677 743 1704 Et
764 1675 938 1714 ubicumque

93 1728 178 1759 sunt,
199 1725 227 1753 in
248 1724 329 1753 domo
350 1724 407 1752 sive
428 1727 510 1752 extra
530 1723 660 1757 domum,
681 1726 705 1751 et
725 1731 755 1751 se
775 1723 938 1751 invenerint

93 1772 233 1805 Fratres,
254 1770 406 1799 ostendant
425 1778 455 1798 se
475 1769 644 1798 domesticos
664 1769 802 1803 invicem,
825 1777 878 1797 non
895 1777 937 1798 so-

92 1818 150 1847 lum
172 1817 297 1855 publice,
319 1817 366 1846 sed
386 1817 559 1845 familiariter
579 1819 606 1845 et
627 1819 747 1850 secrete;
769 1816 830 1845 ideo
847 1816 936 1845 addit:

38 1883 44 1892 .
74 1879 82 1884 ·
93 1865 168 1894 inter
181 1873 219 1893 se.
232 1880 269 1885 -
284 1864 336 1892 Pro
357 1863 477 1892 secundo
491 1863 581 1892 addit:
602 1864 635 1891 Et
653 1871 753 1891 secure
773 1861 938 1900 manifestet

93 1919 171 1939 unus
186 1910 272 1939 alteri
284 1910 480 1938 necessitatem
497 1918 593 1938 suam.
617 1909 735 1943 Secure,
757 1909 863 1946 inquit,
885 1909 937 1938 sie-

92 1960 125 1986 ut
151 1957 225 1986 filius
245 1957 326 1985 matri
355 1964 440 1991 suae;
462 1957 535 1985 unde
563 1956 652 1985 addit:
676 1956 768 1992 Quia,
789 1956 818 1985 si
843 1959 937 1984 mater

93 2005 188 2033 nutrit
207 2007 232 2033 et
246 2004 341 2042 clitiyit
361 2003 457 2041 filium
477 2012 564 2032 suum
580 2003 747 2037 carnalem,
769 2007 878 2041 quanto
893 2003 937 2031 ca-

94 2051 229 2089 liyentius
250 2051 327 2079 [lebet
341 2051 407 2089 qais
422 2050 551 2088 diligere,
573 2050 686 2084 affeetu,
708 2054 734 2079 et
747 2050 877 2084 nutrire,
899 2050 937 2078 ef-

94 2098 181 2133 fectu,
195 2097 323 2136 fratrem
344 2107 432 2126 suum
448 2097 655 2135 spiritualem?
676 2097 878 2134 Consequentia
892 2105 938 2134 pa-

95 2148 149 2180 tet,
170 2145 236 2182 quia
263 2153 340 2174 amor
368 2145 522 2182 gratuitus,
544 2144 648 2173 scilicet
675 2144 813 2178 caritatis,
838 2143 936 2172 fortior

157 2333 164 2346 ¹
184 2334 249 2356 Vers.
267 2334 288 2355 3.
305 2333 426 2361 Bernard.,
451 2334 525 2355 Serm.
543 2333 564 2355 4.
581 2333 604 2355 in
630 2333 748 2361 Adventu,
773 2340 795 2355 n.
813 2333 840 2355 5:
858 2334 938 2361 Magna

95 2373 209 2402 quaedam
222 2378 298 2400 penna
314 2375 348 2394 est
360 2372 511 2400 paupertatis,
523 2377 569 2400 qua
582 2375 627 2394 lam
639 2372 684 2394 cito
696 2373 786 2394 volatur
801 2372 822 2394 in
839 2378 938 2399 regnum

95 2412 219 2434 caelorum.
237 2412 292 2433 Nam
310 2411 333 2433 in
345 2411 394 2433 aliis
406 2410 541 2437 virtutibus,
553 2417 613 2439 quae
625 2413 753 2439 sequuntur
769 2411 853 2440 [Matth.
871 2411 898 2438 5,
917 2411 938 2434 4.

95 2449 183 2479 seqq.]‚
201 2450 323 2478 promissio
337 2450 413 2472 futuro
430 2453 535 2477 tempore
547 2449 672 2476 indicatur,
689 2449 817 2477 paupertati
830 2456 877 2471 non
892 2452 937 2471 tam

96 2489 248 2517 promittitur,
260 2494 330 2517 (piam
343 2488 417 2510 datur.
434 2488 499 2510 Unde
511 2490 533 2510 et
550 2488 663 2516 praesenti
678 2491 781 2516 tempore
793 2488 936 2510 enuntiatum

97 2530 141 2550 est:
159 2527 277 2555 Quoniam
295 2526 403 2556 ipsorum
420 2527 454 2549 est
471 2532 572 2555 reynum
590 2526 724 2554 caelorum,
742 2533 795 2549 cum
818 2527 840 2549 in
857 2526 939 2548 ceteris

97 2566 199 2589 dicatur:
223 2565 402 2593 Hereditatum,
426 2565 612 2589 consolabuntur
637 2568 660 2588 et
684 2565 773 2588 similia.
799 2565 844 2588 Csr.
870 2565 937 2592 Epist.

101 2606 150 2628 103.
167 2608 189 2628 et
206 2605 259 2628 207.
276 2618 306 2621 —-
324 2605 435 2633 Superius
453 2611 495 2633 pro
513 2604 574 2627 ius...
591 2606 669 2634 empta
687 2605 736 2626 Vat.
753 2611 806 2627 cum
825 2605 842 2626 D
856 2610 900 2633 pro
913 2610 939 2626 re

97 2644 202 2667 eruenda.

159 2682 168 2695 ²
187 2683 274 2706 Scilicet
298 2683 444 2711 possessione
466 2683 515 2704 sive
538 2683 677 2710 proprietate
702 2688 779 2704 rerum
802 2681 939 2711 (prohibens

99 2722 158 2744 idem
171 2725 205 2744 est
215 2728 242 2745 ae
255 2722 465 2750 impedimentum).
477 2735 507 2738 —
519 2721 621 2744 Subinde
635 2727 676 2749 pro
688 2720 782 2744 virtutis
795 2721 831 2743 ed.
848 2721 852 2742 1
871 2721 938 2744 ritae.

160 2759 169 2773 ³
186 2761 268 2784 Psalm.
290 2761 342 2789 141,
354 2761 383 2783 6:
401 2761 435 2783 Tu
454 2767 478 2783 es
495 2767 548 2788 spes
560 2767 622 2788 mea,
640 2760 715 2788 portio
732 2766 782 2782 mea
796 2760 817 2782 in
831 2763 889 2782 terra
909 2760 940 2782 vi-

98 2800 208 2822 ventium.
226 2813 256 2816 —
273 2800 367 2822 inferius
385 2806 426 2827 pro
443 2806 489 2829 quo
504 2800 540 2822 ed.
554 2800 561 2821 11
578 2799 652 2829 quod,
664 2802 686 2821 et
698 2805 740 2827 pro
757 2800 876 2828 quaerunt
893 2799 939 2821 AG

98 2841 120 2860 et
136 2838 173 2861 ed.
194 2839 201 2860 1
223 2838 324 2868 quaerit.

161 2876 170 2891 ⁴
185 2877 241 2905 Cap.
260 2877 279 2900 t.
297 2884 319 2899 n.
340 2878 373 2899 10.
391 2877 414 2899 111
433 2877 485 2899 fine.
502 2889 533 2893 —
551 2877 593 2899 Pro
609 2877 673 2905 putet
690 2877 708 2898 D
721 2875 809 2905 patuit.

160 2915 169 2928 ⁶
185 2915 242 2939 Cod.
258 2917 276 2937 G
293 2919 315 2938 et
332 2916 368 2938 ed.
387 2916 394 2937 1
417 2914 543 2939 Fratribus
561 2915 588 2938 tle
600 2914 748 2944 paupertatis
759 2914 895 2938 necessitate
906 2916 939 2938 est

98 2954 194 2984 serenda
210 2954 345 2977 consolatio.

161 2991 170 3005 ⁸
188 2994 227 3016 Ed.
247 2994 254 3015 1
275 2993 307 3016 ad
324 2999 404 3016 omnes
420 2999 506 3020 sanos,
526 2993 575 3014 Vat.
593 2992 625 3015 acl
640 2991 700 3015 alios
718 2993 739 3015 et
754 2991 832 3021 primo
853 2991 885 3014 ml
900 2998 939 3014 sa-

100 3038 150 3056 nos.
168 3032 270 3055 Subinde
288 3038 330 3060 pro
342 3037 427 3061 arares
444 3032 462 3053 G
479 3033 595 3061 acqrotos.

192 3079 218 3103 S.
230 3079 319 3102 Bonav.
331 3091 361 3095 —
373 3079 440 3101 Tom.
454 3079 508 3101 vui.

1781 245 1836 273 4⁹25

993 325 1035 351 est
1055 331 1148 351 amore
1170 323 1289 356 carnali,
1316 325 1374 351 tum
1402 323 1468 359 quia
1499 322 1599 351 caritas
1627 325 1740 359 superat
1765 330 1838 350 mor-

995 369 1029 397 tis
1048 369 1173 397 innatum
1189 370 1334 398 horrorem
1346 369 1367 403 ⁸,
1389 373 1448 398 tum
1470 370 1535 406 quia
1553 369 1653 398 caritas
1674 368 1836 397 fundamen-

994 418 1053 443 tum
1075 415 1158 443 habet
1179 416 1221 443 sui
1244 415 1346 444 bonum
1370 416 1522 449 infinitum,
1545 419 1658 452 propter
1679 415 1753 452 quod
1768 415 1837 443 nihil

994 461 1102 489 finitum
1125 462 1264 498 praevalet
1279 466 1375 490 contra
1396 470 1465 490 eam.
1481 480 1519 482 —
1534 463 1602 491 Haec
1624 465 1716 490 autem
1734 462 1838 490 exhor-

994 508 1060 536 tatio
1081 515 1117 536 ex
1139 508 1185 536 illa
1206 509 1302 545 regula
1324 509 1445 537 trahitur
1467 509 1638 545 evangelica,
1662 508 1767 537 loannis
1791 508 1838 537 de-

994 554 1065 582 cimo
1088 554 1207 582 tertios':
1231 555 1264 583 ln
1286 554 1337 583 ltoc
1358 560 1526 592 cognoscent
1548 563 1661 589 onmes,
1683 555 1754 593 quia
1782 554 1840 583 mei

994 601 1061 628 estis
1082 601 1236 638 discipuli,
1261 601 1288 629 si
1308 601 1484 630 dilectionem
1514 601 1675 630 habueritis
1703 602 1743 630 ad
1764 602 1839 630 invi-

994 655 1068 679 eenm
1084 647 1163 681 item,
1179 648 1266 676 Lucae
1283 648 1413 684 vigesimo
1428 649 1560 677 secundo:
1582 650 1616 677 Et
1631 653 1661 676 tu
1677 648 1838 686 aliquamlo

994 702 1164 727 conuersus,
1187 694 1331 730 confirma
1345 693 1456 730 fratres
1472 698 1543 723 tuos.
1560 711 1596 715 —
1612 695 1663 723 Sed
1679 703 1728 731 pro
1743 703 1838 731 aegro—

996 740 1029 768 tis
1050 740 1157 768 subdit:
1183 741 1263 769 Etsi
1282 741 1348 779 quis
1375 750 1475 770 eorum
1504 742 1534 770 in
1565 741 1765 778 infirmitatem
1796 750 1838 770 ce-

994 786 1113 820 ciderit,
1136 786 1190 815 alii
1204 788 1326 815 Fratres
1347 787 1444 816 dehent
1459 788 1485 816 ei
1505 788 1628 822 servire,
1650 788 1725 817 sicut
1742 788 1838 816 vellent

993 832 1050 861 sibi
1070 833 1185 861 serviri.
1208 834 1239 862 Et
1261 834 1312 862 1100
1333 834 1414 862 etiam
1430 834 1464 862 ad
1485 835 1599 863 eandem
1621 835 1762 863 caritatem
1779 842 1838 871 per-

995 880 1077 913 tinet;
1094 880 1167 908 unde
1184 880 1361 909 Ecclesiastici
1384 881 1499 918 septimo
1512 882 1546 909 ¹⁰:
1570 881 1634 910 Non
1649 885 1673 910 te
1685 882 1784 919 pigyeat
1797 881 1838 910 vi-

993 927 1085 955 sitare
1107 927 1261 963 inlirmos;
1282 936 1317 956 ex
1339 927 1384 956 lzz‘s
1404 928 1480 956 enim
1510 929 1540 956 in
1561 928 1708 957 dilectione
1734 928 1838 965 firma-

995 973 1087 1006 beris;
1109 974 1234 1002 Matthaei
1258 975 1388 1011 septimo:
1414 975 1535 1009 Omnia,
1557 984 1754 1013 quaecumque
1776 975 1838 1004 oul-

994 1020 1048 1054 tis,
1070 1025 1102 1048 ut
1122 1020 1238 1057 saciant
1261 1021 1338 1049 vobis
1360 1020 1504 1055 homines,
1526 1025 1550 1050 et
1573 1030 1621 1050 vos
1641 1021 1730 1059 facile
1752 1022 1817 1050 ictis.

1268 1118 1472 1151 (CAPITULUM
1491 1119 1562 1151 VH.)

1047 1204 1084 1229 DE
1104 1212 1268 1229 POENITENTIA
1287 1205 1430 1230 FRATRIBUS
1450 1212 1615 1230 PECCANTIBUS
1634 1212 1785 1230 IMPONENDA.

1065 1291 1089 1315 Si
1102 1291 1143 1322 qui
1158 1291 1287 1320 Fratrum,
1301 1291 1436 1322 instigante
1450 1291 1559 1322 inimico,
1573 1291 1713 1316 mortaliter
1727 1299 1838 1322 peccave-

994 1333 1059 1363 rint,
1080 1341 1124 1365 pro
1149 1334 1199 1358 illis
1228 1334 1347 1364 peccatis,
1367 1334 1395 1358 de
1415 1334 1504 1365 quibus
1530 1334 1672 1359 ordinatum
1700 1334 1776 1359 fuerit
1804 1336 1839 1360 in-

994 1375 1033 1400 ter
1052 1376 1168 1405 Fratres,
1188 1376 1217 1401 ut
1242 1377 1385 1401 recurratur
1404 1377 1436 1401 ad
1461 1377 1526 1402 solos
1554 1377 1683 1402 Ministros
1702 1377 1838 1408 provincia-

993 1419 1042 1448 les,
1062 1419 1195 1444 teneantur
1220 1420 1339 1450 praedicti
1364 1419 1466 1444 Fratres
1485 1419 1516 1444 ad
1535 1427 1576 1445 eos
1598 1427 1738 1450 recurrere,
1764 1428 1838 1451 quam

994 1462 1067 1487 citius
1081 1463 1210 1493 poterunt,
1225 1463 1276 1487 sine
1289 1469 1366 1487 mora.
1380 1462 1432 1493 Ipsi
1452 1470 1509 1487 vero
1529 1463 1652 1492 Ministri,
1666 1463 1686 1488 si
1700 1463 1839 1495 presbyteri

995 1506 1068 1535 sunt,
1096 1513 1151 1530 eum
1179 1505 1345 1530 misericordia
1369 1505 1504 1537 iniungant
1522 1505 1572 1530 illis
1601 1506 1788 1537 poeniteutiam.
1813 1507 1838 1531 Si

994 1555 1052 1573 vero
1065 1548 1203 1580 presbyteri
1217 1556 1266 1573 non
1285 1548 1358 1577 sunt,
1371 1549 1467 1580 iniungi
1486 1548 1580 1573 faciant
1596 1556 1640 1580 per
1659 1549 1732 1578 alios⁷
1759 1557 1839 1574 sacer-

994 1591 1064 1616 dotes
1083 1591 1194 1620 Ordinis,
1214 1591 1278 1616 sicut
1297 1592 1331 1616 eis
1350 1591 1482 1616 secuudum
1503 1591 1581 1616 Deum
1607 1592 1695 1616 melius
1714 1592 1838 1617 videbitur

994 1634 1121 1665 expedire;
1141 1634 1166 1658 et
1184 1642 1269 1659 cavere
1289 1634 1391 1663 debent,
1411 1642 1441 1658 ne
1460 1634 1602 1659 irascantur
1614 1634 1640 1659 et
1657 1635 1838 1660 conturbentur

995 1677 1098 1708 propter
1117 1677 1244 1708 peccatum
1262 1677 1380 1706 alicuius,
1403 1677 1461 1707 quia
1480 1677 1517 1701 ira
1537 1677 1562 1702 et
1586 1677 1743 1702 conturbatio
1762 1679 1787 1702 in
1813 1685 1838 1703 se

995 1720 1020 1744 et
1040 1720 1065 1744 in
1084 1720 1140 1744 aliis
1159 1719 1296 1751 impediunt
1311 1719 1449 1744 caritatem.

1322 1816 1503 1844 EXPOSlTlO.

1075 1911 1098 1938 1.
1121 1910 1155 1939 Si
1174 1910 1226 1948 qui
1246 1910 1400 1943 Fratrum,
1415 1910 1571 1947 instiyante
1585 1910 1712 1943 inimico,
1729 1913 1838 1939 morta-

994 1957 1059 1985 liter
1078 1957 1268 1993 peccauerint.
1291 1956 1422 1985 Stabilitis
1442 1956 1552 1985 duobus
1566 1956 1684 1985 civitatis
1705 1957 1838 1986 lateribus

993 2007 1020 2032 et
1041 2011 1091 2032 sex
1115 2003 1201 2040 portis
1215 2003 1241 2031 in
1264 2011 1313 2032 sex
1335 2003 1462 2040 capitulis
1476 2003 1619 2040 figuratis,
1640 2003 1684 2032 hic
1699 2004 1790 2041 agitur
1805 2004 1838 2033 de

994 2050 1076 2079 tertio
1098 2051 1182 2078 latere
1203 2049 1372 2078 occidentali
1384 2050 1415 2078 ¹¹.
1439 2050 1469 2078 Et
1496 2050 1563 2079 haec
1585 2058 1650 2087 pars
1670 2050 1753 2079 habet
1781 2054 1838 2080 tres

994 2100 1098 2134 partes,
1114 2097 1179 2134 quia
1201 2097 1227 2125 in
1243 2097 1332 2133 prima
1346 2097 1437 2133 agitur
1452 2097 1485 2125 de
1500 2096 1652 2134 lapsorum
1666 2097 1837 2126 relevatione

993 2152 1009 2172 a
1029 2151 1094 2172 casu
1116 2143 1288 2180 fugientium.
1312 2144 1339 2171 ln
1367 2143 1487 2172 secunda
1511 2144 1603 2180 agitur
1623 2143 1657 2172 de
1675 2144 1839 2181 principali

1059 2332 1068 2345 ⁷
1086 2334 1115 2355 lta
1133 2333 1189 2360 AG,
1208 2333 1249 2354 BF
1266 2335 1288 2354 et
1304 2332 1341 2354 ed.
1362 2332 1367 2353 t
1389 2331 1535 2359 societatem,
1555 2332 1573 2353 D
1590 2331 1722 2355 societatem
1744 2332 1780 2355 cel
1801 2339 1839 2356 so-

996 2372 1136 2399 cialitatem,
1156 2372 1205 2393 Vat.
1223 2372 1244 2393 et
1260 2370 1370 2393 socialem
1387 2369 1541 2393 dilectionem.

1060 2409 1069 2422 Β
1086 2410 1148 2432 Cant.
1169 2410 1195 2437 8,
1212 2410 1241 2431 6:
1258 2409 1331 2431 Fortis
1341 2412 1375 2431 est
1387 2411 1411 2430 ut
1428 2415 1490 2431 mors
1508 2408 1599 2431 dilectio
1611 2411 1654 2431 etc.
1665 2408 1710 2431 Cfr.
1728 2410 1835 2437 August„

996 2450 1018 2472 in
1036 2450 1096 2471 ioan.
1114 2450 1201 2476 Evang.
1219 2452 1246 2470 tr.
1270 2448 1319 2470 123,
1336 2454 1358 2469 n.
1376 2448 1401 2475 5,
1420 2447 1458 2469 ubi
1476 2447 1587 2474 ostendit,
1605 2448 1695 2470 Petrum
1712 2449 1734 2470 vi
1753 2449 1838 2471 amoris

998 2488 1125 2510 naturalem
1144 2488 1249 2510 timorem
1268 2487 1347 2509 mortis
1364 2493 1485 2514 superasse
1504 2490 1546 2509 etc.
1564 2486 1608 2510 Cir.
1625 2493 1694 2514 supra
1713 2493 1767 2515 pag.
1781 2487 1837 2515 255,

996 2530 1048 2549 nota
1067 2527 1088 2549 1.
1105 2539 1136 2543 -
1154 2526 1194 2549 Ed.
1215 2527 1220 2548 1
1241 2525 1325 2549 mortis
1343 2525 1475 2549 hamanum
1494 2527 1617 2549 terrorem.

1058 2564 1067 2578 ⁹
1085 2566 1150 2588 Vei-s.
1168 2565 1211 2592 35,
1229 2568 1280 2593 post
1296 2571 1366 2594 quem
1384 2565 1437 2587 Luc.
1456 2566 1496 2593 22,
1514 2566 1552 2587 32.

1059 2604 1079 2617 ¹⁰
1097 2605 1163 2627 Vers.
1183 2606 1210 2627 39
1222 2622 1227 2631 ,
1245 2604 1284 2626 0111
1305 2604 1401 2631 Vulgata
1419 2604 1543 2634 infirmum
1561 2611 1603 2632 pro
1620 2603 1735 2634 infirmos.
1753 2617 1783 2621 —
1801 2605 1838 2627 Se-

996 2644 1074 2673 quitur
1092 2644 1167 2665 11101111.
1185 2643 1212 2670 7,
1234 2644 1267 2666 12.
1283 2643 1328 2666 Csr.
1346 2643 1460 2670 Expositio
1478 2646 1576 2672 quatuor
1594 2643 1754 2671 magistrorum
1776 2644 1799 2666 in
1816 2650 1835 2666 c.

996 2683 1021 2704 6:
1039 2682 1079 2704 Hic
1097 2682 1215 2704 evidenter
1232 2681 1369 2708 ostenditur,
1387 2682 1449 2710 quod
1474 2683 1572 2709 perlecta
1597 2682 1679 2704 caritas
1695 2682 1764 2704 debet
1786 2688 1837 2705 esse

997 2721 1054 2743 inter
1071 2721 1160 2743 Fratres
1184 2723 1295 2749 quantum
1313 2721 1341 2742 ad
1367 2719 1475 2749 siynum,
1493 2723 1605 2749 quantum
1631 2721 1660 2743 ad
1683 2720 1794 2750 affectam
1816 2724 1838 2744 et

996 2763 1107 2788 quantum
1125 2759 1154 2781 ad
1171 2759 1293 2789 elfeclum,·
1311 2759 1373 2781 unde
1389 2762 1501 2788 quantum
1520 2759 1548 2781 ad
1566 2759 1658 2787 signum
1681 2760 1747 2782 dicit:
1764 2761 1837 2783 osten·

996 2798 1054 2821 dant
1070 2804 1094 2821 se
1110 2797 1248 2821 domesticos
1264 2797 1362 2821 invicem
1374 2797 1435 2820 iuter
1452 2804 1491 2826 se,·
1508 2802 1620 2827 quantum
1635 2799 1665 2821 ad
1682 2800 1788 2821 affectum
1806 2799 1839 2821 di-

996 2837 1037 2859 cit:
1056 2836 1129 2864 Quia,
1141 2836 1163 2859 si
1173 2838 1249 2859 mater
1261 2839 1316 2863 ete.;
1334 2840 1355 2858 et
1372 2839 1482 2865 quantum
1496 2837 1524 2859 ad
1536 2838 1648 2859 *effectum
1666 2837 1795 2866 subiungit:
1809 2837 1839 2860 Et

995 2875 1017 2898 si
1033 2875 1085 2905 quis
1103 2882 1186 2898 eorum
1203 2875 1226 2898 in
1244 2875 1406 2905 infirmitatem
1424 2879 1465 2898 etc.

1059 2913 1076 2927 ¹¹
1095 2915 1140 2937 (jsr.
1158 2921 1227 2942 supra
1244 2922 1264 2937 c.
1278 2915 1297 2936 l.
1312 2921 1334 2936 11.
1356 2915 1373 2936 1.
1390 2927 1421 2931 -
1438 2914 1549 2943 Superius
1566 2921 1608 2943 pro
1625 2916 1646 2938 et
1662 2921 1705 2938 sese
1719 2915 1796 2945 portis
1814 2915 1838 2938 in

995 2960 1039 2976 sear
1055 2953 1164 2983 capitulis
1176 2953 1286 2984 (muralis
1299 2953 1337 2979 (ita
1352 2954 1379 2980 B;
1392 2954 1431 2976 cfr.
1444 2960 1513 2982 supra
1526 2961 1546 2976 0.
1559 2954 1580 2977 t.
1594 2960 1616 2976 n.
1631 2955 1660 2983 11.)
1679 2955 1696 2977 Α
1706 2956 1723 2977 G
1741 2957 1763 2977 et
1774 2955 1810 2979 ed.
1827 2955 1832 2976 1

996 2994 1016 3015 et
1032 2998 1076 3015 sear
1085 2991 1194 3021 partibus
1206 2992 1230 3015 in
1243 2992 1272 3021 [G
1285 2992 1309 3015 id
1320 2992 1362 3022 est]
1374 2998 1417 3015 sea·
1429 2992 1539 3022 capilulis
1552 2992 1578 3022 [A
1592 2992 1714 3022 lateribus]
1726 2993 1837 3024 fiyuralis

996 3030 1046 3060 [ed.
1062 3032 1067 3053 1
1081 3031 1238 3061 peram·atis]‚
1252 3031 1301 3054 Vat.
1314 3038 1344 3054 ex
1355 3037 1398 3054 sea·
1413 3031 1444 3060 [D
1455 3033 1476 3054 ct
1488 3031 1511 3054 in
1523 3032 1575 3060 sea']
1591 3031 1701 3061 partibas
1717 3032 1836 3063 fiyuralis.

1713 3079 1742 3101 5¹1

1858 703 1924 727 Quoad
1936 708 1966 722 ae-

1878 728 1947 750 gratos.

1852 1919 1879 1938 De
1892 1920 1948 1939 tertio
1957 1920 1985 1939 la-

1856 1944 1896 1961 tere
1914 1945 1933 1962 et
1951 1944 1984 1962 tri-

1856 1966 1891 1984 bus
1899 1967 1958 1994 portis
1964 1969 1984 1986 et

1856 1990 1947 2013 partibus.
