2133 3317
4 307 7 315 ⁴
22 316 25 328 i
37 311 84 329 etum

18 329 30 345 ⁸
37 333 86 352 :atio-

434 215 632 244 OPUSCULUM
654 215 741 243 xxtll.
764 214 913 243 LEGENDA
936 215 1050 244 SANCTI
1071 215 1244 244 FRANCISCI.
1267 217 1429 246 MtRACULA
1451 219 1468 253 ἓ
1490 218 1507 246 Ι.

99 293 300 331 praelatorum,
322 292 369 329 qui
391 295 458 321 tunc
478 295 557 321 erant
578 285 713 326 incuria,
735 292 861 321 concordi
877 301 942 321 con—

100 340 158 370 silio
179 342 206 368 et
226 346 339 367 assensu
361 338 579 367 canonizandum
599 338 729 367 decrevit.
753 339 871 368 Veniens
892 340 942 368 ita-

99 394 153 424 que
173 385 354 422 personaliter
375 385 408 414 ad
431 385 568 414 civitatem
590 386 680 414 Assisii
703 394 775 414 anno
789 386 941 415 dominicae

100 432 294 462 lncarnationis
315 432 459 460 millesimo
480 431 668 461 ducentesimo
683 432 814 469 vigesimo
835 437 941 467 octavo,

99 479 202 509 decimo
217 478 334 515 septimo
349 478 482 507 Kalendas
497 479 610 515 Augusti
624 480 643 513 ¹,
658 479 702 508 die
716 479 862 514 dominico,
877 487 940 508 cum

98 525 225 555 maximis
245 533 317 562 quae
338 525 450 561 longum
473 525 544 554 foret
564 533 696 554 enarrare
717 526 857 555 solemniis
877 526 941 555 bea-

99 565 156 602 tum
179 572 285 601 Patrem
307 572 429 608 catalogo
450 572 613 601 Sanctorum
628 573 763 609 ascripsit.

175 620 201 647 8.
224 619 299 647 Anno
320 627 386 648 vero
408 619 514 647 Domini
531 619 675 648 millesimo
689 619 877 648 ducentesimo
892 620 941 648 tri-

98 666 200 704 gesimo
221 665 449 694 convenientibus
469 665 612 694 Fratribus
629 665 663 694 ad
683 666 841 703 Capitulum
859 674 942 703 gene-

99 713 155 742 rale
169 712 259 741 Assisii
275 712 455 747 celebratum,
467 713 500 741 ad
515 713 653 741 basilicam
669 713 695 741 in
709 713 841 742 honorem
854 713 942 750 ipsius

99 762 284 789 constructam
306 767 407 796 corpus
429 759 496 788 illud
523 759 640 787 Domino
667 759 823 788 dedicatum
844 763 941 789 octavo

98 806 231 836 Kalendas
251 806 319 835 lunii
332 807 343 823 2
365 807 530 835 translatum
553 809 602 835 est.
626 806 697 835 Dum
719 809 811 835 autem
834 807 878 835 ille
899 815 942 836 sa-

99 861 144 883 cer
166 856 403 890 transportaretur
424 853 590 887 thesaurus,
613 853 688 881 hulla
709 853 788 890 Regis
815 853 941 882 altissimi

53 900 290 937 ,consignatus,
317 900 451 928 miracula
482 900 604 936 plurima
635 899 680 928 ille
712 900 792 929 cuius
823 900 940 937 effigiem

99 946 286 984 praeferebat,
308 946 417 983 operari
449 946 578 983 dignatus
609 950 666 980 est,
688 949 720 975 ut
746 954 796 983 per
827 946 940 975 odorem

99 993 251 1023 salvificum
265 993 380 1022 affectus
395 993 554 1022 traheretur
569 993 691 1022 fidelium
707 993 747 1022 ad
761 993 940 1022 currendum

19 1031 21 1040 ’
97 1043 160 1078 post
183 1039 331 1069 Christum
343 1039 362 1068 ³.
385 1040 449 1068 Erat
470 1047 500 1068 re
522 1047 587 1068 vera
608 1039 789 1076 condignum,
811 1042 843 1068 ut
857 1048 940 1077 quem

27 2181 34 2189 i«
49 2178 87 2193 ωιν.

27 2201 87 2222 mpo-

42 1081 52 1107 ’-
99 1087 172 1116 Deus
193 1087 220 1115 in
241 1086 297 1115 vita
319 1086 368 1115 sibi
391 1087 544 1123 placentem
565 1089 592 1115 et
613 1086 743 1115 dilectum
764 1086 892 1115 effectum
914 1087 941 1115 in

99 1133 257 1170 paradisum
279 1141 328 1170 per
349 1133 587 1169 contemplationis
617 1133 732 1169 gratiam
761 1133 942 1162 transtulerat

1789 219 1843 247 549

999 295 1031 321 ut
1051 293 1160 322 Henoch
1182 297 1209 322 et
1229 294 1262 322 ad
1284 295 1390 323 caelum
1406 295 1433 324 in
1448 303 1536 324 curru
1552 295 1631 332 igneo
1652 304 1701 332 per
1723 295 1845 324 caritatis

999 340 1087 368 zelum
1110 344 1241 376 rapuerat
1263 344 1294 369 ut
1315 342 1415 376 Eliam,
1436 342 1497 371 eius
1524 342 1576 370 iam
1598 345 1745 371 vernantes
1773 342 1845 371 inter

999 386 1081 415 flores
1103 386 1163 415 illos
1184 387 1298 416 caelicos
1313 388 1488 424 plantationis
1508 393 1637 418 aeternae
1657 397 1719 418 ossa
1741 390 1786 418 illa
1807 389 1846 418 fe—

999 431 1060 460 licia
1080 432 1114 460 de
1136 432 1194 461 loco
1216 441 1267 461 suo
1289 434 1470 470 pullulatione
1491 435 1607 463 mirifica
1630 436 1787 464 redolerent
1797 436 1817 463 ⁴.

1077 479 1103 507 9.
1128 479 1228 513 Porro,
1250 480 1322 508 sicut
1344 480 1386 508 vir
1408 481 1459 509 iste
1481 482 1579 511 beatus
1600 482 1734 511 mirandis
1756 483 1844 511 virtu-

999 527 1057 553 tum
1080 525 1165 562 signis
1186 526 1212 554 in
1235 527 1291 555 vita
1318 527 1472 561 claruerat,
1494 528 1533 557 sic
1561 532 1588 557 et
1609 537 1625 557 a
1646 529 1689 558 die
1710 529 1845 558 transitus

998 573 1040 601 sni
1063 580 1153 610 usque
1181 573 1208 601 in
1237 581 1367 610 praesens
1399 582 1449 611 per
1479 575 1603 604 diversas
1635 576 1729 605 mundi
1752 580 1845 613 partes

998 619 1148 656 praeclaris
1169 620 1369 649 miraculorum
1391 621 1538 658 prodigiis,
1560 622 1652 651 divina
1673 631 1702 651 se
1724 623 1846 660 potentia

997 666 1183 703 glorificante,
1206 670 1342 695 coruscat.
1364 667 1431 696 Nam
1453 668 1541 697 caecis
1555 671 1582 697 et
1596 669 1697 703 surdis,
1720 670 1804 698 mutis
1818 672 1845 699 et

998 713 1118 746 claudis,
1141 713 1300 750 hydropicis
1320 716 1347 742 et
1369 714 1542 751 paralyticis,
1564 715 1747 745 daemoniacis
1761 720 1789 745 et
1807 717 1845 745 le-

999 760 1103 796 prosis,
1126 760 1267 797 naufragis
1288 763 1315 789 et
1336 761 1452 798 captivis
1480 761 1567 798 ipsius
1596 763 1702 791 meritis
1723 763 1844 792 remedia

999 806 1197 841 conferuntur,
1229 808 1414 845 omnibusque
1445 809 1559 843 morbis,
1581 810 1790 839 necessitatibus
1819 813 1845 839 et

999 854 1131 890 periculis
1151 854 1325 883 subvenitur.
1342 854 1392 883 Sed
1408 858 1435 883 et
1449 855 1544 884 multis
1559 856 1676 885 mortuis
1691 864 1740 893 per
1755 857 1845 894 ipsum

999 900 1115 929 mirifice
1149 901 1304 935 suscitatis,
1339 902 1485 930 innotescit
1519 902 1647 931 fidelibus
1681 903 1846 940 mirificans

1000 947 1142 976 Sanctum
1163 956 1252 976 suum
1264 948 1275 965 ⁵
1296 949 1499 985 magnificentia
1514 949 1626 978 virtutis
1640 950 1778 984 Altissimi‚
1801 950 1845 979 cui

998 997 1040 1022 est
1061 994 1150 1022 honor
1171 997 1198 1023 et
1218 994 1306 1031 gloria
1327 1002 1376 1031 per
1398 995 1505 1024 infinita
1530 996 1639 1024 saecula
1660 996 1843 1025 saeculorum.

998 1040 1090 1069 Amen.

1168 1134 1294 1163 ExmciT
1316 1143 1378 1163 νιΤΑ
1400 1143 1480 1163 nami
1501 1136 1679 1164 FnAthsctss.

392 1282 553 1311 lNClPlUNT
575 1282 730 1319 QUAEDAM
752 1282 795 1310 DE
816 1283 987 1312 MtRACULtS
1009 1283 1108 1312 IPSIUS
1130 1283 1212 1312 POST
1234 1284 1372 1313 MORTEM
1395 1285 1558 1314 OSTENSIS.

198 1415 216 1449 §
237 1414 254 1442 1.
278 1414 314 1442 Et
332 1413 430 1451 primo
452 1413 485 1442 cle
505 1412 664 1442 virtutibus
684 1421 840 1441 sacrorum

420 1460 591 1497 stiymatum
603 1460 622 1488 ⁷.

181 1555 205 1583 1.
227 1554 265 1583 Ad
295 1554 492 1591 omnipotentis
524 1554 571 1583 Dei
604 1555 736 1583 honorem
766 1557 793 1582 et
819 1554 943 1591 gloriam.

101 1601 173 1631 Beati
196 1601 282 1630 Patris
314 1600 449 1630 Francisci
478 1603 540 1638 post
561 1600 787 1637 glorificationem
810 1600 897 1637 ipsius
917 1600 944 1629 in

100 1648 182 1678 caelis
201 1648 295 1685 aliqua
315 1655 352 1677 ex
373 1647 532 1685 approbatis
553 1647 764 1684 conscripturus
778 1647 912 1676 miracula
923 1647 944 1682 ⁸,

99 1694 134 1724 ab
154 1694 201 1723 illo
221 1694 369 1732 praecipue
390 1694 484 1723 censui
507 1693 671 1723 sumendum
693 1693 751 1722 fore
773 1693 898 1728 initium,
917 1693 944 1721 in

100 1750 155 1779 quo
176 1741 268 1770 crucis
289 1741 348 1770 lesu
369 1741 460 1770 virtus
480 1740 645 1774 ostenditur,
667 1743 694 1769 et
723 1740 811 1777 gloria
832 1740 944 1769 innova-

100 1791 154 1817 tur.
177 1789 269 1817 Novus
290 1788 374 1825 igitur
396 1788 479 1816 homo
500 1787 661 1816 Franciscus
682 1795 752 1816 novo
767 1790 795 1816 et
808 1787 944 1824 stupendo

99 1835 233 1864 miraculo
253 1835 369 1869 claruit,
391 1843 454 1864 cum
477 1834 609 1872 singulari
635 1834 779 1871 privilegio
801 1834 945 1863 retroactis

101 1882 217 1912 saeculis
238 1890 292 1911 non
314 1889 453 1915 concesso,
475 1881 622 1918 insignitus
637 1881 778 1918 apparuit,
801 1881 887 1910 sacris
909 1881 945 1909 vi-

99 1929 197 1959 delicet
218 1929 393 1966 stigmatibus
413 1929 560 1958 decoratus
580 1931 608 1957 et
629 1928 818 1965 configuratus
838 1928 865 1956 in
881 1936 944 1956 cor-

97 1985 169 2014 pore
188 1977 292 2005 mortis
312 1975 402 2005 liuius
424 1975 533 2012 corpori
555 1975 687 2004 Crucifixi
699 1975 718 2003 ⁹.
741 1975 780 2004 De
794 1983 850 2012 quo
864 1974 945 2012 quid-

100 2023 167 2061 quid
198 2023 319 2052 humana
350 2023 445 2060 lingua
474 2022 599 2056 dicatur,
621 2022 714 2050 minus
738 2021 792 2050 erit
821 2029 837 2050 a
864 2021 945 2050 laude

100 2070 242 2107 condigna.
265 2070 363 2098 Totum
385 2069 497 2106 quidem
519 2069 570 2097 viri
592 2069 640 2098 Dei
662 2068 800 2103 studium,
822 2071 877 2097 tam
893 2076 945 2105 pu-

101 2116 204 2146 blicum
226 2124 308 2154 quam
331 2116 487 2153 privatum,
510 2115 583 2145 circa
610 2123 722 2144 crucem
743 2115 851 2144 Domini
883 2123 945 2144 ver-

102 2163 227 2197 sabatur;
249 2166 277 2192 et
297 2165 329 2191 ut
349 2162 441 2192 crucis
462 2162 603 2199 signaculo
624 2162 708 2190 cordi
727 2162 787 2191 eius
807 2170 823 2190 a
844 2161 946 2198 princi-

102 2210 147 2247 pio
168 2218 234 2239 suae
255 2209 442 2239 conversionis
467 2209 602 2246 impresso
632 2217 740 2246 corpus
771 2209 946 2246 consignaret

102 2257 243 2292 exterius,
265 2257 291 2285 in
313 2256 372 2294 ipsa
393 2264 422 2285 se
443 2264 526 2285 cruce
548 2255 709 2290 recludens,
731 2255 856 2284 habitum
881 2263 946 2292 poe-

102 2304 232 2333 nitentiae
259 2303 358 2333 sumsit
392 2303 484 2332 crucis
515 2302 661 2340 imaginem
692 2302 891 2339 praeferentem
907 2302 945 2336 ¹⁰,

1002 1417 1155 1450 quatenus,
1171 1414 1242 1443 sicut
1256 1415 1409 1454 mens-eius
1423 1415 1498 1444 intus
1513 1416 1660 1444 Dominum
1677 1417 1845 1446 crucifixum

1002 1460 1145 1495 induerat,
1161 1461 1199 1489 sic
1214 1465 1241 1490 et
1263 1469 1365 1498 corpus
1379 1462 1439 1491 eius
1460 1462 1589 1491 indueret
1609 1471 1687 1491 arma
1701 1463 1805 1498 crucis,
1820 1466 1847 1492 et

1002 1507 1029 1535 in
1044 1516 1100 1544 quo
1114 1508 1192 1544 signo
1213 1508 1287 1537 Deus
1302 1511 1450 1545 potestates
1464 1510 1560 1538 aereas
1574 1509 1739 1544 debellarat,
1760 1510 1787 1538 in
1803 1518 1848 1539 eo-

1001 1553 1062 1582 dem
1079 1562 1148 1583 suus
1162 1555 1304 1584 exercitus
1318 1555 1434 1584 Domino
1449 1556 1587 1584 militaret.
1604 1556 1655 1585 Sed
1670 1559 1697 1585 et
1715 1565 1731 1585 a
1746 1557 1847 1593 prinei—

1003 1600 1047 1637 pio
1069 1601 1210 1637 temporis,
1225 1609 1281 1638 quo
1295 1601 1436 1630 Crucifixo
1452 1602 1570 1631 militare
1585 1606 1722 1639 coeperat,
1737 1603 1847 1632 diversa

1002 1646 1075 1675 circa
1095 1655 1159 1676 euin
1181 1648 1273 1676 crucis
1298 1648 1469 1685 praefulsere
1500 1649 1647 1686 mysteria,
1675 1650 1747 1678 sicut
1775 1651 1846 1679 vitae

1002 1693 1088 1730 ipsius
1103 1694 1285 1723 consideranti
1298 1695 1447 1724 decursum
1464 1696 1566 1725 clarius
1581 1696 1766 1731 innotescit11,
1778 1705 1846 1734 qua-

1002 1740 1064 1769 liter
1096 1741 1268 1777 apparitione
1299 1742 1390 1771 crucis
1419 1742 1571 1771 dominicae
1603 1743 1755 1780 septiformi
1791 1747 1847 1772 tam

1002 1787 1122 1824 cogitatu
1144 1796 1227 1824 quam
1248 1788 1348 1817 affectu
1370 1792 1397 1817 et
1417 1792 1481 1818 actu
1503 1792 1578 1818 totus
1591 1789 1644 1818 fuit
1665 1790 1692 1818 in
1713 1790 1847 1819 Crucifixi

1001 1834 1119 1871 effigiem
1135 1842 1184 1871 per
1200 1835 1287 1872 ipsius
1305 1836 1465 1864 ecstaticnm
1481 1836 1695 1865 transformatus
1715 1845 1846 1866 amorem.

1002 1881 1088 1918 Digne
1107 1881 1192 1918 igitur
1213 1882 1315 1910 summi
1332 1882 1411 1919 Regis
1432 1883 1576 1912 clementia
1598 1883 1656 1912 suis
1676 1884 1848 1913 amatoribus

1001 1928 1076 1956 ultra
1090 1936 1199 1956 omnem
1221 1929 1438 1958 aestimationem
1454 1929 1598 1958 hominum
1613 1930 1847 1965 condescendens,

1002 1982 1068 2003 suae
1089 1975 1181 2004 crucis
1201 1975 1335 2004 vexillum
1358 1976 1445 2012 ipsius
1466 1977 1575 2013 corpori
1597 1977 1776 2006 deferendum
1797 1977 1849 2006 im-

1002 2022 1111 2058 pressit,
1126 2025 1158 2050 ut
1178 2022 1225 2059 qui
1249 2022 1374 2051 mirando
1389 2022 1480 2052 fuerat
1494 2023 1586 2052 crucis
1600 2032 1694 2052 amore
1714 2032 1848 2061 praeven-

1002 2071 1057 2103 tus,
1074 2068 1198 2097 mirando
1219 2069 1302 2097 etiam
1322 2069 1403 2098 fieret
1424 2069 1515 2098 crucis
1537 2070 1642 2099 honore
1664 2071 1807 2099 mirificus

1081 2116 1107 2143 2.
1129 2115 1166 2143 Ad
1198 2115 1283 2144 liuius
1311 2115 1438 2152 stupendi
1471 2116 1597 2145 miraculi
1630 2116 1848 2154 irrefragabilem

1002 2162 1162 2190 firmitatem
1183 2170 1237 2190 non
1267 2162 1356 2191 solum
1387 2162 1539 2191 videntium
1569 2166 1595 2192 et
1617 2163 1787 2200 palpantium
1811 2167 1849 2193 te—

1002 2208 1129 2237 stimonia
1144 2216 1193 2245 per
1207 2217 1315 2237 omnen]
1339 2209 1451 2237 modum
1474 2209 1631 2244 credibilia,
1653 2218 1749 2239 verum
1766 2210 1848 2239 etiam

1002 2255 1187 2292 apparitiones
1208 2255 1348 2284 mirabiles
1369 2259 1396 2284 et
1418 2256 1535 2285 virtutes
1556 2259 1618 2293 post
1638 2257 1725 2293 ipsius
1739 2257 1846 2286 obitum

1002 2304 1179 2331 coruscantes
1209 2302 1243 2330 ad
1274 2310 1355 2331 omne
1386 2303 1486 2331 mentis
1513 2303 1690 2340 effugandum
1718 2303 1847 2332 nubilum

165 2496 172 2509 ¹
190 2497 244 2519 Sive
259 2496 297 2519 die
317 2497 352 2519 16.
371 2496 424 2519 iulii.
442 2508 472 2512 —
490 2496 600 2524 Superius
618 2502 659 2524 pro
682 2495 778 2518 Veniens
798 2495 876 2525 itaqua
893 2495 946 2518 edd.

107 2535 248 2565 Veniensque
264 2536 302 2563 (de
320 2536 431 2565 perusio).
682 2533 691 2546 ⁹
708 2534 762 2557 Sive
779 2535 817 2557 die
834 2535 871 2556 25.
889 2534 946 2556 Maii.

165 2574 174 2587 ³
191 2575 255 2597 Cant.
277 2576 299 2602 l,
316 2575 343 2597 3:
361 2575 436 2597 Tralie
455 2581 504 2601 me,
522 2578 572 2602 post
591 2577 612 2596 te
630 2580 750 2596 curremus
763 2573 784 2595 in
797 2575 893 2595 odorem
906 2580 947 2596 un-

104 2609 359 2642 guentorum'tuoruin.
377 2625 407 2629 —
425 2613 535 2641 Superius
552 2616 603 2640 post
621 2611 717 2635 odorem
735 2612 795 2636 (Vnt.
812 2618 865 2634 cum
883 2612 921 2634 ed.
937 2613 941 2633 1

104 2651 224 2680 ardor-em)
242 2652 296 2674 edd.
313 2658 366 2674 cuni
385 2651 460 2679 codd,
480 2652 496 2673 Α
514 2654 622 2679 excepto,
640 2651 727 2673 addunt
745 2650 825 2680 ipsius.

166 2690 175 2703 ⁴
194 2691 259 2713 Eccli.
277 2690 318 2718 46,
337 2690 379 2713 44:
396 2691 424 2713 Ut
440 2690 468 2713 sit
485 2690 595 2712 memoria
622 2690 712 2712 illorum
736 2689 756 2712 in
776 2689 946 2716 benedictione,

105 2732 127 2752 et
143 2735 194 2752 ossa
212 2736 292 2752 eorum
311 2730 421 2757 pullulent
440 2729 469 2751 de
487 2729 537 2751 loco
554 2735 604 2751 sun.
621 2729 653 2751 De
678 2729 770 2751 [lenoch
789 2729 830 2750 cfr.
846 2730 902 2750 Gen.
920 2728 946 2755 5,

105 2767 147 2790 24:
164 2767 343 2796 Ambulavitque
359 2773 413 2791 cnm
438 2768 485 2790 Deo
507 2771 529 2790 et
553 2774 598 2790 non
621 2767 739 2795 apparuit,
755 2767 808 2795 quia
827 2767 877 2789 tulit
893 2773 946 2788 enm

106 2807 173 2829 Dens.
191 2807 223 2829 De
240 2807 285 2830 Elia
304 2807 358 2829 vide
375 2807 411 2829 lV.
429 2807 485 2834 fleg.
503 2808 530 2834 2,
553 2808 585 2829 tl.
604 2806 652 2834 (cfr.
666 2812 735 2834 supra
752 2812 772 2828 c.
791 2806 811 2828 li.
829 2812 851 2828 ii.
867 2805 948 2834 t).—

107 2846 217 2874 Superins
233 2846 279 2868 fide
295 2847 313 2868 A
330 2845 491 2869 substituimus
507 2847 633 2869 vernantes
650 2852 692 2873 pro
710 2845 837 2868 vei-nantis.

168 2884 177 2897 ⁵
194 2885 275 2907 Psalm.
294 2885 319 2912 t,
337 2885 366 2907 t:
384 2886 408 2907 Et
434 2885 524 2913 scitote,
550 2885 659 2913 quoniam
684 2884 812 2906 mirificavit
837 2884 948 2906 Dominus

108 2927 212 2946 sanctum
229 2930 306 2946 suum.

169 2961 178 2974 ⁶
195 2962 251 2984 Edd.
269 2965 346 2984 contra
365 2963 381 2984 Α
392 2962 455 2984 GlM
474 2962 581 2984 omittunt
598 2960 703 2990 Eapticz't
719 2961 766 2984 vita.
792 2960 852 2984 beati·
873 2961 948 2984 Fran-

107 2999 169 3023 cisci.
188 3000 244 3023 Cod.
261 3000 277 3023 C
296 3001 332 3023 liic
349 3001 438 3023 desinit.

1066 2494 1074 2507 ⁷
1092 2495 1136 2517 Csr.
1154 2495 1288 2522 Watlding„
1305 2495 1347 2517 loc.
1365 2495 1410 2521 cit,
1427 2495 1455 2516 ad
1477 2501 1513 2517 an.
1540 2495 1614 2522 1228,
1639 2501 1660 2517 n.
1683 2496 1716 2517 12.
1734 2501 1798 2524 seqq.
1816 2507 1847 2512 --

1003 2534 1060 2556 Edd.
1079 2534 1110 2556 De
1127 2533 1211 2556 vittate
1228 2539 1356 2556 sacrorum
1372 2533 1518 2563 sliqiiiatum.

1065 2572 1074 2586 ⁸
1092 2572 1157 2599 Edu„
1176 2572 1357 2600 interpunctione
1383 2572 1481 2598 variata,
1504 2572 1595 2600 legunt:
1621 2571 1657 2595 Ad
1681 2571 1847 2601 οἰηηίροῐιήίίε

1003 2611 1044 2633 Det
1061 2611 1175 2634 honorem
1198 2612 1218 2634 et
1243 2610 1347 2640 ylorz'mn
1365 2610 1426 2633 beati
1443 2610 1521 2633 Patris
1539 2610 1669 2634 Francisci.
1688 2610 1744 2633 Post
1759 2610 1847 2640 (slei-ifi-

1004 2649 1090 2672 tionem
1108 2649 1182 2679 ipsius
1200 2649 1224 2672 in
1241 2649 1311 2672 caelis
1328 2648 1408 2679 aliqua
1427 2656 1457 2672 (nr
1482 2648 1620 2678 approbatis
1646 2648 1781 2678 scripturus
1807 2648 1849 2672 mi-

1003 2688 1097 2711 ramata.
1115 2689 1188 2711 Set-uti
1207 2695 1288 2711 sumus
1305 2689 1430 2717 praecipue
1448 2688 1654 2716 interpunctionem
1673 2689 1696 2710 in
1713 2689 1738 2710 A.

1068 2726 1077 2739 ⁹
1095 2728 1161 2749 Rom.
1178 2728 1205 2756 7,
1224 2727 1264 2749 24:
1283 2728 1339 2756 Quis
1357 2733 1393 2749 nie
1406 2727 1511 2749 liberabit
1523 2727 1551 2749 de
1564 2734 1661 2755 corpore
1674 2728 1754 2750 mortis
1766 2728 1848 2750 liuius!

1007 2766 1060 2788 Phil.
1079 2767 1105 2793 3,
1123 2767 1165 2788 2¹:
1183 2766 1225 2794 Qui
1243 2765 1376 2788 reformabit
1392 2772 1477 2794 corpus
1495 2766 1629 2788 humilitatis
1640 2770 1730 2789 nostrae
1748 2767 1849 2795 configu-

1006 2808 1081 2827 ratum
1099 2805 1190 2833 corpori
1208 2805 1314 2828 claritatis
1330 2811 1385 2827 suae
1398 2808 1441 2828 etc.
1455 2817 1485 2822 —
1498 2805 1609 2833 Superius
1626 2812 1667 2833 pro
1684 2805 1849 2835 coufiyiiralits

1005 2845 1023 2866 Α
1040 2845 1238 2874 transfiyurutns.
1263 2844 1357 2867 lnserius
1374 2851 1416 2872 pro
1433 2844 1478 2867 erit
1493 2851 1508 2866 a
1527 2844 1596 2867 laude
1613 2845 1666 2867 edd.
1678 2845 1722 2868 erit
1740 2845 1817 2868 laude.

1069 2882 1088 2894 ¹⁰
1105 2883 1149 2905 Cfr.
1169 2883 1252 2905 Thcim.
1277 2889 1288 2904 a
1308 2882 1402 2910 Celano,
1428 2883 1479 2905 Vita
1498 2883 1512 2905 Ι.
1530 2889 1551 2911 p.
1571 2884 1584 2905 l.
1602 2889 1623 2906 c.
1642 2884 1663 2905 9.
1681 2884 1702 2905 in
1721 2884 1779 2911 fine;
1797 2884 1850 2906 vide

1005 2922 1072 2944 etiam
1091 2928 1160 2950 supra
1179 2928 1198 2943 e.
1216 2923 1236 2943 2.
1255 2928 1277 2944 ii.
1295 2921 1315 2944 t.
1334 2922 1393 2944 circa
1411 2922 1487 2944 finem.

1069 2960 1086 2973 ¹¹
1105 2961 1149 2983 (Σίν.
1168 2966 1237 2988 supra
1256 2967 1275 2982 c.
1305 2961 1340 2982 13.
1357 2967 1378 2982 n.
1403 2961 1439 2983 lo.
1457 2972 1487 2977 —
1505 2960 1617 2988 Superius
1634 2967 1676 2989 pro
1701 2960 1849 2990 praefulsere

1006 3000 1056 3022 Vat.
1072 2999 1212 3029 pei'siilserr.

1875 489 1964 516 iiiii-aquia

1863 516 1975 537 posteriora.

1881 1656 1970 1680 mysteria

1859 1681 1920 1699 crucis
1930 1680 1948 1698 iu
1955 1679 1994 1698 vita

1891 1703 1961 1722 Sancti.

1862 2264 1995 2289 Apparittones

1873 2290 1894 2315 et
1904 2288 1983 2307 virtutes

1870 2313 1986 2335 stigmatum.
