2133 3317
246 202 316 231 XXII

311 282 363 304 225.
381 281 466 305 Sancti
480 280 592 305 Floriani
607 281 629 303 in
651 280 749 307 Austria,
767 279 908 303 bibliotheca
924 279 1094 303 Canonicorum

246 328 408 357 Regularium,
425 328 478 351 cod.
495 328 533 350 XI.
555 327 604 349 163.
621 327 715 349 miscell.
732 327 755 349 in
773 327 794 349 8.
811 332 872 349 saec.
889 327 941 349 XIV
952 327 1056 349 exeuntis
1073 329 1095 349 et

246 376 299 399 XV.
315 376 423 398 ineuntis.
439 388 469 391 —
487 374 566 403 Incipit
577 374 716 402 opusculum
728 374 766 396 sol.
778 373 833 396 356.
842 380 861 396 r.
873 373 922 396 sine
934 374 1011 397 titulo:
1023 374 1094 402 Ecce,

246 422 361 452 descripsi
376 428 429 445 eam
446 425 488 444 etc.
506 421 593 444 Desinit
610 421 648 443 sol.
664 420 721 443 367:
739 421 760 443 et
776 420 820 444 hoc
836 420 970 450 Seraphim.
988 421 1044 443 Inde
1060 426 1096 443 se-

246 469 340 499 quitur:
359 468 463 499 Ezplz'cit
481 467 636 492 Itinerarium
653 467 679 490 in
694 467 800 497 seipsum
813 473 857 497 per
875 467 999 491 dominum
1019 468 1096 491 Bona-

246 517 374 540 centuram
392 515 547 539 cardinalem.

309 564 363 585 226.
382 562 480 591 Ibidem,
498 562 550 585 cod.
567 562 606 585 XI.
623 562 660 584 96.
678 563 749 584 chart.
761 562 785 584 in
797 562 834 584 sol.
846 568 906 585 saec.
919 562 971 584 XV.
982 561 1094 589 ineuntis,

245 611 275 634 de
292 616 340 639 quo
357 610 402 632 Iam
420 616 497 632 sermo
514 612 548 631 est
565 612 621 632 tom.
638 609 666 631 V.
684 615 738 637 pag.
756 609 841 632 XXXII
858 615 880 632 n.
898 609 952 631 403.
976 621 1007 626 —
1032 608 1094 636 Opu-

245 657 334 680 scnlnm
352 657 433 685 incipit
448 656 486 679 fol.
504 656 557 679 167.
575 655 625 678 sine
640 655 734 678 rubrica
751 658 773 678 et
790 656 873 678 desinit
889 656 927 678 sol.
946 655 999 678 179.
1010 661 1028 678 r.
1040 661 1094 678 cum

244 703 373 730 additione,
391 706 415 726 ut
432 703 453 725 in
471 702 632 731 praecedente.

308 750 361 773 227.
378 749 476 778 Ibidem,
493 750 545 772 cod.
563 750 600 772 XI.
620 750 672 772 160.
690 748 789 772 membr.
807 749 830 771 in
854 750 875 771 8.
901 755 961 772 saec.
978 749 1038 772 XIV.
1063 761 1094 766 —

243 798 290 820 Fol.
309 798 330 820 1.
348 804 366 820 r.
383 797 561 825 superponitur:
575 795 658 826 Incipit
667 797 785 820 tractatus
796 795 824 819 de
835 795 947 819 exercitio
960 795 1024 819 beate
1036 795 1095 825 vite,

244 851 327 867 manus
343 844 427 867 saeculi
440 844 574 872 posterioris
584 844 686 867 addidit:
698 843 765 867 Beati
778 843 864 867 Tltome
876 843 903 866 de
915 843 1016 873 Aquino.
1033 844 1093 866 Desi-

243 892 276 915 nit
292 892 330 914 fol.
348 892 385 914 110.
402 898 420 913 r.
437 891 460 914 in
477 897 529 919 cap.
546 891 568 914 3.
586 898 608 914 n.
625 890 647 913 7.
665 890 757 914 verbis:
776 890 885 914 osculum
902 892 923 914 et
945 890 1093 921 ampleoeum.

243 938 281 963 Ad
291 938 355 969 qnod
366 945 409 962 nos
419 938 537 968 perducat
553 938 596 968 qui
610 938 661 961 sine
677 938 724 969 fine
735 938 792 961 vicit
802 939 823 961 et
834 939 927 968 reynat.
940 939 1021 961 Amen.
1034 938 1094 961 Vide

244 992 305 1016 quae
322 986 352 1009 de
369 988 412 1009 hoc
428 986 509 1009 codice
526 986 622 1014 praefati
639 992 721 1008 sumus
739 988 793 1008 tom.
811 986 839 1008 V.
852 992 906 1014 pag.
919 986 1008 1008 XXXV
1021 992 1044 1008 n.
1056 986 1094 1008 29.

307 1034 361 1056 228.
378 1033 462 1057 Sancti
479 1032 544 1057 Galli
559 1034 582 1056 in
600 1034 713 1061 Helvetia,
727 1033 865 1056 bibIIOtheca
883 1033 1024 1061 monasterii,
1042 1033 1093 1055 cod.

244 1081 297 1104 946.
314 1082 387 1103 chart.
403 1081 426 1103 in
444 1080 465 1103 4.
484 1086 544 1103 saec.
562 1081 623 1103 XIV.
639 1093 670 1097 —
687 1081 742 1108 Pag.
761 1080 796 1102 10.
813 1081 889 1108 prima
909 1086 993 1103 manus
1017 1086 1095 1103 exara-

244 1127 293 1151 vit:
314 1128 441 1151 Tractatus
458 1128 621 1151 Boneventure
637 1127 665 1151 de
681 1127 884 1157 contemplatione.
908 1128 1016 1157 Sequitur
1037 1134 1095 1156 opu-

243 1177 347 1203 sculum,
364 1176 427 1205 quod
440 1176 524 1198 desinit
541 1182 595 1204 pag.
613 1176 650 1198 25.
667 1176 690 1198 in
707 1182 758 1204 cap.
772 1176 795 1198 3.
807 1182 828 1198 n.
846 1176 868 1198 7.
881 1176 911 1198 ad
922 1175 1007 1198 verba:
1022 1175 1094 1199 Osca-

244 1223 295 1247 lnm
312 1225 334 1247 et
348 1223 495 1253 ampleoeum.
514 1223 551 1247 Ad
568 1223 632 1253 qnod
647 1229 691 1247 nos
705 1223 823 1253 perducat
834 1224 899 1247 Iesus
916 1225 974 1247 estus
986 1223 1028 1253 qut
1038 1222 1095 1247 vicit

243 1271 265 1294 et
280 1272 368 1301 regnat
382 1276 437 1294 cum
454 1271 501 1294 Deo
518 1271 591 1294 Patre
607 1272 628 1295 et
645 1270 739 1300 Spiritu
758 1272 839 1294 sancto
858 1270 883 1294 in
904 1270 985 1294 secula
1004 1270 1094 1294 seculo-

243 1324 307 1341 rum.
325 1318 408 1341 Amen.
425 1317 538 1348 Explicit.

307 1365 360 1387 229.
377 1364 477 1393 Ibidem,
496 1365 548 1388 cod.
565 1365 620 1387 988.
637 1366 709 1388 chart.
727 1365 748 1388 in
766 1366 803 1388 sol.
821 1371 880 1388 saec.
906 1365 958 1388 XV.
979 1377 1009 1382 —
1034 1365 1095 1393 Opu-

243 1412 332 1434 sculum
350 1412 430 1440 incipit
446 1418 500 1440 pag.
519 1412 576 1434 438:
594 1412 665 1441 Ecce,
678 1411 792 1442 descripsi
807 1418 860 1435 eam
877 1415 927 1441 etc„
945 1412 1028 1435 desinit
1039 1419 1094 1441 pag.

244 1458 297 1481 142.
314 1458 393 1481 verbis
410 1465 461 1487 cap.
479 1459 502 1481 3.
518 1465 542 1481 n.
559 1459 618 1482 7:et
629 1458 739 1482 osculnm
750 1460 771 1482 et
782 1459 923 1489 amplexum
935 1461 977 1483 etc.
990 1459 1096 1489 Eoeplicit

243 1504 349 1534 libellas,
367 1505 409 1535 qai
425 1505 564 1529 intitulatur
580 1512 685 1536 parcum
702 1506 790 1530 bonnm
806 1506 892 1537 fratris
910 1507 1076 1530 Bonaeenture
1087 1525 1094 1536 ,

242 1552 279 1576 vel
295 1552 425 1582 speculatio
442 1553 521 1576 anime
544 1553 569 1577 in
590 1553 695 1582 deserto,
717 1553 834 1584 scriptum
850 1560 895 1584 per
914 1560 952 1577 me
974 1554 1091 1578 Matltiam

242 1599 320 1622 Biirer
338 1599 365 1622 de
382 1599 493 1628 Lindon),
513 1602 569 1624 tunc
586 1600 699 1630 temporis
721 1600 856 1624 adiutorem
873 1600 899 1624 in
920 1601 1094 1631 Ranenspnry,

242 1651 306 1669 anno
325 1645 402 1670 4467.

306 1695 358 1717 230.
376 1693 476 1723 Ibidem,
494 1695 546 1717 cod.
564 1695 617 1717 972.
635 1696 707 1718 chart.
723 1695 746 1717 in
765 1695 786 1718 4.
802 1701 863 1718 saec.
881 1696 931 1718 XV.
949 1708 979 1712 —
998 1695 1020 1718 In
1038 1696 1095 1718 indi-

243 1742 295 1765 culo
313 1742 399 1765 codicis
416 1744 450 1764 est
468 1742 546 1764 titulus
558 1742 627 1764 hqus
638 1742 743 1770 opusculi
756 1742 791 1765 Ins
802 1742 880 1765 verbis
889 1748 1023 1771 expressus:
1037 1744 1095 1766 Item

242 1789 413 1812 Bonaventnra
430 1788 457 1812 de
474 1788 564 1819 triplici
579 1789 617 1812 via
631 1789 754 1819 profectas
780 1789 921 1819 spiritualis.
948 1790 1093 1819 Opusculum

243 1836 321 1864 incipit
338 1842 391 1864 pag.
411 1836 463 1858 139.
480 1839 502 1858 et
518 1836 603 1859 desinit
620 1836 678 1858 1601
695 1836 726 1859 Et
741 1836 785 1860 hoc
801 1837 930 1866 seraphim.

307 1883 360 1905 231,
378 1882 461 1906 Sancti
479 1882 598 1907 Trudonis
615 1883 636 1905 in
654 1883 744 1912 Belgio,
763 1883 902 1906 bibliotheca
927 1887 1021 1912 patrum
1039 1884 1093 1907 Ord.

242 1930 356 1953 IIIInorum
374 1930 501 1959 1100011001.Υ
519 1930 571 1953 cod.
589 1930 634 1953 iam
652 1931 783 1959 descriptus
800 1933 855 1953 tom.
878 1931 905 1953 V.
928 1937 981 1959 pag.
1008 1931 1095 1954 XXXII

243 1984 266 2000 n.
285 1977 340 1999 106.
356 1989 387 1994 -
403 1977 547 2005 Opusculum
565 1977 644 2006 incipit
661 1984 714 2006 pag.
733 1978 771 2000 36.
787 1978 831 2000 sul]
844 1978 919 2001 titulo:
933 1978 1041 2001 Parvum
1053 1978 1096 2001 Bo-

243 2029 310 2052 num,
327 2026 349 2046 et
366 2024 468 2046 decurrit
486 2030 560 2053 usque
577 2025 607 2047 ad
624 2031 679 2053 pag.
696 2025 739 2047 73:
758 2026 785 2048 In
802 2024 839 2048 Itis
861 2027 896 2048 est
911 2025 965 2055 fons
990 2025 1040 2048 vite.
1057 2025 1095 2049 Ad

244 2076 316 2100 qnam
333 2076 376 2094 nos
391 2070 510 2100 perducat
526 2071 568 2101 qui
583 2071 640 2094 vicit
656 2073 677 2095 et
693 2073 779 2102 regynat
792 2072 854 2095 Dens
866 2078 909 2102 per
921 2072 1001 2095 omnia
1012 2071 1094 2095 secata

243 2117 388 2141 seculorum.
406 2120 489 2141 Amen.
508 2117 612 2148 Eoeplicit
625 2118 717 2142 libellus
729 2118 757 2141 de
769 2118 859 2148 triplici
871 2118 908 2142 via
919 2119 1094 2147 Beneventum,

246 2164 288 2194 qni
303 2164 440 2188 intitulatur
454 2171 561 2195 parcam
578 2165 679 2193 bonum,
697 2165 738 2189 sed
754 2165 838 2189 merito
856 2168 983 2189 vocaretur
995 2165 1032 2189 vel
1044 2165 1095 2189 inti-

244 2212 364 2236 tnlaretnr
382 2213 519 2236 maccimnm
537 2212 633 2236 bonnm.
651 2213 680 2237 G.
697 2212 764 2236 Scots
781 2213 878 2243 scripsi.

307 2259 361 2282 232.
378 2259 540 2283 Seitenstetten
557 2260 581 2282 in
593 2260 696 2287 Austris,
708 2259 847 2283 bibliotheca
860 2260 989 2283 Monasterii
1002 2263 1094 2289 patrum

244 2306 299 2329 Ord.
317 2307 339 2328 S.
357 2307 486 2334 Benedicti,
504 2307 555 2329 cod.
574 2306 654 2334 CXCI,
670 2313 741 2336 quem
759 2307 805 2329 iam
822 2307 989 2336 descripsimus
1006 2310 1062 2330 tom.
1076 2308 1092 2330 1.

244 2360 300 2382 pag.
317 2354 378 2376 LXV
395 2361 418 2376 11.
436 2354 458 2377 5.
475 2367 505 2371 -
521 2354 665 2382 opusculum
684 2356 727 2377 hoc
738 2355 836 2377 recurrit
848 2355 886 2377 sol.
898 2361 945 2377 non
957 2357 1092 2377 numerato:

244 2400 330 2430 Incipit
345 2401 515 2425 Benacentura
532 2400 649 2424 Stimulas
661 2401 816 2430 consciencie,
828 2401 865 2425 vel
876 2401 1007 2425 secandam
1018 2401 1095 2425 aliam

245 2447 363 2477 tytalnm:
382 2448 507 2471 Tractatus
525 2447 659 2478 cratinum,
685 2448 770 2478 quibas
794 2448 934 2478 pervenitur
956 2448 989 2471 ad
1012 2455 1095 2472 veram

244 2494 393 2524 sapientiam.
406 2495 475 2523 Ecce,
491 2494 607 2524 descripsi
622 2494 664 2518 tibi
679 2501 732 2518 eam
749 2498 793 2518 etc.
804 2496 890 2518 Desinit
902 2495 991 2519 verbis:
1005 2496 1095 2525 Sapere

245 2541 333 2572 absque
349 2542 461 2572 appetita.
480 2542 535 2571 (Csr.
552 2548 623 2571 supra
640 2549 662 2565 n.
680 2543 735 2571 92).
754 2542 865 2572 Εεῑρῖίοίί.

309 2589 362 2612 233.
380 2589 448 2612 Senis
466 2589 488 2611 in
506 2590 601 2618 Tuscia,
620 2589 757 2612 bibli0theca
776 2589 891 2618 Civitatis,
914 2590 966 2613 cod.
983 2590 1009 2613 U.
1028 2590 1055 2613 V.
1074 2590 1096 2613 5.

246 2636 345 2659 membr.
363 2637 386 2659 in
405 2637 425 2659 4.
442 2643 502 2659 saec.
516 2637 566 2659 XV.
578 2650 609 2653 -
621 2638 668 2659 Fol.
682 2638 702 2659 lI.
715 2643 733 2659 r.
746 2638 860 2666 opusculo
873 2638 1027 2666 praemittitur
1040 2639 1097 2661 haec

246 2683 352 2706 rubrica:
369 2683 453 2713 Incipit
468 2683 625 2707 Itinerarinm
636 2684 720 2707 mentis
734 2683 758 2707 in
769 2684 872 2714 seipsam
885 2684 1042 2714 compositam
1051 2691 1096 2715 per

248 2730 408 2754 venerandam
426 2731 621 2754 Bonauentnram
638 2730 665 2753 de
681 2731 831 2761 Baqnoreqio
856 2730 953 2754 Ordinis
973 2731 1096 2755 Minornm

246 2778 414 2807 professorem.
431 2778 529 2801 Additur
547 2781 656 2801 tractatus
673 2779 702 2801 de
715 2779 811 2807 Pletate,
824 2779 853 2801 de
865 2785 912 2808 quo
924 2785 995 2807 supra
1008 2785 1029 2801 n.
1043 2780 1051 2801 1
1062 2780 1096 2802 19.

247 2825 317 2847 locuti
334 2831 422 2847 sumus.

310 2872 364 2894 234.
381 2872 519 2896 Stronconii
534 2873 556 2895 in
573 2872 680 2901 UmbrIa,
697 2873 835 2896 bibli0theca
847 2873 980 2897 Conventus
990 2874 1096 2896 Fratrum

247 2919 374 2948 lIIinorum,
392 2920 444 2942 cod.
461 2919 560 2942 membr.
579 2920 601 2942 in
620 2920 641 2942 4.
653 2926 714 2943 saec.
726 2921 778 2943 XV.
790 2921 897 2944 ineuntis.
910 2934 940 2937 —
951 2921 1095 2949 opusculum

246 2966 328 2994 incipit
345 2966 394 2989 sinc
410 2966 504 2989 nomine
521 2967 621 2990 auctoris
638 2970 660 2990 et
677 2967 760 2990 desinit
777 2968 799 2990 in
816 2974 867 2996 cap.
886 2969 908 2990 2.
920 2975 942 2991 n.
959 2969 992 2990 II.
1004 2968 1096 2991 verbis:

949 201 1195 231 PROLEGOMENA
1216 201 1245 230 C.
1268 202 1286 230 I.

1151 279 1251 304 inducat
1265 280 1297 304 ad
1309 281 1478 311 perfectionem
1495 281 1602 305 omnium
1620 281 1745 305 bonorum.
1764 281 1842 310 Quam
1858 281 1925 305 nobis
1944 288 1998 312 pre-

1151 328 1195 351 stet
1212 327 1254 357 qui
1268 327 1325 351 vivit
1341 329 1363 351 et
1379 330 1464 358 reqnat
1481 328 1505 351 in
1520 328 1602 352 secula
1617 328 1762 352 secutorum.
1784 329 1868 352 Amen.
1893 329 2000 358 Explicit

1151 373 1307 397 Itinerarium
1321 374 1407 404 fi-atris
1424 375 1596 399 Bona-venture.
1618 376 1675 399 Hinc
1700 376 1849 405 prosequitur
1871 377 1999 405 capitulum

1152 421 1244 443 tertium
1261 427 1337 450 usque
1352 422 1383 444 ad
1399 421 1484 445 verba:
1504 421 1585 445 Voluit
1599 421 1627 445 de
1643 422 1717 446 nihilo
1730 422 1804 452 plena
1820 422 1949 447 virtutibus
1965 423 2000 453 fa-

1152 472 1204 490 cere
1220 467 1260 490 cni
1276 468 1310 490 est
1326 467 1404 491 honor
1420 469 1442 491 et
1457 467 1537 497 cloria
1552 468 1578 491 in
1593 468 1674 492 secula
1690 469 1834 492 seculorum.
1851 469 1935 492 Amen.

1215 514 1270 536 235.
1286 513 1386 542 Ibidem,
1403 514 1456 537 cod.
1472 515 1543 537 chart.
1560 521 1621 538 saec.
1638 515 1689 538 XV.
1706 529 1737 532 —
1755 516 1836 544 Incipit
1857 519 1882 539 ut
1904 522 1999 544 praece-

1152 560 1209 583 dens
1226 562 1248 583 et
1264 560 1348 583 desinit
1364 567 1418 583 cum
1436 561 1486 589 ipso
1504 560 1582 584 verbis
1599 568 1650 590 cap.
1668 563 1688 584 2.
1706 569 1729 585 n.
1747 563 1788 586 II:
1808 562 1907 586 inducat
1923 563 2000 593 perfe-

1152 607 1252 631 ctionem
1268 607 1375 631 omnium
1391 607 1507 631 bonoram
1520 611 1563 631 etc.
1575 609 1627 631 Post
1638 610 1713 632 Amen
1724 610 1829 633 additur:
1842 609 1949 640 Eatplz'ctt
1959 610 2000 634 Iti-

1151 642 1277 677 nerarium
1293 654 1378 678 mentis
1395 653 1527 678 secundnm
1545 655 1747 679 Benacentnram.

1215 701 1269 724 236.
1286 701 1452 732 Stutyardiae,
1470 701 1608 725 bibliotheca
1626 702 1732 731 Publica,
1749 703 1802 726 cod.
1819 705 1888 726 theol.
1906 704 1959 727 240.
1976 704 2000 727 in

1152 748 1172 770 8.
1190 754 1251 771 saec.
1267 748 1319 771 XV.
1337 762 1368 764 —
1384 748 1478 777 Legitur
1496 749 1533 771 tol.
1554 749 1573 771 I.
1591 755 1623 771 r.:
1646 749 1827 779 Bonaventnra,
1852 752 1910 774 nota
1936 750 1999 774 bene.

1152 794 1294 823 Opusculnm
1311 795 1392 824 incipit
1409 802 1422 818 a
1432 802 1485 824 cap.
1497 796 1518 818 1.
1530 802 1552 818 n.
1564 797 1591 819 2:
1603 796 1631 820 Si
1641 795 1676 819 cis
1685 797 1792 827 pnrqari
1802 799 1912 821 converte
1924 799 1944 821 te
1956 801 2000 822 etc.

1151 845 1174 866 et
1190 843 1274 866 desinit
1290 843 1381 866 verbis:
1398 843 1435 867 Ad
1451 843 1571 867 internam
1589 843 1694 868 letitiam.
1706 844 1811 875 Escplicz’t
1822 845 1850 869 de
1861 845 1951 876 triplici
1961 845 2001 869 cia

1147 889 1302 920 purgationis
1318 890 1492 914 Bonaventnre.

1214 937 1267 960 237.
1286 937 1385 966 Ibidem,
1404 938 1456 961 cod.
1473 938 1555 967 pInIos.
1573 941 1594 961 et
1612 939 1679 961 theol.
1697 939 1719 961 in
1737 939 1759 961 4.
1776 940 1847 962 chart.
1870 945 1931 962 saec.
1948 940 1999 963 XV.

1150 996 1181 1001 -
1198 984 1303 1007 Occurrit
1320 985 1364 1007 1100
1380 986 1519 1013 opusculum
1538 986 1575 1008 sol.
1594 986 1647 1008 288.
1664 992 1684 1008 r.
1704 985 1748 1008 sub
1770 986 1847 1008 titulo:
1873 986 2001 1010 Tractatus

1151 1030 1241 1054 domini
1256 1032 1320 1055 Bone
1336 1033 1434 1056 ventare
1451 1032 1478 1056 de
1494 1032 1590 1056 stimulo
1608 1032 1755 1056 conscientie.
1773 1033 1861 1055 Desinit
1883 1033 1919 1056 fol.
1943 1033 1998 1056 297.

1150 1085 1181 1101 r.:
1198 1079 1226 1102 In
1242 1078 1290 1102 illis
1307 1080 1342 1102 est
1357 1079 1410 1109 fons
1427 1079 1483 1107 vite,
1503 1080 1553 1102 sinc
1570 1080 1616 1102 ullo
1633 1079 1800 1102 additamento.

1214 1126 1267 1148 238.
1285 1125 1385 1155 Ibidem,
1403 1125 1543 1149 bibliotheca
1560 1127 1630 1155 RegiS
1642 1127 1745 1155 privata,
1757 1127 1809 1150 cod.
1821 1127 1843 1150 5.
1855 1128 1927 1150 chart.
1940 1134 2001 1151 saec.

1150 1173 1200 1196 XV.
1218 1186 1249 1190 —
1266 1174 1312 1196 Fol.
1329 1174 1368 1196 84.
1385 1180 1403 1196 r.
1421 1177 1455 1197 est
1471 1174 1575 1197 rubrica:
1593 1175 1626 1197 De
1643 1173 1733 1204 triplici
1743 1174 1791 1198 via.
1802 1175 1873 1203 Ecce,
1886 1174 2003 1206 descripsi

1150 1226 1203 1243 eam
1220 1223 1264 1243 etc.
1282 1221 1368 1243 Desinit
1385 1221 1421 1244 sol.
1438 1222 1476 1244 93.
1493 1228 1529 1249 v.,
1547 1224 1571 1244 ut
1583 1222 1606 1244 in
1618 1221 1697 1249 editis,
1709 1222 1751 1245 sed
1762 1222 1806 1244 alia
1818 1223 1912 1245 alterius
1925 1225 2002 1246 aucto-

1150 1268 1182 1291 ris
1199 1268 1353 1291 adnectuntur
1370 1269 1490 1297 opusculo.

1214 1316 1267 1338 239.
1284 1315 1452 1339 Snessionibas
1470 1316 1493 1338 in
1509 1316 1592 1345 Gallia,
1609 1316 1747 1340 bibli0theca
1762 1316 1868 1346 Publica,
1881 1317 1934 1340 cod.
1947 1318 2001 1340 121.

1151 1363 1244 1385 miscell.
1262 1370 1322 1386 saec.
1340 1364 1391 1386 XV.
1408 1364 1516 1386 ineuntis.
1532 1376 1563 1381 —-
1580 1364 1625 1387 Fol.
1644 1365 1665 1387 sl.
1676 1371 1695 1387 r.
1707 1365 1861 1392 praemittitur
1873 1365 1998 1393 opusculo:

1152 1409 1235 1440 Incipit
1252 1409 1310 1433 liber
1327 1410 1354 1434 de
1371 1410 1460 1440 triplici
1475 1410 1514 1434 via
1528 1410 1682 1440 perveniendi
1698 1410 1730 1434 ad
1748 1410 1891 1441 sapientiam
1913 1410 2001 1441 fratris

1150 1457 1316 1480 Bonaventnre
1335 1457 1431 1481 Ordinis
1448 1458 1566 1481 Fratrum
1582 1458 1717 1486 Minornm,
1738 1458 1781 1488 qai
1796 1458 1843 1481 atio
1855 1458 1951 1482 nomine
1963 1464 2002 1482 vo-

1150 1505 1221 1527 catur
1237 1504 1376 1527 trinarium.
1393 1505 1480 1527 Desinit
1497 1506 1534 1527 fol.
1553 1505 1589 1527 12.
1607 1512 1642 1527 ν.;
1660 1504 1691 1528 Et
1706 1505 1747 1528 ltec
1764 1504 1899 1534 Seraphim.
1917 1504 2002 1535 Eoeplz'-

1151 1551 1182 1575 cit
1198 1554 1255 1580 etc,
1273 1555 1298 1575 ut
1314 1553 1336 1575 in
1355 1552 1425 1575 initio.

1214 1599 1266 1621 240.
1285 1598 1385 1628 Ibidem,
1403 1600 1456 1622 cod.
1474 1600 1526 1622 1113.
1544 1601 1615 1622 chart.
1633 1600 1656 1622 In
1673 1601 1695 1622 8.
1712 1606 1772 1622 saec.
1791 1600 1842 1622 XV.
1854 1612 1885 1616 —
1897 1600 2001 1623 Rubi-ica

1151 1646 1219 1669 huius
1236 1647 1342 1675 opusculi
1359 1649 1393 1669 est
1409 1652 1517 1674 expressa
1534 1646 1587 1669 solio
1604 1653 1623 1669 r.
1640 1647 1690 1669 sine
1706 1653 1819 1669 numero:
1835 1646 1921 1677 Incipit
1942 1646 2002 1670 liber

1151 1693 1178 1716 de
1194 1693 1283 1723 triplici
1301 1693 1338 1717 cia
1355 1700 1369 1716 a
1381 1693 1476 1717 domino
1488 1694 1658 1717 Benacentnra
1669 1693 1772 1723 elepanti
1782 1694 1835 1717 stilo
1848 1693 2002 1724 compositus.

1151 1740 1221 1769 Ecce,
1239 1740 1355 1771 descripsi
1370 1747 1423 1764 eam
1440 1745 1481 1764 etc.
1501 1741 1587 1764 Desinit
1605 1744 1629 1764 ut
1647 1742 1796 1770 praecedens.

1214 1788 1268 1811 241.
1285 1788 1385 1817 Ibidem,
1402 1789 1455 1811 cod.
1475 1789 1526 1811 118.
1537 1789 1583 1811 iam
1595 1789 1726 1817 descrIptus
1738 1791 1793 1811 tom.
1807 1790 1833 1812 V.
1845 1795 1900 1817 pag.
1915 1789 2001 1812 XXXII

1151 1843 1172 1858 n.
1192 1837 1244 1859 109.
1261 1849 1292 1853 -
1303 1837 1350 1859 Fol.
1363 1837 1398 1859 18.
1412 1843 1430 1859 r.
1442 1836 1487 1859 sub
1499 1837 1576 1859 titulo:
1590 1836 1673 1867 Incipit
1685 1838 1802 1860 tractatus
1814 1836 1842 1860 de
1857 1837 2001 1861 conscientia

1150 1883 1262 1913 rependa.
1281 1883 1368 1906 Desinit
1384 1884 1421 1906 sol.
1439 1884 1478 1906 26.
1494 1890 1530 1906 v.:
1548 1883 1713 1913 Dilectionem,
1731 1883 1774 1907 hoc
1791 1883 1926 1914 Seraphim.
1944 1884 2002 1907 Nihil

1151 1931 1214 1954 aliud
1231 1931 1333 1953 additur.

1215 1978 1268 2000 242.
1287 1977 1389 2001 Traiecti
1405 1978 1434 2000 ad
1451 1978 1570 2006 Rhenum,
1583 1977 1721 2000 bibliotheca
1734 1978 1886 2005 Academiae,
1899 1978 1951 2001 cod.
1965 1978 2004 2001 47.

1152 2025 1191 2048 int.
1210 2026 1231 2047 S.
1249 2026 1272 2047 E.
1291 2025 1385 2047 miscell.
1402 2025 1424 2047 in
1443 2025 1480 2047 sol.
1498 2030 1558 2047 seeo.
1575 2024 1627 2047 XV.
1645 2037 1675 2040 —
1693 2025 1766 2047 Huius
1783 2025 1890 2053 opusculi
1911 2025 2001 2048 initium

1151 2072 1249 2095 habetur
1267 2072 1304 2094 [01.
1323 2072 1375 2094 162.
1393 2078 1411 2094 r.
1428 2071 1472 2093 sub
1489 2070 1594 2093 rubrica:
1612 2071 1697 2101 Incipit
1711 2073 1827 2095 tractatas
1837 2078 1947 2101 parcns,·
1959 2072 2002 2095 alia

1151 2125 1234 2141 manus
1250 2119 1351 2141 addidit:
1370 2118 1424 2142 Sine
1437 2124 1544 2148 parcam
1561 2118 1650 2141 bonnm
1667 2118 1743 2142 dictus
1760 2118 1788 2142 de
1804 2118 1902 2142 stimulo
1915 2118 2003 2142 consci-

1150 2166 1221 2194 entie,
1240 2165 1381 2196 compilatus
1399 2172 1414 2188 a
1430 2166 1507 2195 fratre
1524 2166 1695 2189 Bonaventara
1711 2166 1834 2190 Mtnornm
1847 2166 1952 2190 Ordinis.
1969 2166 2002 2189 Fi-

1151 2213 1187 2235 nis
1204 2216 1237 2236 est
1254 2214 1291 2235 sol.
1310 2213 1363 2235 167.
1380 2219 1398 2235 r.
1416 2212 1507 2235 verbis:
1525 2213 1552 2235 In
1569 2212 1626 2242 ipsis
1644 2214 1679 2236 est
1689 2213 1742 2243 fons
1757 2213 1800 2236 cite
1811 2212 1844 2236 ad
1855 2215 2003 2237 creaturam.

1150 2259 1255 2290 Eaeplicit
1271 2266 1378 2289 parcum
1395 2259 1483 2283 bonam
1501 2260 1666 2283 Bonacentnre
1683 2259 1710 2283 de
1731 2260 1827 2283 stimulo
1851 2260 2001 2284 conscientie.

1215 2307 1268 2330 243.
1286 2306 1386 2335 Ibidem,
1404 2307 1456 2329 cod.
1478 2307 1526 2329 108.
1545 2307 1583 2329 int.
1601 2308 1624 2330 S.
1643 2308 1678 2336 E„
1696 2307 1726 2330 de
1750 2314 1798 2337 qno
1823 2308 1893 2331 locuti
1920 2314 2002 2331 sumus

1152 2358 1206 2377 torn.
1226 2355 1271 2377 VII.
1288 2361 1342 2382 pag.
1360 2355 1401 2377 XV
1420 2361 1442 2377 n.
1464 2355 1496 2376 10.
1509 2367 1540 2371 -
1552 2355 1597 2377 Fol.
1615 2356 1631 2376 I.
1644 2361 1674 2377 r.:
1687 2354 1771 2384 Incipit
1779 2361 1886 2384 parcam
1900 2354 2002 2384 bonnm,

1151 2401 1188 2425 cel
1204 2401 1310 2432 recimen
1331 2401 1471 2425 conscientie
1492 2402 1570 2425 sancti
1594 2402 1772 2431 Bonaeentnre,
1799 2402 1862 2432 quod
1886 2404 2002 2426 vocatur.-

1151 2448 1205 2478 fons
1222 2448 1274 2472 vite.
1292 2448 1378 2471 Eadem
1396 2451 1531 2476 repetuntur
1548 2449 1571 2470 in
1588 2448 1634 2471 fine
1652 2449 1688 2471 sol.
1712 2449 1749 2471 23.
1771 2455 1789 2471 r.
1813 2455 1855 2477 per
1872 2448 1957 2472 verba:
1975 2449 2003 2472 In

1152 2496 1201 2519 illis
1218 2497 1251 2520 est
1267 2496 1321 2525 fons
1339 2495 1391 2519 vite.

1216 2543 1268 2565 244.
1286 2542 1386 2571 Ibidem,
1404 2543 1457 2565 cod.
1474 2542 1528 2565 246.
1546 2544 1616 2565 chart.
1634 2549 1694 2565 saec.
1711 2543 1762 2565 XV.
1780 2545 1833 2571 post
1844 2543 2002 2566 medIetatem.

1152 2603 1182 2607 —
1199 2590 1263 2618 Opus
1281 2590 1360 2618 incipit
1376 2590 1420 2613 sub
1438 2590 1531 2612 nomine
1557 2590 1732 2612 Bonaventurae
1754 2594 1776 2613 ct
1800 2590 1876 2613 titulo:
1894 2590 2002 2613 Parvum

1153 2636 1248 2660 bonum.
1266 2637 1364 2659 Desinit:
1382 2637 1410 2660 In
1427 2636 1473 2660 illis
1491 2638 1525 2660 est
1541 2637 1595 2666 sons
1613 2636 1663 2660 cite.
1682 2636 1719 2660 Ad
1736 2643 1805 2666 quem
1821 2643 1865 2660 nos
1882 2636 2004 2667 perducat

1152 2683 1195 2714 qni
1208 2684 1258 2707 sine
1274 2683 1321 2714 stne
1337 2683 1394 2707 vicit
1410 2685 1432 2707 et
1448 2685 1540 2713 reqnat.
1558 2684 1641 2707 Amen.
1659 2683 1763 2713 Explicit
1777 2689 1885 2713 parcam
1897 2683 2001 2712 bonnm,

1153 2731 1216 2761 qnod
1232 2731 1303 2755 etiam
1320 2730 1406 2754 dicitnr
1423 2731 1558 2761 speculam,
1570 2730 1618 2754 sive
1630 2730 1798 2759 Itinerarinm,
1811 2730 1879 2754 rvalde
1891 2731 2003 2754 devotam

1153 2780 1175 2802 et
1189 2778 1293 2802 multum
1310 2778 1367 2801 utile
1384 2778 1416 2801 ad
1428 2778 1586 2808 pnrqanclam
1603 2777 1784 2806 conscientiam,
1808 2778 1965 2808 compositum
1987 2784 2003 2801 a

1152 2825 1281 2849 venerabili
1294 2827 1364 2855 patre
1382 2825 1498 2853 Iohanne,
1516 2827 1670 2855 coqnomento
1687 2826 1870 2854 Bonaeentara,
1883 2824 2003 2849 cardinali

1152 2873 1255 2897 Ecclesie
1272 2874 1376 2896 Romane
1393 2872 1420 2896 (le
1439 2872 1526 2896 Ordine
1542 2873 1660 2896 Fratrum
1677 2873 1807 2896 Minor-mn.

1216 2921 1270 2943 245.
1287 2919 1386 2948 Ibidem,
1405 2920 1456 2943 cod.
1474 2921 1528 2943 290.
1552 2920 1652 2943 membr.
1674 2921 1698 2943 in
1715 2920 1737 2943 4.
1754 2927 1813 2943 saec.
1839 2920 1891 2943 XV.
1907 2933 1938 2936 —
1955 2920 2001 2942 FoI.

1154 2968 1207 2991 119.
1219 2975 1242 2991 v.
1254 2969 1350 2996 legitur:
1367 2967 1451 2997 Incipit
1467 2967 1600 2996 meditatio,
1613 2974 1654 2991 sen
1668 2967 1726 2991 liber
1738 2968 1904 2991 Bonacentnre
1916 2967 2002 2996 fratris
