2133 3317
0 1083 6 1098 1
15 1077 82 1105 triplex

0 1106 17 1121 11
23 1106 83 1125 mm-

422 202 617 231 OPUSCULUM
639 201 679 230 Vt.
702 201 744 229 DE
767 200 987 229 PERFECTlONE
1008 200 1105 229 VITAE
1128 200 1170 229 AD
1191 199 1347 228 SORORES.
1369 200 1437 228 CAP.
1459 200 1500 228 VI.

93 281 166 310 enim
186 280 408 314 benevolentius,
440 287 522 316 quam
555 279 629 315 quod
660 278 794 306 Dominus
821 282 934 314 propter

93 326 164 356 servi
186 327 303 355 salutem
324 326 438 362 accipiat
459 325 530 354 servi
552 325 692 353 formam?
707 324 778 360 Quid
793 325 880 361 magis
895 325 936 353 in-

93 373 192 402 format
213 373 351 401 homiuem
372 372 406 400 ad
427 372 560 405 salutem,
581 379 665 408 quam
686 371 846 407 exemplum
869 371 936 399 tole-

93 419 170 448 randi
193 423 309 448 mortem
332 422 446 455 propter
467 418 599 446 iustitiam
621 421 649 446 et
669 417 851 446 obedientiam
867 417 936 445 divi-

93 468 182 494 nam?
203 466 272 502 Quid
295 473 361 494 vero
381 465 468 501 magis
489 464 584 493 incitat
605 464 745 492 hominem
766 463 799 491 ad
821 463 936 500 diligen-

93 512 159 541 dum
180 512 283 546 Deum,
305 519 389 548 quam
410 514 486 540 tanta
507 510 676 547 benignitas,
708 518 764 547 qua
785 517 835 546 pro
858 509 936 538 nobis

93 559 176 587 Filius
197 559 243 587 Dei
265 558 388 587 altissimi
409 558 514 594 absque
529 557 648 591 meritis,
664 557 749 585 immo
763 564 827 585 cum
842 557 936 585 multis

93 606 194 635 nostris
214 605 370 639 demeritis,
390 605 489 642 posuit
503 604 637 632 animam
651 612 740 632 sitam
753 603 787 631 ¹?
808 603 861 631 Hoc
881 606 937 631 tan-

94 655 136 681 tae
158 651 333 688 benignitatis
354 654 410 685 est,
433 654 464 679 ut
485 650 553 678 nihil
575 650 754 683 clementius,
777 649 845 678 nihil
860 649 936 677 beni-

93 698 189 735 gnius,
221 698 289 726 nibil
320 697 491 726 amicabilius
516 697 629 734 cogitari
654 696 747 733 possit.
771 696 839 724 Haec
861 695 937 724 beni-

93 744 182 782 gnitas
204 747 278 773 tanto
299 744 453 772 ostenditur
475 743 578 777 maior,
597 746 701 780 quanto
717 751 767 779 pro
783 742 861 771 nobis
875 750 937 779 gra-

94 791 171 819 viora
201 794 228 819 et
258 790 407 819 abjectiora
438 790 570 819 sustinuit
592 790 634 818 vel
656 790 709 826 pati
732 789 827 817 voluit.
862 789 937 816 Deus

94 837 182 871 enim,
203 837 256 875 qui
274 837 395 874 proprio
417 836 492 865 Filio
513 845 567 864 suo
587 844 645 864 non
658 835 803 872 pepercit,
818 835 869 863 secl
880 843 937 871 pro

93 883 175 912 nobis
196 883 330 912 omnibus
352 883 476 912 tradidit
496 882 596 916 illum,
627 882 769 920 quomodo
790 890 849 910 non
870 890 937 910 cam

94 930 141 959 illo
162 930 262 958 omnia
283 929 364 958 nobis
385 929 550 958 donavisti)
582 929 623 957 Ex
644 937 700 965 quo
731 928 881 957 invitamur
903 928 937 956 ad

93 976 183 1013 ipsum
205 976 352 1004 amandum
375 979 402 1005 et
423 979 544 1004 amatum
568 975 739 1004 imitandum.

174 1024 216 1051 10.
240 1023 294 1051 Vae
315 1030 381 1059 ergo
402 1022 455 1051 illis
477 1022 525 1059 qui
547 1025 637 1050 tantae
658 1021 834 1058 benignitatis
855 1021 937 1050 bene-

94 1069 164 1098 ficiis
184 1073 249 1098 sunt
269 1069 385 1106 ingrati,
401 1069 427 1097 in
443 1076 565 1106 quorum
579 1068 724 1097 animabus
739 1068 847 1096 nullum
863 1075 938 1096 mors

95 1116 195 1145 Christi
211 1116 293 1145 habet
306 1116 450 1145 effectum!
467 1127 481 1141 <x
494 1115 569 1149 Vide,
582 1115 671 1152 inquit
683 1115 839 1144 Bernardus
851 1115 871 1148 ⁵,
894 1123 938 1143 ca-

93 1166 145 1200 put
158 1163 259 1191 Christi
274 1163 434 1191 inclinatum
446 1162 479 1191 ad
491 1162 681 1196 osculandum,
693 1162 808 1191 brachia
822 1164 938 1190 extensa

93 1209 128 1238 ad
148 1209 381 1246 amplexandum,
413 1217 512 1238 manus
534 1209 671 1246 perfossas
691 1209 725 1237 ad
747 1209 938 1246 largiendum,

94 1256 166 1285 latus
186 1259 313 1293 apertum
334 1256 366 1284 ad
389 1256 573 1293 diligendum,
597 1256 680 1284 totius
701 1256 826 1292 corporis
840 1259 938 1284 exten-

94 1303 197 1332 sionem
218 1303 253 1331 ad
274 1310 302 1331 se
324 1306 411 1331 totum
434 1302 648 1339 impendendum
663 1314 689 1331 n.
713 1303 767 1331 Vae
789 1303 890 1331 iterum
906 1303 938 1331 il-

94 1349 128 1378 lis
145 1349 193 1386 qui
214 1349 272 1378 suis
292 1349 411 1386 peccatis
425 1357 549 1377 rursum
566 1348 716 1377 Christum
731 1349 762 1377 in
779 1348 939 1385 semetipsis

95 1395 310 1433 ci·ucifi'yentes‚
331 1404 421 1432 saper
441 1395 568 1424 (lotorem
589 1395 745 1424 vulneram
770 1396 865 1432 ipsias
889 1395 939 1424 clo-

96 1441 182 1471 lorem
204 1442 388 1471 actiicz'avnffit
402 1442 453 1471 Sed
468 1450 518 1471 vae
537 1442 618 1471 tertio
639 1442 693 1471 illis
714 1450 835 1479 quorum
855 1441 938 1470 corda

94 1489 128 1518 ad
149 1490 290 1527 planctum
310 1489 426 1518 emolliri
448 1497 502 1518 non
524 1492 649 1526 possunt,
670 1489 704 1518 ad
719 1489 937 1518 benevolentiam

94 1536 238 1573 provocari
259 1539 417 1573 nequeunt,
432 1536 466 1565 ad
487 1536 550 1565 boni
565 1536 657 1572 operis
678 1536 810 1564 virtutem
832 1535 939 1564 1111111111-

95 1591 170 1612 mare
185 1591 240 1611 non
254 1583 326 1611 valet
337 1583 404 1611 tanti
416 1582 557 1619 sauguinis
572 1585 647 1611 tanta
658 1582 765 1616 effusio,
778 1582 844 1610 tanti
858 1581 938 1618 pretii

95 1632 150 1658 tam
172 1629 268 1666 ingens
288 1629 466 1666 magnitudo!
488 1629 568 1657 Certe
589 1628 632 1657 isti
655 1629 723 1657 tales
744 1628 858 1657 inimici
871 1636 939 1656 cru—

95 1676 137 1705 cis
152 1675 262 1705 Christi
271 1676 282 1693 5
303 1676 366 1713 plus
380 1676 520 1705 Christum
531 1699 538 1710 ,
554 1676 601 1705 Dei
617 1676 712 1704 Filium
729 1676 809 1704 hodie
823 1675 857 1704 ad
871 1675 939 1704 dex-

95 1726 182 1752 teram
204 1723 251 1751 Dei
277 1723 365 1752 Patris
393 1723 532 1751 sedentem
565 1723 590 1751 in
623 1723 705 1751 caelis
733 1722 939 1759 blasphemant,

95 1777 179 1807 quam
199 1769 264 1798 olim
292 1769 383 1798 ludaei
415 1769 540 1798 fecerunt
561 1769 588 1798 in
610 1769 702 1798 crucis
722 1769 846 1806 patibulo
874 1777 939 1805 pen-

95 1816 213 1845 dentem.
229 1816 266 1845 Aa
281 1816 364 1851 tales,
380 1820 407 1845 et
421 1816 454 1845 de
469 1816 571 1845 talibus
585 1816 719 1845 Dominus
733 1815 938 1853 conquerendo,

95 1870 145 1900 per
165 1863 276 1891 beatum
298 1863 490 1892 Bernardum⁶
519 1863 642 1900 loquitur
669 1863 780 1891 dicens:
808 1874 821 1887 α
836 1863 939 1897 Homo,

95 1909 173 1944 vide,
188 1909 254 1946 quid
270 1917 321 1946 pro
342 1913 368 1938 te
390 1910 494 1946 patior;
517 1910 538 1938 si
554 1912 596 1938 est
609 1909 700 1944 dolor,
715 1910 787 1938 sicut
805 1917 860 1946 quo
875 1917 939 1937 cru-

96 1955 169 1990 ci0r;
197 1956 231 1985 ad
252 1959 278 1985 te
299 1956 387 1985 clamo
408 1956 455 1993 qui
477 1964 528 1993 pro
551 1959 577 1985 te
597 1956 717 1990 mori0r3
739 1955 801 1984 vide
822 1963 938 1991 poenas,

160 2167 168 2180 ¹
186 2169 247 2191 toan.
266 2169 307 2195 40,
326 2169 363 2191 15.
379 2182 408 2185 -
427 2169 538 2197 Superius
555 2174 597 2196 pro
615 2167 691 2191 Filius
708 2167 751 2191 Dei
765 2167 877 2191 altissimi
899 2167 938 2196 (ita

97 2208 149 2236 BE)
167 2207 217 2230 Vnt.
235 2207 278 2230 Dei
293 2207 369 2230 Filias
385 2207 523 2230 altissimas.

159 2245 168 2259 ²
185 2247 252 2269 Rom.
269 2247 296 2273 8,
313 2246 352 2268 32.
369 2259 398 2262 —
415 2247 527 2275 Superius
545 2249 596 2274 post
612 2247 677 2269 tanto
695 2246 745 2268 Vat.
763 2252 816 2268 rum
833 2245 940 2273 pluribus

97 2285 165 2308 codd.
182 2285 246 2308 addit
262 2284 346 2314 maqis.

159 2323 169 2336 ³
186 2324 249 2346 Hanc
265 2324 400 2346 sententiam
417 2324 440 2346 111
462 2324 573 2352 operibus
597 2324 706 2346 Bernardi
732 2330 777 2346 non
802 2323 939 2346 invenimus.

98 2362 143 2386 Csr.
159 2369 229 2391 supra
247 2369 300 2391 pag.
318 2362 341 2384 tt
353 2380 358 2389 ,
376 2365 427 2385 nota
446 2363 467 2384 3.
485 2363 515 2384 Ex
533 2363 549 2384 B
561 2362 722 2390 supplevimus
733 2361 831 2385 brachia
842 2363 941 2385 eoetensa

97 2401 130 2424 ad
144 2401 341 2431 ampleoeandnm.

160 2440 170 2453 ⁴
186 2440 255 2463 Hebr.
272 2442 300 2468 6,
312 2441 338 2463 6:
351 2441 451 2463 Rursum
463 2441 624 2468 crucifigentes
635 2440 784 2468 sibimetipsis
795 2440 877 2462 Filium
890 2440 939 2462 Dei.

99 2480 135 2503 ΡΒ.
151 2480 194 2507 68,
212 2479 253 2502 27:
271 2480 345 2508 Super
362 2480 464 2502 dolorem
482 2480 605 2502 vulnerum
624 2485 729 2501 nieorum
747 2479 893 2502 addiderunt.
911 2492 941 2495 —

100 2518 193 2541 inferius
210 2517 307 2541 vocibus
323 2524 427 2547 qnorum
443 2517 516 2541 corda
535 2518 576 2540 DF
588 2518 726 2540 interserunt
737 2517 811 2545 dara,
823 2521 846 2540 et
856 2524 899 2546 pro
911 2517 942 2540 aa

100 2555 281 2580 benevolentiam
294 2556 425 2586 provocari
440 2558 558 2586 nequeunt
575 2557 613 2585 (ita
625 2557 650 2584 B)
663 2555 680 2578 C
690 2556 705 2578 F
716 2555 748 2578 ad
759 2555 942 2579 benevolentiam

99 2601 230 2624 provocare
245 2595 325 2624 nequit
342 2595 434 2623 (supple
449 2601 477 2617 ex
493 2601 558 2624 seqq.
576 2594 638 2618 tanti
652 2594 777 2623 sanquinis
799 2596 866 2617 lanta
886 2593 942 2624 effa-

99 2633 157 2663 δίο),
176 2635 225 2657 Vat.
243 2641 317 2664 neque
333 2634 366 2657 ad
381 2634 565 2657 benevolentiam
581 2634 720 2663 provocari,
737 2640 798 2662 quae
809 2634 877 2656 etiam
889 2633 942 2655 sub-

100 2673 154 2695 inde
171 2677 223 2701 post
238 2679 287 2696 non
303 2673 366 2696 valet
381 2673 529 2702 prosequitur
546 2674 613 2696 lanta
629 2672 711 2703 effusio
728 2672 866 2702 sanquinis,
886 2672 942 2702 effu-

100 2711 135 2735 sio
151 2712 212 2735 tanti
224 2712 307 2741 prelii,
324 2713 374 2735 tam
390 2712 472 2741 ingens
488 2711 637 2741 magnitudo.

163 2750 172 2763 ⁶
189 2751 318 2779 Respicitur
334 2751 390 2774 Phil.
407 2752 433 2778 3,
452 2752 488 2773 18.
507 2764 535 2767 -
553 2751 647 2773 inferius
664 2757 706 2779 pro
723 2750 887 2780 blasphemant
903 2751 941 2779 tita

101 2790 118 2812 B
127 2789 144 2812 C
153 2790 178 2818 F)
196 2791 246 2813 Vat.
264 2790 414 2820 crucifiqunt.

163 2827 173 2841 ⁶
189 2828 233 2852 Csr.
250 2835 320 2857 supra
338 2835 393 2857 pag.
411 2828 452 2856 40,
469 2831 521 2851 nota
533 2829 555 2851 7.
567 2829 603 2851 Fr.
615 2829 692 2857 Mone,
704 2828 788 2856 Hymni
800 2829 860 2851 latini
873 2828 941 2851 medii

102 2867 160 2895 aevi,
172 2874 193 2896 p.
206 2868 221 2890 l.
233 2873 286 2896 pag.
305 2868 361 2895 t72,
375 2868 431 2890 inter
443 2868 542 2895 hymnos
554 2866 676 2890 Bernardo
689 2867 787 2889 tributos
798 2868 862 2889 affert
874 2867 942 2889 etiam

102 2906 255 2933 fragmentum
272 2906 392 2929 cuiusdam
410 2906 518 2929 carminis
535 2906 698 2934 (Bernardus,
716 2905 739 2928 in
754 2912 859 2935 persam
877 2906 944 2929 Chri-

102 2943 145 2972 sti,
159 2944 276 2974 prolapus
290 2944 409 2974 primus),
426 2945 493 2967 cuius
508 2948 607 2973 quatuor
624 2945 730 2967 versiculi
747 2944 825 2972 <ceteri
838 2945 943 2974 desunt),

104 2989 148 3005 uno
165 2986 272 3011 excepto,
289 2983 428 3006 conveniunt
444 2989 497 3006 cuni
515 2984 563 3006 istis
584 2983 623 3012 qui
640 2984 677 3006 hic
694 2983 844 3012 exliibentur;
865 2990 944 3006 secun-

1780 198 1834 228 123

991 278 1094 314 quibus
1114 278 1235 312 affici0r;
1257 278 1318 306 vide
1339 278 1446 312 clavos,
1467 277 1570 315 quibus
1594 276 1742 306 confodior.
1765 276 1834 304 Cum

992 325 1026 353 sit
1043 328 1134 353 tantus
1144 325 1222 353 dolor
1234 325 1373 358 exterior,
1388 325 1435 353 sed
1450 324 1566 353 interior
1580 324 1707 361 planctus
1721 326 1762 352 est
1776 330 1835 360 gra-

991 370 1067 405 vior,
1089 370 1156 399 dum
1178 374 1205 399 te
1226 371 1264 399 sic
1284 371 1425 408 ingratum
1446 371 1577 408 experior
1592 382 1618 399 ι).

1074 418 1117 444 11.
1139 417 1210 445 Cave
1230 417 1324 453 igitur,
1347 420 1450 452 mater,
1472 425 1553 451 cave,
1575 425 1609 446 ne
1631 419 1706 445 tanto
1727 416 1834 453 ingrata

992 463 1029 490 sis
1050 463 1197 497 beneficio,
1219 472 1253 492 ne
1274 467 1349 492 tanto
1372 472 1421 500 pro
1443 467 1469 493 te
1489 464 1552 492 dato
1574 463 1700 492 indevota
1720 463 1758 491 sis
1773 470 1835 499 pre-

992 508 1047 542 tio3
1070 509 1117 537 sed
1138 517 1208 545 pone
1230 509 1318 538 lesum
1339 510 1480 538 Christum
1503 510 1670 539 crucifixum
1698 509 1776 538 sicut
1795 508 1835 537 si-

990 555 1153 592 gnaculum
1184 564 1273 592 saper
1294 565 1345 584 cor
1366 558 1483 591 11101117,
1505 561 1552 591 ut,
1574 557 1646 585 sicut
1666 557 1785 593 sigillum
1807 556 1833 585 in

992 609 1056 630 cera
1076 602 1168 635 molli,
1190 602 1228 630 sic
1251 602 1338 630 lesum
1354 603 1489 639 Sponsum
1507 607 1584 632 tuum
1601 604 1743 640 imprimas
1760 603 1835 632 cordi

993 651 1041 677 tuo
1061 651 1088 677 et
1108 648 1182 677 dicas
1203 657 1266 677 cum
1290 649 1443 686 Propheta:
1465 651 1588 679 Factam
1610 655 1651 678 est
1671 659 1721 678 eor
1739 659 1835 679 meam

993 697 1136 732 tanquam
1158 703 1227 723 cera
1248 695 1413 732 liquescens.
1437 696 1507 725 Pone
1528 705 1591 725 eum
1624 698 1705 725 etiam
1736 700 1769 725 at
1795 696 1835 725 si-

991 740 1152 777 qnaealanz
1166 749 1256 778 saper
1271 740 1425 769 brachium
1441 746 1524 770 lttttm
1535 743 1546 758 a
1556 765 1564 776 ,
1580 746 1610 771 ut
1625 743 1751 771 videlicet
1765 751 1836 771 111111-

993 795 1076 824 quam
1097 787 1206 816 desinas
1227 787 1330 816 bonum
1351 788 1476 824 operari,
1498 797 1640 826 nunquam
1662 790 1784 826 fatigeris
1799 790 1837 817 la—

993 834 1092 862 borare
1124 842 1175 870 pro
1205 834 1315 863 nomine
1346 835 1454 863 Domini
1487 835 1565 869 lesu;
1588 836 1633 864 sed
1656 844 1718 864 cum
1746 836 1837 864 omnia

993 884 1106 917 operata
1127 881 1227 915 fueris,
1250 884 1316 909 tunc
1337 881 1458 918 primum
1481 882 1585 918 incipe,
1607 883 1685 919 quasi
1711 883 1778 911 nihil
1800 883 1837 911 se-

994 927 1073 956 ceris.
1105 927 1131 955 Si
1163 931 1256 956 autem
1291 928 1438 964 aliquando
1472 928 1575 964 aliquid
1608 929 1701 963 triste,
1733 929 1837 966 aliquid

993 982 1094 1011 grave,
1116 974 1220 1010 aliquid
1242 974 1339 1008 taedii,
1360 974 1464 1011 aliquid
1485 975 1677 1003 amaritudinis
1691 976 1836 1010 acciderit,

995 1020 1037 1049 vel
1058 1024 1132 1049 certe
1154 1020 1176 1049 si
1197 1020 1345 1058 aliquando
1376 1021 1487 1058 aliquod
1516 1021 1619 1050 bonum
1647 1022 1836 1058 desipuerit9,

994 1067 1084 1095 statim
1108 1075 1237 1095 recurras
1258 1067 1291 1095 ad
1313 1067 1481 1096 crucifixum
1504 1068 1592 1096 lesum
1624 1068 1787 1104 pendentem
1809 1068 1837 1097 in

994 1121 1097 1147 cruce;
1120 1114 1214 1151 ibique
1236 1114 1345 1142 intuere
1366 1122 1495 1143 coronam
1518 1115 1656 1151 spineam,
1678 1114 1770 1143 clavos
1784 1115 1838 1143 fer—

994 1168 1072 1194 reos,
1095 1161 1216 1189 lanceam
1240 1161 1348 1195 lateris;
1380 1161 1474 1198 ibique
1505 1161 1692 1197 contemplare
1723 1161 1837 1190 vulnera

994 1207 1094 1244 pedum
1124 1211 1151 1236 et
1181 1208 1298 1236 vulnera
1328 1215 1478 1240 manuum,
1506 1208 1623 1236 vulnera
1644 1208 1756 1244 capitis,
1778 1209 1838 1237 vul-

994 1262 1048 1282 nus
1070 1254 1178 1288 lateris,
1199 1254 1316 1283 vulnera
1338 1254 1422 1283 totius
1444 1254 1584 1291 corporis,
1607 1254 1746 1288 recolens,
1774 1255 1839 1292 quia

994 1301 1041 1337 qni
1064 1301 1103 1330 sic
1124 1309 1175 1337 pro
1198 1303 1223 1329 te
1244 1309 1343 1337 passus
1364 1301 1431 1335 fuit,
1463 1301 1510 1338 qui
1540 1309 1591 1337 pro
1613 1305 1638 1330 te
1660 1304 1736 1329 tanta
1757 1301 1839 1330 susti-

994 1347 1068 1381 nuit,
1089 1350 1226 1384 quantum
1243 1350 1268 1376 te
1282 1348 1424 1376 amaverit.
1447 1347 1534 1376 Crede
1556 1348 1640 1381 mihi,
1662 1348 1728 1384 quia
1746 1348 1837 1376 statim

995 1393 1040 1422 tali
1063 1393 1167 1422 intuitu
1198 1402 1279 1423 omne
1312 1394 1390 1422 triste
1415 1394 1534 1428 laetum,
1556 1402 1636 1423 omne
1657 1403 1742 1431 grave
1764 1395 1838 1429 leve,

994 1448 1076 1468 omne
1098 1440 1248 1468 taediosum
1271 1441 1404 1474 amabile,
1426 1449 1557 1478 asperum
1588 1441 1669 1470 dulce
1701 1445 1728 1470 et
1755 1449 1839 1470 suave

995 1486 1132 1523 reperies,
1154 1487 1193 1515 sic
1215 1490 1246 1516 ut
1267 1491 1294 1516 et
1308 1491 1338 1516 tu
1354 1488 1510 1516 exclamare
1525 1496 1589 1516 cum
1602 1488 1683 1516 beato
1698 1488 1743 1516 Iob
1756 1488 1778 1505 ¹⁰
1798 1489 1839 1517 in-

995 1534 1079 1571 cipias
1100 1538 1127 1563 et
1147 1534 1240 1563 dicas:
1274 1535 1355 1570 Quae
1374 1534 1462 1571 prius
1482 1535 1577 1563 noluit
1597 1538 1715 1572 tanyere
1735 1535 1839 1564 anima

994 1589 1075 1615 mea,
1098 1590 1177 1609 nunc
1194 1590 1269 1618 prae
1290 1582 1444 1618 anyzistz'a,
1477 1582 1610 1618 passionis
1641 1582 1758 1616 Christi,
1783 1582 1841 1611 cibi

995 1628 1052 1656 mei
1071 1631 1157 1662 sunt,
1178 1636 1209 1656 ac
1231 1628 1252 1657 si
1274 1628 1399 1657 diceres:
1421 1628 1508 1662 bona,
1540 1636 1611 1665 quae
1633 1628 1711 1665 prius
1732 1629 1839 1658 animae

996 1682 1073 1703 meae
1093 1674 1278 1711 desipiebant,
1301 1683 1375 1703 nunc
1396 1678 1509 1712 propter
1531 1675 1685 1712 angustiam
1707 1675 1840 1712 passionis

995 1721 1112 1755 Christi,
1134 1730 1217 1759 quam
1233 1722 1326 1756 video,
1341 1722 1432 1750 dulcia
1452 1725 1480 1750 et
1500 1722 1670 1751 delectabilia
1690 1722 1761 1751 sacta
1775 1725 1840 1751 sunt

995 1768 1071 1797 mibi.
1084 1785 1123 1789 ——
1137 1769 1212 1797 Unde
1228 1769 1369 1806 legitur¹¹,
1384 1769 1458 1806 quod
1473 1769 1594 1806 quidam,
1609 1777 1673 1798 cum
1688 1777 1839 1798 conversus

995 1815 1092 1844 fuisset
1112 1815 1146 1844 ad
1168 1815 1343 1852 religionem,
1366 1816 1486 1844 inultum
1508 1816 1597 1845 factus
1625 1819 1666 1845 est
1694 1816 1839 1852 impatiens

996 1865 1110 1899 propter
1130 1862 1305 1898 asperitatem
1327 1862 1453 1891 ciborum
1483 1866 1510 1891 et
1541 1866 1697 1891 ceterarum
1719 1862 1839 1899 discipli-

996 1916 1095 1936 narum
1127 1908 1285 1945 religionis;
1313 1912 1340 1937 et
1361 1917 1424 1937 cum
1446 1909 1485 1938 sic
1506 1917 1542 1938 ex
1563 1909 1647 1938 nimia
1672 1909 1841 1946 impatientia

996 1954 1169 1991 angustiatus
1189 1954 1301 1989 fuisset,
1323 1955 1440 1991 procidit
1462 1959 1524 1984 ante
1546 1956 1691 1993 imaginem
1707 1955 1840 1984 Crucifixi

996 2167 1040 2189 dus
1058 2167 1105 2196 (qui
1123 2167 1191 2190 etiam
1208 2168 1320 2190 omittitur
1337 2174 1349 2190 a
1369 2168 1391 2190 S.
1403 2168 1489 2190 Bonav.
1498 2185 1503 2195 ‚
1515 2168 1547 2190 lll.
1560 2169 1621 2191 Sent.
1633 2168 1655 2191 d.
1672 2168 1705 2191 l6.
1718 2174 1738 2190 a.
1751 2170 1772 2190 2.
1784 2175 1806 2197 q.
1819 2169 1840 2190 3.

996 2206 1017 2228 111
1035 2206 1089 2235 sine)
1106 2209 1128 2228 et
1144 2209 1240 2235 quartus
1258 2209 1332 2228 tamen
1359 2207 1501 2229 omittuntur.
1526 2207 1578 2229 Vat.
1601 2207 1692 2230 ultimos
1715 2208 1842 2230 versiculos

996 2245 1028 2267 sic
1045 2245 1165 2273 proponit:
1183 2246 1208 2268 Et
1223 2252 1277 2268 cum
1295 2246 1323 2268 sit
1340 2248 1415 2268 tantus
1432 2246 1498 2268 dolor
1515 2246 1609 2269 interior
1627 2249 1648 2269 et
1660 2247 1768 2274 exterior,
1781 2247 1842 2274 plan-

996 2287 1046 2306 ctus
1063 2287 1097 2306 est
1113 2285 1220 2313 gravior⁷
1237 2290 1290 2306 cum
1308 2288 1329 2307 te
1345 2285 1378 2307 sic
1395 2285 1506 2313 experior.

1060 2322 1068 2336 ⁷
1085 2323 1150 2346 Cant.
1168 2324 1194 2353 8,
1212 2324 1234 2346 6.
1250 2336 1281 2340 —
1298 2324 1406 2353 Sequitur
1424 2325 1457 2346 ΡΞ.
1476 2325 1517 2351 21,
1536 2325 1572 2347 15.

1060 2361 1069 2374 ³
1086 2362 1150 2385 Cant.
1168 2364 1194 2391 8,
1212 2363 1234 2385 6.
1249 2375 1280 2380 —
1298 2362 1402 2386 Subinde
1424 2364 1545 2391 respicitur
1567 2364 1613 2386 Gal.
1637 2364 1663 2391 6,
1682 2364 1702 2386 9.
1721 2370 1782 2393 seq.:
1799 2365 1842 2386 Bo-

997 2406 1053 2422 num
1071 2404 1146 2423 autem
1165 2402 1283 2427 facientes,
1301 2407 1348 2423 non
1366 2401 1524 2423 deficiamus...
1542 2408 1611 2429 ergo,
1628 2402 1684 2424 dum
1697 2404 1788 2430 tempus
1805 2403 1842 2424 ha-

998 2438 1093 2467 bemus,
1109 2446 1234 2467 operemur
1251 2439 1338 2462 honum
1356 2443 1399 2462 etc.
1413 2453 1440 2456 —
1453 2440 1547 2463 inferius
1564 2443 1616 2462 ante
1628 2440 1725 2470 operari
1735 2446 1762 2462 ex
1774 2441 1790 2462 B
1800 2440 1816 2463 C
1826 2441 1842 2463 F

997 2478 1158 2505 supplevimus
1175 2477 1269 2501 borrani.

1061 2515 1071 2528 ⁹
1088 2516 1161 2539 Codd.
1178 2516 1245 2539 BCF
1261 2517 1384 2546 desiperet.

1062 2555 1080 2570 ¹⁰
1097 2555 1152 2583 Cap.
1170 2556 1197 2583 6,
1213 2556 1239 2583 7,
1257 2555 1297 2578 ubi
1314 2562 1357 2584 pro
1373 2556 1451 2579 noluit
1468 2556 1565 2584 Vulgata
1577 2555 1683 2584 nolebat,
1698 2559 1720 2579 et
1731 2563 1773 2585 pro
1782 2563 1843 2586 prae

998 2594 1110 2623 anyusli'a
1136 2595 1185 2616 vat.
1207 2596 1304 2623 propter
1326 2595 1462 2624 anyustias,
1486 2601 1546 2623 quae
1568 2595 1636 2617 etiam
1659 2598 1711 2623 post
1732 2594 1778 2618 cibi
1798 2595 1844 2618 mei

998 2634 1065 2660 sunl,
1083 2633 1167 2655 omissa
1184 2634 1331 2661 explicatione
1349 2639 1361 2655 a
1380 2633 1445 2656 BCF
1468 2634 1579 2662 exhibita,
1602 2634 1749 2662 prosequitur
1770 2640 1842 2663 qaam

998 2671 1078 2695 dulcia
1102 2673 1124 2695 et
1148 2671 1292 2695 delectabilia
1316 2672 1380 2702 sacta
1404 2673 1467 2695 sant.
1492 2672 1536 2695 Csr.
1564 2673 1674 2701 Gregor„
1697 2673 1741 2695 Vll.
1766 2673 1842 2695 Moral.

998 2717 1018 2734 c.
1037 2711 1073 2733 15.
1090 2717 1112 2733 11.
1130 2711 1166 2733 18.

1061 2749 1079 2762 ¹¹
1091 2750 1153 2772 idem
1162 2750 1244 2778 legitur
1256 2750 1279 2772 in
1291 2750 1402 2772 Chronice
1415 2750 1489 2772 XXlV
1499 2751 1643 2773 Generalium
1655 2751 1768 2779 (Analecta
1777 2752 1842 2773 Fran⁴

998 2789 1101 2816 ciscana,
1119 2792 1173 2812 tom.
1191 2789 1223 2812 lll.
1241 2789 1390 2818 Quat-acchi),
1407 2789 1452 2811 sub
1469 2790 1571 2817 generali
1588 2790 1691 2812 ministro
1714 2791 1796 2813 loanne
1813 2791 1843 2813 de

999 2829 1079 2851 Parma
1098 2828 1285 2856 (praedecessore
1303 2830 1325 2850 S.
1343 2829 1539 2858 Bonaventurae),
1552 2829 1584 2851 tit.
1597 2828 1703 2856 Qualiter
1713 2829 1781 2859 pavit
1795 2830 1843 2859 fra-

999 2869 1047 2890 tres
1059 2867 1108 2890 cibo
1120 2866 1219 2896 qloriae.
1230 2867 1275 2890 Csr.
1288 2868 1354 2890 Marc.
1366 2868 1396 2890 de
1408 2868 1550 2896 Ulyssipone,
1562 2867 1667 2891 Chronic.
1678 2874 1699 2896 p.
1710 2869 1733 2891 ll.
1743 2868 1794 2891 libr.
1806 2869 1842 2891 lV.

1000 2912 1019 2928 c.
1038 2907 1074 2928 10.
1093 2918 1124 2923 -
1141 2906 1235 2928 lnterius
1252 2912 1294 2934 pro
1311 2906 1412 2929 maltum
1439 2906 1516 2936 sactus
1539 2908 1572 2930 est
1593 2906 1716 2936 impatiens
1735 2907 1773 2934 (ita
1791 2907 1842 2936 BC)

1000 2945 1051 2968 Vat.
1064 2945 1087 2968 in
1100 2946 1193 2968 tantum
1204 2945 1282 2975 factus
1293 2946 1327 2968 est
1339 2945 1470 2975 impatiens,
1482 2948 1504 2968 et
1515 2952 1557 2974 pro
1569 2952 1599 2969 ea:
1611 2945 1685 2969 nimia
1697 2945 1843 2975 impatientia

1000 2984 1016 3006 C
1026 2984 1044 3006 D
1054 2984 1069 3006 F
1086 2990 1117 3007 ea:
1134 2983 1240 3007 hamana
1257 2983 1412 3013 impatientia.

1852 423 1966 443 Admonitio-

1856 935 1968 955 Notandum.

1857 1776 1973 1800 Exemplum.
