2133 3317
5 377 7 389 1

4 475 7 516 ἶ
35 459 38 462 ,

4 517 6 525 1

4 581 6 599 1

4 613 6 625 1

11 657 100 686 unit-versio

31 684 55 701 ω
66 686 85 700 in

5 982 93 1004 nundum.

33 1691 98 1713 nautae

8 1711 94 1736 emtionis

21 1735 72 1752 entis.

444 199 641 228 OPUSCULUM
662 200 704 228 Vl.
727 200 769 228 DE
791 200 1013 229 PERFECTlONE
1036 200 1132 229 VITAE
1153 200 1196 229 Al]
1218 200 1374 229 SORORES.
1397 200 1464 229 CAP.
1487 200 1518 229 V.

94 277 205 307 -Oratio
219 277 291 306 enim
308 277 470 306 hausorium
491 279 548 310 est,
563 285 619 314 quo
633 277 752 313 Spiritus
767 278 852 306 sancti
868 278 956 314 gratia

82 320 241 354 hauritur
262 323 295 352 de
310 323 384 352 fonte
399 322 622 359 supereffluentis
636 322 789 351 dulcedinis
804 323 878 352 illius
892 323 955 352 bea-

111 370 232 399 tissimae
253 369 403 398 Trinitatis.
426 370 458 397 Et
478 369 530 398 hoc
555 373 690 406 expertus
717 372 777 398 erat
801 369 845 398 ille
873 369 956 398 devo-

111 417 233 446 tissimus
261 417 396 453 propheta
424 416 526 450 David,
552 416 598 453 qui
626 416 771 445 dicebatl:
796 416 834 445 Os
858 425 955 445 meum

110 463 217 500 aperui
236 467 260 491 et
282 463 399 491 attraxi
418 463 565 500 spiii.tum
591 463 628 491 Os
647 471 742 491 meum
766 463 889 500 aperui,
915 463 956 491 di-

110 510 147 539 cit
163 510 275 538 Glossa:
302 521 316 534 «
330 509 453 543 Orand0‚
475 509 646 546 quaerendo,
668 510 803 546 pulsando
817 521 844 544 ι),
865 513 891 538 et
912 514 956 538 at-

110 556 192 585 traxi
217 556 373 592 spiritum,
395 555 461 584 dicit
489 556 598 585 Glossa:
624 568 638 581 α
653 556 680 585 10
701 559 743 585 est
766 556 845 585 hausi
861 568 888 584 ».
917 573 956 577 -—

110 602 239 639 Nunquid
261 602 315 630 iarn
336 610 390 631 non
415 602 473 631 dixi
506 603 570 636 tibi,
593 603 659 640 quid
691 603 725 632 sit
755 603 866 631 oratio?
888 603 954 631 Audi

111 649 233 678 iterum:
260 649 381 677 «Oratio
409 653 450 678 est
478 649 621 678 conversio
649 650 750 678 mentis
775 650 801 678 in
824 650 912 678 Deum
928 661 954 678 n.

64 718 69 723 .
111 696 157 724 Vis
178 695 265 729 scire,
287 696 425 732 quomodo
445 700 565 725 mentem
588 699 664 725 tuam
692 696 720 724 10
745 696 833 725 Deum
855 696 955 725 debeas

110 745 294 771 convertere?
315 742 434 771 Intende.
466 743 534 771 Cum
565 746 621 772 stas
651 743 678 771 in
710 743 848 777 oratione,
870 746 954 771 totam

109 788 192 817 debes
212 788 385 825 temetipsam
418 789 547 826 colligere
574 792 602 818 et
632 797 695 818 cum
726 789 825 818 dilecto
853 793 901 818 tuo
927 789 954 817 in

110 834 269 864 cubiculum
291 835 382 863 cordis
404 835 443 864 tui
467 836 571 872 ingredi
599 839 627 864 et
648 836 705 864 sola
734 844 796 864 cum
819 836 876 864 solo
897 843 955 864 mo-

109 881 181 915 rari,
209 881 332 910 omnium
363 882 536 910 exteriorum
565 882 687 910 oblivisci
716 885 743 910 et
771 885 827 910 toto
856 881 954 916 corde,

110 930 167 956 tota
186 931 293 961 mente,
316 931 372 956 toto
400 928 516 962 affectu,
538 931 594 957 toto
619 928 770 962 desiderio,
793 931 848 957 tota
873 928 955 957 devo-

110 975 183 1003 tione
203 974 287 1004 debes
308 978 335 1004 te
356 975 447 1004 levare
468 983 554 1012 supra
575 978 601 1003 te
613 976 632 1003 2.
655 976 707 1004 Nec
728 975 812 1004 debes
838 975 873 1004 ab
893 983 956 1004 ora-

110 1021 183 1050 tione
203 1022 331 1059 spiritum
353 1023 496 1056 relaxare,
525 1023 571 1051 sed
594 1023 698 1051 tamdiu
726 1031 776 1060 per
803 1022 956 1052 devotionis

109 1067 237 1096 ardorem
259 1076 370 1097 sursum
393 1069 556 1103 ascendere,
578 1069 664 1098 donec
680 1069 843 1106 ingrediaris
864 1069 894 1097 in
916 1068 955 1097 lo—

110 1123 178 1143 cum
209 1115 393 1144 tabernaculi
424 1115 610 1144 admirabilis
643 1125 733 1154 usque
765 1116 804 1144 1111
835 1116 955 1144 domum

110 1161 163 1190 Dei
174 1161 195 1196 ³,
216 1165 243 1190 et
265 1162 301 1190 ibi
325 1165 476 1199 utcumque
497 1162 588 1191 cordis
609 1163 689 1191 oculo
708 1162 806 1191 dilecto
827 1166 875 1191 tuo
897 1162 955 1191 viso

110 1211 137 1237 et
158 1211 311 1245 utcumque
332 1209 496 1246 (lepusculo,
518 1217 606 1247 quam
623 1210 726 1237 suavis
740 1213 781 1238 est
798 1209 954 1243 Dominus,

110 1258 137 1284 et
157 1264 246 1293 quam
265 1264 376 1293 mayna
398 1255 551 1284 multitudo
572 1256 733 1284 dulcedinis
750 1256 826 1289 eius,
848 1256 875 1284 in
897 1264 956 1284 am-

110 1302 211 1339 plexus
232 1302 291 1331 eius
313 1310 394 1336 ruas,
416 1303 558 1339 impressis
579 1302 657 1331 labiis
676 1303 789 1331 intimae
803 1303 955 1332 devotionis

110 1348 204 1377 oscula
225 1349 308 1385 figas,
330 1353 361 1377 ut
382 1349 420 1378 sic
442 1352 497 1377 tota
518 1358 534 1377 a
555 1352 581 1377 te
602 1349 734 1383 alienata,
756 1352 813 1378 tota
840 1349 866 1377 in
894 1358 955 1378 cae-

109 1395 168 1423 lum
189 1399 283 1432 rapta,
306 1398 363 1424 tota
384 1396 410 1424 in
432 1396 573 1425 Christum
595 1395 802 1429 transformata,
828 1404 881 1424 non
910 1404 955 1424 va-

109 1441 165 1470 leas
186 1442 315 1470 cohibere
336 1442 465 1479 spiritum
487 1445 583 1476 tuum,
599 1442 644 1471 sed
659 1442 798 1471 exclames
812 1450 876 1471 cum
891 1451 955 1479 pro-

110 1488 194 1524 pheta
224 1488 334 1517 David4
365 1492 391 1517 et
422 1488 515 1517 dicas:
546 1488 649 1517 Renuit
675 1488 823 1517 consolari
852 1489 955 1518 anima

110 1543 191 1567 mea,-
212 1544 322 1564 memor
342 1534 392 1572 fui
413 1536 465 1564 Dei
484 1539 510 1564 et
530 1535 684 1564 delectatus
704 1544 780 1564 sum.

189 1582 215 1610 6.
237 1582 271 1610 Ut
291 1585 383 1611 autem
413 1590 460 1611 cor
489 1585 585 1617 tuum,
610 1586 698 1611 mater
727 1582 884 1617 carissima,
906 1591 955 1619 per

110 1628 281 1657 devotionem
303 1629 435 1658 orationis
456 1629 602 1658 sublimius
623 1629 747 1658 elevetur
762 1632 789 1657 et
803 1628 955 1658 ferventius

110 1675 144 1703 ad
166 1675 252 1704 Deum
264 1675 275 1692 ⁵
297 1675 501 1710 inflammetur,
523 1679 588 1704 nota
602 1676 761 1712 diligenter,
777 1675 851 1713 quod
866 1676 955 1705 tribus

110 1722 143 1750 de
174 1722 265 1751 causis
296 1722 322 1750 in
355 1722 454 1751 mentis
485 1723 675 1751 alienationem
697 1722 881 1751 deducimur:
906 1723 955 1751 ali-

111 1768 221 1806 quando
242 1776 308 1806 prae
329 1769 517 1806 magnitudine
533 1769 705 1803 devotionis,
721 1769 868 1806 aliquando
888 1777 955 1806 prae

175 2048 183 2061 ¹
201 2049 283 2071 Psalm.
303 2049 359 2076 118,
381 2050 430 2071 131.
447 2062 479 2066 -
495 2049 573 2072 6105511
586 2049 607 2072 10
621 2051 681 2072 hunc
694 2050 770 2072 10011111
782 2053 817 2073 est
832 2049 957 2073 ordinaria

113 2094 140 2111 ex
157 2088 266 2116 August„
283 2088 386 2111 Enarrat.
408 2088 430 2111 in
453 2089 488 2111 Ps.
512 2089 564 2111 118.
587 2095 655 2111 serm.
674 2089 712 2111 27.
728 2095 750 2111 n.
770 2089 798 2111 4:
816 2089 915 2119 Aperuit
931 2095 957 2112 os

113 2127 225 2155 petendo,
242 2127 390 2156 quaerendo,
407 2127 532 2155 pulsando,
549 2131 571 2150 et
592 2128 670 2150 sitiens
691 2128 766 2150 hausit
790 2128 896 2156 spiritum
916 2127 958 2150 bo-

113 2172 182 2194 num,
199 2166 260 2188 unde
277 2167 361 2188 faceret
383 2166 447 2195 quod
465 2172 506 2194 per
531 2172 556 2189 se
575 2167 652 2194 ipsum
673 2173 719 2189 non
742 2170 831 2194 poterat
852 2170 895 2189 etc.
912 2166 956 2189 Csr.

113 2205 172 2227 Petr.
197 2204 321 2227 Lombard.
347 2205 367 2227 in
394 2206 455 2228 11000
481 2205 566 2228 locum.
591 2205 691 2228 Mutilum
714 2206 833 2228 lectionem
853 2206 903 2228 Vat.
926 2205 957 2229 Os

113 2250 193 2267 meum
209 2243 295 2273 aperui
310 2243 377 2272 dicit,
395 2245 416 2267 et
433 2243 504 2267 hausi
520 2245 662 2267 correximus
678 2251 704 2267 ex
722 2245 738 2266 B
748 2244 764 2267 C
774 2245 797 2267 F.

176 2281 185 2294 ²
203 2282 332 2310 Respicitur
349 2283 433 2305 Thren.
452 2283 478 2309 3,
496 2284 540 2305 28:
558 2283 651 2306 Sedebit
676 2283 791 2306 solitarius
816 2286 838 2306 et
862 2283 957 2312 tacebit,

114 2321 168 2351 quia
185 2321 270 2343 levavit
287 2327 357 2349 super
374 2327 413 2348 se,
431 2323 472 2344 cfr.
489 2328 558 2349 supra
576 2328 596 2344 0.
615 2322 636 2344 4.
652 2328 674 2344 n.
692 2323 714 2344 3.
731 2322 754 2344 in
772 2322 825 2344 fine.
841 2335 872 2338 —
888 2323 958 2350 Supe-

114 2360 162 2383 rius
179 2366 222 2388 010
239 2361 313 2383 totam
330 2359 395 2383 debes
413 2360 558 2390 temetipsam
575 2360 685 2390 colligere
703 2361 741 2389 (ita
759 2361 788 2388 B,
806 2361 842 2384 eui
861 2367 958 2384 consen-

115 2399 174 2422 tiunt
190 2399 243 2427 CF,
260 2399 299 2428 qui
317 2402 392 2421 tamen
411 2400 463 2422 voci
479 2399 546 2422 debes
563 2400 695 2427 praefigunt
711 2400 746 2429 tu)
764 2400 814 2422 Vat.
838 2401 864 2423 tu
885 2401 958 2423 totam

115 2437 181 2461 debes
198 2437 223 2461 in
239 2439 261 2461 te
277 2437 354 2468 ipsam
371 2439 506 2461 contertere
523 2439 544 2461 et
561 2438 682 2467 colliget-,e
699 2444 760 2467 quae
776 2438 844 2461 etiam
857 2445 899 2466 pro
911 2440 958 2461 toto

116 2476 185 2500 corde
202 2476 241 2505 (ita
259 2477 311 2506 DF)
329 2476 446 2500 substituit
463 2478 509 2500 toto
526 2483 633 2506 corpore.

178 2515 187 2528 ³
205 2516 286 2538 Psalm.
305 2516 347 2544 4¹1,
366 2516 387 2538 5
403 2528 436 2533 --—
452 2516 530 2539 Duos
519 2523 583 2545 seqq.
601 2516 644 2538 loci
661 2519 713 2538 sunt
730 2516 766 2538 Ρ5.
782 2516 825 2544 33,
842 2516 864 2538 9.
878 2519 900 2538 et
917 2516 958 2543 30,

116 2554 154 2577 20.
170 2566 202 2571 -·
217 2555 259 2576 Pro
276 2534 404 2584 utcumque
429 2554 507 2578 cordis
531 2554 600 2578 oculo
627 2554 665 2583 (ita
684 2554 763 2584 BCD)
783 2555 832 2577 Vat.
858 2557 959 2584 ‘utroque

116 2591 194 2616 cordis
211 2592 291 2621 oculo,
311 2596 334 2615 et
350 2600 393 2621 pro
411 2595 540 2623 utcumque
556 2593 679 2623 degustato
696 2593 764 2616 BCF
781 2595 908 2623 utcumque
924 2593 958 2616 de-

115 2631 242 2661 gustando.

179 2669 189 2682 ⁴
206 2671 287 2693 Psalm.
304 2671 348 2698 76,
365 2672 386 2693 3.
404 2675 427 2694 et
452 2671 473 2694 4.
497 2672 540 2694 Pro
564 2671 691 2695 delectatus
716 2677 770 2695 sum
788 2672 829 2694 BF
846 2671 960 2695 delectata

117 2715 179 2733 sum.
190 2721 221 2726 —
233 2710 344 2738 Superius
361 2710 412 2733 voci
430 2711 605 2740 transformata
621 2711 672 2733 Vat.
690 2714 767 2733 contra
785 2710 826 2733 BC
838 2711 879 2733 DF
896 2717 960 2739 prae-

117 2748 167 2777 figit
182 2748 314 2778 reformata
329 2750 359 2772 et.

180 2786 189 2799 ⁶
206 2787 236 2809 lta
253 2787 333 2815 BCF,
352 2788 402 2810 Vat.
415 2794 460 2818 per
477 2787 605 2811 devotionis
626 2788 759 2811 orationem
784 2788 809 2811 in
833 2787 959 2811 sublimius

117 2825 218 2849 elevetur
235 2827 257 2849 et
273 2826 403 2856 ferventius
425 2826 450 2850 in
467 2827 549 2850 Deum.
572 2826 676 2850 Subinde
698 2833 740 2855 pro
761 2826 901 2850 deducimur
919 2827 959 2849 BF

117 2863 271 2893 adducimur,
291 2865 308 2887 C
324 2865 478 2894 abducimur,
496 2869 518 2888 et
529 2872 571 2894 pro
582 2872 641 2895 prae
651 2865 826 2895 magnitudine,
839 2866 902 2895 quod
914 2866 960 2888 fide

118 2902 213 2926 BCDF
230 2907 263 2926 ter
279 2904 412 2932 posuimus,
430 2904 480 2926 Vat.
500 2910 545 2934 per
567 2904 755 2934 magnitudinem
774 2904 844 2933 (idem
861 2904 961 2927 occurrit

119 2941 141 2964 in
158 2948 180 2964 n.
196 2942 218 2964 7.
235 2946 258 2965 et
275 2943 314 2971 8.).
331 2943 374 2965 Pro
392 2947 467 2966 nostra
481 2943 578 2966 lectione
589 2947 623 2966 est
634 2943 702 2966 etiam
714 2943 820 2966 Richard.
833 2949 846 2965 a
858 2944 880 2965 S.
894 2943 960 2970 Vict.,

120 2980 148 3003 V.
164 2981 282 3004 Beniamin
299 2982 383 3009 maior,
400 2988 420 3005 c.
438 2982 464 3009 5,
481 2982 547 3005 cuius
563 2982 667 3005 doctrina
684 2982 707 3004 in
725 2988 790 3011 seqq.
808 2982 959 3010 proponitur:

1803 202 1856 230 119

1012 278 1200 314 magnitudine
1222 278 1448 312 admirationis,
1470 278 1617 315 aliquando
1634 286 1700 315 prae
1722 279 1859 315 magnitu-

1011 324 1075 353 dine
1095 325 1307 353 exsultationis.

1092 372 1118 399 7.
1140 371 1221 405 Dico,
1243 371 1316 408 quod
1342 372 1489 409 aliquando
1517 372 1548 400 fit
1576 380 1641 408 prae
1670 372 1858 409 magnitudine

1012 417 1187 450 devotionis,
1214 429 1227 442 «
1242 421 1274 446 ut
1294 426 1371 447 mens
1392 418 1567 455 semetipsam
1590 427 1642 447 000
1665 418 1754 455 capiat
1770 421 1797 447 et
1812 427 1859 447 su-

1012 470 1063 498 pra
1084 464 1257 500 semetipsam
1279 465 1383 493 elevata
1410 465 1436 493 in
1462 465 1652 494 alienationem
1676 465 1857 499 transeat⁶»‚

1016 519 1030 533 α
1044 509 1154 545 quando
1176 512 1251 538 tanto
1272 511 1396 539 caelestis
1416 511 1542 540 desiderii
1566 511 1627 548 igne
1649 511 1857 545 succendimur,

1014 558 1043 583 ut
1064 563 1161 589 omne,
1183 556 1255 592 quod
1277 557 1344 585 foris
1365 560 1421 591 est,
1444 561 1569 586 vertatur
1590 558 1618 586 in
1645 558 1858 587 amaritudinem

1012 604 1039 629 et
1060 601 1216 636 fastidium,
1239 606 1265 631 et
1286 603 1388 632 amoris
1410 604 1497 632 intimi
1519 604 1630 633 flamma
1658 605 1733 633 ultra
1760 605 1858 633 huma-

1012 656 1079 676 num
1103 648 1216 677 modum
1238 652 1398 684 excrescat,
1420 659 1491 687 quae
1511 651 1631 679 animam
1659 651 1691 680 ad
1718 659 1796 680 cerae
1822 651 1858 680 si-

1013 694 1195 723 militudinem
1218 695 1391 732 liquefactam
1414 697 1441 725 in
1464 705 1492 725 se
1508 697 1565 733 ipsa
1579 697 1697 727 deficere
1712 698 1808 732 faciat,
1824 698 1857 727 ad

1012 740 1099 769 instar
1121 741 1188 769 fumi
1204 745 1360 770 aromatum
1376 742 1402 770 in
1419 751 1539 779 superna
1553 743 1640 772 elevet
1655 747 1682 772 et
1696 744 1728 772 ad
1750 752 1858 773 summa

1012 787 1156 816 emittat».
1181 788 1211 816 Ε1
1226 791 1292 817 tunc
1307 789 1433 825 cogimur
1448 790 1606 819 exclamare
1621 798 1683 819 cum
1701 791 1835 827 Propheta
1847 792 1857 808 ⁷

1012 837 1038 863 et
1060 834 1171 863 dicere:
1196 834 1302 872 Defecit
1323 844 1393 864 caro
1415 844 1479 864 mea
1510 840 1535 864 et
1565 845 1615 865 cor
1645 846 1758 871 meum,
1783 838 1858 866 Deus

1011 881 1110 910 cordis
1129 882 1202 916 mci,
1224 886 1249 910 et
1267 891 1342 920 pars
1362 892 1427 911 mea
1451 884 1526 911 Deus
1547 884 1578 912 in
1599 887 1757 913 aeternum.

1090 929 1116 957 8.
1134 929 1212 962 Item,
1228 929 1375 966 aliquando
1391 930 1420 958 fit
1435 938 1501 966 prae
1516 931 1703 967 magnitudine
1724 931 1858 959 admira-

1013 975 1115 1009 tionis,
1142 986 1155 1000 «
1171 975 1281 1012 quando
1306 976 1399 1005 divino
1430 977 1534 1005 lumine
1565 985 1642 1005 mens
1674 977 1804 1006 irradiata
1831 981 1858 1006 et

1011 1029 1135 1050 summae
1158 1023 1353 1058 pulcritudinis
1374 1023 1555 1052 admiratione
1576 1032 1725 1060 suspensa,
1742 1027 1795 1052 tam
1812 1032 1858 1052 ve-

1012 1068 1132 1097 hementi
1155 1072 1268 1106 stupore
1290 1069 1460 1104 concutitur,
1483 1073 1514 1098 ut
1541 1078 1557 1098 a
1584 1078 1635 1099 suo
1663 1073 1736 1099 statu
1766 1070 1858 1099 fundi-

1012 1118 1057 1143 tus
1086 1116 1247 1144 excutiatur
1274 1119 1301 1145 et
1322 1116 1348 1144 in
1372 1116 1483 1145 modum
1503 1115 1635 1154 fulyuris
1656 1118 1856 1151 coruscantis,

1012 1166 1116 1199 quanto
1136 1162 1301 1199 profundius
1322 1171 1371 1199 per
1393 1163 1551 1199 despectum
1575 1164 1617 1192 sui
1636 1164 1739 1192 invisae
1754 1164 1857 1200 pulcri-

1012 1209 1115 1238 tudinis
1146 1213 1273 1246 respectu
1306 1209 1333 1238 in
1365 1210 1419 1238 ima
1449 1210 1593 1244 deiicitur,
1615 1213 1690 1238 tanto
1711 1211 1857 1240 sublimius

1012 1258 1143 1293 tantoque
1164 1256 1282 1285 celerius
1305 1264 1353 1293 per
1372 1265 1545 1285 summorum
1561 1257 1761 1286 desideriorum
1777 1257 1858 1286 ardo-

1012 1311 1070 1331 rem
1093 1303 1213 1331 relevata
1234 1306 1260 1331 et
1281 1311 1365 1339 super
1384 1303 1558 1340 semetipsam
1577 1308 1671 1340 rapta,
1687 1304 1713 1332 iu
1730 1304 1857 1332 sublimia

1011 1349 1135 1378 elevatur
1147 1349 1158 1366 ⁸
1174 1362 1200 1377 ».
1224 1350 1254 1378 Et
1276 1353 1342 1378 tunc
1362 1350 1470 1387 cogitur
1485 1350 1642 1379 exclamare
1657 1358 1720 1379 cum
1736 1351 1781 1379 illa
1795 1359 1857 1379 san-

1011 1396 1132 1425 ctissima
1153 1396 1266 1425 Esther:
1297 1396 1361 1425 Vidi
1381 1400 1420 1430 te,
1443 1397 1572 1430 domine,
1599 1397 1687 1435 quasi
1715 1397 1857 1435 Anyelum

1013 1443 1080 1477 Dei,
1102 1446 1126 1471 et
1147 1443 1352 1471 conturbatum
1385 1447 1426 1472 est
1456 1452 1507 1472 cor
1537 1452 1634 1472 meum
1660 1452 1734 1481 prae
1756 1445 1857 1473 timore

1010 1490 1122 1528 gloriae
1144 1494 1219 1518 tuae.
1249 1490 1334 1518 Valde
1354 1490 1431 1519 enim
1452 1490 1600 1519 mirabilis
1618 1499 1660 1525 es,
1682 1491 1810 1525 domine,
1832 1494 1856 1519 et

1011 1536 1103 1574 facies
1125 1541 1177 1565 tua
1196 1536 1283 1573 plenu
1303 1540 1343 1565 est
1362 1537 1544 1574 muliorum.

1092 1584 1117 1611 9.
1140 1584 1221 1618 ltem,
1243 1584 1391 1621 aliquando
1412 1584 1443 1612 fit
1471 1592 1536 1620 prae
1564 1584 1740 1613 multitudine
1761 1584 1857 1613 exsul-

1012 1630 1147 1664 cationis,
1184 1641 1197 1655 «
1216 1630 1326 1667 quando
1357 1630 1452 1659 intima
1483 1631 1529 1659 illa
1560 1631 1684 1660 internae
1715 1630 1858 1659 suavitatis

1011 1676 1179 1705 abundantia
1199 1680 1307 1714 potata,
1330 1677 1414 1706 immo
1442 1677 1522 1714 plene
1548 1677 1697 1712 inebriata,
1719 1677 1784 1714 quid
1807 1677 1857 1711 sit,

1012 1723 1078 1760 quid
1099 1723 1198 1757 fuerit,
1220 1723 1330 1760 penitus
1351 1724 1523 1753 obliviscitur
1546 1727 1573 1753 et
1600 1724 1628 1752 in
1656 1724 1858 1761 supermunda-

1012 1778 1078 1798 num
1100 1770 1236 1806 quendam
1259 1770 1387 1799 affectum
1410 1770 1462 1799 sub
1484 1770 1602 1808 quodam
1622 1771 1708 1800 mirae
1722 1771 1858 1800 felicitatis

1013 2050 1098 2073 Tribus
1115 2053 1191 2072 autem
1209 2050 1238 2073 de
1256 2050 1344 2077 causis,
1361 2053 1386 2072 ut
1403 2050 1459 2072 mihi
1476 2050 1580 2077 videtur,
1597 2050 1620 2072 in
1643 2050 1726 2072 mentis
1746 2050 1859 2072 alienatio-

1013 2095 1066 2111 nem
1084 2088 1230 2111 abducimur.
1244 2089 1300 2111 Nam
1313 2089 1383 2111 modo
1395 2095 1450 2117 prae
1463 2089 1621 2117 magnitudine
1633 2088 1775 2115 devotionis,
1788 2089 1859 2111 modo

1013 2134 1069 2156 prae
1087 2128 1245 2156 magnitudine
1262 2128 1434 2155 admirationis,
1451 2127 1522 2150 modo
1544 2134 1600 2150 vero
1623 2133 1679 2155 prae
1700 2127 1859 2155 magnitudine

1013 2166 1168 2189 exsultationis
1185 2167 1221 2195 fit,
1239 2170 1263 2189 ut
1279 2166 1428 2194 semetipsam
1445 2172 1512 2188 mens
1529 2167 1623 2188 omnino
1640 2172 1685 2188 non
1703 2166 1778 2194 capiat
1790 2169 1812 2188 et
1823 2172 1860 2188 su-

1013 2211 1055 2233 pra
1072 2205 1220 2233 semetipsam
1237 2205 1324 2227 elevata
1343 2205 1365 2227 in
1384 2204 1576 2227 abalienationem
1594 2207 1701 2227 transeat.

1076 2243 1086 2256 ⁵
1102 2244 1210 2267 Richard.
1226 2250 1238 2266 a
1257 2245 1280 2266 S.
1298 2244 1354 2267 Vict.
1373 2244 1395 2266 in
1412 2244 1457 2266 fine
1474 2247 1541 2266 notae
1559 2244 1719 2272 praecedentis
1740 2244 1859 2272 allegatus.

1014 2284 1067 2306 Loc.
1083 2283 1121 2305 cit.
1138 2284 1202 2306 affert
1218 2283 1325 2306 Richard.
1343 2283 1411 2305 etiam
1436 2289 1462 2305 ea
1484 2289 1545 2312 quae
1562 2286 1697 2312 sequuntur.
1714 2283 1799 2305 Textus
1815 2283 1861 2305 ori-

1014 2322 1095 2350 ginalis
1112 2322 1228 2345 substituit
1244 2322 1396 2345 succenditur
1408 2329 1451 2350 pro
1462 2321 1630 2345 succendimur
1649 2323 1687 2351 (ita
1705 2321 1760 2350 BC,
1777 2323 1792 2344 F
1809 2328 1859 2345 suc-

1014 2361 1167 2390 cendamur),
1184 2361 1267 2384 omittit
1283 2367 1352 2384 omne
1368 2361 1454 2391 quod...
1472 2362 1493 2384 et
1508 2360 1644 2390 fastidium,
1665 2362 1687 2384 et
1702 2367 1729 2383 ac
1745 2367 1787 2389 pro
1800 2360 1859 2384 inse

1014 2399 1066 2429 ipsa
1082 2399 1179 2430 deficere
1195 2400 1280 2430 saciat,
1298 2399 1330 2423 ad
1346 2400 1423 2423 instar
1439 2400 1502 2430 fumi
1516 2401 1654 2423 aromatum
1678 2401 1726 2428 (cfr.
1744 2401 1815 2428 Apoc.
1833 2401 1859 2428 8,

1015 2439 1040 2467 4,
1057 2439 1117 2462 iuxta
1136 2440 1265 2462 versionem
1283 2440 1306 2461 in
1323 2440 1406 2468 Expos.
1427 2439 1448 2462 in
1471 2440 1554 2467 Apoc.,
1572 2445 1633 2468 quae
1655 2442 1689 2461 est
1711 2439 1768 2461 inter
1788 2445 1859 2467 opera

1014 2477 1130 2507 Ambros.)
1149 2478 1214 2507 ponit
1226 2484 1241 2501 a
1255 2477 1358 2507 pristino
1374 2480 1440 2501 statu
1453 2477 1548 2507 pertitus
1565 2477 1681 2506 resolvat,
1701 2479 1723 2500 et
1738 2477 1770 2500 ud
1782 2477 1859 2500 instar

1014 2516 1077 2546 sumi
1086 2518 1233 2540 attenuatam
1246 2517 1271 2545 (F
1283 2516 1455 2547 adthymiatam
1464 2518 1493 2546 ?).
1507 2517 1552 2539 Pro*
1567 2515 1661 2546 quaudo
1678 2518 1743 2539 tanto
1755 2515 1859 2540 caelestis

1015 2555 1125 2579 desiderii
1140 2555 1194 2584 ique
1210 2555 1376 2579 succendimur
1390 2556 1438 2578 Vnt.
1456 2555 1550 2585 quando
1562 2556 1609 2578 tota
1622 2555 1676 2584 iyne
1688 2555 1792 2578 caelestis
1804 2554 1860 2578 desi-

1015 2594 1075 2617 derii
1091 2594 1254 2622 succenditur,
1271 2600 1332 2623 quae
1348 2595 1416 2616 etiam
1435 2595 1455 2616 in
1474 2595 1519 2616 fine
1537 2594 1624 2622 (contra
1642 2593 1709 2617 BCF
1731 2597 1753 2616 et
1774 2597 1859 2617 textum

1015 2633 1160 2662 originalem)
1177 2633 1231 2661 legit
1247 2633 1279 2656 ad
1294 2639 1415 2656 summum
1429 2633 1535 2663 putrium
1553 2632 1650 2656 emittat.

1079 2670 1087 2684 ⁷
1105 2672 1186 2694 Psalni.
1203 2671 1247 2699 72,
1265 2672 1303 2694 26.
1321 2683 1352 2688 —
1369 2671 1421 2694 Vat.
1445 2677 1498 2694 cum
1525 2671 1638 2694 nonnullis
1663 2671 1731 2694 codd.
1753 2671 1781 2695 Et
1803 2672 1860 2695 timo

1016 2716 1070 2733 cum
1089 2710 1204 2739 Propheta
1221 2709 1332 2733 exclama
1348 2712 1370 2734 et
1386 2710 1430 2733 dic.

1078 2747 1087 2760 Β
1105 2749 1211 2771 Richard.
1229 2755 1240 2771 a
1259 2750 1281 2771 S.
1299 2749 1370 2777 Vict.,
1387 2750 1430 2772 loc.
1447 2749 1484 2772 cit.
1501 2749 1630 2777 Respicitur
1646 2750 1727 2772 Ezech.
1745 2749 1753 2771 11
1764 2766 1770 2776 ,
1783 2749 1825 2772 Ι14;
1837 2749 1859 2771 111

1016 2788 1187 2810 similitudinem
1205 2787 1310 2818 fulguris
1327 2788 1483 2812 coruscantis.
1501 2789 1544 2811 Pro
1563 2794 1608 2818 per
1628 2794 1778 2811 summorum
1800 2788 1860 2811 desi-

1016 2826 1138 2850 deriorum
1149 2826 1261 2850 ardorem
1273 2826 1377 2850 relevata
1394 2827 1420 2855 (B
1430 2826 1446 2850 C
1463 2828 1593 2855 reversata)
1607 2829 1679 2849 textus
1690 2827 1807 2855 originalis
1815 2833 1859 2856 per

1015 2871 1167 2888 summorum
1192 2864 1335 2888 desiderium
1359 2865 1517 2889 reverberata.
1537 2865 1580 2888 Pro
1598 2871 1640 2895 per
1665 2865 1797 2895 despectum
1821 2864 1861 2888 sui

1016 2903 1105 2926 inrisae
1119 2902 1289 2933 pulcritudinis
1307 2904 1358 2926 Vat.
1383 2910 1436 2927 cum
1462 2904 1575 2927 nonnullis
1600 2904 1668 2927 codd.
1682 2910 1729 2933 pro
1751 2903 1859 2933 despectu

1016 2942 1055 2966 sui
1070 2941 1133 2965 vz'sae
1147 2941 1318 2972 pulcritudinis
1335 2945 1357 2965 et
1374 2942 1398 2965 in
1414 2942 1514 2966 sublime
1530 2942 1638 2966 elevatur
1656 2942 1735 2971 proin
1748 2942 1860 2966 sublimia.

1016 2981 1128 3005 elevatur.
1146 2994 1177 2998 -
1194 2981 1302 3011 Sequitur
1319 2982 1398 3004 Esther
1416 2982 1457 3009 15,
1476 2982 1512 3004 16.
1529 2988 1578 3011 seq.

1883 378 1910 398 De
1923 384 1984 405 ‘causa

1898 407 1966 426 prima.

1875 938 1903 957 De
1912 938 2002 957 secunda.

1874 1595 1901 1614 De
1914 1595 1979 1614 tertia.
