2133 3317
124 1228 150 1246 De
163 1227 241 1250 collegio

142 1252 220 1270 famoso.

124 1793 151 1811 De
164 1793 247 1816 perfecta

111 1817 190 1835 caritate
201 1817 248 1835 Bea-

112 1843 172 1859 torum
180 1842 248 1863 616110-

111 1864 248 1883 dioeommuni.

127 1935 242 1954 Notandum.

113 2154 199 2181 Amplior
213 2159 242 2173 ex·

143 2180 219 2202 pusulo.

255 203 290 230 60

253 280 389 316 stupenda
410 280 542 317 dignitate
564 279 763 313 ministrantis,
785 287 821 307 ex
844 282 898 307 tam
922 279 1047 307 miranda
1062 287 1106 308 ca-

253 328 335 356 ritate
356 327 504 356 cuiuslibet
533 326 633 355 sodalis
655 326 841 359 convivantis,
870 333 907 354 ex
935 325 1106 355 ferculorum

253 374 382 403 deliciosa
409 373 565 410 opulentia,
588 381 624 401 ex
653 373 846 401 ministrorum
876 380 1025 401 numerosa
1053 373 1106 402 sre-

254 421 379 458 quentia,
402 428 438 449 ex
460 420 632 448 musicorum
655 419 905 448 instrumentorum
934 424 961 448 et
988 420 1106 448 aliorum

254 467 444 504 psallentium,
460 467 630 495 cautantitun
647 470 673 495 et
692 466 863 495 laudantium
879 467 978 504 Regem
994 467 1106 504 gloriae,

254 515 342 543 Deum
364 514 411 542 Dei
441 514 538 542 Filium
560 513 703 542 dulcisona
724 514 899 542 resonantia!
923 514 950 542 Ιο
972 514 1026 543 1106
1047 522 1107 542 cae-

254 561 328 595 lesti,
350 569 449 598 magno
464 560 657 597 stupendoque
679 560 805 589 convivio
819 560 914 590 audies
936 561 1051 598 Angelos
1065 561 1107 589 iu-

254 608 386 642 bilantes‚
408 608 550 645 Apostolos
567 608 742 644 psallentes,
769 608 903 645 Martyres
931 609 1108 645 triumphan-

254 657 308 689 tes,
330 654 506 683 Confessores
521 657 548 683 et
562 654 689 691 Virgines
708 654 864 689 laudantes,
888 655 1061 684 Patriarchas
1082 658 1109 684 et

256 703 406 739 Prophetas
428 702 627 736 jucundantes,
650 710 745 731 omnes
760 703 874 731 Sanctos
895 706 922 731 et
944 703 1045 731 electos
1060 702 1107 731 Dei

254 749 425 778 unanimiter
454 750 562 778 Patrem
584 753 611 778 et
639 750 737 778 Filium
763 753 790 778 et
818 750 952 787 Spiritum
981 753 1107 779 sanctum

255 796 443 825 collaudantes
464 800 491 825 et.
512 805 568 825 una
590 804 656 825 voce
680 796 802 825 dicentes
815 798 841 825 ¹:
865 797 1008 831 Saucius,
1034 797 1109 826 Sau-

254 848 332 878 cius,
356 844 483 872 Sanctus
499 844 642 872 Dominus
659 844 735 872 Deus
749 844 947 879 exercituum,
966 845 1055 882 plena
1069 849 1110 874 est

255 890 351 919 omuis
372 894 454 918 terra
473 890 572 928 gloria
593 891 664 919 eius.
692 902 705 915 «
724 890 746 919 O
775 899 859 927 quam
888 891 1039 928 gloriosum
1069 894 1109 920 est

257 946 391 975 regnum,
414 938 441 966 in
464 946 519 974 quo
542 946 605 966 cum
620 938 730 966 Christo
753 941 869 975 regnant
890 946 986 967 omnes
1001 939 1109 973 Sancti,

256 985 358 1014 ctmzcti
378 985 459 1013 stolis
475 984 566 1019 albis,
588 988 752 1023 sequuntur
772 986 908 1022 Agyrium,
930 994 1110 1024 qicocumque

256 1032 324 1060 ierit
338 1032 373 1059 »!
395 1031 417 1060 O
439 1032 547 1065 anima,
569 1031 708 1068 quomodo
731 1031 832 1068 poterit
854 1032 889 1060 ibi
911 1039 971 1060 esse
993 1032 1110 1060 alicuius

256 1079 320 1108 boni
342 1079 478 1112 carentia,
501 1087 564 1107 cum
588 1078 623 1107 ibi
648 1082 702 1106 tam
724 1079 800 1106 varia
822 1079 857 1107 sit
871 1079 1030 1107 exsultandi
1053 1087 1110 1107 ma-

259 1126 329 1155 teria
341 1127 351 1142 2
367 1129 378 1153 ζ)

338 1172 381 1201 13.
395 1173 461 1201 Vide
477 1173 557 1201 iuxta
572 1176 598 1201 te
612 1173 744 1201 omnium
756 1173 934 1201 Sanctorum
949 1173 1110 1210 coaequam,

258 1220 332 1257 quod
353 1220 385 1248 ad
409 1220 587 1249 beatitudinis
608 1223 671 1249 tuae
694 1220 838 1249 cumulum
856 1220 949 1248 divina
967 1220 1111 1249 clementia

257 1267 449 1304 congregavit3
466 1267 532 1304 quia.
550 1278 563 1292 ‹<
575 1267 680 1296 nullius
694 1267 758 1296 boni
773 1267 831 1296 sine
847 1267 920 1296 socio
935 1267 1056 1296 iucunda
1070 1270 1111 1295 est

256 1315 392 1351 possessio
404 1327 431 1349 »,
443 1314 515 1343 sicut
526 1314 592 1343 dicit
603 1315 729 1343 Seneca?
742 1315 818 1343 Unde
830 1314 993 1351 Gregorius:
1010 1326 1023 1339 «
1035 1314 1111 1350 Quae

257 1362 351 1399 lingua
375 1362 482 1396 dicere,
511 1365 558 1390 aut
587 1362 650 1398 quis
678 1362 834 1390 intellectus
863 1370 961 1398 capere
993 1361 1110 1395 sufficit,

258 1408 333 1437 illius
354 1416 492 1445 supernae
514 1408 632 1437 civitatis
654 1412 758 1445 quanta
779 1408 833 1437 sint
854 1408 969 1445 gaudia,
998 1408 1111 1444 Angelo—

258 1463 321 1483 rum
344 1455 437 1484 choris
453 1455 599 1489 interesse,
621 1463 685 1484 cum
707 1455 873 1484 beatissimis
893 1455 1037 1492 spiritibus
1054 1455 1112 1491 glo-

258 1502 316 1531 riae
338 1502 493 1531 Conditoris
515 1503 644 1531 assistere
659 1515 672 1527 »
697 1506 724 1531 et
752 1502 787 1531 ab
809 1503 921 1531 illorum
954 1502 1111 1531 beatissima

258 1550 388 1578 societate
409 1558 552 1587 nunquam
575 1550 729 1584 discedere,
751 1550 798 1578 sed
814 1550 945 1578 continue
966 1558 1030 1578 cum
1046 1549 1112 1586 ipsis

258 1599 285 1625 et
305 1597 338 1625 de
360 1597 484 1633 ipsorum
506 1597 606 1634 gaudio
628 1597 655 1625 in
683 1600 850 1634 perpetuum
875 1597 1037 1625 exsultare!
1060 1597 1111 1624 An-

259 1644 402 1673 selmus4:
429 1656 442 1668 «
459 1644 494 1672 lbi
518 1645 591 1673 6111111
606 1652 622 1672 a
643 1644 759 1681 singulis
781 1652 893 1678 omnes,
915 1644 952 1672 ihi
968 1644 1002 1673 ab
1023 1644 1112 1672 omni-

259 1691 312 1720 bus
328 1691 427 1728 singuli
445 1695 655 1728 cognoscentur.
678 1692 731 1720 Nec
747 1699 916 1728 quemquam
934 1691 1041 1725 latebit,
1058 1699 1112 1727 qua

258 1739 360 1775 patria,
383 1747 439 1775 qua
467 1742 564 1775 gente,
586 1747 642 1775 qua
670 1739 756 1775 stirpe
785 1739 848 1775 quis
876 1738 1004 1767 conditus
1036 1738 1111 1767 sit».

258 1786 295 1814 lbi
318 1786 390 1815 enim
410 1789 465 1814 tam
486 1787 565 1815 beata
582 1789 610 1815 et
631 1789 686 1815 tam
702 1786 823 1823 perfecta
844 1786 897 1815 erit
912 1786 1013 1815 caritas
1028 1786 1113 1814 iusto—

259 1841 333 1868 rum,
349 1833 423 1870 quod
443 1845 456 1858 «
468 1833 662 1870 unusquisque
677 1833 704 1862 in
721 1836 827 1862 tantum
844 1833 937 1871 diliget
952 1833 1112 1870 proximum

260 1889 343 1910 suum
373 1884 509 1918 quantun]
538 1889 567 1909 se
594 1881 683 1917 ipsum
697 1881 707 1898 ⁵
722 1893 749 1909 n.
773 1881 813 1909 Ex
836 1889 892 1918 quo
914 1880 981 1909 illud
1004 1880 1115 1909 inaesti-

261 1928 362 1957 mabile
383 1931 517 1965 sequetur
532 1928 650 1962 bonum,
670 1928 744 1965 quod
765 1940 777 1953 «
793 1928 830 1956 ita
845 1928 1040 1965 unusquisque
1055 1930 1114 1956 tan-

260 1979 319 2004 tum
341 1975 472 2012 gaudebit
492 1975 526 2004 de
557 1975 672 2004 alterius
700 1975 800 2012 gaudio
826 1978 962 2012 qnantum
992 1975 1026 2004 de
1050 1983 1114 2012 pro-

260 2023 321 2059 prio
332 2034 360 2050 ».
378 2022 509 2056 Proinde,
525 2030 588 2050 cum
606 2022 800 2050 inenarrabilis
814 2022 849 2050 sit
864 2030 1000 2050 numerus
1014 2022 1114 2051 electo-

260 2077 334 2103 rum,
346 2069 417 2106 quis,
430 2072 521 2105 putas,
534 2076 649 2097 narrare
664 2069 784 2097 sufficiat
798 2068 930 2105 gaudium
946 2069 1114 2097 Beatorum?

343 2117 386 2145 lli.
413 2127 426 2141 «
442 2115 536 2152 Qualis
551 2115 599 2144 tibi
615 2116 668 2144 erit
682 2116 740 2144 dies
756 2116 817 2149 illa,
833 2124 896 2144 cum
912 2116 1008 2149 Maria,
1024 2119 1113 2144 mater

261 2163 386 2197 Domini,
409 2163 456 2192 tibi
472 2166 602 2191 occurret
624 2163 717 2191 choris
731 2163 861 2191 comitata
881 2163 1026 2200 virgineis,
1048 2171 1111 2191 6001

805 200 1001 229 OPL'SCULUM
1025 201 1053 228 l[.
1077 201 1308 238 SOLILOQUIUM.
1331 202 1399 231 CAP.
1423 203 1463 231 lV.

1163 283 1191 308 et
1212 280 1270 317 ipse
1291 281 1413 317 Sponsus
1435 281 1482 309 tihi
1506 289 1568 310 cum
1591 281 1720 310 omnihus
1741 282 1846 310 Sanctis
1871 285 2013 315 occurret,

1163 327 1272 356 dicens:
1296 328 1405 364 Surae,
1434 336 1581 365 propera,
1614 328 1713 357 amica
1737 337 1819 362 mea,
1850 329 1931 363 veui,
1953 328 2015 366 for-

1163 382 1247 403 mosa
1267 383 1347 409 mea,
1369 374 1505 403 columba
1526 383 1609 409 mecm
1630 375 1693 404 iam
1713 376 1791 405 euim
1812 376 1901 405 hiems
1917 381 2015 405 traus-

1164 421 1213 454 iit,
1230 421 1320 449 imber
1339 421 1412 450 abiit
1432 425 1457 449 et
1478 422 1612 450 recessit!
1634 423 1711 451 Tunc
1725 423 1817 460 Angeli
1837 423 2015 452 admirabun-

1164 471 1211 496 tur
1226 468 1259 496 de
1281 472 1329 496 tua
1343 468 1431 505 gloria
1445 468 1581 497 dicentes:
1599 469 1680 505 Quae
1700 473 1741 498 est
1755 470 1813 498 ista
1831 479 1905 508 quae
1920 479 2016 499 asceu-

1164 515 1206 543 dit
1238 515 1272 543 cle
1301 515 1431 548 deserto,
1467 515 1578 543 deliciis
1610 515 1755 552 affluens,
1788 517 1895 545 innixa
1926 526 2015 554 super

1165 561 1300 590 dilectum
1322 561 1433 590 suum?
1449 562 1588 591 Videbunt
1604 565 1629 591 te
1650 562 1723 591 filiae
1744 563 1806 592 Sion
1823 567 1849 592 et
1864 564 2016 593 laudabunt

1165 612 1200 638 te.
1223 610 1300 637 Tunc
1321 610 1366 637 illa
1394 613 1505 638 centum
1528 609 1712 647 quadraginta
1737 613 1858 647 quatuor
1881 612 1967 640 millia
1986 612 2015 640 in

1165 660 1315 694 conspectu
1344 657 1435 685 throni
1465 660 1493 685 et
1520 657 1661 686 seniorum
1684 658 1818 687 tenebunt
1842 659 1963 688 citharas
1990 662 2017 688 et

1166 704 1316 733 cantabunt
1331 704 1468 733 canticum
1485 712 1596 732 novum.
1616 705 1693 733 Tunc
1708 713 1807 734 secura
1822 705 1848 733 in
1870 706 2017 742 amplexus

1165 752 1263 789 Sponsi
1284 751 1422 786 evolabis,
1438 759 1501 780 cum
1523 751 1609 780 iubilo
1624 752 1731 781 dicens:
1754 753 1855 781 Inveni
1875 762 1960 791 quem
1974 754 2018 782 di-

1167 798 1230 835 liyit
1250 798 1354 826 anima
1377 807 1457 832 mea,
1481 798 1561 826 tenui
1581 807 1646 826 eum
1668 807 1719 827 uec
1740 799 1887 828 dimittam
1900 812 1926 827 ».
1950 800 2017 829 Haec

1166 845 1350 881 Hieronymus
1361 845 1381 873 ⁶.
1397 846 1474 874 Tunc
1489 848 1593 882 septem
1614 845 1671 882 filii
1691 846 1765 874 illius
1780 846 1870 883 magni
1893 846 1954 880 lob,
1970 847 2018 884 qui

1166 894 1208 920 est
1228 900 1357 928 mugnus
1372 892 1447 920 inter
1469 900 1582 925 omues,
1605 892 1652 928 qui
1669 895 1815 920 morantur
1831 892 1857 920 in
1880 892 1925 920 illa
1939 892 2019 921 beata

1167 938 1342 967 orientalium
1359 939 1487 975 regione,
1508 937 1619 976 facient
1637 938 1782 972 convivia,
1798 938 1911 976 stimuli
1928 939 1957 967 in
1975 939 2019 967 (lie

1167 994 1235 1019 suo,
1262 988 1287 1013 et
1308 985 1476 1013 invitabunt
1506 994 1637 1014 sororem
1658 994 1748 1014 suum
1763 986 1784 1019 ἲ,
1807 988 1833 1014 te
1864 989 2020 1014 consortem

1168 1041 1255 1061 suam.
1280 1033 1310 1061 Et
1331 1032 1423 1061 dicent
1438 1033 1486 1062 tihi
1510 1033 1627 1070 singuli:
1647 1033 1716 1061 Bibe
1737 1042 1817 1061 nuuc
1838 1037 1863 1061 et
1885 1033 2021 1062 accumbe

1168 1089 1234 1108 eum
1264 1080 1462 1115 iucunditate,
1491 1081 1563 1119 quia
1592 1081 1729 1109 invenisti
1757 1081 1890 1118 qratiam
1919 1090 2020 1109 coram

1167 1136 1283 1155 summo
1303 1127 1444 1164 principe.
1467 1128 1499 1156 Et
1521 1131 1551 1156 tu
1574 1127 1753 1164 respondebis
1778 1136 1842 1156 cuin
1863 1128 1963 1165 gaudio
1984 1128 2021 1157 di-

1169 1182 1249 1203 cens:
1273 1174 1377 1203 Bibum
1400 1177 1427 1203 et
1447 1175 1563 1203 hilarior
1578 1174 1657 1209 fiam,
1679 1175 1751 1213 quia
1772 1175 1968 1212 uzaynificata
1982 1180 2021 1204 est

1169 1219 1252 1248 hodie
1273 1221 1377 1248 anima
1391 1229 1456 1249 mcci
1476 1229 1551 1258 prae
1566 1221 1700 1250 omuibus
1722 1221 1823 1250 diebus
1841 1222 1918 1250 vitae
1933 1230 2020 1250 meae.

1168 1267 1190 1295 O
1211 1275 1277 1296 vere
1306 1268 1428 1296 inaudita
1455 1268 1673 1305 magnificentia!
1703 1277 1719 1297 o
1748 1269 1819 1297 laeta
1847 1272 1874 1297 et
1902 1268 2022 1297 iucunda

1167 1314 1347 1349 excellentia,
1374 1315 1464 1351 qualis
1485 1323 1629 1352 nunquam
1651 1316 1678 1344 in
1700 1316 1752 1344 1106
1774 1316 1885 1345 saeculo
1911 1319 1952 1345 est
1972 1324 2022 1345 au-

1167 1362 1238 1390 dita!
1262 1362 1343 1396 Puto,
1358 1362 1432 1398 quod
1454 1362 1544 1391 omnis
1566 1362 1650 1391 huius
1673 1363 1766 1391 mundi
1791 1371 1891 1399 pompa
1906 1363 1931 1391 in
1949 1370 2022 1391 com-

1168 1409 1309 1445 paratione
1331 1409 1405 1438 illius
1427 1413 1499 1438 esset
1520 1410 1568 1438 vix
1590 1410 1696 1438 modica
1717 1413 1796 1447 gutta
1807 1410 1827 1438 8.

1250 1457 1293 1484 15.
1317 1457 1415 1484 Auum.
1438 1456 1460 1485 Ο
1480 1457 1574 1490 1101110,
1597 1457 1701 1485 iamdiu
1723 1457 1810 1491 tacui,
1830 1457 1883 1485 iam
1905 1457 1971 1486 satis
1985 1457 2021 1486 si-

1169 1503 1222 1537 lui,
1245 1504 1311 1540 quia
1333 1511 1404 1540 quae
1426 1504 1594 1540 proposuisti
1610 1512 1673 1532 60111
1696 1504 1876 1533 delectatione
1891 1507 1919 1533 et
1939 1504 2022 1533 admi-

1168 1551 1274 1579 ratione
1296 1551 1380 1579 0101ἰᾶ
1401 1551 1502 1579 audivi.
1532 1551 1569 1580 Ne
1591 1559 1710 1588 quaese,
1735 1555 1926 1588 pertranseas,
1954 1552 2022 1588 quin

1169 1598 1318 1634 perfectius
1340 1598 1407 1626 mihi
1435 1598 1529 1635 aliqua
1555 1598 1589 1627 de
1610 1599 1663 1627 hoc
1684 1599 1843 1627 caelestium
1872 1599 2022 1635 spirituum

1169 1645 1295 1673 convivio
1316 1653 1454 1682 exponas,
1476 1645 1542 1682 quia
1566 1646 1620 1674 iam
1648 1646 1749 1682 prius⁹
1777 1645 1881 1682 aliquid
1909 1645 1943 1675 de
1971 1646 2023 1674 1106

1170 1692 1298 1729 tetigisti,
1320 1692 1367 1721 sed
1389 1692 1471 1721 nimis
1492 1692 1615 1721 breviter
1637 1692 1830 1730 pertransiisti.

1250 1739 1334 1767 110110.
1357 1739 1379 1767 Ο
1401 1739 1507 1774 anima,
1530 1740 1641 1768 mallem
1657 1740 1760 1768 iterum
1782 1739 1854 1777 quod
1877 1740 1948 1776 petis
1969 1740 2022 1768 sub

1170 1786 1278 1815 silentio
1294 1787 1479 1823 pertransire,
1502 1795 1585 1824 quam
1602 1786 1645 1815 vel
1666 1786 1805 1815 modicum
1821 1786 1855 1815 de
1871 1787 1922 1815 hoc
1937 1787 2024 1815 caele-

1171 1834 1204 1862 sti
1228 1833 1359 1870 mysterio
1380 1842 1429 1862 ore
1450 1834 1556 1871 polluto
1577 1834 1720 1871 proferre,
1742 1834 1786 1862 vel
1818 1834 1899 1863 etiam
1932 1837 2023 1863 mente

1171 1881 1329 1917 concipere,
1355 1881 1421 1917 quia
1446 1881 1493 1918 qui
1516 1881 1607 1910 adhuc
1629 1881 1818 1910 mundialibus
1839 1884 1866 1910 et
1890 1889 2023 1918 superva—

1171 1928 1231 1957 cuis
1252 1928 1353 1961 rebus,
1374 1928 1446 1963 heu,
1468 1928 1578 1965 saepius
1599 1928 1742 1965 implicor,
1764 1929 1812 1965 qui
1838 1928 1930 1957 adhuc
1951 1929 2023 1963 heu,

1171 1976 1242 2009 heu,
1263 1975 1380 2013 siliquis
1403 1984 1567 2012 porcorum
1588 1984 1652 2004 cum
1681 1976 1781 2004 ceteris
1802 1976 1949 2005 mundanis
1976 1984 2024 2012 pa-

1171 2030 1232 2051 scor
1246 2022 1276 2056 1⁰,
1298 2022 1332 2051 de
1347 2025 1403 2051 tam
1418 2022 1600 2052 familiaribus
1621 2023 1779 2052 divinorum
1795 2023 1945 2060 spirituum
1964 2031 2025 2060 ope-

1171 2069 1325 2097 rationibus
1348 2069 1422 2106 loqui
1445 2070 1579 2098 erubesco
1594 2070 1712 2099 nimium
1727 2074 1754 2099 et
1776 2070 1938 2099 confundor.
1955 2070 2025 2107 Quia

1171 2119 1261 2144 tamen
1284 2116 1337 2153 piis
1355 2117 1426 2145 votis
1448 2116 1503 2145 tuis
1518 2117 1656 2146 contraire
1678 2126 1732 2146 non
1755 2118 1848 2152 valeo,
1871 2126 2023 2154 proponam

1171 2163 1309 2197 breviter,
1341 2163 1414 2200 quod
1446 2164 1610 2201 aliquando,
1639 2165 1744 2201 Spiritu
1773 2165 1933 2202 instigante,
1963 2165 2025 2194 licet

324 2340 331 2353 ¹
351 2342 400 2364 lsai.
418 2342 443 2368 ss,
462 2342 482 2364 3.
493 2354 522 2358 —
533 2342 641 2370 Sequitur
658 2348 684 2364 ex
697 2342 814 2364 Breviario
830 2342 934 2364 Romano
946 2343 1072 2370 antiphona
1085 2343 1115 2365 acl

261 2381 390 2409 magnificat
408 2382 429 2403 2.
448 2381 519 2409 Vesp.
537 2388 579 2409 pro
598 2383 654 2403 sesto
673 2382 782 2404 Omnium
802 2382 891 2409 Sauct.‚
910 2382 932 2404 in
949 2388 995 2410 qua
1018 2382 1115 2410 allegan-

261 2424 298 2443 tur
315 2421 387 2448 Apor.
405 2421 432 2447 7,
450 2421 472 2442 9.
491 2421 577 2448 1111111611
595 2421 659 2443 stolis
676 2420 742 2445 albis)
762 2424 783 2443 et
802 2421 842 2447 lsi,
862 2421 881 2443 li.

326 2459 334 2472 ²
353 2460 426 2482 Codri.
444 2460 591 2483 ACDEFL
609 2460 681 2482 secuti
699 2461 820 2482 omisimus
838 2467 899 2489 quae
917 2461 968 2483 Vat.
984 2461 1020 2483 hic
1038 2461 1114 2483 addit:

262 2499 327 2521 Tune
344 2499 405 2521 enim
424 2499 556 2527 aperientur
573 2505 655 2521 0101165
672 2500 701 2521 1111
721 2500 819 2522 thesauri
838 2500 922 2522 aeterni
942 2500 992 2527 Dei,
1011 2499 1050 2522 ubi
1063 2502 1116 2522 sunt

262 2544 343 2560 omnes
361 2539 467 2565 divitiae,
486 2545 567 2561 omues
585 2539 680 2561 deliciae
696 2538 857 2567 absconditae,
875 2542 896 2561 el
909 2539 1027 2561 ‹laburnur
1045 2546 1056 2561 a
1075 2540 1116 2561 Pa-

262 2580 295 2600 tre
312 2581 404 2600 aeterno
423 2578 549 2606 iuuenique
567 2578 629 2599 varia
651 2581 673 2599 et
691 2578 789 2606 pretiosa
808 2584 904 2601 munera
927 2578 1056 2600 secundum
1073 2584 1115 2601 sua

262 2617 352 2639 merim.

324 2656 332 2668 ³
351 2657 421 2684 Epist.
438 2658 458 2678 fi.
477 2663 499 2679 11.
518 2656 539 2679 4.
551 2669 582 2673 —
594 2657 702 2686 Sequitur
720 2658 829 2685 Gregor.,
847 2657 871 2679 11.
883 2657 967 2679 Homil.
984 2658 1006 2679 in
1026 2658 1115 2685 Evang.

262 2696 341 2718 1100111,
361 2696 397 2717 37.
415 2702 438 2717 11.
459 2696 476 2717 1.

325 2734 334 2746 4
353 2735 384 2757 De
402 2735 596 2758 similitudinibus
614 2735 681 2763 <inter
694 2742 763 2763 opera
782 2736 984 2764 Αλο5611111),6.ἓ’)9.
1003 2736 1046 2758 Pro
1064 2742 1116 2759 con-

263 2773 327 2796 ditus
344 2774 360 2795 L
378 2773 484 2803 penitus.
502 2778 576 2796 textus
594 2774 713 2802 originalis
730 2774 814 2797 editus.

327 2812 336 2824 ⁵
355 2813 386 2835 De
404 2813 490 2841 Spiritu
508 2817 530 2835 et
553 2814 628 2836 anima
648 2814 716 2842 (inter
733 2820 804 2841 opera
827 2814 948 2843 August),
966 2820 986 2836 c.
1009 2814 1052 2841 57,
1075 2813 1115 2836 ubi

263 2852 332 2874 etiam
350 2858 398 2880 seq.
416 2853 486 2874 106115.
505 2853 566 2875 ldeui
590 2853 658 2875 docet
675 2854 789 2881 Ansenn„
814 2853 916 2881 Proslog.
933 2859 954 2875 c.
971 2852 1012 2875 ⁴25:
1033 2853 1057 2875 ln
1079 2852 1115 2874 illa

264 2891 362 2918 perfecta
381 2892 474 2913 caritate
487 2891 690 2914 innumerabilium
708 2892 849 2920 Angelorum
863 2891 985 2914 beatorum
1003 2894 1025 2914 et
1042 2891 1116 2914 homi-

263 2936 332 2957 num,
352 2930 392 2952 ubi
410 2931 484 2953 nullus
502 2931 577 2953 minus
590 2931 669 2959 diliget
686 2932 755 2953 alium
778 2938 849 2960 quam
869 2937 894 2954 se
912 2932 1002 2959 ipsum,
1019 2937 1064 2953 0011
1077 2931 1117 2953 ali-

264 2972 298 2992 ter
315 2969 427 2997 gaudebit
444 2970 543 2998 quisque
563 2976 605 2998 pro
629 2971 725 2998 singulis
746 2971 795 2993 aliis
818 2977 888 2999 quam
912 2977 954 2998 pro
972 2976 997 2992 se
1014 2970 1071 2998 ipso.
1093 2970 1116 2992 Si

264 3014 320 3037 ergo
338 3015 377 3031 cor
395 3009 494 3031 hominis
511 3009 540 3031 de
558 3012 619 3031 tanto
632 3016 673 3032 suo
687 3009 747 3032 bono
760 3010 796 3032 rix
815 3010 891 3038 capIet
908 3009 1021 3038 gaudium
1033 3015 1115 3035 suum,

1172 2343 1291 2371 quomodo
1308 2349 1379 2370 capax
1406 2343 1448 2365 erit
1466 2345 1498 2365 tot
1522 2345 1544 2365 et
1570 2345 1685 2365 tantorum
1712 2342 1870 2371 gaudiorum?
1895 2342 1941 2365 Csr.
1967 2342 2024 2365 infra

1172 2382 1223 2404 linis
1241 2383 1308 2404 liuius
1323 2389 1373 2410 cap.

1235 2421 1244 2433 ⁰
1263 2422 1333 2449 Epist.
1351 2422 1388 2443 22.
1407 2428 1427 2443 u.
1446 2421 1484 2443 41.
1504 2421 1639 2449 Allegautur
1656 2420 1720 2443 Cant.
1738 2422 1764 2448 2,
1793 2421 1826 2443 10,
1844 2427 1891 2449 seu.
1915 2423 1937 2443 et
1954 2422 1979 2448 8,
1998 2421 2024 2449 5;

1172 2461 1294 2488 respicitur
1312 2461 1383 2488 Apoc.
1406 2460 1442 2487 lsi,
1462 2461 1482 2482 l.
1500 2466 1566 2489 seqq.
1585 2460 1624 2488 (cle
1642 2465 1735 2482 centum
1753 2460 1907 2488 quadraginta
1925 2462 2024 2489 quatuor

1172 2499 1274 2522 nullibus
1291 2500 1356 2528 ete),
1369 2503 1391 2522 et
1404 2500 1424 2521 iu
1444 2500 1522 2521 ultima
1543 2499 1713 2527 propositione,
1731 2506 1801 2528 quam
1821 2502 1894 2521 textus
1906 2499 2024 2527 originalis

1172 2546 1218 2562 11011
1236 2539 1340 2566 exhibet,
1358 2540 1469 2567 allegatur
1486 2538 1549 2562 Cant.
1568 2540 1594 2567 3,
1614 2538 1634 2561 4,
1653 2539 1739 2561 Textus
1762 2539 1880 2566 originalis
1902 2539 1954 2561 hinc
1971 2539 2024 2561 inde

1172 2579 1236 2607 plura
1254 2579 1376 2601 interserit.
1393 2579 1456 2606 Vnt,
1470 2578 1682 2600 contradicentibus
1699 2578 1716 2600 Α
1727 2578 1743 2600 C
1753 2578 1771 2600 b
1782 2579 1797 2600 E
1806 2578 1821 2600 F
1832 2578 1858 2605 L,
1878 2578 1899 2599 111
1912 2577 2024 2605 principio

1172 2618 1297 2640 sentcntiae
1316 2618 1392 2646 ponit:
1411 2618 1471 2640 Haec
1488 2617 1573 2645 gaudia
1591 2617 1746 2644 Hieronymus
1764 2617 1785 2639 iu
1804 2617 1849 2638 [ine
1865 2617 1975 2644 epistolae
1994 2616 2024 2639 ad

1172 2657 1320 2679 Eustochium
1340 2656 1475 2679 describens
1492 2657 1535 2678 ait:
1557 2656 1704 2684 «Egredere,
1722 2661 1822 2683 quaeso,
1839 2662 1852 2677 0
1864 2655 1953 2682 anima,
1971 2661 2024 2682 pau-

1173 2696 1242 2724 lisper
1259 2696 1288 2718 de
1306 2696 1423 2724 papilione
1440 2695 1559 2723 eorporis,
1576 2700 1612 2722 ut,
1625 2695 1645 2716 in
1659 2695 1717 2717 ostio
1729 2698 1804 2721 stans,
1822 2694 1902 2716 videas
1919 2694 1959 2716 Dei
1976 2694 2025 2722 glo-

1172 2735 1230 2756 riam
1249 2735 1388 2762 pertransire
1406 2737 1428 2757 et
1445 2734 1572 2762 praesentis
1589 2733 1674 2756 laboris
1691 2736 1743 2755 ante
1754 2733 1834 2755 oculos
1851 2732 1922 2760 pinge
1940 2738 2025 2754 merce-

1173 2773 1226 2795 dem
1236 2782 1246 2794 »
1265 2773 1343 2803 [Epist.
1362 2774 1400 2795 22.
1412 2780 1435 2795 n.
1449 2773 1490 2795 41:
1503 2773 1619 2800 Egredere
1634 2772 1750 2800 paulisper
1767 2771 1797 2794 de
1814 2777 1906 2793 carcere
1923 2774 1945 2793 et
1962 2777 2025 2799 prae-

1173 2813 1243 2835 sentis
1260 2813 1345 2835 laboris
1362 2812 1426 2842 etc.].

1236 2850 1244 2863 ⁷
1264 2851 1302 2874 lob
1322 2853 1329 2874 =l
1341 2869 1346 2879 ‚
1365 2852 1411 2874 2-4.
1429 2864 1460 2868 —
1478 2851 1581 2874 Subinde
1592 2851 1719 2879 allegantur
1737 2851 1810 2873 ludith
1824 2850 1863 2878 12,
1884 2850 1920 2872 17.
1932 2852 1954 2872 et
1972 2850 2008 2871 18.

1236 2889 1245 2902 ⁸
1263 2891 1319 2913 Cod.
1338 2892 1356 2913 M
1375 2891 1440 2914 addit
1456 2890 1529 2913 immo
1548 2890 1618 2920 quusi
1634 2890 1701 2913 nihil.

1236 2929 1245 2942 ⁹
1263 2931 1330 2952 Num.
1350 2931 1386 2952 111.
1405 2936 1454 2959 seq.
1471 2942 1502 2946 ——
1520 2929 1625 2952 Subinde
1642 2936 1684 2957 pro
1702 2928 1801 2952 breuiter
1817 2929 1868 2951 Vnt.
1883 2927 1954 2951 nimis
1972 2927 2025 2951 cito.

1237 2968 1256 2981 ¹⁰
1273 2968 1319 2991 Csr.
1338 2970 1392 2991 Luc.
1411 2969 1452 2996 15,
1471 2969 1512 2997 ie,
1530 2969 1559 2991 de
1576 2969 1622 2991 filio
1640 2968 1747 2997 prodigo.
1759 2980 1790 2984 —
1805 2967 1898 2990 lnl’erius
1916 2973 1957 2995 pro
1974 2972 2024 2996 ope-

1173 3007 1306 3031 rationibus
1326 3009 1342 3030 D
1360 3007 1478 3037 operibus.

2118 524 2121 547 l

2039 851 2066 870 De
2078 856 2097 871 se
2110 854 2121 871 1(

2046 875 2089 894 filiis
2099 858 2121 895 ini

2038 1461 2122 1489 Quaestio

2033 1485 2068 1504 hoc
2074 1491 2122 1505 6011111
2131 1501 2133 1505 ,

2040 1744 2120 1768 Respons
