2133 3317
165 723 233 742 Mirum
246 722 273 741 Ia·

191 749 247 766 ctum.

184 1052 279 1071 Alterum.

190 1757 281 1777 Tertium.

186 2418 284 2442 Quartum.

291 214 347 242 528

292 299 397 320 necem.
422 289 544 318 Proiecta
565 291 658 317 autem
681 287 709 316 in
728 287 832 315 vallum
846 287 856 303 ¹
871 286 1027 315 Monasterii
1047 285 1142 322 ibique

292 338 373 375 longo
395 340 519 373 tempore
542 336 648 369 iacens,
670 334 698 363 in
721 334 833 362 modum
855 333 966 362 tabulae
991 333 1142 367 desiccata,

293 385 361 414 nulli
383 383 436 412 fuit
457 391 520 412 esca
540 382 674 411 famelico.
697 381 827 410 Advertat
848 380 933 417 igitur
955 380 1077 408 humana
1092 379 1143 407 im-

292 431 395 469 pietas,
417 429 492 467 quali
514 437 602 466 poena
623 428 658 457 sit
680 427 802 457 ferienda
823 427 952 461 finaliter,
969 426 992 456 si
1006 430 1061 455 tam
1077 426 1144 455 hor-

293 477 380 507 renda
401 479 491 505 morte
513 484 645 513 percussa
667 478 708 504 est
729 474 857 503 ferocitas
872 473 1010 507 bestialis;
1026 481 1144 510 perpen-

293 525 340 553 dat
361 527 388 553 et
409 524 498 552 fidelis
519 523 644 557 devotio,
666 530 750 559 quam
772 522 799 550 in
822 529 903 550 servo
918 520 966 549 Dei
983 521 1070 557 pietas
1084 520 1144 549 fue-

295 572 332 600 rit
352 570 530 600 admirandae
551 570 663 599 virtutis
685 572 712 598 et
733 568 860 605 copiosae
881 567 1051 601 dulcedinis,
1073 571 1105 596 ut
1120 568 1144 596 ei

294 618 475 657 applauderet
496 626 547 646 suo
568 617 649 645 modo
670 617 752 645 etiam
774 619 875 644 natura
896 615 1055 644 brutorum.

374 667 399 693 7.
423 666 476 694 Iter
498 665 570 693 enim
593 664 696 692 faciens
719 664 797 692 iuxta
819 662 957 691 civitatem
979 662 1144 696 Senensem,

295 714 400 742 invenit
421 713 449 741 in
471 712 581 749 pascuis
608 719 741 748 magnum
772 710 865 739 ovium
897 717 1009 747 gregem
1023 709 1042 737 2.
1072 710 1145 746 Quas

296 769 360 790 cum
381 760 514 797 benigne,
536 762 567 788 ut
589 762 648 788 erat
669 758 782 792 solitus,
805 758 967 791 salutasset,
987 757 1083 786 relicto
1098 765 1145 794 pa-

295 810 356 842 stu,
379 809 568 836 cucurrerunt
589 813 684 834 omnes
705 804 738 833 ad
761 812 841 838 eum,
863 804 1042 841 levantesque
1057 803 1146 840 capita

295 863 360 888 sua,
383 854 482 883 erectiS
504 853 531 881 in
553 861 617 881 eum
640 852 792 880 luminibus
814 851 1000 880 intendebant.
1026 851 1145 879 Tantum

295 901 405 939 quidem
429 900 451 929 ei
475 900 601 928 fecerunt
622 899 805 936 applausum,
834 901 867 927 ut
887 901 915 927 et
943 901 1068 935 pastores
1096 897 1146 926 mi—

295 951 427 977 rarentur
442 950 469 976 et
483 948 608 981 Fratres,
625 949 770 975 cernentes
785 946 859 974 circa
874 945 966 982 ipsum
980 948 1036 974 tam
1051 945 1146 973 ovium

295 1003 380 1033 agnos
401 1003 484 1032 quam
507 995 581 1031 ipsos
602 994 702 1022 arietes
724 993 763 1022 sic
784 993 949 1021 mirabiliter
964 992 1145 1021 exsultantes.

297 1060 334 1063 ——
356 1042 413 1071 Alio
434 1050 547 1079 quoque
568 1040 715 1077 tempore⁸
738 1040 811 1077 apud
834 1043 956 1069 sanctam
978 1039 1091 1068 Mariam
1114 1039 1147 1068 de

297 1089 475 1118 Portiuncula
496 1088 631 1125 quaedam
654 1088 714 1116 viro
736 1087 783 1116 Dei
799 1087 852 1115 fuit
866 1086 926 1115 ovis
940 1087 1046 1121 oblata,
1063 1095 1146 1123 quan]

298 1139 413 1174 propter
434 1135 607 1164 innocentiae
627 1143 659 1163 ac
692 1134 874 1171 simplicitatis
906 1141 1046 1168 amorem,
1078 1142 1148 1171 quas

298 1184 357 1213 ovis
378 1186 479 1211 natura
500 1181 670 1219 praetendit,
693 1183 835 1218 gratanter
863 1181 993 1217 suscepit.
1023 1181 1149 1209 Monebat

298 1231 341 1260 vir
362 1231 426 1268 pius
447 1230 600 1263 oviculam,
623 1232 654 1257 ut
674 1231 701 1257 et
722 1228 851 1257 laudibus
872 1228 972 1256 divinis
993 1227 1149 1256 intenderet

298 1282 325 1307 et
346 1278 381 1306 ab
409 1276 482 1305 omni
505 1276 632 1304 Fratrum
655 1276 759 1304 offensa
790 1277 915 1308 caveret3
947 1274 1006 1303 ovis
1038 1278 1148 1308 autem,

298 1324 377 1362 quasi
400 1324 451 1352 viri
481 1323 528 1351 Dei
560 1323 688 1359 pictatem
722 1322 895 1356 adverteret,
927 1321 1150 1350 informationem

297 1371 386 1409 ipsius
407 1370 521 1400 sollicite
542 1369 715 1398 observabat.
739 1369 804 1397 Nam
837 1368 952 1397 audiens
983 1369 1092 1397 Fratres
1122 1368 1149 1396 in

298 1419 384 1448 choro
406 1421 517 1447 cantare
529 1417 549 1451 4,
572 1420 599 1445 et
620 1417 679 1453 ipsa
710 1416 853 1444 ecclesiam
886 1415 1059 1452 ingrediens,
1091 1415 1150 1443 sine

298 1465 416 1495 alicuius
438 1464 631 1493 informatione
652 1463 781 1491 flectebat
802 1470 907 1499 genua,
930 1469 1025 1490 vocem
1041 1461 1150 1490 balatus

298 1513 427 1542 emittens
448 1514 511 1540 ante
532 1512 619 1539 altare
640 1510 775 1547 Virginis,
792 1509 885 1538 Matris
900 1509 983 1546 Agni,
1005 1517 1036 1537 ac
1051 1509 1073 1537 si
1089 1517 1149 1537 eam

299 1561 419 1589 salutare
441 1559 562 1596 gestiret.
586 1559 711 1595 Insuper,
733 1561 759 1586 et
781 1565 844 1586 cum
873 1557 1031 1586 elevaretur
1059 1564 1150 1585 sacra-

299 1607 435 1636 tissimum
459 1606 559 1635 Christi
593 1613 696 1642 corpus
724 1605 796 1633 inter
825 1604 971 1633 Missarum
1002 1604 1149 1638 solemnia,

298 1653 380 1682 flexis
402 1653 572 1681 curvabatur
601 1651 768 1689 poplitibus,
800 1654 933 1687 tanquam
965 1651 986 1679 si
1019 1658 1150 1679 reverens

299 1709 385 1738 pecus
406 1701 439 1729 de
461 1693 644 1729 irreverentia
665 1698 807 1727 indevotos
828 1701 960 1735 argueret
984 1698 1151 1734 Christoque

299 1748 412 1777 devotos
427 1748 461 1776 ad
476 1747 645 1776 Sacramenti
661 1745 846 1775 reverentIam
862 1745 1000 1774 invitaret.
1018 1761 1054 1765 —-
1071 1745 1150 1773 Tem-

301 1803 368 1831 pore
390 1794 509 1831 quodam
532 1793 690 1830 agniculum
714 1793 741 1821 in
767 1792 862 1820 Urbe⁵
891 1799 985 1820 secum
1016 1791 1152 1819 babuerat

299 1842 334 1870 ob
357 1841 542 1870 reverentiam
564 1840 639 1868 illius
667 1839 803 1868 mitissimi
837 1839 918 1876 Agni,
951 1846 1034 1875 quem
1067 1838 1151 1866 nobili

299 1892 457 1923 matronae,
479 1888 605 1917 dominae
627 1887 730 1916 scilicet
752 1886 863 1915 Iacobae
878 1886 912 1914 de
927 1885 1151 1923 Septem-soliis,

299 1937 327 1965 in
349 1944 400 1965 suo
422 1944 534 1964 recessu
556 1934 776 1964 conservandum
799 1933 945 1962 commisit.
961 1934 1054 1970 Agnus
1070 1941 1151 1966 vero,

299 1983 378 2020 quasi
402 1982 428 2011 in
451 1981 643 2019 spiritualibus
664 1980 792 2009 eruditus
813 1988 829 2008 a
848 1980 962 2019 Sancto,
978 1979 1104 2008 dominae
1119 1978 1151 2007 ad

301 2029 443 2059 ecclesiam
466 2029 558 2063 eunti,
581 2028 663 2057 stanti
685 2031 712 2056 et
734 2027 884 2056 revertenti
900 2027 1030 2055 societate
1045 2026 1153 2062 insepa-

300 2077 381 2106 rabili
403 2076 576 2105 cohaerebat.
599 2076 625 2104 Si
648 2075 803 2104 matutinali
826 2075 895 2102 hora
922 2074 1033 2102 domina
1062 2073 1152 2102 tarda-

301 2127 344 2153 ret
365 2131 519 2161 exsurgere
529 2146 536 2157 ,
552 2131 640 2160 agnus
655 2129 826 2159 consurgens
842 2121 1001 2158 impellebat
1016 2129 1075 2150 eam
1092 2129 1152 2149 cor-

300 2171 395 2200 nulis⁶
418 2173 445 2199 et
466 2170 604 2199 balatibus
625 2169 780 2202 excitabat,
803 2168 927 2205 gestibus
954 2168 1105 2196 adhortans
1126 2170 1153 2195 et

301 2218 432 2252 nutibus,
454 2221 485 2246 ut
506 2217 540 2245 ad
562 2216 705 2245 ecclesiam
732 2218 904 2252 properaret.
936 2215 1049 2251 Propter
1078 2214 1153 2251 quod

301 2273 404 2303 agnus,
427 2264 562 2293 Francisci
585 2263 754 2300 discipulus,
776 2262 929 2291 devotionis
950 2262 1004 2290 iam
1020 2261 1151 2298 magister

301 2312 431 2346 effectus,
447 2314 478 2340 ut
491 2311 626 2339 mirabilis
640 2313 667 2339 et
682 2310 807 2338 amabilis
821 2318 837 2338 a
852 2309 962 2338 domina
977 2308 1150 2337 servabatur.

380 2360 406 2387 8.
430 2359 486 2387 Alio
506 2366 618 2396 quoque
641 2357 787 2394 tempore⁷
810 2357 883 2393 apud
905 2356 1051 2384 Graecium
1072 2356 1153 2385 viVus

303 2407 364 2435 viro
385 2406 434 2434 Dei
455 2405 565 2434 oblatus
586 2404 637 2433 fuit
659 2404 836 2441 lepusculus,
859 2403 906 2440 qui
928 2403 998 2431 liber
1020 2402 1048 2431 in
1077 2406 1153 2431 terra

303 2454 425 2491 positus,
448 2461 511 2481 cum
533 2454 625 2489 posset
646 2460 702 2488 quo
724 2451 805 2480 vellet
827 2450 965 2487 effugere,
988 2452 1103 2478 vocante
1124 2457 1153 2478 se

302 2501 382 2529 Patre
403 2501 534 2537 benigno,
550 2500 576 2528 in
593 2500 683 2528 sinum
706 2499 780 2527 illlus
796 2506 916 2535 propero
931 2505 1017 2526 cursu
1034 2497 1151 2526 saltavit.

674 208 871 238 OPUSCULUM
892 207 980 236 XXIII.
1002 206 1155 235 LEGENDA
1176 206 1293 235 SANCTI
1313 205 1489 234 FRANCISCI.
1512 204 1579 233 CAP.
1602 204 1666 233 VIII.

1201 285 1288 320 Quem
1310 284 1368 321 ipse
1389 284 1434 321 pio
1455 283 1546 312 cordis
1567 282 1668 311 affectu
1692 282 1910 317 circumfovens‚
1939 281 2049 311 videba-

1201 334 1248 360 tur
1269 331 1358 360 eidem
1379 331 1498 367 compati
1520 330 1599 367 quasi
1621 333 1710 358 mater
1731 329 1861 366 dulcique
1886 329 2050 358 allocutione

1201 378 1416 412 commonitum,
1437 385 1473 406 ne
1487 385 1516 406 se
1530 377 1633 405 iterum
1649 376 1709 413 capi
1725 376 1913 413 permitteret,
1929 376 2048 405 liberum

1201 425 1278 453 abire
1300 424 1433 461 permisit.
1456 424 1583 461 Cumque
1605 423 1710 460 plurIes
1731 423 1759 451 in
1782 425 1858 452 terra
1878 423 2000 460 positus,
2019 426 2050 451 ut

1201 471 1376 505 abscederet,
1399 478 1508 507 semper
1530 470 1557 499 in
1573 470 1665 499 sinum
1682 470 1768 499 Patris
1783 470 1902 504 rediret,
1918 473 2049 507 tanquam

1202 518 1224 547 si
1246 526 1330 547 sensu
1351 518 1470 555 quodam
1492 517 1601 546 occulto
1616 517 1707 545 cordis
1721 517 1808 554 ipsius
1823 517 1979 554 perciperet
1994 517 2050 553 pIe-

1202 568 1302 599 tatem;
1325 565 1435 593 tandem
1457 565 1536 593 iussu
1558 564 1645 593 Patris
1667 572 1682 592 a
1703 564 1846 592 Fratribus
1874 564 1981 593 delatus
2009 567 2050 593 est

1202 613 1235 641 ad
1257 613 1316 641 loca
1337 612 1494 641 solitudinis
1522 611 1634 640 tutiora.
1657 628 1696 632 —-
1716 611 1794 639 Modo
1822 619 1934 648 quoque
1963 611 2051 640 consi—

1203 659 1261 688 mili
1283 660 1309 687 in
1332 659 1423 687 insula
1443 658 1520 687 lacus
1542 658 1666 687 Perusini
1694 658 1841 687 cuniculus
1869 658 1982 695 quidam
2008 666 2052 687 ca-

2068 612 2126 644 Qssiim.

1202 710 1268 744 ptus
1289 708 1316 735 et
1337 706 1397 735 viro
1419 705 1467 734 Dei
1490 705 1615 739 oblatus,
1637 713 1701 734 cum
1723 708 1830 734 ceteros
1852 705 1975 742 fugeret,
1997 713 2052 734 ma-
2100 742 2101 745 Ἴ

1203 754 1285 782 nibus
1306 753 1366 782 eius
1388 756 1414 781 et
1436 753 1509 781 sinui
1528 760 1557 781 se
1571 752 1721 781 domestica
1742 752 1891 781 securitate
1905 753 2050 782 commisit.

1204 818 1240 821 —
1256 801 1306 829 Per
1328 801 1418 829 lacum
1440 800 1586 828 Reatinum
1600 799 1689 828 eidem
1704 799 1737 828 ad
1752 807 1878 828 eremum
1892 800 1926 828 de
1940 800 2053 829 GraecIo

1204 848 1362 885 properanti
1395 847 1515 884 piscator
1551 855 1634 875 unam
1670 854 1706 875 ex
1738 846 1882 875 devotione
1913 847 2052 876 fiuvialem

1203 894 1304 924 obtulit
1324 902 1420 927 avem,
1442 901 1526 930 quam
1547 901 1612 922 cum
1634 893 1751 922 libenter
1773 896 1928 930 susceptam
1951 894 2053 931 apertis

1204 943 1335 971 invitaret
1356 941 1484 970 manibus
1505 941 1539 969 ad
1560 948 1718 975 recessum,
1740 948 1790 969 nec
1805 941 1851 969 illa
1866 941 1948 970 vellet
1963 941 2052 977 abire3

1204 989 1304 1018 erectis
1325 989 1352 1017 in
1375 989 1483 1017 caelum
1504 988 1607 1021 oculis,
1629 988 1677 1016 diu
1698 987 1727 1016 in
1747 988 1871 1017 oratione
1885 988 2057 1025 permansit,-

1205 1040 1231 1066 et
1253 1036 1331 1073 quasi
1354 1036 1465 1064 aliunde
1488 1038 1548 1072 post
1570 1035 1679 1072 longam
1701 1035 1798 1063 horam
1814 1035 1847 1064 ad
1863 1043 1892 1064 se
1908 1043 2052 1070 reversus,

1205 1084 1323 1112 dulciter
1345 1083 1444 1112 iterato
1464 1082 1604 1111 mandavit
1626 1082 1765 1116 aviculae,
1787 1085 1819 1111 ut
1832 1082 1980 1111 Dominum
1996 1082 2055 1111 lau-

1205 1131 1306 1159 datura
1327 1130 1476 1159 recederet.
1500 1130 1632 1166 Suscepta
1652 1129 1746 1166 itaque
1775 1137 1838 1158 cum
1866 1129 2055 1159 benedictione

1206 1177 1331 1211 licentia,
1353 1179 1433 1214 gestu
1455 1176 1580 1213 corporis
1607 1176 1744 1213 quoddam
1776 1177 1960 1213 praetendens
1988 1185 2055 1214 gau-

1206 1224 1299 1258 dium,
1321 1223 1472 1252 avolavitss.
1495 1240 1532 1243 —
1554 1223 1583 1251 In
1604 1223 1700 1252 eodem
1721 1223 1784 1252 lacu
1805 1223 1932 1252 similiter
1946 1223 2055 1253 oblatus

1207 1271 1259 1300 fuit
1280 1271 1303 1299 ei
1326 1271 1408 1307 piscis
1430 1278 1547 1307 magnus
1568 1273 1594 1299 et
1627 1270 1722 1304 vivus,
1754 1278 1837 1307 quem
1869 1278 1946 1299 more
1977 1271 2056 1299 solito

1207 1318 1330 1346 fraterno
1352 1317 1463 1346 nomine
1484 1325 1600 1351 vocans,
1616 1317 1644 1345 in
1659 1325 1759 1354 aquam
1776 1317 1900 1354 reposuit
1914 1317 1995 1346 iuxta
2009 1326 2056 1346 na-

1208 1374 1278 1394 vem.
1302 1365 1384 1394 Piscis
1405 1373 1472 1393 vero
1494 1372 1587 1393 coram
1609 1364 1669 1393 viro
1690 1365 1737 1393 Dei
1769 1364 1796 1392 in
1825 1373 1898 1402 aqua
1929 1365 2056 1400 ludebat,

1208 1415 1235 1441 et
1255 1412 1334 1449 quasi
1357 1420 1451 1440 amore
1472 1412 1560 1449 ipsius
1580 1411 1712 1445 allectus,
1734 1411 1893 1440 nullatenus
1915 1412 2028 1441 recessit
2041 1420 2057 1441 a

1208 1460 1287 1493 navi,
1310 1459 1360 1487 nisi
1384 1459 1462 1496 prius
1484 1459 1518 1487 ab
1540 1458 1636 1488 eodem
1659 1466 1723 1487 cum
1743 1459 1933 1488 benedictione
1947 1459 2057 1488 licentia

1208 1507 1259 1535 sibi
1281 1506 1352 1535 data.

1289 1556 1314 1581 9.
1337 1553 1394 1581 Alio
1416 1553 1563 1590 tempore²³
1585 1553 1731 1582 ambulans
1750 1561 1813 1582 cum
1828 1553 1948 1590 quodam
1962 1554 2057 1583 Fratre

1208 1609 1258 1638 per
1280 1600 1395 1637 paludes
1416 1600 1611 1635 Venetiarum,
1643 1600 1748 1629 invenit
1779 1601 1931 1629 maximam
1962 1601 2055 1631 avium

1208 1647 1414 1676 multitudinem
1437 1647 1617 1675 residentium
1641 1650 1667 1676 et
1688 1647 1858 1676 cantantium
1878 1648 1905 1676 in
1923 1648 2056 1685 virgultis.

1209 1695 1317 1731 Quibus
1340 1694 1420 1729 visis,
1443 1694 1515 1722 dixit
1536 1694 1570 1723 ad
1591 1694 1713 1723 socium:
1740 1706 1754 1720 «
1768 1695 1883 1724 Sorores
1910 1703 1974 1724 aves
1999 1695 2057 1724 lau—

1208 1742 1274 1771 dant
1295 1742 1454 1771 Creatorem
1477 1750 1577 1777 suum,
1598 1750 1649 1771 nos
1670 1742 1764 1780 itaque
1784 1742 1811 1771 in
1834 1743 1956 1771 medium
1986 1743 2057 1780 ipsa-

1209 1797 1273 1817 rum
1294 1792 1407 1823 euntes,
1430 1788 1525 1827 laudes
1546 1792 1573 1817 et
1595 1789 1678 1818 horas
1699 1789 1843 1818 canonicas
1871 1789 1988 1818 Domino
2012 1789 2058 1819 de-

1210 1839 1354 1865 cantemus
1369 1848 1394 1864 ».
1417 1836 1543 1873 Cumque
1564 1836 1592 1864 in
1618 1836 1739 1865 medium
1767 1844 1864 1865 earum
1892 1837 2057 1872 intrassent,

1209 1892 1264 1912 non
1285 1886 1351 1912 sunt
1371 1891 1436 1912 aves
1458 1886 1548 1912 motae
1568 1883 1601 1912 de
1623 1884 1697 1918 loco;
1720 1886 1747 1912 et
1768 1883 1834 1920 quia
1862 1887 1976 1921 propter
1996 1892 2058 1921 gar-

1210 1931 1296 1959 ritum
1318 1931 1441 1967 ipsarum
1464 1931 1490 1959 in
1513 1930 1636 1959 dicendis
1664 1930 1741 1959 boris
1772 1938 1801 1959 se
1833 1933 1931 1959 mutuo
1961 1931 2057 1960 audire

1210 1987 1264 2007 non
1286 1981 1429 2015 poterant,
1453 1986 1604 2007 conversus
1627 1978 1669 2006 vir
1691 1980 1803 2007 sanctus
1824 1978 1896 2007 dixit
1916 1978 1950 2007 ad
1978 1986 2057 2007 aves:

1214 2026 1358 2054 «Sorores
1379 2033 1458 2059 aves,
1481 2033 1497 2053 a
1518 2028 1601 2054 cantu
1623 2028 1742 2059 cessate,
1764 2025 1850 2054 donec
1878 2025 1974 2055 laudes
2001 2026 2058 2055 Deo

1209 2073 1315 2101 debitas
1337 2073 1570 2110 persolvamus».
1593 2073 1624 2100 At
1645 2072 1707 2101 illae
1735 2073 1866 2101 contInuo
1894 2075 2058 2107 tacuerunt,

1210 2120 1315 2149 tamdiu
1336 2120 1364 2148 in
1386 2120 1494 2148 silentio
1516 2119 1710 2156 persistentes,
1726 2119 1873 2156 quamdiu,
1888 2119 1967 2149 dictis
1982 2120 2059 2149 horis

1210 2167 1329 2204 spatiose
1350 2170 1377 2195 et
1398 2166 1526 2195 laudibus
1548 2166 1710 2203 persolutis,
1725 2174 1741 2195 a
1755 2169 1850 2195 sancto
1868 2167 1916 2195 Dei
1932 2167 2059 2195 cantandi

1210 2214 1347 2243 licentiam
1370 2216 1544 2250 receperunt.
1566 2213 1654 2242 Dante
1679 2216 1771 2242 autem
1801 2214 1840 2242 eis
1868 2214 1928 2242 viro
1957 2214 2005 2243 Dei
2027 2214 2059 2242 li-

1210 2261 1343 2295 centiam,
1366 2260 1458 2289 statim
1480 2263 1591 2289 cantum
1613 2268 1695 2289 suum
1719 2268 1796 2289 more
1818 2261 1898 2289 solito
1920 2268 2059 2290 resumse-

1210 2311 1285 2337 runt.
1308 2324 1345 2328 —
1367 2308 1444 2344 Apud
1466 2311 1587 2336 sanctam
1610 2308 1723 2336 Mariam
1739 2308 1772 2336 de
1788 2308 1965 2337 Portiuncula
1978 2308 2058 2337 iuxta

1210 2355 1305 2384 cellam
1330 2355 1381 2383 viri
1404 2355 1452 2383 Dei
1475 2362 1559 2392 super
1580 2355 1664 2383 ficum
1686 2355 1778 2384 cicada
1807 2355 1930 2384 residens
1957 2359 1985 2384 et
2012 2355 2058 2384 de-

1210 2405 1339 2436 cantans,
1362 2410 1425 2431 cum
1447 2410 1560 2431 servum
1581 2402 1706 2436 Domini,
1728 2402 1776 2439 qui
1799 2402 1881 2431 etiam
1910 2402 1938 2430 in
1965 2401 2058 2439 parvis

1211 2449 1296 2478 rebus
1317 2449 1550 2486 magnificentiam
1579 2449 1716 2478 Creatoris
1746 2449 1877 2477 admirari
1909 2449 2057 2484 didicerat,

1210 2497 1243 2525 ad
1265 2497 1372 2525 divinas
1394 2496 1489 2525 laudes
1510 2500 1593 2525 cantu
1622 2504 1673 2525 suo
1700 2496 1875 2533 frequentius
1906 2497 2056 2531 excitaret,

366 2702 373 2715 ¹
394 2704 427 2726 Du
446 2703 536 2731 Caligo,
555 2703 696 2725 Glossarium
714 2705 767 2724 ete:
789 2710 799 2721 «
816 2701 922 2729 Vallum,
945 2702 1030 2727 vallus,
1057 2704 1080 2723 ut
1104 2700 1152 2724 vril-

303 2742 392 2770 labztm,
412 2743 471 2764 fossa
483 2751 504 2764 ».
522 2742 545 2763 In
563 2741 631 2764 codd.
650 2741 687 2763 llll
706 2741 806 2763 secunda
824 2746 906 2762 manus
923 2740 1040 2762 substituit
1052 2739 1151 2767 vallem,

303 2782 366 2810 qnod
389 2782 457 2803 etiam
484 2781 581 2803 liabetur
606 2781 628 2802 in
651 2781 711 2802 Actis
730 2781 768 2802 SS.
791 2792 821 2796 -
844 2780 956 2807 Superius
980 2785 1022 2807 pro
1044 2778 1152 2809 'malefica

303 2821 373 2842 BDE
390 2820 524 2843 wizalediclu.
541 2820 636 2842 Inferius
655 2826 696 2847 pro
713 2819 776 2842 nulli
792 2819 837 2848 sitit
855 2820 905 2841 Vat.
922 2818 991 2841 milla
1009 2818 1063 2848 silit,

366 2858 375 2871 2
392 2858 437 2881 Cir.
455 2859 594 2886 Waduing„
613 2859 655 2880 loc.
672 2858 722 2884 cit.,
741 2858 768 2880 ad
787 2864 823 2880 an.
843 2859 915 2885 1222,
932 2864 955 2879 n.
973 2858 1010 2879 20.

367 2898 375 2910 ³
393 2898 437 2920 Csr.
456 2898 595 2926 Wadding.,
613 2898 654 2919 loc.
672 2898 720 2925 eit„
737 2898 766 2920 ad
784 2903 821 2919 an.
844 2899 912 2925 1221,
931 2904 951 2920 n.
970 2898 1007 2919 35.

367 2937 375 2948 ⁴
393 2938 449 2959 Cod.
469 2938 483 2959 Β
500 2938 635 2965 contantes,
654 2938 672 2959 G
691 2937 788 2959 Fratres
807 2939 904 2960 militare
922 2936 946 2959 in
963 2936 1068 2960 ecclesia.

368 2975 376 2988 ⁵
395 2976 417 2998 ld
435 2980 468 2998 est
486 2977 566 2998 Roma.
584 2989 614 2991 —
631 2976 664 2997 De
681 2976 760 2998 lacoba
780 2976 833 2998 vide
851 2976 992 3003 Wadding„
1005 2976 1047 2998 loc.
1060 2976 1110 3002 cit.,
1123 2975 1150 2997 ad

305 3022 341 3038 an.
358 3016 426 3043 12¹2,
440 3021 462 3036 n.
476 3015 512 3037 34..
526 3014 574 3039 (ubi
587 3015 616 3037 (le
628 3015 718 3042 origine
731 3015 886 3037 venerationis
902 3015 976 3043 ipsius
993 3021 1047 3043 erga
1066 3015 1153 3037 Franci-

1210 2700 1297 2729 scnni);
1316 2701 1344 2723 ad
1362 2707 1397 2722 an.
1421 2701 1491 2728 1222,
1509 2706 1531 2722 n.
1550 2699 1570 2722 4.
1590 2699 1638 2728 (ubi
1656 2699 1685 2722 de
1702 2700 1833 2728 agni0ulo);
1851 2699 1881 2721 acl
1898 2705 1934 2721 an.
1955 2699 2022 2727 1226,
2035 2705 2057 2720 n.

1211 2740 1249 2762 26.
1261 2746 1325 2768 seqq.
1345 2739 1394 2765 (nbi
1412 2739 1441 2761 de
1459 2739 1587 2767 praesentia
1602 2739 1674 2767 ipsius
1691 2739 1720 2761 ad
1733 2743 1830 2761 mortem
1849 2737 1972 2767 Francisci)
1990 2740 2012 2760 et
2028 2737 2057 2760 ad

1210 2786 1247 2801 an.
1270 2780 1339 2806 1239,
1358 2786 1380 2801 n.
1402 2779 1433 2801 14.
1452 2778 1502 2805 (uhi
1519 2779 1548 2801 de
1566 2780 1615 2801 eius
1636 2779 1727 2807 morte).

1274 2817 1283 2830 ὃ
1300 2818 1355 2840 Acta
1374 2818 1412 2839 SS.
1430 2817 1567 2840 corniculis.

1274 2856 1281 2869 ⁷
1301 2857 1345 2879 Cir.
1363 2857 1501 2884 Wadding.,
1520 2857 1563 2878 loc.
1581 2856 1630 2883 cit.,
1648 2856 1677 2879 ad
1694 2862 1730 2878 an.
1751 2856 1821 2883 1217,
1839 2862 1860 2878 n.
1883 2856 1915 2878 15.

1274 2895 1282 2908 Β
1300 2897 1332 2918 De
1350 2897 1393 2918 lioc
1410 2899 1432 2918 et
1449 2902 1497 2924 seq.
1516 2897 1573 2917 sacto
1591 2897 1630 2917 cfr.
1649 2896 1774 2923 Wadding.
1796 2896 1845 2917 loco
1868 2895 1889 2917 in
1912 2894 2057 2923 praecedenti

1211 2938 1261 2958 nota
1281 2936 1386 2963 allegato.
1403 2948 1433 2952 —
1451 2936 1493 2957 Pro
1511 2934 1614 2957 arotarii
1632 2935 1683 2957 Vat.
1701 2941 1753 2957 eum
1772 2934 1808 2957 ed.
1831 2934 1835 2955 l
1857 2933 1983 2957 advolavit.

1273 2974 1282 2986 ”
1300 2975 1345 2997 Csr.
1364 2975 1489 3002 Wadding.
1509 2975 1536 2996 ad
1555 2980 1591 2997 an.
1614 2975 1682 3001 1220,
1701 2981 1721 2996 n.
1741 2974 1761 2996 5.
1778 2986 1809 2990 —
1826 2974 1882 2996 Edd.
1901 2972 1953 2996 Alio
1966 2978 2056 3002 qnoque

1210 3015 1322 3043 tempore.

2069 800 2100 820 Sex
2104 807 2119 822 n,

2101 895 2103 907 l

2076 2304 2113 2324 Non
2118 2305 2127 2322 ¹.
