2133 3317
352 273 395 295 ClL

150 326 179 329 —
196 312 320 335 Licentiam
345 311 484 334 comedendi
509 311 538 333 dc
555 309 664 332 omnibus

103 352 160 375 cibis
177 351 327 379 Evangelium
345 350 450 373 concedit
466 349 496 372 ob
516 348 666 377 praedicatio-

103 391 138 414 nis
154 391 306 413 ministerium
325 390 348 412 41
360 390 364 412 Ι
388 390 416 411 15
427 400 458 405 -
475 388 523 410 Non
536 391 569 410 est
583 387 667 410 modus

103 430 198 453 curandi
215 429 304 452 animas
320 427 492 451 delicatioribus
512 427 545 449 uti
567 426 664 449 cibariis

105 468 158 492 ibid.

151 507 259 530 Curemus
276 520 305 523 —
322 507 449 534 Prophetae
471 505 505 528 usi
527 507 580 528 sunt
596 511 665 528 sacco

106 547 194 570 cilicino
212 546 257 569 405
274 545 304 568 24

150 585 264 608 cix-cuiun
281 597 312 601 —
329 584 443 606 funiculus
459 586 493 606 est
510 583 554 606 400
573 584 597 605 11

152 624 308 647 Cincunrossm
325 636 356 640 —
372 623 425 645 vitis
443 623 546 646 caelestis
562 624 624 645 fraus
635 622 669 644 in-

106 663 239 686 sidiantium
256 663 389 690 intelligitur
408 663 451 684 162
471 663 476 684 l

151 702 325 725 Cincunsrtzcrto
336 714 368 718 —
379 702 414 724 sui
432 701 512 729 triplex
523 704 557 724 est
572 701 616 724 145
631 701 667 723 15

106 741 150 764 146
170 742 207 763 16.
223 748 274 770 sqq.

151 793 182 797 —
199 780 235 803 sui
251 783 286 803 est
301 780 381 803 semita
403 780 554 808 perveniendi
577 779 607 802 ad
625 780 669 802 ltu-

105 820 224 842 militatem
246 819 286 841 111
316 819 330 842 5
346 831 377 836 -
398 818 609 846 circumspectione
632 819 669 841 sui

106 859 253 882 exacuendos
269 861 303 881 est
319 858 425 880 stimulus
440 858 594 880 conscientiae
612 857 625 880 4
643 859 665 881 3.

105 899 119 921 5
136 898 149 920 7
168 910 199 915 --
215 899 289 921 Homo
314 897 384 921 debet
407 897 585 925 circumspicere
606 897 668 919 diem

106 937 198 964 mortis,
215 937 352 965 sanguinem
364 937 439 959 crucis
450 939 472 958 et
488 936 568 958 faciem
587 936 669 958 iudicis

106 976 120 999 5
137 977 150 998 7
167 988 199 993 —
214 976 425 1003 circumspectione
442 975 530 1004 ubique
541 975 669 998 circumvo-

106 1016 202 1038 landum
219 1018 264 1041 cst,
285 1015 398 1041 videndo,
415 1014 471 1043 quid
488 1017 510 1036 ct
526 1014 623 1043 qualiter
640 1014 669 1036 sit

105 1054 224 1082 agendum
250 1053 295 1076 150
319 1053 348 1075 15
365 1065 395 1069 ·—-
415 1053 538 1082 Quomodo
564 1053 593 1075 ad
618 1059 669 1075 eam

106 1093 254 1122 perveniatur
274 1093 312 1115 111
334 1092 348 1114 5
369 1091 424 1115 Vide
441 1099 461 1115 zv.
478 1092 602 1115 Discretio.

153 1131 347 1155 cincnusmvmi:
363 1143 394 1148 —
406 1131 497 1154 debitae
509 1134 530 1154 ct
542 1130 669 1154 laudabiles

107 1171 238 1194 servandae
254 1171 276 1193 in
294 1170 360 1193 bonis
378 1171 421 1193 237
440 1170 453 1192 7
465 1182 496 1186 -—-
508 1171 614 1193 Defectus
629 1170 671 1193 clr-

107 1210 258 1234 cumstantiae
274 1210 387 1238 depravat
403 1209 462 1232 bona
480 1209 534 1232 ibid.

154 1249 278 1273 ciswmmz
295 1262 326 1265 —
344 1251 443 1271 castrum
462 1248 506 1271 560
524 1250 538 1271 2

154 1288 252 1311 Cli-uam
269 1300 301 1305 -
318 1288 421 1311 Christus
437 1287 505 1310 nobis
519 1288 540 1310 in
558 1294 627 1311 cruce
643 1288 672 1311 ci-

108 1329 171 1351 thara
190 1329 262 1350 sactus
279 1330 313 1350 est
330 1328 375 1350 172
397 1328 402 1349 l

155 1367 266 1390 CtvaAs
281 1379 313 1382 —
329 1366 458 1395 mundana,
472 1366 540 1395 quale
551 1366 587 1389 ius
603 1366 672 1389 tribu-

108 1409 131 1429 at
148 1407 193 1429 309
211 1407 240 1429 15

153 1445 244 1469 civim
260 1457 291 1462 —
307 1445 411 1468 caelestis
425 1445 546 1473 splendida
563 1445 592 1468 59
612 1446 640 1467 10

154 1484 245 1508 Cimon
261 1498 292 1501 —
307 1491 350 1513 per
361 1484 522 1507 confidentiam
539 1484 609 1507 debet
620 1491 671 1507 esse

107 1524 130 1547 in
147 1524 347 1547 commiseratione
358 1526 465 1552 respectu
478 1524 576 1552 proximi
598 1524 623 1546 16
642 1524 670 1546 10

106 1575 137 1580 -
149 1563 218 1586 debet
229 1569 279 1586 esse
290 1563 312 1586 in
325 1563 485 1591 imploratione
501 1562 599 1586 subsidii
614 1564 642 1585 12
655 1564 668 1586 2

107 1615 139 1619 --
154 1603 259 1626 Clamore
276 1602 447 1631 implorandum
465 1602 596 1625 subsidium
618 1609 672 1631 pro-

107 1644 158 1671 pter
174 1642 305 1665 remedium
324 1641 353 1664 15
371 1642 384 1664 8

156 1681 230 1704 Cium
246 1693 278 1698 -
294 1683 342 1703 erat
359 1681 433 1709 prima
450 1681 567 1709 virginum
586 1687 627 1709 pet·
649 1682 672 1703 S.

107 1721 255 1743 Franciscum
265 1721 294 1743 ad
303 1720 441 1743 coelibatum
452 1726 617 1743 conversarum
625 1720 670 1743 514

109 1761 122 1782 6
139 1772 171 1776 -
187 1760 232 1782 filia
249 1760 289 1782 fuit
306 1760 420 1782 Francisci
433 1760 568 1788 pauperculi
585 1763 607 1783 et
624 1766 671 1782 ma-

107 1802 142 1823 ter
166 1800 297 1828 pauperum
321 1799 472 1822 Dominarum
498 1798 552 1822 ibid.
576 1811 607 1816 —-·
630 1805 672 1827 per

107 1839 254 1862 Franciscum
271 1845 283 1861 a
302 1839 387 1866 Spiritu
405 1840 427 1861 S.
445 1839 525 1862 edocta
543 1841 578 1861 est
595 1839 640 1861 474
658 1845 670 1861 a

154 1891 185 1894 —
201 1884 255 1900 cum
272 1877 403 1905 virginibus
420 1878 468 1900 suis
493 1878 579 1900 inclusa
597 1884 671 1900 mora-

108 1916 176 1939 batur
193 1917 222 1940 ad
240 1917 360 1940 ecclesiam
377 1918 400 1939 S.
425 1917 530 1939 Damiani
546 1916 591 1940 548
609 1918 623 1939 5
641 1929 670 1933 ——

109 1957 150 1979 fuit
174 1957 291 1984 exemplar
316 1956 451 1979 humilitatis
478 1957 521 1978 112
546 1957 560 1978 7
577 1968 608 1973 -
625 1959 671 1979 tan-

109 2001 180 2024 quam
197 1996 240 2018 ssos
263 2001 363 2018 vernans
383 1996 480 2018 odorem
502 1995 566 2018 dedit
588 1998 610 2018 et
628 1998 673 2018 tan-

110 2041 180 2064 quam
203 2035 265 2057 soella
290 2035 390 2057 radiavit
407 2034 452 2057 514
469 2035 483 2056 6
500 2047 531 2051 -
548 2035 670 2062 glorificata

109 2074 134 2096 in
151 2074 220 2096 caelis
236 2073 266 2096 ab
283 2074 382 2096 Ecclesia
399 2074 470 2101 digne
482 2077 605 2096 veneratur
617 2073 674 2097 ibid.

109 2125 141 2130 —
156 2119 257 2141 superno
275 2113 294 2135 ei
311 2113 427 2135 revelante
439 2112 536 2141 Spiritu,
549 2113 672 2141 cognovit,

111 2152 246 2180 beneplaciti
258 2158 309 2175 esse
326 2152 397 2174 divini
405 2169 410 2179 ‚
422 2152 485 2181 quod
497 2152 631 2175 Franciscus
643 2152 672 2174 ad

110 2191 291 2219 praedicandum
310 2191 380 2214 exiret
405 2191 449 2213 539
468 2192 481 2213 2
499 2204 528 2207 -
546 2191 603 2214 vidit
619 2197 672 2214 cum

112 2231 194 2253 ceteris
211 2229 334 2253 Sororibus
358 2233 410 2258 post
427 2233 525 2252 mortem
543 2231 565 2252 S.
582 2230 674 2252 Franci-

111 2269 144 2292 sci
162 2269 211 2292 eius
227 2270 333 2297 stigmata
352 2269 398 2291 544
415 2270 428 2291 8

159 2321 189 2324 -
205 2307 318 2330 Moniales
334 2309 356 2330 S.
374 2307 453 2330 Clarae
474 2308 565 2330 clausae
582 2311 675 2331 manent

112 2347 157 2370 sub
173 2347 281 2370 uniformi
298 2347 474 2370 conversatione
492 2347 537 2369 369
549 2346 564 2369 b
576 2359 607 2363 —
618 2353 675 2375 prae

112 2387 193 2410 ceteris
217 2385 353 2409 mulieribus
375 2385 404 2408 ab
429 2386 536 2408 humanis
554 2386 675 2415 colloquiis

112 2426 265 2448 excluduntur
282 2425 327 2448 435
346 2426 359 2448 3
375 2437 407 2441 -
423 2431 469 2447 non
494 2425 607 2452 recipiunt
624 2431 675 2453 per-

113 2471 194 2488 sonam
211 2468 307 2493 propter
331 2465 467 2492 pecuniam,
484 2464 536 2486 licet
552 2464 675 2493 aliquando

112 2504 226 2533 recipiant
250 2504 373 2532 pecuniam
396 2510 449 2526 cum
468 2504 572 2531 personis
590 2504 634 2525 369
652 2503 676 2526 b.

115 2544 159 2566 370
176 2550 189 2566 a
202 2556 231 2559 —
245 2546 298 2566 sunt
315 2543 457 2571 paupertatis
468 2543 614 2570 evangelicae
627 2542 678 2564 imi-

114 2583 205 2606 tatrices
223 2582 266 2605 114
283 2582 297 2604 7
314 2595 345 2598 -
362 2582 408 2605 Cur
424 2582 514 2604 Fratres
531 2582 629 2604 Minores
640 2588 677 2604 cu-

114 2627 164 2644 ram
181 2628 260 2644 carum
279 2621 378 2644 habeant
403 2621 448 2643 369
472 2620 487 2643 b
504 2633 535 2637 —
551 2620 629 2643 Officia
648 2620 677 2643 ab

115 2661 202 2684 Ordine
228 2661 283 2689 ipsis
307 2660 406 2683 exhibita
432 2663 484 2683 sunt
503 2660 614 2688 gratuita,
631 2666 676 2681 non

115 2699 192 2723 debita
216 2700 260 2722 472
278 2699 293 2721 b
309 2711 341 2716 —
357 2699 476 2722 Ordinatio
503 2699 565 2727 ipsas
587 2704 678 2721 concer-

115 2745 174 2762 nens
191 2739 235 2761 467
252 2739 268 2761 b
285 2751 316 2756 —
332 2739 492 2761 Ordinationes
509 2738 587 2767 quoad
604 2738 678 2760 officia

116 2778 138 2800 in
156 2784 235 2800 earum
253 2778 394 2800 monasteriis
405 2777 542 2800 celebranda
560 2777 600 2799 471
622 2776 637 2799 b
649 2789 680 2793 —

116 2817 208 2846 Quibus
224 2820 247 2839 et
263 2823 308 2846 qua
326 2817 356 2839 dc
373 2823 441 2839 causa
459 2817 525 2839 liceat
542 2822 622 2838 carum
634 2816 680 2837 llio-

117 2856 243 2878 nasterium
269 2855 358 2883 ingredi
376 2855 430 2878 ibid.
447 2867 478 2872 —
495 2856 680 2882 instrumentum,

116 2895 181 2924 quod
199 2895 229 2917 ab
255 2895 312 2922 ipsis
337 2894 461 2922 postulavit
479 2895 502 2916 S.
521 2895 679 2916 nonaveniura

117 2934 196 2963 quoad
213 2934 288 2956 officia
306 2933 335 2955 ab
352 2933 437 2956 Ordine
453 2932 552 2956 exhibita
571 2932 615 2955 472
634 2932 649 2954 b

165 2973 295 2996 Ctausrnmt
323 2985 354 2988 —
381 2972 442 2995 Multi
467 2971 561 3000 superbi
586 2975 639 2994 sunt
660 2971 682 2993 in

119 3012 230 3041 claustro,
246 3012 286 3041 qui
304 3014 365 3034 certe
382 3018 426 3034 non
450 3011 491 3033 nisi
515 3011 614 3033 humiles
631 3010 683 3033 fuis-

793 231 892 259 INDEX
914 230 1161 259 ALPHABETICUS.

700 311 750 331 sent
767 309 790 331 111
807 309 895 331 mundo
911 309 952 331 112
969 308 983 330 7
997 321 1026 324 —
1038 307 1202 331 claustralibus
1219 314 1263 336 pax

700 351 734 371 cst
751 355 842 370 summe
862 348 990 371 necessaria
1017 348 1062 370 115
1081 348 1089 369 1
1111 359 1142 364 —-
1158 348 1264 375 Imperfe-

701 387 742 410 ctis
759 387 888 410 necessaria
910 390 944 410 est
966 387 1080 410 distinctio
1103 386 1201 409 exterior
1217 387 1264 408 offi-

701 427 805 449 cinarum
822 426 978 449 claustralium
995 425 1036 448 341
1058 425 1074 447 b

748 465 828 488 ctivis
836 478 866 481 —
877 464 927 488 ride
936 471 956 488 v.
968 464 1079 487 Discrefio
1089 467 1110 487 et
1121 470 1142 487 r.
1153 464 1264 487 sciencia.

748 504 835 527 Ctivus
856 516 886 521 -—-
911 504 944 526 De
971 504 1116 526 transfixione
1144 504 1263 526 clavorum

703 544 746 566 186
766 544 774 566 1
795 556 826 559 —
842 544 865 566 in
883 542 991 566 manibus
1012 545 1035 565 et
1057 542 1156 571 pedibus
1182 542 1264 565 Christi

701 583 739 611 pie
755 582 926 610 contemplandi
952 582 993 604 188
1020 583 1033 604 2
1050 593 1081 598 -
1102 582 1143 604 Per
1169 581 1265 604 incudes

702 622 819 644 clavorum
837 628 877 644 cor
893 621 966 644 scindi
983 620 1051 643 debet
1068 620 1097 643 ad
1115 620 1265 643 effundendas

701 661 814 688 lacrymas
837 661 881 683 180
900 661 908 682 1
930 673 961 676 —
977 661 1034 682 Tres
1058 660 1116 682 clavi
1141 659 1207 682 ferrei
1232 662 1266 682 ter

702 700 804 728 percussi
821 699 945 722 validiores
961 702 1014 722 sunt
1030 700 1059 722 ad
1076 705 1162 728 aquam
1178 699 1265 721 elicien-

701 739 754 762 dam
773 745 843 768 quam
869 739 987 767 percussio
1009 738 1089 766 virgae
1107 738 1177 766 Moysi
1196 738 1266 766 gemi-

702 782 753 801 nata
771 778 800 801 ib.
818 779 831 800 2

749 817 851 840 Ctenfirs
867 830 898 833 —
915 817 975 845 Papa
992 820 1088 846 quartus
1101 823 1143 844 per
1156 817 1177 838 S.
1196 817 1266 839 Bona-

703 859 825 879 venturam
854 859 900 878 tres
927 855 1015 878 abusus
1041 856 1159 878 cavendos
1188 858 1267 878 mouet

704 896 748 918 470
767 897 780 918 2

750 934 875 957 Ctssursrtft
888 947 918 950 —
929 934 1092 962 appropriatur
1105 934 1200 962 Spiritui
1218 940 1267 956 san-

703 977 739 997 cto
757 974 786 996 28
808 975 813 996 l
835 986 866 990 —
882 974 1011 996 consolatur
1030 973 1083 996 ibid.
1100 985 1131 990 —
1147 973 1266 1002 quomodo

704 1014 817 1041 peccatori
835 1012 963 1035 exhibenda
981 1013 1009 1035 sit
1027 1012 1071 1034 144
1090 1013 1102 1033 8

751 1051 838 1075 Cttzmct
855 1064 887 1068 —
903 1052 951 1074 sine
969 1052 1038 1074 titulis
1060 1058 1105 1074 non
1130 1051 1217 1074 debent
1233 1058 1267 1074 or-

704 1091 777 1113 dinari
799 1091 844 1113 328
869 1091 897 1113 34
915 1103 946 1107 -
963 1091 1088 1113 sustinendi
1115 1090 1182 1113 bonis
1199 1091 1268 1113 cccle-

704 1130 801 1153 siasticis
818 1130 863 1152 284
875 1131 904 1152 38
916 1142 947 1146 -
958 1129 1051 1153 Clericis
1063 1130 1105 1152 nisi
1117 1130 1186 1152 studii
1199 1136 1267 1153 causa

704 1172 771 1197 turpe
788 1171 822 1192 est
839 1169 971 1192 mendicare
988 1170 1032 1191 328
1051 1169 1080 1192 34

751 1221 782 1225 -
809 1209 842 1230 De
870 1209 1018 1236 congruentia
1047 1211 1119 1231 status
1147 1208 1268 1236 clericatis,

705 1254 849 1276 quamquam
866 1254 912 1270 non
934 1248 963 1270 de
988 1248 1136 1275 necessitate,
1153 1250 1188 1270 est
1204 1247 1269 1270 abdi-

705 1287 764 1309 catio
781 1287 946 1315 superssuitatis
962 1290 985 1310 et
1006 1287 1158 1315 possessionis
1176 1287 1220 1309 270
1239 1288 1268 1309 22

705 1339 736 1343 -
763 1327 916 1349 informantur
943 1326 1026 1349 Christi
1055 1328 1077 1348 et
1104 1326 1268 1354 Apostolorum

704 1366 809 1394 exemplo
826 1365 881 1388 nihil
898 1365 941 1387 sibi
953 1365 1119 1393 appropriandi
1138 1365 1183 1388 284
1196 1365 1225 1387 37
1238 1378 1270 1382 -

705 1405 773 1433 pauci
786 1405 849 1427 omni
861 1411 886 1427 se
897 1404 1017 1427 denudant
1028 1404 1169 1433 proprietate
1182 1404 1226 1427 310
1241 1405 1267 1427 18

705 1456 736 1460 -
748 1444 879 1466 Secundum
897 1444 990 1473 antiqua
1008 1444 1058 1466 iura
1075 1444 1165 1466 clericis
1182 1443 1269 1467 habere

705 1483 825 1512 proprium
843 1489 890 1506 non
907 1482 1000 1510 licebat,
1017 1483 1069 1506 licet
1087 1483 1174 1506 habere
1191 1487 1269 1511 potue-

705 1523 749 1545 rint
766 1523 889 1551 peculiaria
907 1523 1000 1550 propria
1018 1522 1064 1544 395
1082 1523 1096 1545 7

751 1574 781 1579 -—
798 1562 921 1590 Quomodo
939 1562 1028 1584 differat
1044 1562 1153 1590 perfectio
1178 1562 1269 1585 clerico-

704 1608 756 1624 rum
773 1602 821 1623 sola
848 1601 977 1624 necessaria
997 1601 1144 1624 retinentium
1167 1607 1179 1624 a
1198 1602 1269 1629 perfo-

704 1641 779 1664 ctione
788 1640 956 1668 Religiosorum
966 1646 1096 1669 pauperum
1110 1641 1155 1663 310
1169 1641 1205 1663 17.
1217 1647 1268 1670 sqq.

704 1692 735 1697 -
752 1681 956 1709 Quantoscumque
973 1680 1060 1703 reditus
1072 1680 1182 1703 ecclesiae
1199 1686 1269 1709 quae-

704 1726 755 1743 rere
771 1726 819 1742 non
836 1722 870 1742 est
893 1720 1020 1748 perfectum
1046 1726 1087 1747 per
1109 1726 1133 1742 se
1159 1719 1214 1742 ibid.
1238 1732 1270 1736 —

705 1760 781 1782 Status
808 1759 944 1782 clericorum
973 1759 1133 1781 ecclesiasticis
1157 1758 1270 1782 reditibus

705 1799 848 1821 affluentium
876 1804 922 1820 non
946 1800 981 1820 est
1007 1798 1174 1826 praeferendus
1201 1798 1268 1821 statui

705 1844 835 1866 pauperum
853 1844 896 1866 pro
907 1837 997 1860 Christo
1009 1837 1064 1860 nihil
1077 1837 1211 1860 habentium
1224 1838 1269 1860 312

706 1877 720 1900 4
736 1890 767 1894 -
784 1878 826 1899 Per
842 1877 998 1905 receptionem
1026 1877 1138 1904 pecuniae
1161 1878 1183 1899 et
1200 1876 1271 1899 dena-

705 1916 792 1939 riorum
811 1917 889 1944 plures
905 1922 918 1938 e
934 1917 995 1939 clero
1012 1915 1129 1938 viluerunt
1140 1916 1187 1938 Deo
1200 1918 1222 1938 et
1233 1917 1270 1938 ho·

706 1955 810 1978 minibus
828 1955 872 1978 419
890 1956 920 1978 22

753 2007 784 2012 -
799 1995 875 2017 nullus
892 1996 968 2023 potest
983 1994 1069 2017 habere
1087 1995 1145 2017 duas
1163 1994 1271 2017 ecclesias

706 2040 785 2057 curam
803 2034 932 2056 animarum
950 2033 1061 2056 habentes
1078 2033 1122 2056 358
1138 2039 1150 2056 a
1163 2046 1192 2049 —
1205 2039 1272 2061 prae-

706 2073 775 2101 cipue
791 2076 886 2102 propter
902 2079 941 2096 sex
958 2079 1039 2095 causas
1058 2079 1103 2095 nou
1121 2076 1218 2101 possunt
1235 2079 1272 2095 ac-

706 2113 799 2141 quirere
816 2112 955 2135 beneficium
980 2118 1061 2135 curam
1085 2113 1213 2134 animarum
1232 2113 1272 2134 ha-

707 2151 763 2174 bens
789 2150 842 2174 ibid.
867 2163 898 2168 —-
922 2151 1036 2179 recipiens
1063 2151 1177 2179 stipendia
1199 2151 1272 2174 Eccle-

707 2191 766 2218 siae,
784 2196 854 2219 quam
872 2196 918 2213 non
936 2190 1049 2218 deservit,
1061 2193 1142 2218 peccat
1155 2190 1200 2213 359
1218 2196 1230 2212 a
1242 2203 1273 2206 —

707 2230 835 2252 inordinate
862 2229 1088 2252 excommunicantes
1116 2229 1219 2252 incidunt
1249 2230 1271 2252 in

707 2269 883 2297 suspensionem
901 2271 923 2291 et
939 2269 1129 2297 irregularitatem
1151 2269 1195 2291 358
1214 2268 1229 2290 b

756 2321 786 2324 —
810 2307 903 2331 Clericis
923 2307 1081 2330 obediendum
1103 2310 1138 2330 est
1162 2310 1272 2336 tanquam

708 2347 791 2369 Christi
808 2347 901 2369 vicariis
918 2347 963 2369 373
987 2353 999 2368 a
1017 2359 1047 2363 —
1064 2346 1144 2369 Clerus
1166 2349 1227 2369 totus
1244 2350 1273 2369 te-

708 2389 774 2408 netur
795 2385 921 2413 apostolico
942 2385 1042 2407 Domino
1066 2385 1163 2408 obedire
1180 2386 1225 2407 396
1244 2386 1268 2408 11

709 2437 739 2442 ·-
758 2425 801 2448 Pax
817 2431 871 2447 cum
888 2424 976 2447 clericis
996 2430 1089 2453 semper
1106 2425 1221 2447 servanda
1239 2427 1274 2447 est

710 2463 750 2486 471
773 2463 786 2486 4

758 2515 788 2519 -
804 2503 861 2526 Prae
878 2503 1024 2525 multitudine
1041 2503 1121 2530 populi
1139 2509 1181 2525 nec
1197 2502 1274 2525 clerici

710 2548 751 2564 nec
769 2542 877 2569 Religiosi
894 2542 961 2570 plene
977 2542 1093 2564 sufiiciunt
1106 2541 1217 2563 omuibus
1229 2541 1274 2563 378

712 2581 735 2603 11
757 2593 789 2597 -
805 2581 873 2609 pauci
890 2583 943 2603 sunt
960 2580 1037 2603 idonci
1059 2580 1088 2602 ad
1106 2580 1212 2608 regimen
1228 2580 1274 2602 ani-

711 2626 802 2642 marum
821 2620 865 2642 358
882 2627 903 2647 a,
920 2619 935 2641 b
952 2632 983 2635 —
1005 2619 1109 2642 illitterati
1137 2619 1202 2641 facile
1223 2619 1275 2641 sub·

711 2661 832 2681 vertuntur
856 2658 886 2681 ab
911 2658 1031 2681 haereticis
1057 2657 1087 2681 ili.
1111 2664 1122 2680 a
1146 2670 1177 2675 —
1197 2658 1220 2680 Si
1237 2664 1275 2686 po-

711 2698 779 2726 pulus
805 2698 881 2726 perdit
903 2698 973 2720 tidem
998 2697 1021 2719 in
1046 2697 1148 2724 clericis,
1165 2697 1229 2719 facile
1246 2696 1276 2719 ab

713 2737 832 2759 haereticis
857 2737 977 2759 attrahitur
1002 2736 1046 2758 357
1064 2735 1080 2758 b
1104 2749 1134 2752 —
1152 2742 1222 2763 saepe
1238 2742 1275 2758 va-

713 2776 752 2798 riis
763 2775 825 2798 vitiis
837 2778 890 2798 sunt
907 2775 986 2798 irretiti
999 2775 1043 2797 378
1058 2775 1085 2797 13
1097 2787 1127 2792 —
1141 2775 1218 2803 plures
1230 2777 1276 2797 tam

713 2815 796 2837 iniuste
824 2815 917 2841 vivunt,
942 2814 1005 2843 quod
1031 2814 1100 2836 laicos
1125 2814 1278 2836 scandalizant

715 2854 759 2876 373
777 2860 788 2875 a
807 2866 837 2870 —
854 2854 896 2875 Per
913 2854 971 2875 mala
989 2853 1092 2881 exempla
1106 2853 1240 2875 clericorum
1254 2853 1277 2875 in

715 2896 759 2915 tota
786 2893 884 2915 Ecclesia
910 2892 1047 2920 gravissima
1073 2892 1131 2914 mala
1150 2894 1278 2920 sequuntur

715 2931 760 2954 359
778 2938 790 2953 a

762 2982 793 2987 —
814 2969 972 2992 diversimodo
994 2970 1140 2997 sacrilegium
1158 2970 1279 2992 admittere

721 3012 819 3038 possunt
840 3010 884 3032 358
906 3009 922 3031 b
938 3021 969 3026 —
986 3008 1062 3032 Oratio
1080 3008 1155 3032 clerici
1180 3009 1204 3031 in
1229 3014 1279 3037 pec-

1803 232 1857 260 699

1557 269 1610 292 col,

1297 310 1348 330 cato
1364 309 1432 336 positi
1449 309 1553 331 inefficax
1578 312 1612 331 est
1629 308 1683 331 ibid.
1705 321 1736 325 —-
1759 308 1861 332 lubricus

1297 350 1319 369 et
1336 348 1395 370 male
1407 348 1538 375 expendens
1550 354 1587 370 res
1599 348 1723 375 Ecclesiae,
1735 354 1782 377 quo
1794 349 1859 376 plura

1298 386 1416 413 habuerit,
1433 387 1485 414 plus
1509 390 1589 415 peccat
1612 386 1666 410 ibid.
1688 399 1718 404 -
1741 387 1862 410 Decretum

1297 425 1396 453 speciale
1421 428 1500 448 contra
1525 426 1619 449 clericos
1643 426 1789 449 sollicitantes
1816 432 1863 449 mo-

1297 464 1370 487 niales
1387 465 1433 487 385
1455 465 1480 487 12

1344 515 1375 520 -·
1393 504 1511 532 Quosdam
1528 504 1632 526 defectus
1656 504 1793 527 clericorum
1811 510 1862 526 con-

1299 543 1360 565 venit
1387 542 1480 571 publice
1505 543 1674 571 reprehendere
1699 546 1720 566 et
1747 544 1862 572 quosdam

1299 584 1372 604 tacere
1397 582 1441 604 357
1464 588 1484 610 a,
1501 581 1516 604 b
1533 594 1564 598 —
1582 583 1624 605 Sex
1647 583 1706 604 mala
1725 582 1861 605 clericorum

1299 621 1376 643 utilius
1393 621 1489 644 tacenda
1507 623 1561 643 sunt
1578 621 1623 644 358
1640 628 1652 643 a

1346 672 1376 676 —
1402 660 1503 682 nonnulli
1529 661 1581 688 plus
1605 660 1705 682 oderunt
1735 660 1862 688 Religiosos

1298 705 1369 728 quam
1387 699 1483 722 ludaeos
1505 699 1550 721 373
1576 705 1588 721 a
1605 712 1636 716 —
1653 700 1675 722 Si
1693 702 1770 722 tamen
1795 706 1861 728 sape-

1299 741 1362 765 rent,
1379 738 1456 766 potius
1468 738 1590 766 diligerent
1601 745 1640 761 eos
1653 738 1759 766 pluribus
1771 739 1800 761 de
1811 745 1863 761 ‹rau-

1299 778 1330 800 sis
1348 777 1400 800 ibid.
1419 789 1449 794 ——-
1466 777 1550 800 habeut
1568 778 1589 800 in
1606 778 1727 805 Religiosis
1743 778 1862 800 stimulum

1300 817 1447 839 correctionis
1464 816 1492 839 ib.
1510 816 1524 838 b
1540 829 1572 833 —
1588 817 1696 844 Religiosi
1713 819 1765 839 sunt
1782 822 1863 839 eorum

1299 856 1444 879 coadiutores
1461 856 1483 878 in
1495 855 1639 878 sublevando
1656 862 1725 878 onere
1743 855 1798 878 ibid.

1347 907 1379 912 -—
1395 896 1456 923 Quas
1472 895 1593 924 qualitates
1611 894 1697 917 habere
1709 894 1792 917 debeat
1808 895 1862 917 reci-

1301 934 1400 962 piendus
1417 940 1459 962 pro
1476 934 1558 957 clerico
1575 934 1603 956 ad
1621 934 1732 956 Ordinem
1749 934 1862 957 Minorum

1302 974 1346 995 398
1366 973 1378 995 4

1348 1012 1507 1035 Coena-remon
1525 1025 1555 1027 —
1571 1012 1704 1040 parochiale
1722 1011 1765 1034 460
1784 1018 1796 1034 a

1349 1051 1488 1074 Cor-:nonime
1516 1063 1546 1067 —
1574 1053 1686 1073 vocantur
1711 1051 1751 1080 qui
1779 1051 1864 1073 habent

1301 1091 1378 1113 omnia
1396 1090 1528 1113 communia
1541 1090 1586 1112 273
1605 1090 1617 1112 4
1636 1103 1665 1106 —
1684 1090 1739 1118 ipsis
1756 1090 1867 1118 competit

1302 1129 1417 1152 abdicatio
1434 1130 1553 1157 potestatis
1578 1129 1711 1157 possidendi
1729 1132 1749 1152 et
1767 1128 1866 1156 abuega-

1303 1169 1333 1192 tio
1358 1169 1480 1191 voluntatis
1505 1168 1549 1190 270
1576 1169 1606 1190 22
1627 1181 1658 1185 -
1679 1169 1709 1191 ad
1734 1169 1865 1196 exemplum

1302 1208 1383 1231 Christi
1409 1210 1431 1230 ct
1455 1208 1622 1235 discipulorum
1647 1207 1697 1230 eius
1717 1214 1763 1230 non
1780 1207 1865 1230 debent

1302 1247 1346 1270 sibi
1363 1247 1492 1276 quidquam
1510 1247 1661 1275 appropriare
1679 1246 1724 1269 284
1743 1246 1771 1268 37

1350 1299 1380 1302 ——
1405 1285 1583 1309 Coenobitarum
1608 1285 1744 1308 abstinentia
1773 1286 1817 1308 258
1843 1286 1864 1308 2.

1303 1326 1347 1348 250
1366 1326 1379 1348 5
1396 1338 1427 1342 —
1444 1325 1532 1347 debiles
1549 1328 1571 1347 et
1596 1325 1680 1347 infirmi
1697 1325 1752 1348 vino
1769 1327 1791 1348 et
1808 1324 1865 1348 cibis

1303 1364 1475 1388 delicatioribus
1491 1364 1614 1387 utebantur
1631 1364 1675 1386 259
1694 1364 1708 1386 5

1350 1417 1380 1420 -
1402 1403 1549 1426 Coenobitica
1569 1403 1615 1425 vita
1633 1403 1703 1425 habet
1719 1403 1799 1425 laudes
1817 1409 1868 1431 pro-

1303 1443 1378 1472 prias,
1395 1442 1431 1465 cui
1449 1449 1494 1465 non
1519 1443 1655 1465 adversatur
1673 1442 1722 1464 laus
1739 1442 1867 1464 solitudinis

1303 1483 1347 1505 236
1366 1483 1379 1504 3

1350 1522 1432 1545 Coesse
1450 1534 1479 1537 —
1497 1521 1626 1543 Differentia
1649 1527 1733 1548 magna
1758 1523 1792 1543 est
1808 1521 1866 1543 inter

1302 1561 1411 1588 subesse,
1428 1566 1507 1583 coesse
1524 1563 1546 1582 et
1562 1566 1669 1588 praeesse
1689 1560 1727 1582 tat
1752 1560 1759 1581 1

1349 1600 1509 1623 Coomrtowrs
1525 1612 1556 1616 —
1573 1599 1712 1626 diabolicae,
1735 1599 1866 1622 mundanae

1302 1642 1324 1663 et
1335 1640 1449 1668 carnales,
1461 1639 1517 1668 quid
1530 1639 1573 1662 sint
1586 1639 1630 1661 106
1649 1638 1677 1660 64
1694 1651 1726 1655 —-
1742 1638 1866 1666 Cogitatio-

1302 1686 1358 1702 num
1376 1680 1489 1701 malarum
1502 1679 1598 1701 insultus
1610 1679 1717 1701 continuo
1733 1680 1785 1701 suut
1796 1678 1867 1706 repri-

1302 1719 1380 1741 mendi
1400 1719 1444 1741 196
1463 1718 1493 1740 65
1509 1730 1540 1734 -
1557 1718 1600 1746 Qui
1618 1718 1667 1740 vult
1688 1724 1700 1740 a
1723 1717 1864 1740 daemonum

1301 1757 1491 1786 suggestionibus
1511 1757 1601 1780 liberari
1624 1756 1693 1779 debet
1710 1756 1826 1784 respicere
1841 1756 1864 1778 in

1303 1798 1384 1820 faciem
1401 1796 1507 1820 Crucifixi
1525 1797 1570 1819 223
1590 1796 1633 1818 159
1646 1808 1676 1812 -
1686 1795 1793 1818 Perfectis
1805 1801 1866 1818 com-

1302 1837 1359 1865 petit
1375 1836 1444 1859 etiam
1461 1836 1591 1864 superfluas
1608 1835 1759 1862 cogitationes
1783 1835 1867 1857 rescin-

1303 1876 1358 1899 dere
1375 1876 1416 1898 281
1442 1876 1471 1897 28
1496 1887 1526 1892 --
1551 1875 1584 1897 De
1609 1874 1704 1896 minima
1727 1874 1866 1902 cogitatione

1303 1916 1360 1938 ratio
1377 1914 1495 1937 reddenda
1513 1916 1547 1937 est
1564 1914 1608 1936 489
1627 1914 1640 1936 2

1351 1953 1447 1977 Coeunt
1464 1966 1495 1970 —
1516 1955 1570 1975 sunt
1593 1952 1736 1980 despiciendi
1757 1954 1779 1974 et
1804 1952 1868 1975 dere-

1304 1993 1422 2022 linquendi
1447 1992 1474 2015 47
1500 1992 1514 2015 7
1537 2005 1567 2008 —-
1584 1992 1654 2014 Amor
1671 1992 1814 2014 inordinatus
1831 1997 1866 2014 co-

1304 2035 1426 2061 gnatorum
1446 2035 1480 2055 est
1497 2031 1677 2060 exstinguendus
1695 2032 1740 2053 200
1757 2030 1787 2053 77

1351 2072 1456 2095 Coonrrio
1477 2083 1508 2088 —
1529 2077 1571 2099 per
1596 2077 1676 2093 veram
1704 2070 1867 2098 experientiam

1304 2115 1339 2134 est
1354 2112 1378 2134 in
1395 2111 1505 2139 sapientia
1522 2110 1537 2132 7
1556 2111 1584 2132 18

1351 2163 1382 2168 -
1399 2151 1434 2173 501
1452 2150 1524 2178 ipsius
1541 2151 1574 2172 est
1585 2149 1714 2172 necessaria
1727 2149 1755 2171 29
1768 2150 1789 2171 2.
1803 2149 1832 2170 32
1844 2149 1866 2171 9.

1305 2191 1349 2212 209
1369 2190 1412 2212 103
1430 2201 1461 2206 --
1478 2195 1532 2211 vcra
1550 2188 1585 2211 sui
1603 2188 1675 2216 ipsius
1690 2187 1817 2210 necessaria
1835 2189 1869 2210 est

1305 2229 1332 2252 ad
1352 2229 1515 2257 perfectionem
1532 2227 1688 2250 conscendere
1704 2227 1805 2255 cupienti
1825 2227 1868 2248 108

1307 2269 1327 2290 Ἰ1.
1344 2275 1395 2297 sqq.
1413 2280 1443 2284 —
1460 2268 1568 2295 Magnum
1592 2266 1719 2294 periculum
1738 2268 1771 2288 est
1788 2266 1810 2288 in
1827 2266 1867 2287 Re-

1305 2308 1387 2335 ligioso
1404 2313 1449 2329 non
1467 2306 1554 2329 habere
1571 2305 1725 2333 cognitionem
1743 2304 1779 2327 sui
1797 2305 1869 2332 ipsius

1307 2347 1350 2368 109
1369 2347 1382 2368 6
1400 2358 1429 2362 -—
1448 2345 1481 2368 sui
1500 2345 1573 2373 ipsius
1589 2345 1680 2366 hostem
1698 2343 1829 2366 interiorem
1847 2345 1869 2366 et

1306 2385 1441 2407 exteriorem
1460 2385 1524 2411 rugai
1541 2383 1586 2406 494
1603 2389 1614 2405 a

1353 2436 1383 2440 —
1401 2423 1566 2450 lmpedimenta
1584 2422 1653 2444 huius
1669 2421 1806 2449 cognitionis
1825 2421 1868 2443 109

1307 2463 1320 2484 6
1337 2474 1368 2479 —-
1385 2462 1508 2490 Quomodo
1525 2461 1553 2484 ad
1572 2467 1623 2483 eam
1648 2461 1798 2489 perveniatur
1823 2461 1867 2482 108

1308 2502 1328 2524 1.
1346 2507 1398 2530 sqq.
1419 2500 1474 2523 Vide
1490 2507 1512 2523 r.
1530 2499 1708 2529 Contemplatio.

1355 2540 1490 2563 COLLEGlATA
1507 2551 1540 2556 ——
1559 2539 1655 2562 ecclesia
1679 2538 1729 2562 risle
1751 2544 1772 2562 c.
1795 2538 1870 2562 Eccle-

1307 2579 1351 2603 sia.

1355 2614 1480 2641 Cottmtuu
1497 2630 1528 2634 —
1545 2618 1680 2640 Sanctorum
1706 2618 1820 2639 famosum
1841 2616 1871 2638 60

1310 2658 1338 2679 13

1356 2695 1493 2722 0011000101(
1510 2708 1541 2712 -
1558 2700 1725 2722 susurronum,
1743 2700 1871 2717 murmura-

1309 2738 1398 2762 torum,
1416 2735 1553 2763 bilinguium
1568 2737 1590 2757 et
1606 2734 1762 2756 detractorum
1779 2739 1871 2761 semper

1310 2774 1482 2796 abhorrendum
1500 2776 1534 2796 est
1551 2773 1595 2795 485
1616 2773 1621 2795 1
1643 2785 1674 2789 -
1691 2773 1750 2801 Quid
1771 2772 1815 2794 sint
1837 2778 1872 2794 su-

1310 2816 1386 2842 specta
1413 2813 1523 2842 colloquia
1548 2813 1670 2835 mulierum
1689 2812 1733 2834 435
1751 2812 1764 2834 2
1782 2824 1812 2828 -
1829 2811 1871 2834 Ubi

1311 2853 1385 2875 maius
1402 2855 1435 2875 est
1452 2852 1580 2880 periculum
1598 2851 1718 2880 colloquii,
1731 2850 1761 2873 ibi
1774 2850 1872 2878 pruden-

1311 2892 1356 2914 tius
1372 2891 1480 2913 obvietur
1498 2891 1542 2914 435
1560 2891 1573 2913 3

1358 2930 1460 2953 Cotuatum
1477 2942 1508 2946 —
1525 2930 1638 2957 significat
1655 2929 1765 2957 Spiritum
1783 2929 1846 2951 S.73
1859 2928 1873 2950 9

1359 2969 1462 2992 (301011οΛ
1490 2982 1520 2985 -
1548 2969 1707 2996 flagellationis
1730 2968 1813 2990 Christi
1835 2967 1873 2990 ad-

1313 3009 1358 3031 huc
1376 3011 1452 3031 serrat
1469 3008 1566 3036 vestigia
1583 3007 1702 3036 sanguinis
1720 3007 1764 3030 166
1782 3008 1795 3029 2
