<?xml version="1.0" encoding="UTF-8"?>
<!DOCTYPE html PUBLIC "-//W3C//DTD XHTML 1.0 Transitional//EN"
    "http://www.w3.org/TR/xhtml1/DTD/xhtml1-transitional.dtd">
<html xmlns="http://www.w3.org/1999/xhtml" xml:lang="en" lang="en">
 <head>
  <title>
</title>
<meta http-equiv="Content-Type" content="text/html;charset=utf-8" />
  <meta name='ocr-system' content='tesseract 3.04.00' />
  <meta name='ocr-capabilities' content='ocr_page ocr_carea ocr_par ocr_line ocrx_word'/>
</head>
<body>
  <div class='ocr_page' id='page_1' title='image "./doctorisseraphic08bona_0720.png"; bbox 0 0 2133 3317; ppageno 0'>
   <div class='ocr_carea' id='block_1_1' title="bbox 136 300 266 343">
    <p class='ocr_par' dir='ltr' id='par_1_1' title="bbox 136 300 266 343">
     <span class='ocr_line' id='line_1_1' title="bbox 136 300 266 324; baseline 0 -5"><span class='ocrx_word' id='word_1_1' title='bbox 136 300 217 324; x_wconf 77' lang='lat' dir='ltr'>Regulae</span> <span class='ocrx_word' id='word_1_2' title='bbox 231 301 266 319; x_wconf 84' lang='lat' dir='ltr'>eir-</span> 
     </span>
     <span class='ocr_line' id='line_1_2' title="bbox 143 324 259 343; baseline 0 -1"><span class='ocrx_word' id='word_1_3' title='bbox 143 329 164 342; x_wconf 79' lang='lat' dir='ltr'>ca</span> <span class='ocrx_word' id='word_1_4' title='bbox 178 324 259 343; x_wconf 78' lang='lat' dir='ltr'>vitanda.</span> 
     </span>
    </p>
   </div>
   <div class='ocr_carea' id='block_1_2' title="bbox 136 1078 266 1097">
    <p class='ocr_par' dir='ltr' id='par_1_2' title="bbox 136 1078 266 1097">
     <span class='ocr_line' id='line_1_3' title="bbox 136 1078 266 1097; baseline 0 0"><span class='ocrx_word' id='word_1_5' title='bbox 136 1078 266 1097; x_wconf 75' lang='lat' dir='ltr'>Continuatur.</span> 
     </span>
    </p>
   </div>
   <div class='ocr_carea' id='block_1_3' title="bbox 139 1594 271 1613">
    <p class='ocr_par' dir='ltr' id='par_1_3' title="bbox 139 1594 271 1613">
     <span class='ocr_line' id='line_1_4' title="bbox 139 1594 271 1613; baseline 0 0"><span class='ocrx_word' id='word_1_6' title='bbox 139 1594 182 1613; x_wconf 75' lang='lat' dir='ltr'>Alia</span> <span class='ocrx_word' id='word_1_7' title='bbox 188 1594 271 1613; x_wconf 82' lang='lat' dir='ltr'>vitanda.</span> 
     </span>
    </p>
   </div>
   <div class='ocr_carea' id='block_1_4' title="bbox 155 2180 272 2227">
    <p class='ocr_par' dir='ltr' id='par_1_4' title="bbox 155 2180 272 2227">
     <span class='ocr_line' id='line_1_5' title="bbox 155 2180 272 2207; baseline 0 -9"><span class='ocrx_word' id='word_1_8' title='bbox 155 2180 272 2207; x_wconf 68' lang='lat' dir='ltr'>Praesumtio</span> 
     </span>
     <span class='ocr_line' id='line_1_6' title="bbox 167 2205 260 2227; baseline 0 -5"><span class='ocrx_word' id='word_1_9' title='bbox 167 2209 187 2222; x_wconf 80' lang='lat' dir='ltr'>in</span> <span class='ocrx_word' id='word_1_10' title='bbox 200 2205 260 2227; x_wconf 76' lang='lat' dir='ltr'>gestu.</span> 
     </span>
    </p>
   </div>
   <div class='ocr_carea' id='block_1_5' title="bbox 284 217 338 244">
    <p class='ocr_par' dir='ltr' id='par_1_5' title="bbox 284 217 338 244">
     <span class='ocr_line' id='line_1_7' title="bbox 284 217 338 244; baseline 0.019 -1"><span class='ocrx_word' id='word_1_11' title='bbox 284 217 338 244; x_wconf 77' lang='lat'>588</span> 
     </span>
    </p>
   </div>
   <div class='ocr_carea' id='block_1_6' title="bbox 280 292 1136 2127">
    <p class='ocr_par' dir='ltr' id='par_1_6' title="bbox 280 292 1131 1014">
     <span class='ocr_line' id='line_1_8' title="bbox 282 292 1129 325; baseline -0.004 -6"><span class='ocrx_word' id='word_1_12' title='bbox 282 294 367 319; x_wconf 84' lang='lat' dir='ltr'>officiis</span> <span class='ocrx_word' id='word_1_13' title='bbox 387 294 548 325; x_wconf 85' lang='lat' dir='ltr'>praelationis</span> <span class='ocrx_word' id='word_1_14' title='bbox 562 293 601 317; x_wconf 94' lang='lat' dir='ltr'>vel</span> <span class='ocrx_word' id='word_1_15' title='bbox 620 293 731 322; x_wconf 76' lang='lat' dir='ltr'>Ordinis,</span> <span class='ocrx_word' id='word_1_16' title='bbox 749 292 793 317; x_wconf 88' lang='lat' dir='ltr'>aut</span> <span class='ocrx_word' id='word_1_17' title='bbox 812 293 837 316; x_wconf 91' lang='lat' dir='ltr'>in</span> <span class='ocrx_word' id='word_1_18' title='bbox 850 293 918 321; x_wconf 82' lang='lat' dir='ltr'>aliis,</span> <span class='ocrx_word' id='word_1_19' title='bbox 939 300 1001 323; x_wconf 90' lang='lat' dir='ltr'>quae</span> <span class='ocrx_word' id='word_1_20' title='bbox 1020 292 1129 323; x_wconf 83' lang='lat' dir='ltr'>aliquam</span> 
     </span>
     <span class='ocr_line' id='line_1_9' title="bbox 281 335 1129 367; baseline -0.002 -6"><span class='ocrx_word' id='word_1_21' title='bbox 281 337 397 361; x_wconf 89' lang='lat' dir='ltr'>videntur</span> <span class='ocrx_word' id='word_1_22' title='bbox 417 335 618 367; x_wconf 69' lang='lat' dir='ltr'><strong>superioritatem</strong></span> <span class='ocrx_word' id='word_1_23' title='bbox 630 335 735 365; x_wconf 86' lang='lat' dir='ltr'>habere,</span> <span class='ocrx_word' id='word_1_24' title='bbox 755 335 818 360; x_wconf 83' lang='lat' dir='ltr'>nihil</span> <span class='ocrx_word' id='word_1_25' title='bbox 837 335 884 360; x_wconf 82' lang='lat' dir='ltr'>sibi</span> <span class='ocrx_word' id='word_1_26' title='bbox 905 335 1037 366; x_wconf 86' lang='lat' dir='ltr'>usurpent.</span> <span class='ocrx_word' id='word_1_27' title='bbox 1056 335 1129 359; x_wconf 85' lang='lat' dir='ltr'>Liber</span> 
     </span>
     <span class='ocr_line' id='line_1_10' title="bbox 280 378 1128 410; baseline -0.002 -6"><span class='ocrx_word' id='word_1_28' title='bbox 280 387 294 404; x_wconf 91' lang='lat' dir='ltr'>a</span> <span class='ocrx_word' id='word_1_29' title='bbox 308 380 380 410; x_wconf 86' lang='lat' dir='ltr'>culpa</span> <span class='ocrx_word' id='word_1_30' title='bbox 393 386 443 404; x_wconf 88' lang='lat' dir='ltr'>non</span> <span class='ocrx_word' id='word_1_31' title='bbox 456 378 494 403; x_wconf 82' lang='lat' dir='ltr'>est</span> <span class='ocrx_word' id='word_1_32' title='bbox 508 379 549 410; x_wconf 91' lang='lat' dir='ltr'>qui</span> <span class='ocrx_word' id='word_1_33' title='bbox 562 379 670 403; x_wconf 87' lang='lat' dir='ltr'>alienum</span> <span class='ocrx_word' id='word_1_34' title='bbox 684 378 791 409; x_wconf 82' lang='lat' dir='ltr'>usurpat</span> <span class='ocrx_word' id='word_1_35' title='bbox 807 378 922 403; x_wconf 87' lang='lat' dir='ltr'>officium.</span> <span class='ocrx_word' id='word_1_36' title='bbox 942 378 1077 403; x_wconf 70' lang='lat' dir='ltr'>Praesente</span> <span class='ocrx_word' id='word_1_37' title='bbox 1091 386 1128 402; x_wconf 92' lang='lat' dir='ltr'>su-</span> 
     </span>
     <span class='ocr_line' id='line_1_11' title="bbox 281 420 1128 454; baseline -0.001 -8"><span class='ocrx_word' id='word_1_38' title='bbox 281 423 375 454; x_wconf 90' lang='lat' dir='ltr'>periore</span> <span class='ocrx_word' id='word_1_39' title='bbox 385 422 423 446; x_wconf 84' lang='lat' dir='ltr'>vol</span> <span class='ocrx_word' id='word_1_40' title='bbox 437 422 486 446; x_wconf 88' lang='lat' dir='ltr'>alio</span> <span class='ocrx_word' id='word_1_41' title='bbox 499 421 588 446; x_wconf 87' lang='lat' dir='ltr'>Fratre</span> <span class='ocrx_word' id='word_1_42' title='bbox 601 422 626 446; x_wconf 88' lang='lat' dir='ltr'>in</span> <span class='ocrx_word' id='word_1_43' title='bbox 640 422 727 446; x_wconf 86' lang='lat' dir='ltr'>maiori</span> <span class='ocrx_word' id='word_1_44' title='bbox 739 420 759 451; x_wconf 87' lang='lat'>¹,</span> <span class='ocrx_word' id='word_1_45' title='bbox 779 428 852 452; x_wconf 84' lang='lat' dir='ltr'>quam</span> <span class='ocrx_word' id='word_1_46' title='bbox 869 421 917 452; x_wconf 88' lang='lat' dir='ltr'>ipsi</span> <span class='ocrx_word' id='word_1_47' title='bbox 930 421 1030 451; x_wconf 83' lang='lat' dir='ltr'>fuerint,</span> <span class='ocrx_word' id='word_1_48' title='bbox 1044 421 1128 446; x_wconf 86' lang='lat' dir='ltr'>ordine</span> 
     </span>
     <span class='ocr_line' id='line_1_12' title="bbox 281 464 1127 495; baseline -0.001 -5"><span class='ocrx_word' id='word_1_49' title='bbox 281 465 429 494; x_wconf 86' lang='lat' dir='ltr'>constituto,</span> <span class='ocrx_word' id='word_1_50' title='bbox 450 465 481 489; x_wconf 87' lang='lat' dir='ltr'>ad</span> <span class='ocrx_word' id='word_1_51' title='bbox 499 465 666 495; x_wconf 86' lang='lat' dir='ltr'>incipiendum</span> <span class='ocrx_word' id='word_1_52' title='bbox 685 464 880 489; x_wconf 86' lang='lat' dir='ltr'>extraordinarie</span> <span class='ocrx_word' id='word_1_53' title='bbox 900 464 1019 494; x_wconf 89' lang='lat' dir='ltr'>officium,</span> <span class='ocrx_word' id='word_1_54' title='bbox 1039 464 1070 489; x_wconf 89' lang='lat' dir='ltr'>ad</span> <span class='ocrx_word' id='word_1_55' title='bbox 1089 464 1127 489; x_wconf 89' lang='lat' dir='ltr'>be-</span> 
     </span>
     <span class='ocr_line' id='line_1_13' title="bbox 281 507 1129 538; baseline -0.001 -5"><span class='ocrx_word' id='word_1_56' title='bbox 281 508 441 533; x_wconf 87' lang='lat' dir='ltr'>nedicendum</span> <span class='ocrx_word' id='word_1_57' title='bbox 454 508 535 532; x_wconf 88' lang='lat' dir='ltr'>cibum</span> <span class='ocrx_word' id='word_1_58' title='bbox 555 508 594 532; x_wconf 91' lang='lat' dir='ltr'>vel</span> <span class='ocrx_word' id='word_1_59' title='bbox 608 507 706 538; x_wconf 86' lang='lat' dir='ltr'>potum,</span> <span class='ocrx_word' id='word_1_60' title='bbox 720 508 751 532; x_wconf 86' lang='lat' dir='ltr'>ad</span> <span class='ocrx_word' id='word_1_61' title='bbox 764 508 873 532; x_wconf 87' lang='lat' dir='ltr'>dandum</span> <span class='ocrx_word' id='word_1_62' title='bbox 892 507 1025 532; x_wconf 76' lang='lat' dir='ltr'>Fratribus</span> <span class='ocrx_word' id='word_1_63' title='bbox 1038 515 1129 538; x_wconf 87' lang='lat' dir='ltr'>aquam</span> 
     </span>
     <span class='ocr_line' id='line_1_14' title="bbox 281 550 1128 582; baseline 0.001 -7"><span class='ocrx_word' id='word_1_64' title='bbox 281 551 446 580; x_wconf 73' lang='lat' dir='ltr'>benedictam,</span> <span class='ocrx_word' id='word_1_65' title='bbox 460 551 499 575; x_wconf 94' lang='lat' dir='ltr'>vel</span> <span class='ocrx_word' id='word_1_66' title='bbox 518 551 550 575; x_wconf 89' lang='lat' dir='ltr'>ad</span> <span class='ocrx_word' id='word_1_67' title='bbox 562 551 612 575; x_wconf 87' lang='lat' dir='ltr'>alia</span> <span class='ocrx_word' id='word_1_68' title='bbox 630 550 782 579; x_wconf 85' lang='lat' dir='ltr'>huiusmodi,</span> <span class='ocrx_word' id='word_1_69' title='bbox 803 558 828 575; x_wconf 89' lang='lat' dir='ltr'>se</span> <span class='ocrx_word' id='word_1_70' title='bbox 841 551 987 575; x_wconf 88' lang='lat' dir='ltr'>nullatenus</span> <span class='ocrx_word' id='word_1_71' title='bbox 1003 550 1128 582; x_wconf 77' lang='lat' dir='ltr'>ingerant.</span> 
     </span>
     <span class='ocr_line' id='line_1_15' title="bbox 280 593 1129 625; baseline 0 -7"><span class='ocrx_word' id='word_1_72' title='bbox 280 594 320 619; x_wconf 91' lang='lat' dir='ltr'>Ad</span> <span class='ocrx_word' id='word_1_73' title='bbox 339 594 449 618; x_wconf 87' lang='lat' dir='ltr'>divinum</span> <span class='ocrx_word' id='word_1_74' title='bbox 468 601 563 625; x_wconf 89' lang='lat' dir='ltr'>quoque</span> <span class='ocrx_word' id='word_1_75' title='bbox 583 593 689 619; x_wconf 89' lang='lat' dir='ltr'>officium</span> <span class='ocrx_word' id='word_1_76' title='bbox 708 601 865 625; x_wconf 87' lang='lat' dir='ltr'>nequaquam</span> <span class='ocrx_word' id='word_1_77' title='bbox 888 593 945 625; x_wconf 91' lang='lat' dir='ltr'>post</span> <span class='ocrx_word' id='word_1_78' title='bbox 964 594 1072 619; x_wconf 78' lang='lat' dir='ltr'>seniores</span> <span class='ocrx_word' id='word_1_79' title='bbox 1090 594 1129 618; x_wconf 92' lang='lat' dir='ltr'>vel</span> 
     </span>
     <span class='ocr_line' id='line_1_16' title="bbox 280 637 1130 668; baseline 0 -7"><span class='ocrx_word' id='word_1_80' title='bbox 280 638 343 662; x_wconf 87' lang='lat' dir='ltr'>alios</span> <span class='ocrx_word' id='word_1_81' title='bbox 368 638 468 661; x_wconf 87' lang='lat' dir='ltr'>maioris</span> <span class='ocrx_word' id='word_1_82' title='bbox 493 637 586 661; x_wconf 78' lang='lat' dir='ltr'>ordinis</span> <span class='ocrx_word' id='word_1_83' title='bbox 605 637 685 668; x_wconf 83' lang='lat' dir='ltr'>gradu</span> <span class='ocrx_word' id='word_1_84' title='bbox 711 637 837 668; x_wconf 87' lang='lat' dir='ltr'>promotos</span> <span class='ocrx_word' id='word_1_85' title='bbox 861 637 961 668; x_wconf 89' lang='lat' dir='ltr'>proprio</span> <span class='ocrx_word' id='word_1_86' title='bbox 980 637 1067 668; x_wconf 84' lang='lat' dir='ltr'>legant</span> <span class='ocrx_word' id='word_1_87' title='bbox 1092 637 1130 661; x_wconf 89' lang='lat' dir='ltr'>in-</span> 
     </span>
     <span class='ocr_line' id='line_1_17' title="bbox 281 680 1129 712; baseline -0.001 -7"><span class='ocrx_word' id='word_1_88' title='bbox 281 681 356 710; x_wconf 88' lang='lat' dir='ltr'>iectu,</span> <span class='ocrx_word' id='word_1_89' title='bbox 377 681 492 712; x_wconf 86' lang='lat' dir='ltr'>quoniam</span> <span class='ocrx_word' id='word_1_90' title='bbox 519 680 616 711; x_wconf 88' lang='lat' dir='ltr'>quidem</span> <span class='ocrx_word' id='word_1_91' title='bbox 642 680 727 704; x_wconf 91' lang='lat' dir='ltr'>nullus</span> <span class='ocrx_word' id='word_1_92' title='bbox 753 681 851 705; x_wconf 89' lang='lat' dir='ltr'>omnino</span> <span class='ocrx_word' id='word_1_93' title='bbox 880 681 905 704; x_wconf 92' lang='lat' dir='ltr'>in</span> <span class='ocrx_word' id='word_1_94' title='bbox 931 681 1020 705; x_wconf 89' lang='lat' dir='ltr'>minori</span> <span class='ocrx_word' id='word_1_95' title='bbox 1045 680 1129 705; x_wconf 83' lang='lat' dir='ltr'>ordine</span> 
     </span>
     <span class='ocr_line' id='line_1_18' title="bbox 280 722 1131 755; baseline -0.002 -6"><span class='ocrx_word' id='word_1_96' title='bbox 280 724 433 749; x_wconf 87' lang='lat' dir='ltr'>constitutus</span> <span class='ocrx_word' id='word_1_97' title='bbox 459 724 516 755; x_wconf 91' lang='lat' dir='ltr'>post</span> <span class='ocrx_word' id='word_1_98' title='bbox 541 724 617 748; x_wconf 86' lang='lat' dir='ltr'>alium</span> <span class='ocrx_word' id='word_1_99' title='bbox 642 724 743 748; x_wconf 84' lang='lat' dir='ltr'>maioris</span> <span class='ocrx_word' id='word_1_100' title='bbox 766 724 859 748; x_wconf 86' lang='lat' dir='ltr'>ordinis</span> <span class='ocrx_word' id='word_1_101' title='bbox 885 723 1067 754; x_wconf 86' lang='lat' dir='ltr'>permittendus</span> <span class='ocrx_word' id='word_1_102' title='bbox 1092 722 1131 747; x_wconf 90' lang='lat' dir='ltr'>est</span> 
     </span>
     <span class='ocr_line' id='line_1_19' title="bbox 281 766 1130 799; baseline -0.002 -7"><span class='ocrx_word' id='word_1_103' title='bbox 281 768 373 799; x_wconf 81' lang='lat' dir='ltr'>legere,</span> <span class='ocrx_word' id='word_1_104' title='bbox 393 767 440 791; x_wconf 87' lang='lat' dir='ltr'>nisi</span> <span class='ocrx_word' id='word_1_105' title='bbox 461 767 609 791; x_wconf 83' lang='lat' dir='ltr'>necessitate</span> <span class='ocrx_word' id='word_1_106' title='bbox 628 766 744 798; x_wconf 77' lang='lat' dir='ltr'>cogente,</span> <span class='ocrx_word' id='word_1_107' title='bbox 763 766 802 791; x_wconf 90' lang='lat' dir='ltr'>vel</span> <span class='ocrx_word' id='word_1_108' title='bbox 815 766 950 798; x_wconf 78' lang='lat' dir='ltr'>legentium</span> <span class='ocrx_word' id='word_1_109' title='bbox 974 766 1058 791; x_wconf 90' lang='lat' dir='ltr'>ordine</span> <span class='ocrx_word' id='word_1_110' title='bbox 1078 774 1130 797; x_wconf 85' lang='lat' dir='ltr'>per-</span> 
     </span>
     <span class='ocr_line' id='line_1_20' title="bbox 281 809 1129 841; baseline -0.002 -6"><span class='ocrx_word' id='word_1_111' title='bbox 281 810 386 840; x_wconf 84' lang='lat' dir='ltr'>mutato,</span> <span class='ocrx_word' id='word_1_112' title='bbox 406 810 435 834; x_wconf 89' lang='lat' dir='ltr'>ut</span> <span class='ocrx_word' id='word_1_113' title='bbox 452 810 477 834; x_wconf 93' lang='lat' dir='ltr'>in</span> <span class='ocrx_word' id='word_1_114' title='bbox 496 810 621 841; x_wconf 82' lang='lat' dir='ltr'>aliquibus</span> <span class='ocrx_word' id='word_1_115' title='bbox 640 809 711 834; x_wconf 85' lang='lat' dir='ltr'>festis</span> <span class='ocrx_word' id='word_1_116' title='bbox 730 809 784 834; x_wconf 87' lang='lat' dir='ltr'>fieri</span> <span class='ocrx_word' id='word_1_117' title='bbox 804 809 880 839; x_wconf 90' lang='lat' dir='ltr'>solet,</span> <span class='ocrx_word' id='word_1_118' title='bbox 907 809 1084 841; x_wconf 83' lang='lat' dir='ltr'>praeterquam</span> <span class='ocrx_word' id='word_1_119' title='bbox 1103 809 1129 833; x_wconf 91' lang='lat' dir='ltr'>in</span> 
     </span>
     <span class='ocr_line' id='line_1_21' title="bbox 281 852 1130 885; baseline -0.001 -7"><span class='ocrx_word' id='word_1_120' title='bbox 281 854 383 879; x_wconf 83' lang='lat' dir='ltr'>homilia</span> <span class='ocrx_word' id='word_1_121' title='bbox 411 853 534 885; x_wconf 87' lang='lat' dir='ltr'>quantum</span> <span class='ocrx_word' id='word_1_122' title='bbox 562 853 593 878; x_wconf 88' lang='lat' dir='ltr'>ad</span> <span class='ocrx_word' id='word_1_123' title='bbox 622 853 728 884; x_wconf 86' lang='lat' dir='ltr'>primam</span> <span class='ocrx_word' id='word_1_124' title='bbox 758 853 902 883; x_wconf 89' lang='lat' dir='ltr'>lectionem,</span> <span class='ocrx_word' id='word_1_125' title='bbox 932 860 1005 884; x_wconf 86' lang='lat' dir='ltr'>quam</span> <span class='ocrx_word' id='word_1_126' title='bbox 1034 852 1130 877; x_wconf 87' lang='lat' dir='ltr'>ratione</span> 
     </span>
     <span class='ocr_line' id='line_1_22' title="bbox 281 895 1130 928; baseline -0.001 -7"><span class='ocrx_word' id='word_1_127' title='bbox 281 897 412 928; x_wconf 74' lang='lat' dir='ltr'>Evangelii</span> <span class='ocrx_word' id='word_1_128' title='bbox 431 897 549 921; x_wconf 86' lang='lat' dir='ltr'>diaconus</span> <span class='ocrx_word' id='word_1_129' title='bbox 566 897 648 928; x_wconf 79' lang='lat' dir='ltr'>legere</span> <span class='ocrx_word' id='word_1_130' title='bbox 674 896 737 921; x_wconf 89' lang='lat' dir='ltr'>solet</span> <span class='ocrx_word' id='word_1_131' title='bbox 750 895 767 921; x_wconf 78' lang='lat'>².</span> <span class='ocrx_word' id='word_1_132' title='bbox 797 896 925 921; x_wconf 83' lang='lat' dir='ltr'>Lectiones</span> <span class='ocrx_word' id='word_1_133' title='bbox 951 896 1047 925; x_wconf 89' lang='lat' dir='ltr'>autem,</span> <span class='ocrx_word' id='word_1_134' title='bbox 1068 903 1130 927; x_wconf 88' lang='lat' dir='ltr'>quae</span> 
     </span>
     <span class='ocr_line' id='line_1_23' title="bbox 281 939 1131 971; baseline 0 -7"><span class='ocrx_word' id='word_1_135' title='bbox 281 940 310 965; x_wconf 89' lang='lat' dir='ltr'>de</span> <span class='ocrx_word' id='word_1_136' title='bbox 329 940 430 965; x_wconf 83' lang='lat' dir='ltr'>homilia</span> <span class='ocrx_word' id='word_1_137' title='bbox 450 940 598 971; x_wconf 79' lang='lat' dir='ltr'>supersunt,</span> <span class='ocrx_word' id='word_1_138' title='bbox 618 947 667 964; x_wconf 88' lang='lat' dir='ltr'>non</span> <span class='ocrx_word' id='word_1_139' title='bbox 687 940 746 964; x_wconf 91' lang='lat' dir='ltr'>sunt</span> <span class='ocrx_word' id='word_1_140' title='bbox 765 940 796 964; x_wconf 89' lang='lat' dir='ltr'>ab</span> <span class='ocrx_word' id='word_1_141' title='bbox 816 940 872 964; x_wconf 90' lang='lat' dir='ltr'>aliis</span> <span class='ocrx_word' id='word_1_142' title='bbox 894 947 968 971; x_wconf 86' lang='lat' dir='ltr'>quam</span> <span class='ocrx_word' id='word_1_143' title='bbox 987 947 1002 964; x_wconf 85' lang='lat' dir='ltr'>a</span> <span class='ocrx_word' id='word_1_144' title='bbox 1022 939 1131 964; x_wconf 81' lang='lat' dir='ltr'>sacerdo-</span> 
     </span>
     <span class='ocr_line' id='line_1_24' title="bbox 282 983 665 1014; baseline -0.003 -6"><span class='ocrx_word' id='word_1_145' title='bbox 282 984 349 1008; x_wconf 86' lang='lat' dir='ltr'>tibus</span> <span class='ocrx_word' id='word_1_146' title='bbox 372 983 443 1008; x_wconf 80' lang='lat' dir='ltr'>facile</span> <span class='ocrx_word' id='word_1_147' title='bbox 463 983 665 1014; x_wconf 89' lang='lat' dir='ltr'>praesumendae.</span> 
     </span>
    </p>

    <p class='ocr_par' dir='ltr' id='par_1_7' title="bbox 282 1025 1134 1531">
     <span class='ocr_line' id='line_1_25' title="bbox 353 1025 1131 1057; baseline -0.001 -6"><span class='ocrx_word' id='word_1_148' title='bbox 353 1027 377 1051; x_wconf 84' lang='lat'>3.</span> <span class='ocrx_word' id='word_1_149' title='bbox 397 1027 427 1051; x_wconf 92' lang='lat' dir='ltr'>In</span> <span class='ocrx_word' id='word_1_150' title='bbox 448 1026 521 1051; x_wconf 88' lang='lat' dir='ltr'>choro</span> <span class='ocrx_word' id='word_1_151' title='bbox 541 1033 586 1057; x_wconf 87' lang='lat' dir='ltr'>pro</span> <span class='ocrx_word' id='word_1_152' title='bbox 602 1026 758 1051; x_wconf 77' lang='lat' dir='ltr'>dissonantia</span> <span class='ocrx_word' id='word_1_153' title='bbox 776 1026 840 1051; x_wconf 86' lang='lat' dir='ltr'>forte</span> <span class='ocrx_word' id='word_1_154' title='bbox 859 1026 1028 1054; x_wconf 80' lang='lat' dir='ltr'>cantantium,</span> <span class='ocrx_word' id='word_1_155' title='bbox 1048 1026 1088 1050; x_wconf 88' lang='lat' dir='ltr'>vel</span> <span class='ocrx_word' id='word_1_156' title='bbox 1101 1025 1131 1050; x_wconf 87' lang='lat' dir='ltr'>ob</span> 
     </span>
     <span class='ocr_line' id='line_1_26' title="bbox 282 1068 1130 1100; baseline -0.001 -6"><span class='ocrx_word' id='word_1_157' title='bbox 282 1070 356 1095; x_wconf 87' lang='lat' dir='ltr'>aliam</span> <span class='ocrx_word' id='word_1_158' title='bbox 376 1069 517 1094; x_wconf 86' lang='lat' dir='ltr'>huiusmodi</span> <span class='ocrx_word' id='word_1_159' title='bbox 541 1077 639 1094; x_wconf 85' lang='lat' dir='ltr'>causam</span> <span class='ocrx_word' id='word_1_160' title='bbox 664 1077 764 1094; x_wconf 86' lang='lat' dir='ltr'>manum</span> <span class='ocrx_word' id='word_1_161' title='bbox 784 1069 815 1093; x_wconf 86' lang='lat' dir='ltr'>ad</span> <span class='ocrx_word' id='word_1_162' title='bbox 840 1069 945 1094; x_wconf 81' lang='lat' dir='ltr'>sormam</span> <span class='ocrx_word' id='word_1_163' title='bbox 960 1068 968 1080; x_wconf 77' lang='lat'>³</span> <span class='ocrx_word' id='word_1_164' title='bbox 989 1068 1130 1100; x_wconf 88' lang='lat' dir='ltr'>percutere,</span> 
     </span>
     <span class='ocr_line' id='line_1_27' title="bbox 282 1111 1132 1143; baseline -0.002 -6"><span class='ocrx_word' id='word_1_165' title='bbox 282 1113 307 1137; x_wconf 95' lang='lat' dir='ltr'>in</span> <span class='ocrx_word' id='word_1_166' title='bbox 328 1120 413 1137; x_wconf 83' lang='lat' dir='ltr'>mensa</span> <span class='ocrx_word' id='word_1_167' title='bbox 426 1112 477 1137; x_wconf 91' lang='lat' dir='ltr'>ictu</span> <span class='ocrx_word' id='word_1_168' title='bbox 496 1112 602 1141; x_wconf 87' lang='lat' dir='ltr'>cultelli,</span> <span class='ocrx_word' id='word_1_169' title='bbox 617 1112 656 1137; x_wconf 88' lang='lat' dir='ltr'>vel</span> <span class='ocrx_word' id='word_1_170' title='bbox 676 1111 858 1143; x_wconf 86' lang='lat' dir='ltr'>quomodolibet</span> <span class='ocrx_word' id='word_1_171' title='bbox 871 1112 944 1136; x_wconf 88' lang='lat' dir='ltr'>aliter</span> <span class='ocrx_word' id='word_1_172' title='bbox 964 1112 1063 1143; x_wconf 75' lang='lat' dir='ltr'>signnm</span> <span class='ocrx_word' id='word_1_173' title='bbox 1077 1118 1132 1136; x_wconf 89' lang='lat' dir='ltr'>cum</span> 
     </span>
     <span class='ocr_line' id='line_1_28' title="bbox 283 1155 1132 1187; baseline -0.002 -6"><span class='ocrx_word' id='word_1_174' title='bbox 283 1164 342 1181; x_wconf 89' lang='lat' dir='ltr'>sono</span> <span class='ocrx_word' id='word_1_175' title='bbox 361 1156 456 1187; x_wconf 82' lang='lat' dir='ltr'>facere,</span> <span class='ocrx_word' id='word_1_176' title='bbox 480 1156 511 1180; x_wconf 85' lang='lat' dir='ltr'>ab</span> <span class='ocrx_word' id='word_1_177' title='bbox 530 1156 565 1180; x_wconf 82' lang='lat' dir='ltr'>eis</span> <span class='ocrx_word' id='word_1_178' title='bbox 591 1155 762 1180; x_wconf 86' lang='lat' dir='ltr'>tantummodo</span> <span class='ocrx_word' id='word_1_179' title='bbox 781 1155 838 1185; x_wconf 87' lang='lat' dir='ltr'>fiat,</span> <span class='ocrx_word' id='word_1_180' title='bbox 866 1162 971 1186; x_wconf 90' lang='lat' dir='ltr'>quorum</span> <span class='ocrx_word' id='word_1_181' title='bbox 995 1162 1069 1186; x_wconf 87' lang='lat' dir='ltr'>super</span> <span class='ocrx_word' id='word_1_182' title='bbox 1094 1155 1132 1179; x_wconf 87' lang='lat' dir='ltr'>de-</span> 
     </span>
     <span class='ocr_line' id='line_1_29' title="bbox 283 1197 1133 1229; baseline -0.002 -5"><span class='ocrx_word' id='word_1_183' title='bbox 283 1199 388 1224; x_wconf 86' lang='lat' dir='ltr'>fectibus</span> <span class='ocrx_word' id='word_1_184' title='bbox 407 1199 475 1223; x_wconf 86' lang='lat' dir='ltr'>chori</span> <span class='ocrx_word' id='word_1_185' title='bbox 488 1199 526 1223; x_wconf 86' lang='lat' dir='ltr'>vel</span> <span class='ocrx_word' id='word_1_186' title='bbox 546 1205 645 1223; x_wconf 86' lang='lat' dir='ltr'>mensae</span> <span class='ocrx_word' id='word_1_187' title='bbox 658 1198 785 1223; x_wconf 84' lang='lat' dir='ltr'>intendere</span> <span class='ocrx_word' id='word_1_188' title='bbox 805 1198 915 1229; x_wconf 87' lang='lat' dir='ltr'>spectat,</span> <span class='ocrx_word' id='word_1_189' title='bbox 929 1205 974 1222; x_wconf 85' lang='lat' dir='ltr'>nec</span> <span class='ocrx_word' id='word_1_190' title='bbox 992 1197 1133 1222; x_wconf 88' lang='lat' dir='ltr'>huiusmodi</span> 
     </span>
     <span class='ocr_line' id='line_1_30' title="bbox 283 1240 1133 1272; baseline -0.001 -6"><span class='ocrx_word' id='word_1_191' title='bbox 283 1242 353 1267; x_wconf 77' lang='lat' dir='ltr'>facile</span> <span class='ocrx_word' id='word_1_192' title='bbox 372 1242 462 1266; x_wconf 87' lang='lat' dir='ltr'>debent</span> <span class='ocrx_word' id='word_1_193' title='bbox 481 1241 512 1266; x_wconf 88' lang='lat' dir='ltr'>ab</span> <span class='ocrx_word' id='word_1_194' title='bbox 538 1241 594 1265; x_wconf 88' lang='lat' dir='ltr'>aliis</span> <span class='ocrx_word' id='word_1_195' title='bbox 613 1241 738 1272; x_wconf 88' lang='lat' dir='ltr'>usurpari.</span> <span class='ocrx_word' id='word_1_196' title='bbox 764 1241 846 1265; x_wconf 88' lang='lat' dir='ltr'>Multa</span> <span class='ocrx_word' id='word_1_197' title='bbox 866 1240 950 1265; x_wconf 77' lang='lat' dir='ltr'>enim⁴</span> <span class='ocrx_word' id='word_1_198' title='bbox 977 1241 1036 1265; x_wconf 90' lang='lat' dir='ltr'>sunt</span> <span class='ocrx_word' id='word_1_199' title='bbox 1063 1248 1133 1271; x_wconf 87' lang='lat' dir='ltr'>supe-</span> 
     </span>
     <span class='ocr_line' id='line_1_31' title="bbox 283 1283 1132 1315; baseline -0.002 -6"><span class='ocrx_word' id='word_1_200' title='bbox 283 1284 390 1310; x_wconf 88' lang='lat' dir='ltr'>rioribus</span> <span class='ocrx_word' id='word_1_201' title='bbox 402 1284 485 1314; x_wconf 90' lang='lat' dir='ltr'>licita,</span> <span class='ocrx_word' id='word_1_202' title='bbox 499 1291 561 1315; x_wconf 87' lang='lat' dir='ltr'>quae</span> <span class='ocrx_word' id='word_1_203' title='bbox 574 1283 802 1314; x_wconf 82' lang='lat' dir='ltr'>reprehensibiliter</span> <span class='ocrx_word' id='word_1_204' title='bbox 815 1284 846 1308; x_wconf 89' lang='lat' dir='ltr'>ab</span> <span class='ocrx_word' id='word_1_205' title='bbox 859 1284 916 1308; x_wconf 87' lang='lat' dir='ltr'>aliis</span> <span class='ocrx_word' id='word_1_206' title='bbox 930 1283 1132 1314; x_wconf 86' lang='lat' dir='ltr'>praesumuntur.</span> 
     </span>
     <span class='ocr_line' id='line_1_32' title="bbox 284 1326 1133 1358; baseline -0.002 -6"><span class='ocrx_word' id='word_1_207' title='bbox 284 1342 319 1345; x_wconf 76' lang='lat'><strong>—</strong></span> <span class='ocrx_word' id='word_1_208' title='bbox 338 1327 377 1352; x_wconf 89' lang='lat' dir='ltr'>Ad</span> <span class='ocrx_word' id='word_1_209' title='bbox 395 1327 467 1356; x_wconf 81' lang='lat' dir='ltr'>haec,</span> <span class='ocrx_word' id='word_1_210' title='bbox 487 1327 544 1358; x_wconf 89' lang='lat' dir='ltr'>quia</span> <span class='ocrx_word' id='word_1_211' title='bbox 563 1327 725 1351; x_wconf 86' lang='lat' dir='ltr'>novissimum</span> <span class='ocrx_word' id='word_1_212' title='bbox 744 1327 802 1358; x_wconf 77' lang='lat' dir='ltr'>eligi</span> <span class='ocrx_word' id='word_1_213' title='bbox 825 1327 905 1351; x_wconf 88' lang='lat' dir='ltr'>locum</span> <span class='ocrx_word' id='word_1_214' title='bbox 931 1326 1053 1357; x_wconf 80' lang='lat' dir='ltr'>Magister</span> <span class='ocrx_word' id='word_1_215' title='bbox 1080 1327 1133 1357; x_wconf 84' lang='lat' dir='ltr'>ipse</span> 
     </span>
     <span class='ocr_line' id='line_1_33' title="bbox 283 1369 1134 1401; baseline -0.002 -6"><span class='ocrx_word' id='word_1_216' title='bbox 283 1370 434 1395; x_wconf 86' lang='lat' dir='ltr'>humilitatis</span> <span class='ocrx_word' id='word_1_217' title='bbox 453 1370 570 1395; x_wconf 85' lang='lat' dir='ltr'>hortatur</span> <span class='ocrx_word' id='word_1_218' title='bbox 581 1369 598 1400; x_wconf 84' lang='lat'>⁵,</span> <span class='ocrx_word' id='word_1_219' title='bbox 618 1370 678 1394; x_wconf 92' lang='lat' dir='ltr'>locis</span> <span class='ocrx_word' id='word_1_220' title='bbox 698 1377 794 1401; x_wconf 83' lang='lat' dir='ltr'>semper</span> <span class='ocrx_word' id='word_1_221' title='bbox 814 1370 956 1394; x_wconf 87' lang='lat' dir='ltr'>novissimis</span> <span class='ocrx_word' id='word_1_222' title='bbox 968 1369 1057 1394; x_wconf 91' lang='lat' dir='ltr'>novitii</span> <span class='ocrx_word' id='word_1_223' title='bbox 1075 1376 1134 1401; x_wconf 79' lang='lat' dir='ltr'>gau-</span> 
     </span>
     <span class='ocr_line' id='line_1_34' title="bbox 283 1412 1134 1444; baseline -0.001 -6"><span class='ocrx_word' id='word_1_224' title='bbox 283 1414 366 1439; x_wconf 88' lang='lat' dir='ltr'>deant.</span> <span class='ocrx_word' id='word_1_225' title='bbox 386 1413 420 1438; x_wconf 86' lang='lat' dir='ltr'>Et</span> <span class='ocrx_word' id='word_1_226' title='bbox 438 1421 565 1444; x_wconf 90' lang='lat' dir='ltr'>nunquam</span> <span class='ocrx_word' id='word_1_227' title='bbox 579 1414 604 1437; x_wconf 89' lang='lat' dir='ltr'>in</span> <span class='ocrx_word' id='word_1_228' title='bbox 617 1413 702 1443; x_wconf 90' lang='lat' dir='ltr'>choro,</span> <span class='ocrx_word' id='word_1_229' title='bbox 716 1413 756 1438; x_wconf 92' lang='lat' dir='ltr'>vel</span> <span class='ocrx_word' id='word_1_230' title='bbox 769 1420 869 1442; x_wconf 89' lang='lat' dir='ltr'>mensa,</span> <span class='ocrx_word' id='word_1_231' title='bbox 882 1413 922 1437; x_wconf 82' lang='lat' dir='ltr'>vel</span> <span class='ocrx_word' id='word_1_232' title='bbox 936 1412 996 1437; x_wconf 90' lang='lat' dir='ltr'>alibi</span> <span class='ocrx_word' id='word_1_233' title='bbox 1008 1413 1039 1437; x_wconf 87' lang='lat' dir='ltr'>ad</span> <span class='ocrx_word' id='word_1_234' title='bbox 1053 1413 1134 1443; x_wconf 85' lang='lat' dir='ltr'>prima</span> 
     </span>
     <span class='ocr_line' id='line_1_35' title="bbox 285 1456 1134 1488; baseline -0.002 -6"><span class='ocrx_word' id='word_1_235' title='bbox 285 1465 309 1482; x_wconf 89' lang='lat' dir='ltr'>se</span> <span class='ocrx_word' id='word_1_236' title='bbox 329 1457 446 1488; x_wconf 81' lang='lat' dir='ltr'>ingerant</span> <span class='ocrx_word' id='word_1_237' title='bbox 464 1457 529 1486; x_wconf 86' lang='lat' dir='ltr'>loca⁷</span> <span class='ocrx_word' id='word_1_238' title='bbox 550 1457 592 1481; x_wconf 90' lang='lat' dir='ltr'>sed</span> <span class='ocrx_word' id='word_1_239' title='bbox 608 1464 637 1481; x_wconf 81' lang='lat' dir='ltr'>ea</span> <span class='ocrx_word' id='word_1_240' title='bbox 653 1457 736 1487; x_wconf 86' lang='lat' dir='ltr'>potius</span> <span class='ocrx_word' id='word_1_241' title='bbox 749 1456 809 1481; x_wconf 87' lang='lat' dir='ltr'>adeo</span> <span class='ocrx_word' id='word_1_242' title='bbox 822 1456 893 1481; x_wconf 86' lang='lat' dir='ltr'>caute</span> <span class='ocrx_word' id='word_1_243' title='bbox 907 1456 1004 1486; x_wconf 79' lang='lat' dir='ltr'>sedula,</span> <span class='ocrx_word' id='word_1_244' title='bbox 1019 1457 1039 1481; x_wconf 85' lang='lat' dir='ltr'>si</span> <span class='ocrx_word' id='word_1_245' title='bbox 1052 1456 1134 1481; x_wconf 86' lang='lat' dir='ltr'>value-</span> 
     </span>
     <span class='ocr_line' id='line_1_36' title="bbox 284 1499 1097 1531; baseline -0.002 -6"><span class='ocrx_word' id='word_1_246' title='bbox 284 1500 349 1530; x_wconf 88' lang='lat' dir='ltr'>rint,</span> <span class='ocrx_word' id='word_1_247' title='bbox 370 1501 509 1531; x_wconf 83' lang='lat' dir='ltr'>provisione</span> <span class='ocrx_word' id='word_1_248' title='bbox 529 1500 665 1529; x_wconf 85' lang='lat' dir='ltr'>declinent,</span> <span class='ocrx_word' id='word_1_249' title='bbox 686 1499 715 1524; x_wconf 89' lang='lat' dir='ltr'>ut</span> <span class='ocrx_word' id='word_1_250' title='bbox 734 1500 775 1524; x_wconf 75' lang='lat' dir='ltr'>vix</span> <span class='ocrx_word' id='word_1_251' title='bbox 793 1499 825 1524; x_wconf 86' lang='lat' dir='ltr'>ab</span> <span class='ocrx_word' id='word_1_252' title='bbox 844 1500 900 1524; x_wconf 89' lang='lat' dir='ltr'>aliis</span> <span class='ocrx_word' id='word_1_253' title='bbox 921 1499 1097 1530; x_wconf 84' lang='lat' dir='ltr'>perpendatur.</span> 
     </span>
    </p>

    <p class='ocr_par' dir='ltr' id='par_1_8' title="bbox 284 1542 1136 2127">
     <span class='ocr_line' id='line_1_37' title="bbox 355 1542 1134 1574; baseline -0.003 -6"><span class='ocrx_word' id='word_1_254' title='bbox 355 1543 380 1568; x_wconf 80' lang='lat'>4.</span> <span class='ocrx_word' id='word_1_255' title='bbox 400 1543 471 1568; x_wconf 85' lang='lat' dir='ltr'>Alias</span> <span class='ocrx_word' id='word_1_256' title='bbox 491 1544 589 1568; x_wconf 88' lang='lat' dir='ltr'>omnino</span> <span class='ocrx_word' id='word_1_257' title='bbox 608 1542 726 1573; x_wconf 84' lang='lat' dir='ltr'>caveant,</span> <span class='ocrx_word' id='word_1_258' title='bbox 751 1550 782 1567; x_wconf 89' lang='lat' dir='ltr'>ne</span> <span class='ocrx_word' id='word_1_259' title='bbox 802 1542 1004 1574; x_wconf 82' lang='lat' dir='ltr'>congregationis</span> <span class='ocrx_word' id='word_1_260' title='bbox 1023 1542 1134 1567; x_wconf 90' lang='lat' dir='ltr'>ordinem</span> 
     </span>
     <span class='ocr_line' id='line_1_38' title="bbox 284 1585 1135 1616; baseline -0.001 -6"><span class='ocrx_word' id='word_1_261' title='bbox 284 1586 388 1611; x_wconf 84' lang='lat' dir='ltr'>turbent</span> <span class='ocrx_word' id='word_1_262' title='bbox 406 1586 432 1611; x_wconf 86' lang='lat' dir='ltr'>et</span> <span class='ocrx_word' id='word_1_263' title='bbox 450 1586 514 1610; x_wconf 89' lang='lat' dir='ltr'>fiant</span> <span class='ocrx_word' id='word_1_264' title='bbox 538 1585 603 1610; x_wconf 89' lang='lat' dir='ltr'>inter</span> <span class='ocrx_word' id='word_1_265' title='bbox 622 1586 684 1610; x_wconf 91' lang='lat' dir='ltr'>alios</span> <span class='ocrx_word' id='word_1_266' title='bbox 703 1593 748 1616; x_wconf 88' lang='lat' dir='ltr'>pro</span> <span class='ocrx_word' id='word_1_267' title='bbox 767 1585 893 1610; x_wconf 89' lang='lat' dir='ltr'>tumultus</span> <span class='ocrx_word' id='word_1_268' title='bbox 918 1586 1043 1610; x_wconf 81' lang='lat' dir='ltr'>occasione</span> <span class='ocrx_word' id='word_1_269' title='bbox 1062 1585 1135 1610; x_wconf 89' lang='lat' dir='ltr'>nota-</span> 
     </span>
     <span class='ocr_line' id='line_1_39' title="bbox 284 1627 1135 1660; baseline -0.001 -7"><span class='ocrx_word' id='word_1_270' title='bbox 284 1630 354 1654; x_wconf 82' lang='lat' dir='ltr'>biles.</span> <span class='ocrx_word' id='word_1_271' title='bbox 369 1629 510 1653; x_wconf 87' lang='lat' dir='ltr'>Cavendum</span> <span class='ocrx_word' id='word_1_272' title='bbox 525 1629 627 1660; x_wconf 88' lang='lat' dir='ltr'>proinde</span> <span class='ocrx_word' id='word_1_273' title='bbox 638 1627 655 1658; x_wconf 79' lang='lat'>⁶,</span> <span class='ocrx_word' id='word_1_274' title='bbox 675 1636 716 1657; x_wconf 82' lang='lat' dir='ltr'>ne,</span> <span class='ocrx_word' id='word_1_275' title='bbox 731 1629 789 1653; x_wconf 88' lang='lat' dir='ltr'>dum</span> <span class='ocrx_word' id='word_1_276' title='bbox 808 1629 882 1653; x_wconf 87' lang='lat' dir='ltr'>nimis</span> <span class='ocrx_word' id='word_1_277' title='bbox 896 1628 992 1653; x_wconf 90' lang='lat' dir='ltr'>vitatur</span> <span class='ocrx_word' id='word_1_278' title='bbox 1006 1636 1135 1659; x_wconf 89' lang='lat' dir='ltr'>praesum-</span> 
     </span>
     <span class='ocr_line' id='line_1_40' title="bbox 285 1671 1134 1702; baseline -0.002 -5"><span class='ocrx_word' id='word_1_279' title='bbox 285 1672 333 1701; x_wconf 84' lang='lat' dir='ltr'>tio,</span> <span class='ocrx_word' id='word_1_280' title='bbox 357 1672 547 1697; x_wconf 84' lang='lat' dir='ltr'>inordinationis</span> <span class='ocrx_word' id='word_1_281' title='bbox 572 1672 672 1697; x_wconf 81' lang='lat' dir='ltr'>accedat</span> <span class='ocrx_word' id='word_1_282' title='bbox 697 1672 814 1697; x_wconf 88' lang='lat' dir='ltr'>confusio.</span> <span class='ocrx_word' id='word_1_283' title='bbox 840 1671 950 1696; x_wconf 82' lang='lat' dir='ltr'>Vitanda</span> <span class='ocrx_word' id='word_1_284' title='bbox 979 1672 1017 1695; x_wconf 87' lang='lat' dir='ltr'>est</span> <span class='ocrx_word' id='word_1_285' title='bbox 1044 1671 1134 1702; x_wconf 86' lang='lat' dir='ltr'>ubique</span> 
     </span>
     <span class='ocr_line' id='line_1_41' title="bbox 285 1713 1134 1745; baseline -0.001 -6"><span class='ocrx_word' id='word_1_286' title='bbox 285 1715 509 1740; x_wconf 86' lang='lat' dir='ltr'>disconvenientiae</span> <span class='ocrx_word' id='word_1_287' title='bbox 537 1714 611 1744; x_wconf 87' lang='lat' dir='ltr'>nota,</span> <span class='ocrx_word' id='word_1_288' title='bbox 641 1715 746 1739; x_wconf 85' lang='lat' dir='ltr'>maxime</span> <span class='ocrx_word' id='word_1_289' title='bbox 773 1715 799 1738; x_wconf 91' lang='lat' dir='ltr'>in</span> <span class='ocrx_word' id='word_1_290' title='bbox 826 1714 1026 1745; x_wconf 80' lang='lat' dir='ltr'>congregatione.</span> <span class='ocrx_word' id='word_1_291' title='bbox 1054 1713 1134 1738; x_wconf 85' lang='lat' dir='ltr'>Locus</span> 
     </span>
     <span class='ocr_line' id='line_1_42' title="bbox 286 1757 1135 1789; baseline -0.002 -7"><span class='ocrx_word' id='word_1_292' title='bbox 286 1765 343 1783; x_wconf 92' lang='lat' dir='ltr'>vero</span> <span class='ocrx_word' id='word_1_293' title='bbox 363 1758 489 1789; x_wconf 79' lang='lat' dir='ltr'>superior,</span> <span class='ocrx_word' id='word_1_294' title='bbox 509 1758 540 1782; x_wconf 88' lang='lat' dir='ltr'>ad</span> <span class='ocrx_word' id='word_1_295' title='bbox 565 1765 637 1789; x_wconf 87' lang='lat' dir='ltr'>quem</span> <span class='ocrx_word' id='word_1_296' title='bbox 660 1758 796 1782; x_wconf 79' lang='lat' dir='ltr'>necessitas</span> <span class='ocrx_word' id='word_1_297' title='bbox 815 1758 854 1782; x_wconf 89' lang='lat' dir='ltr'>vel</span> <span class='ocrx_word' id='word_1_298' title='bbox 880 1758 1036 1788; x_wconf 87' lang='lat' dir='ltr'>superiorum</span> <span class='ocrx_word' id='word_1_299' title='bbox 1055 1757 1135 1781; x_wconf 88' lang='lat' dir='ltr'>trahit</span> 
     </span>
     <span class='ocr_line' id='line_1_43' title="bbox 285 1799 1135 1831; baseline -0.002 -6"><span class='ocrx_word' id='word_1_300' title='bbox 285 1801 406 1830; x_wconf 78' lang='lat' dir='ltr'>inductio,</span> <span class='ocrx_word' id='word_1_301' title='bbox 427 1800 620 1831; x_wconf 83' lang='lat' dir='ltr'>praesumtionis</span> <span class='ocrx_word' id='word_1_302' title='bbox 639 1800 728 1825; x_wconf 88' lang='lat' dir='ltr'>vitium</span> <span class='ocrx_word' id='word_1_303' title='bbox 746 1807 795 1825; x_wconf 91' lang='lat' dir='ltr'>non</span> <span class='ocrx_word' id='word_1_304' title='bbox 816 1800 918 1825; x_wconf 80' lang='lat' dir='ltr'>inducit.</span> <span class='ocrx_word' id='word_1_305' title='bbox 938 1800 1016 1825; x_wconf 84' lang='lat' dir='ltr'>Porro</span> <span class='ocrx_word' id='word_1_306' title='bbox 1030 1799 1135 1824; x_wconf 89' lang='lat' dir='ltr'>molesta</span> 
     </span>
     <span class='ocr_line' id='line_1_44' title="bbox 286 1842 1135 1875; baseline -0.001 -7"><span class='ocrx_word' id='word_1_307' title='bbox 286 1844 324 1869; x_wconf 90' lang='lat' dir='ltr'>est</span> <span class='ocrx_word' id='word_1_308' title='bbox 342 1843 480 1873; x_wconf 86' lang='lat' dir='ltr'>humilitas,</span> <span class='ocrx_word' id='word_1_309' title='bbox 496 1851 558 1875; x_wconf 88' lang='lat' dir='ltr'>quae</span> <span class='ocrx_word' id='word_1_310' title='bbox 571 1843 723 1869; x_wconf 87' lang='lat' dir='ltr'>contentioni</span> <span class='ocrx_word' id='word_1_311' title='bbox 735 1842 743 1855; x_wconf 83' lang='lat'><strong>⁷</strong></span> <span class='ocrx_word' id='word_1_312' title='bbox 763 1843 880 1868; x_wconf 84' lang='lat' dir='ltr'>deservit.</span> <span class='ocrx_word' id='word_1_313' title='bbox 901 1843 925 1867; x_wconf 82' lang='lat' dir='ltr'>Si</span> <span class='ocrx_word' id='word_1_314' title='bbox 949 1843 1046 1874; x_wconf 90' lang='lat' dir='ltr'>quando</span> <span class='ocrx_word' id='word_1_315' title='bbox 1065 1842 1135 1867; x_wconf 80' lang='lat' dir='ltr'>iuxta</span> 
     </span>
     <span class='ocr_line' id='line_1_45' title="bbox 287 1886 1135 1918; baseline -0.001 -7"><span class='ocrx_word' id='word_1_316' title='bbox 287 1887 438 1918; x_wconf 88' lang='lat' dir='ltr'>superiorem</span> <span class='ocrx_word' id='word_1_317' title='bbox 458 1887 497 1911; x_wconf 89' lang='lat' dir='ltr'>vel</span> <span class='ocrx_word' id='word_1_318' title='bbox 516 1887 578 1912; x_wconf 88' lang='lat' dir='ltr'>alios</span> <span class='ocrx_word' id='word_1_319' title='bbox 604 1887 711 1912; x_wconf 85' lang='lat' dir='ltr'>seniores</span> <span class='ocrx_word' id='word_1_320' title='bbox 730 1887 868 1911; x_wconf 86' lang='lat' dir='ltr'>necessario</span> <span class='ocrx_word' id='word_1_321' title='bbox 893 1886 1015 1916; x_wconf 81' lang='lat' dir='ltr'>sederint,</span> <span class='ocrx_word' id='word_1_322' title='bbox 1034 1893 1084 1911; x_wconf 92' lang='lat' dir='ltr'>non</span> <span class='ocrx_word' id='word_1_323' title='bbox 1110 1893 1135 1910; x_wconf 91' lang='lat' dir='ltr'>se</span> 
     </span>
     <span class='ocr_line' id='line_1_46' title="bbox 285 1929 1136 1961; baseline 0 -7"><span class='ocrx_word' id='word_1_324' title='bbox 285 1930 360 1954; x_wconf 88' lang='lat' dir='ltr'>nimis</span> <span class='ocrx_word' id='word_1_325' title='bbox 379 1929 506 1961; x_wconf 86' lang='lat' dir='ltr'>applicent</span> <span class='ocrx_word' id='word_1_326' title='bbox 524 1929 594 1954; x_wconf 82' lang='lat' dir='ltr'>iuxta</span> <span class='ocrx_word' id='word_1_327' title='bbox 612 1937 667 1959; x_wconf 87' lang='lat' dir='ltr'>eos;</span> <span class='ocrx_word' id='word_1_328' title='bbox 687 1930 776 1954; x_wconf 90' lang='lat' dir='ltr'>iuniori</span> <span class='ocrx_word' id='word_1_329' title='bbox 796 1929 915 1961; x_wconf 87' lang='lat' dir='ltr'>siquidem</span> <span class='ocrx_word' id='word_1_330' title='bbox 935 1929 1043 1961; x_wconf 83' lang='lat' dir='ltr'>aliquam</span> <span class='ocrx_word' id='word_1_331' title='bbox 1064 1937 1079 1954; x_wconf 87' lang='lat' dir='ltr'>a</span> <span class='ocrx_word' id='word_1_332' title='bbox 1098 1936 1136 1954; x_wconf 90' lang='lat' dir='ltr'>se-</span> 
     </span>
     <span class='ocr_line' id='line_1_47' title="bbox 286 1972 1135 2004; baseline 0 -7"><span class='ocrx_word' id='word_1_333' title='bbox 286 1974 355 1998; x_wconf 90' lang='lat' dir='ltr'>niore</span> <span class='ocrx_word' id='word_1_334' title='bbox 374 1972 520 1997; x_wconf 85' lang='lat' dir='ltr'>distantiam</span> <span class='ocrx_word' id='word_1_335' title='bbox 540 1972 692 1997; x_wconf 86' lang='lat' dir='ltr'>reverentiae</span> <span class='ocrx_word' id='word_1_336' title='bbox 711 1972 776 1997; x_wconf 89' lang='lat' dir='ltr'>ritus</span> <span class='ocrx_word' id='word_1_337' title='bbox 788 1972 884 1997; x_wconf 87' lang='lat' dir='ltr'>indicit.</span> <span class='ocrx_word' id='word_1_338' title='bbox 903 1972 1038 2004; x_wconf 87' lang='lat' dir='ltr'>Antiquior</span> <span class='ocrx_word' id='word_1_339' title='bbox 1051 1972 1135 1997; x_wconf 86' lang='lat' dir='ltr'>autem</span> 
     </span>
     <span class='ocr_line' id='line_1_48' title="bbox 287 2015 1136 2047; baseline -0.002 -6"><span class='ocrx_word' id='word_1_340' title='bbox 287 2016 376 2041; x_wconf 85' lang='lat' dir='ltr'>Frater</span> <span class='ocrx_word' id='word_1_341' title='bbox 395 2017 420 2040; x_wconf 90' lang='lat' dir='ltr'>in</span> <span class='ocrx_word' id='word_1_342' title='bbox 444 2016 546 2045; x_wconf 83' lang='lat' dir='ltr'>Ordine,</span> <span class='ocrx_word' id='word_1_343' title='bbox 572 2016 612 2041; x_wconf 88' lang='lat' dir='ltr'>vel</span> <span class='ocrx_word' id='word_1_344' title='bbox 631 2016 695 2041; x_wconf 90' lang='lat' dir='ltr'>alius</span> <span class='ocrx_word' id='word_1_345' title='bbox 720 2017 745 2040; x_wconf 94' lang='lat' dir='ltr'>in</span> <span class='ocrx_word' id='word_1_346' title='bbox 765 2016 843 2041; x_wconf 89' lang='lat' dir='ltr'>officio</span> <span class='ocrx_word' id='word_1_347' title='bbox 869 2016 1052 2047; x_wconf 86' lang='lat' dir='ltr'>praeeminens,</span> <span class='ocrx_word' id='word_1_348' title='bbox 1077 2015 1136 2040; x_wconf 89' lang='lat' dir='ltr'>licet</span> 
     </span>
     <span class='ocr_line' id='line_1_49' title="bbox 287 2059 1136 2090; baseline 0 -7"><span class='ocrx_word' id='word_1_349' title='bbox 287 2059 369 2084; x_wconf 89' lang='lat' dir='ltr'>aetate</span> <span class='ocrx_word' id='word_1_350' title='bbox 389 2059 422 2083; x_wconf 91' lang='lat' dir='ltr'>sit</span> <span class='ocrx_word' id='word_1_351' title='bbox 441 2060 534 2090; x_wconf 83' lang='lat' dir='ltr'>iunior,</span> <span class='ocrx_word' id='word_1_352' title='bbox 553 2059 639 2084; x_wconf 78' lang='lat' dir='ltr'>senior</span> <span class='ocrx_word' id='word_1_353' title='bbox 658 2059 816 2090; x_wconf 87' lang='lat' dir='ltr'>appellatur;</span> <span class='ocrx_word' id='word_1_354' title='bbox 835 2060 907 2083; x_wconf 75' lang='lat' dir='ltr'>cretas</span> <span class='ocrx_word' id='word_1_355' title='bbox 929 2059 1063 2083; x_wconf 69' lang='lat' dir='ltr'>senectutis</span> <span class='ocrx_word' id='word_1_356' title='bbox 1082 2059 1136 2083; x_wconf 73' lang='lat' dir='ltr'>vita</span> 
     </span>
     <span class='ocr_line' id='line_1_50' title="bbox 286 2101 484 2127; baseline 0 -1"><span class='ocrx_word' id='word_1_357' title='bbox 286 2102 456 2127; x_wconf 72' lang='lat' dir='ltr'>immaculata</span> <span class='ocrx_word' id='word_1_358' title='bbox 467 2101 484 2126; x_wconf 52' lang='grc' dir='ltr'>Β.</span> 
     </span>
    </p>
   </div>
   <div class='ocr_carea' id='block_1_7' title="bbox 289 2144 1136 2218">
    <p class='ocr_par' dir='ltr' id='par_1_9' title="bbox 289 2144 1136 2218">
     <span class='ocr_line' id='line_1_51' title="bbox 360 2144 1136 2176; baseline -0.001 -7"><span class='ocrx_word' id='word_1_359' title='bbox 360 2145 384 2168; x_wconf 83' lang='grc'>5.</span> <span class='ocrx_word' id='word_1_360' title='bbox 404 2144 617 2169; x_wconf 86' lang='lat' dir='ltr'>Praesumtionem</span> <span class='ocrx_word' id='word_1_361' title='bbox 641 2145 668 2168; x_wconf 78' lang='lat' dir='ltr'>in</span> <span class='ocrx_word' id='word_1_362' title='bbox 685 2145 760 2176; x_wconf 64' lang='lat' dir='ltr'>qesta</span> <span class='ocrx_word' id='word_1_363' title='bbox 782 2144 875 2168; x_wconf 88' lang='lat' dir='ltr'>elatum</span> <span class='ocrx_word' id='word_1_364' title='bbox 901 2144 991 2175; x_wconf 88' lang='lat' dir='ltr'>caput,</span> <span class='ocrx_word' id='word_1_365' title='bbox 1017 2144 1136 2169; x_wconf 89' lang='lat' dir='ltr'>sublimes</span> 
     </span>
     <span class='ocr_line' id='line_1_52' title="bbox 289 2186 1134 2218; baseline 0 -6"><span class='ocrx_word' id='word_1_366' title='bbox 289 2188 366 2216; x_wconf 87' lang='lat' dir='ltr'>oculi,</span> <span class='ocrx_word' id='word_1_367' title='bbox 386 2187 460 2212; x_wconf 84' lang='lat' dir='ltr'>facies</span> <span class='ocrx_word' id='word_1_368' title='bbox 484 2187 600 2212; x_wconf 89' lang='lat' dir='ltr'>vultuosa</span> <span class='ocrx_word' id='word_1_369' title='bbox 623 2187 760 2212; x_wconf 87' lang='lat' dir='ltr'>declarant.</span> <span class='ocrx_word' id='word_1_370' title='bbox 785 2187 863 2216; x_wconf 86' lang='lat' dir='ltr'>Nam,</span> <span class='ocrx_word' id='word_1_371' title='bbox 889 2187 918 2211; x_wconf 88' lang='lat' dir='ltr'>ut</span> <span class='ocrx_word' id='word_1_372' title='bbox 936 2187 973 2211; x_wconf 88' lang='lat' dir='ltr'>ait</span> <span class='ocrx_word' id='word_1_373' title='bbox 992 2186 1134 2218; x_wconf 80' lang='lat' dir='ltr'>Prosper⁹‚</span> 
     </span>
    </p>
   </div>
   <div class='ocr_carea' id='block_1_8' title="bbox 1155 294 1166 2220">
    <p class='ocr_par' dir='ltr' id='par_1_10' title="bbox 1155 294 1166 2220">
     <span class='ocr_line' id='line_1_53' title="bbox 1155 294 1166 2220; baseline 0 0"><span class='ocrx_word' id='word_1_374' title='bbox 1155 294 1166 2220; x_wconf 95' lang='lat' dir='ltr'> </span> 
     </span>
    </p>
   </div>
   <div class='ocr_carea' id='block_1_9' title="bbox 712 213 1602 243">
    <p class='ocr_par' dir='ltr' id='par_1_11' title="bbox 712 213 1602 243">
     <span class='ocr_line' id='line_1_54' title="bbox 712 213 1602 243; baseline -0.001 0"><span class='ocrx_word' id='word_1_375' title='bbox 712 214 909 243; x_wconf 81' lang='lat' dir='ltr'>OPUSCULUM</span> <span class='ocrx_word' id='word_1_376' title='bbox 932 214 950 241; x_wconf 89' lang='grc' dir='ltr'>Ι.</span> <span class='ocrx_word' id='word_1_377' title='bbox 972 213 1143 242; x_wconf 86' lang='lat' dir='ltr'>SPECULUM</span> <span class='ocrx_word' id='word_1_378' title='bbox 1164 213 1372 243; x_wconf 78' lang='lat' dir='ltr'>DISCIPLINAE.</span> <span class='ocrx_word' id='word_1_379' title='bbox 1395 214 1475 242; x_wconf 79' lang='lat' dir='ltr'>PARS</span> <span class='ocrx_word' id='word_1_380' title='bbox 1496 214 1602 243; x_wconf 80' lang='lat' dir='ltr'>PRIMA.</span> 
     </span>
    </p>
   </div>
   <div class='ocr_carea' id='block_1_10' title="bbox 1184 292 2043 2218">
    <p class='ocr_par' dir='ltr' id='par_1_12' title="bbox 1184 292 2033 877">
     <span class='ocr_line' id='line_1_55' title="bbox 1188 292 2029 317; baseline -0.001 0"><span class='ocrx_word' id='word_1_381' title='bbox 1188 302 1202 313; x_wconf 87' lang='grc'>«</span> <span class='ocrx_word' id='word_1_382' title='bbox 1215 292 1297 317; x_wconf 88' lang='lat' dir='ltr'>erecta</span> <span class='ocrx_word' id='word_1_383' title='bbox 1315 294 1397 317; x_wconf 81' lang='lat' dir='ltr'>cervix</span> <span class='ocrx_word' id='word_1_384' title='bbox 1417 292 1442 317; x_wconf 89' lang='lat' dir='ltr'>et</span> <span class='ocrx_word' id='word_1_385' title='bbox 1460 293 1543 317; x_wconf 90' lang='lat' dir='ltr'>truces</span> <span class='ocrx_word' id='word_1_386' title='bbox 1562 292 1625 317; x_wconf 90' lang='lat' dir='ltr'>oculi</span> <span class='ocrx_word' id='word_1_387' title='bbox 1644 292 1669 316; x_wconf 87' lang='lat' dir='ltr'>et</span> <span class='ocrx_word' id='word_1_388' title='bbox 1697 299 1776 317; x_wconf 89' lang='lat' dir='ltr'>sermo</span> <span class='ocrx_word' id='word_1_389' title='bbox 1796 292 1914 317; x_wconf 88' lang='lat' dir='ltr'>terribilis</span> <span class='ocrx_word' id='word_1_390' title='bbox 1938 292 2029 316; x_wconf 89' lang='lat' dir='ltr'>nudam</span> 
     </span>
     <span class='ocr_line' id='line_1_56' title="bbox 1185 335 2030 367; baseline -0.001 -7"><span class='ocrx_word' id='word_1_391' title='bbox 1185 336 1327 366; x_wconf 86' lang='lat' dir='ltr'>superbiam</span> <span class='ocrx_word' id='word_1_392' title='bbox 1346 335 1456 360; x_wconf 86' lang='lat' dir='ltr'>clamant</span> <span class='ocrx_word' id='word_1_393' title='bbox 1468 346 1493 360; x_wconf 79' lang='lat'>&gt;›.</span> <span class='ocrx_word' id='word_1_394' title='bbox 1512 335 1558 360; x_wconf 87' lang='lat' dir='ltr'>Sed</span> <span class='ocrx_word' id='word_1_395' title='bbox 1577 335 1699 367; x_wconf 86' lang='lat' dir='ltr'>quantum</span> <span class='ocrx_word' id='word_1_396' title='bbox 1712 342 1755 366; x_wconf 90' lang='lat' dir='ltr'>per</span> <span class='ocrx_word' id='word_1_397' title='bbox 1774 335 1940 359; x_wconf 85' lang='lat' dir='ltr'>membrorum</span> <span class='ocrx_word' id='word_1_398' title='bbox 1958 335 2030 359; x_wconf 87' lang='lat' dir='ltr'>mini-</span> 
     </span>
     <span class='ocr_line' id='line_1_57' title="bbox 1186 376 2029 409; baseline 0 -7"><span class='ocrx_word' id='word_1_399' title='bbox 1186 378 1289 402; x_wconf 89' lang='lat' dir='ltr'>sterium</span> <span class='ocrx_word' id='word_1_400' title='bbox 1314 378 1397 409; x_wconf 87' lang='lat' dir='ltr'>potest</span> <span class='ocrx_word' id='word_1_401' title='bbox 1421 378 1584 409; x_wconf 86' lang='lat' dir='ltr'>deprehendi,</span> <span class='ocrx_word' id='word_1_402' title='bbox 1607 378 1697 408; x_wconf 70' lang='lat' dir='ltr'>prima</span> <span class='ocrx_word' id='word_1_403' title='bbox 1717 377 1847 408; x_wconf 83' lang='lat' dir='ltr'>superbiae</span> <span class='ocrx_word' id='word_1_404' title='bbox 1872 376 1980 402; x_wconf 87' lang='lat' dir='ltr'>ostensio</span> <span class='ocrx_word' id='word_1_405' title='bbox 2004 378 2029 402; x_wconf 92' lang='lat' dir='ltr'>in</span> 
     </span>
     <span class='ocr_line' id='line_1_58' title="bbox 1185 419 2030 452; baseline -0.001 -7"><span class='ocrx_word' id='word_1_406' title='bbox 1185 421 1265 445; x_wconf 70' lang='lat' dir='ltr'>oculis</span> <span class='ocrx_word' id='word_1_407' title='bbox 1284 428 1337 445; x_wconf 91' lang='lat' dir='ltr'>esse</span> <span class='ocrx_word' id='word_1_408' title='bbox 1357 421 1428 445; x_wconf 88' lang='lat' dir='ltr'>solet.</span> <span class='ocrx_word' id='word_1_409' title='bbox 1451 421 1500 452; x_wconf 69' lang='lat' dir='ltr'>Qui</span> <span class='ocrx_word' id='word_1_410' title='bbox 1521 420 1684 445; x_wconf 68' lang='lat' dir='ltr'>inclinaverit</span> <span class='ocrx_word' id='word_1_411' title='bbox 1702 420 1787 444; x_wconf 73' lang='lat' dir='ltr'>oeulos</span> <span class='ocrx_word' id='word_1_412' title='bbox 1805 427 1877 451; x_wconf 79' lang='lat' dir='ltr'>suos,</span> <span class='ocrx_word' id='word_1_413' title='bbox 1903 420 1957 451; x_wconf 74' lang='lat' dir='ltr'>ipse</span> <span class='ocrx_word' id='word_1_414' title='bbox 1981 419 2030 444; x_wconf 79' lang='lat' dir='ltr'>sal-</span> 
     </span>
     <span class='ocr_line' id='line_1_59' title="bbox 1184 462 2031 494; baseline -0.002 -6"><span class='ocrx_word' id='word_1_415' title='bbox 1184 463 1329 488; x_wconf 54' lang='lat' dir='ltr'>vabitur-¹⁰.</span> <span class='ocrx_word' id='word_1_416' title='bbox 1348 463 1504 488; x_wconf 88' lang='lat' dir='ltr'>Praesumtio</span> <span class='ocrx_word' id='word_1_417' title='bbox 1527 463 1602 488; x_wconf 86' lang='lat' dir='ltr'>etiam</span> <span class='ocrx_word' id='word_1_418' title='bbox 1626 463 1713 494; x_wconf 82' lang='lat' dir='ltr'>gestus</span> <span class='ocrx_word' id='word_1_419' title='bbox 1738 463 1763 487; x_wconf 92' lang='lat' dir='ltr'>in</span> <span class='ocrx_word' id='word_1_420' title='bbox 1782 463 1862 494; x_wconf 72' lang='lat' dir='ltr'>siynt&#39;s</span> <span class='ocrx_word' id='word_1_421' title='bbox 1881 464 1905 487; x_wconf 79' lang='lat' dir='ltr'>et</span> <span class='ocrx_word' id='word_1_422' title='bbox 1927 462 2031 487; x_wconf 72' lang='lat' dir='ltr'>nutibus</span> 
     </span>
     <span class='ocr_line' id='line_1_60' title="bbox 1185 505 2029 538; baseline -0.002 -7"><span class='ocrx_word' id='word_1_423' title='bbox 1185 505 1328 538; x_wconf 86' lang='lat' dir='ltr'>frequenter</span> <span class='ocrx_word' id='word_1_424' title='bbox 1340 506 1498 538; x_wconf 78' lang='lat' dir='ltr'>agnoscitur,</span> <span class='ocrx_word' id='word_1_425' title='bbox 1512 506 1541 530; x_wconf 91' lang='lat' dir='ltr'>ut</span> <span class='ocrx_word' id='word_1_426' title='bbox 1554 506 1658 537; x_wconf 83' lang='lat' dir='ltr'>exempli</span> <span class='ocrx_word' id='word_1_427' title='bbox 1670 505 1765 537; x_wconf 81' lang='lat' dir='ltr'>gratia,</span> <span class='ocrx_word' id='word_1_428' title='bbox 1786 506 1806 530; x_wconf 92' lang='lat' dir='ltr'>si</span> <span class='ocrx_word' id='word_1_429' title='bbox 1825 505 1880 537; x_wconf 89' lang='lat' dir='ltr'>quis</span> <span class='ocrx_word' id='word_1_430' title='bbox 1899 506 1924 529; x_wconf 93' lang='lat' dir='ltr'>in</span> <span class='ocrx_word' id='word_1_431' title='bbox 1943 505 2029 534; x_wconf 90' lang='lat' dir='ltr'>choro,</span> 
     </span>
     <span class='ocr_line' id='line_1_61' title="bbox 1186 548 2032 580; baseline -0.002 -6"><span class='ocrx_word' id='word_1_432' title='bbox 1186 550 1226 574; x_wconf 92' lang='lat' dir='ltr'>vel</span> <span class='ocrx_word' id='word_1_433' title='bbox 1245 550 1304 574; x_wconf 86' lang='lat' dir='ltr'>alibi</span> <span class='ocrx_word' id='word_1_434' title='bbox 1326 557 1370 580; x_wconf 88' lang='lat' dir='ltr'>pro</span> <span class='ocrx_word' id='word_1_435' title='bbox 1389 549 1507 574; x_wconf 87' lang='lat' dir='ltr'>Fratrum</span> <span class='ocrx_word' id='word_1_436' title='bbox 1527 549 1661 573; x_wconf 82' lang='lat' dir='ltr'>defectibus</span> <span class='ocrx_word' id='word_1_437' title='bbox 1673 548 1692 560; x_wconf 89' lang='lat'>¹¹</span> <span class='ocrx_word' id='word_1_438' title='bbox 1713 549 1819 580; x_wconf 83' lang='lat' dir='ltr'>satyrice</span> <span class='ocrx_word' id='word_1_439' title='bbox 1846 548 1959 573; x_wconf 88' lang='lat' dir='ltr'>nubilum</span> <span class='ocrx_word' id='word_1_440' title='bbox 1978 548 2032 572; x_wconf 91' lang='lat' dir='ltr'>vul-</span> 
     </span>
     <span class='ocr_line' id='line_1_62' title="bbox 1186 591 2032 622; baseline -0.001 -6"><span class='ocrx_word' id='word_1_441' title='bbox 1186 592 1315 617; x_wconf 88' lang='lat' dir='ltr'>tuositatis</span> <span class='ocrx_word' id='word_1_442' title='bbox 1340 592 1464 622; x_wconf 84' lang='lat' dir='ltr'>assumat,</span> <span class='ocrx_word' id='word_1_443' title='bbox 1490 592 1529 616; x_wconf 90' lang='lat' dir='ltr'>vel</span> <span class='ocrx_word' id='word_1_444' title='bbox 1553 592 1603 616; x_wconf 83' lang='lat' dir='ltr'>levi</span> <span class='ocrx_word' id='word_1_445' title='bbox 1630 591 1762 621; x_wconf 87' lang='lat' dir='ltr'>cachinno,</span> <span class='ocrx_word' id='word_1_446' title='bbox 1788 591 1813 615; x_wconf 87' lang='lat' dir='ltr'>id</span> <span class='ocrx_word' id='word_1_447' title='bbox 1837 591 1876 616; x_wconf 91' lang='lat' dir='ltr'>est</span> <span class='ocrx_word' id='word_1_448' title='bbox 1901 591 1968 622; x_wconf 89' lang='lat' dir='ltr'>risu,</span> <span class='ocrx_word' id='word_1_449' title='bbox 1993 591 2032 616; x_wconf 89' lang='lat' dir='ltr'>vel</span> 
     </span>
     <span class='ocr_line' id='line_1_63' title="bbox 1186 634 2033 667; baseline -0.002 -7"><span class='ocrx_word' id='word_1_450' title='bbox 1186 636 1255 661; x_wconf 88' lang='lat' dir='ltr'>motu</span> <span class='ocrx_word' id='word_1_451' title='bbox 1277 636 1378 667; x_wconf 84' lang='lat' dir='ltr'>capitis,</span> <span class='ocrx_word' id='word_1_452' title='bbox 1402 635 1526 660; x_wconf 89' lang='lat' dir='ltr'>oculorum</span> <span class='ocrx_word' id='word_1_453' title='bbox 1547 634 1801 663; x_wconf 85' lang='lat' dir='ltr'>circumlustratione,</span> <span class='ocrx_word' id='word_1_454' title='bbox 1820 635 1918 659; x_wconf 89' lang='lat' dir='ltr'>narium</span> <span class='ocrx_word' id='word_1_455' title='bbox 1938 634 2033 659; x_wconf 87' lang='lat' dir='ltr'>contra-</span> 
     </span>
     <span class='ocr_line' id='line_1_64' title="bbox 1187 677 2033 709; baseline -0.002 -5"><span class='ocrx_word' id='word_1_456' title='bbox 1187 680 1278 709; x_wconf 88' lang='lat' dir='ltr'>ctione,</span> <span class='ocrx_word' id='word_1_457' title='bbox 1299 679 1421 704; x_wconf 87' lang='lat' dir='ltr'>labiorum</span> <span class='ocrx_word' id='word_1_458' title='bbox 1440 678 1633 709; x_wconf 87' lang='lat' dir='ltr'>compressione,</span> <span class='ocrx_word' id='word_1_459' title='bbox 1654 678 1692 702; x_wconf 88' lang='lat' dir='ltr'>vel</span> <span class='ocrx_word' id='word_1_460' title='bbox 1711 678 1760 702; x_wconf 82' lang='lat' dir='ltr'>alio</span> <span class='ocrx_word' id='word_1_461' title='bbox 1773 678 1860 709; x_wconf 90' lang='lat' dir='ltr'>quovis</span> <span class='ocrx_word' id='word_1_462' title='bbox 1882 677 1953 702; x_wconf 87' lang='lat' dir='ltr'>modo</span> <span class='ocrx_word' id='word_1_463' title='bbox 1972 677 2033 702; x_wconf 87' lang='lat' dir='ltr'>defe-</span> 
     </span>
     <span class='ocr_line' id='line_1_65' title="bbox 1187 720 2033 752; baseline -0.002 -5"><span class='ocrx_word' id='word_1_464' title='bbox 1187 723 1254 747; x_wconf 90' lang='lat' dir='ltr'>ctum</span> <span class='ocrx_word' id='word_1_465' title='bbox 1274 722 1372 747; x_wconf 82' lang='lat' dir='ltr'>Fratris</span> <span class='ocrx_word' id='word_1_466' title='bbox 1391 722 1466 746; x_wconf 87' lang='lat' dir='ltr'>tacite</span> <span class='ocrx_word' id='word_1_467' title='bbox 1485 722 1577 752; x_wconf 80' lang='lat' dir='ltr'>arguat</span> <span class='ocrx_word' id='word_1_468' title='bbox 1601 721 1641 745; x_wconf 91' lang='lat' dir='ltr'>vel</span> <span class='ocrx_word' id='word_1_469' title='bbox 1661 720 1814 751; x_wconf 86' lang='lat' dir='ltr'>subsannet;</span> <span class='ocrx_word' id='word_1_470' title='bbox 1834 721 1869 751; x_wconf 87' lang='lat' dir='ltr'>si,</span> <span class='ocrx_word' id='word_1_471' title='bbox 1890 720 1990 745; x_wconf 84' lang='lat' dir='ltr'>errante</span> <span class='ocrx_word' id='word_1_472' title='bbox 2007 721 2033 745; x_wconf 89' lang='lat' dir='ltr'>in</span> 
     </span>
     <span class='ocr_line' id='line_1_66' title="bbox 1186 763 2031 795; baseline -0.002 -5"><span class='ocrx_word' id='word_1_473' title='bbox 1186 765 1260 791; x_wconf 86' lang='lat' dir='ltr'>choro</span> <span class='ocrx_word' id='word_1_474' title='bbox 1280 766 1319 790; x_wconf 91' lang='lat' dir='ltr'>vel</span> <span class='ocrx_word' id='word_1_475' title='bbox 1331 765 1357 789; x_wconf 90' lang='lat' dir='ltr'>in</span> <span class='ocrx_word' id='word_1_476' title='bbox 1376 772 1462 789; x_wconf 89' lang='lat' dir='ltr'>mensa</span> <span class='ocrx_word' id='word_1_477' title='bbox 1474 764 1576 793; x_wconf 86' lang='lat' dir='ltr'>lectore,</span> <span class='ocrx_word' id='word_1_478' title='bbox 1597 763 1760 788; x_wconf 87' lang='lat' dir='ltr'>submussitet</span> <span class='ocrx_word' id='word_1_479' title='bbox 1773 764 1818 788; x_wconf 87' lang='lat' dir='ltr'>aut</span> <span class='ocrx_word' id='word_1_480' title='bbox 1836 763 2031 795; x_wconf 85' lang='lat' dir='ltr'>circumspiciat,</span> 
     </span>
     <span class='ocr_line' id='line_1_67' title="bbox 1187 806 2033 840; baseline -0.001 -7"><span class='ocrx_word' id='word_1_481' title='bbox 1187 809 1258 840; x_wconf 89' lang='lat' dir='ltr'>qnasi</span> <span class='ocrx_word' id='word_1_482' title='bbox 1280 816 1335 833; x_wconf 89' lang='lat' dir='ltr'>eum</span> <span class='ocrx_word' id='word_1_483' title='bbox 1354 808 1463 833; x_wconf 84' lang='lat' dir='ltr'>defectus</span> <span class='ocrx_word' id='word_1_484' title='bbox 1490 807 1597 839; x_wconf 82' lang='lat' dir='ltr'>legentis</span> <span class='ocrx_word' id='word_1_485' title='bbox 1621 814 1670 832; x_wconf 91' lang='lat' dir='ltr'>non</span> <span class='ocrx_word' id='word_1_486' title='bbox 1696 807 1789 837; x_wconf 74' lang='lat' dir='ltr'>lateat3</span> <span class='ocrx_word' id='word_1_487' title='bbox 1809 807 1874 838; x_wconf 90' lang='lat' dir='ltr'>quod</span> <span class='ocrx_word' id='word_1_488' title='bbox 1892 806 2033 838; x_wconf 86' lang='lat' dir='ltr'>frequenter</span> 
     </span>
     <span class='ocr_line' id='line_1_68' title="bbox 1187 850 1648 877; baseline -0.004 -1"><span class='ocrx_word' id='word_1_489' title='bbox 1187 851 1268 877; x_wconf 87' lang='lat' dir='ltr'>solent</span> <span class='ocrx_word' id='word_1_490' title='bbox 1286 851 1366 876; x_wconf 81' lang='lat' dir='ltr'>facere</span> <span class='ocrx_word' id='word_1_491' title='bbox 1382 851 1457 875; x_wconf 88' lang='lat' dir='ltr'>etiam</span> <span class='ocrx_word' id='word_1_492' title='bbox 1476 851 1558 875; x_wconf 84' lang='lat' dir='ltr'>minus</span> <span class='ocrx_word' id='word_1_493' title='bbox 1576 850 1648 875; x_wconf 90' lang='lat' dir='ltr'>docti.</span> 
     </span>
    </p>

    <p class='ocr_par' dir='ltr' id='par_1_13' title="bbox 1187 892 2040 1786">
     <span class='ocr_line' id='line_1_69' title="bbox 1258 892 2034 924; baseline -0.004 -5"><span class='ocrx_word' id='word_1_494' title='bbox 1258 894 1281 919; x_wconf 89' lang='grc'>6.</span> <span class='ocrx_word' id='word_1_495' title='bbox 1301 894 1333 919; x_wconf 88' lang='lat' dir='ltr'>In</span> <span class='ocrx_word' id='word_1_496' title='bbox 1353 893 1479 918; x_wconf 73' lang='lat' dir='ltr'>locutione</span> <span class='ocrx_word' id='word_1_497' title='bbox 1497 893 1572 917; x_wconf 88' lang='lat' dir='ltr'>etiam</span> <span class='ocrx_word' id='word_1_498' title='bbox 1584 892 1604 905; x_wconf 79' lang='lat'>¹²</span> <span class='ocrx_word' id='word_1_499' title='bbox 1623 892 1726 918; x_wconf 88' lang='lat' dir='ltr'>notatur</span> <span class='ocrx_word' id='word_1_500' title='bbox 1744 892 1910 923; x_wconf 80' lang='lat' dir='ltr'>praesumtio,</span> <span class='ocrx_word' id='word_1_501' title='bbox 1930 893 1951 917; x_wconf 89' lang='lat' dir='ltr'>si</span> <span class='ocrx_word' id='word_1_502' title='bbox 1970 892 2034 924; x_wconf 87' lang='lat' dir='ltr'>quod</span> 
     </span>
     <span class='ocr_line' id='line_1_70' title="bbox 1187 935 2035 968; baseline -0.002 -6"><span class='ocrx_word' id='word_1_503' title='bbox 1187 938 1277 962; x_wconf 89' lang='lat' dir='ltr'>dicitur</span> <span class='ocrx_word' id='word_1_504' title='bbox 1296 944 1345 962; x_wconf 89' lang='lat' dir='ltr'>non</span> <span class='ocrx_word' id='word_1_505' title='bbox 1365 937 1475 968; x_wconf 87' lang='lat' dir='ltr'>pertinet</span> <span class='ocrx_word' id='word_1_506' title='bbox 1494 936 1525 961; x_wconf 86' lang='lat' dir='ltr'>ad</span> <span class='ocrx_word' id='word_1_507' title='bbox 1544 936 1679 967; x_wconf 78' lang='lat' dir='ltr'>dicentem,</span> <span class='ocrx_word' id='word_1_508' title='bbox 1698 936 1742 960; x_wconf 91' lang='lat' dir='ltr'>aut</span> <span class='ocrx_word' id='word_1_509' title='bbox 1762 935 1861 960; x_wconf 69' lang='lat' dir='ltr'>dicendi</span> <span class='ocrx_word' id='word_1_510' title='bbox 1880 936 1971 960; x_wconf 78' lang='lat' dir='ltr'>modus</span> <span class='ocrx_word' id='word_1_511' title='bbox 1988 935 2035 960; x_wconf 88' lang='lat' dir='ltr'>ali-</span> 
     </span>
     <span class='ocr_line' id='line_1_71' title="bbox 1187 978 2035 1012; baseline -0.004 -7"><span class='ocrx_word' id='word_1_512' title='bbox 1187 989 1259 1012; x_wconf 85' lang='lat' dir='ltr'>quem</span> <span class='ocrx_word' id='word_1_513' title='bbox 1274 980 1403 1011; x_wconf 86' lang='lat' dir='ltr'>superbiae</span> <span class='ocrx_word' id='word_1_514' title='bbox 1423 980 1527 1011; x_wconf 84' lang='lat' dir='ltr'>typhum</span> <span class='ocrx_word' id='word_1_515' title='bbox 1542 979 1702 1011; x_wconf 85' lang='lat' dir='ltr'>praetendat,</span> <span class='ocrx_word' id='word_1_516' title='bbox 1721 978 1766 1003; x_wconf 91' lang='lat' dir='ltr'>aut</span> <span class='ocrx_word' id='word_1_517' title='bbox 1785 985 1829 1009; x_wconf 90' lang='lat' dir='ltr'>pro</span> <span class='ocrx_word' id='word_1_518' title='bbox 1843 978 1896 1003; x_wconf 85' lang='lat' dir='ltr'>loeo</span> <span class='ocrx_word' id='word_1_519' title='bbox 1905 998 1912 1010; x_wconf 89' lang='lat'>,</span> <span class='ocrx_word' id='word_1_520' title='bbox 1926 979 2035 1009; x_wconf 77' lang='lat' dir='ltr'>tempore</span> 
     </span>
     <span class='ocr_line' id='line_1_72' title="bbox 1187 1021 2035 1055; baseline -0.004 -6"><span class='ocrx_word' id='word_1_521' title='bbox 1187 1024 1212 1049; x_wconf 89' lang='lat' dir='ltr'>et</span> <span class='ocrx_word' id='word_1_522' title='bbox 1226 1024 1347 1055; x_wconf 70' lang='lat' dir='ltr'>personis</span> <span class='ocrx_word' id='word_1_523' title='bbox 1366 1023 1442 1047; x_wconf 87' lang='lat' dir='ltr'>fuerit</span> <span class='ocrx_word' id='word_1_524' title='bbox 1461 1031 1476 1047; x_wconf 91' lang='lat' dir='ltr'>a</span> <span class='ocrx_word' id='word_1_525' title='bbox 1494 1023 1618 1048; x_wconf 87' lang='lat' dir='ltr'>locutione</span> <span class='ocrx_word' id='word_1_526' title='bbox 1637 1022 1791 1047; x_wconf 83' lang='lat' dir='ltr'>cessandum.</span> <span class='ocrx_word' id='word_1_527' title='bbox 1809 1036 1844 1039; x_wconf 94' lang='lat'>—</span> <span class='ocrx_word' id='word_1_528' title='bbox 1860 1021 1967 1053; x_wconf 89' lang='lat' dir='ltr'>Propter</span> <span class='ocrx_word' id='word_1_529' title='bbox 1980 1021 2035 1053; x_wconf 72' lang='lat' dir='ltr'>pri-</span> 
     </span>
     <span class='ocr_line' id='line_1_73' title="bbox 1187 1064 2035 1097; baseline -0.002 -6"><span class='ocrx_word' id='word_1_530' title='bbox 1187 1074 1258 1091; x_wconf 72' lang='lat' dir='ltr'>mum</span> <span class='ocrx_word' id='word_1_531' title='bbox 1275 1067 1377 1091; x_wconf 89' lang='lat' dir='ltr'>humilis</span> <span class='ocrx_word' id='word_1_532' title='bbox 1396 1066 1485 1091; x_wconf 85' lang='lat' dir='ltr'>Frater</span> <span class='ocrx_word' id='word_1_533' title='bbox 1498 1066 1526 1091; x_wconf 85' lang='lat' dir='ltr'>de</span> <span class='ocrx_word' id='word_1_534' title='bbox 1539 1066 1626 1091; x_wconf 89' lang='lat' dir='ltr'>alienis</span> <span class='ocrx_word' id='word_1_535' title='bbox 1645 1065 1718 1090; x_wconf 84' lang='lat' dir='ltr'>factis</span> <span class='ocrx_word' id='word_1_536' title='bbox 1738 1067 1831 1091; x_wconf 90' lang='lat' dir='ltr'>curiose</span> <span class='ocrx_word' id='word_1_537' title='bbox 1843 1064 1863 1078; x_wconf 75' lang='lat'>¹³</span> <span class='ocrx_word' id='word_1_538' title='bbox 1882 1064 2035 1097; x_wconf 81' lang='lat' dir='ltr'>inquirendis</span> 
     </span>
     <span class='ocr_line' id='line_1_74' title="bbox 1188 1109 2036 1139; baseline -0.002 -5"><span class='ocrx_word' id='word_1_539' title='bbox 1188 1118 1214 1134; x_wconf 89' lang='lat' dir='ltr'>se</span> <span class='ocrx_word' id='word_1_540' title='bbox 1232 1109 1378 1134; x_wconf 86' lang='lat' dir='ltr'>nullatenus</span> <span class='ocrx_word' id='word_1_541' title='bbox 1402 1109 1564 1134; x_wconf 84' lang='lat' dir='ltr'>intromittat.</span> <span class='ocrx_word' id='word_1_542' title='bbox 1590 1109 1660 1134; x_wconf 86' lang='lat' dir='ltr'>Alios</span> <span class='ocrx_word' id='word_1_543' title='bbox 1683 1109 1786 1134; x_wconf 84' lang='lat' dir='ltr'>Fratres</span> <span class='ocrx_word' id='word_1_544' title='bbox 1812 1109 1911 1138; x_wconf 86' lang='lat' dir='ltr'>docere,</span> <span class='ocrx_word' id='word_1_545' title='bbox 1937 1115 2036 1139; x_wconf 83' lang='lat' dir='ltr'>regere,</span> 
     </span>
     <span class='ocr_line' id='line_1_75' title="bbox 1188 1150 2037 1184; baseline -0.002 -7"><span class='ocrx_word' id='word_1_546' title='bbox 1188 1160 1305 1184; x_wconf 81' lang='lat' dir='ltr'>arguere,</span> <span class='ocrx_word' id='word_1_547' title='bbox 1324 1152 1364 1177; x_wconf 89' lang='lat' dir='ltr'>vel</span> <span class='ocrx_word' id='word_1_548' title='bbox 1377 1153 1412 1177; x_wconf 89' lang='lat' dir='ltr'>eis</span> <span class='ocrx_word' id='word_1_549' title='bbox 1431 1152 1526 1183; x_wconf 86' lang='lat' dir='ltr'>aliquid</span> <span class='ocrx_word' id='word_1_550' title='bbox 1539 1153 1664 1183; x_wconf 87' lang='lat' dir='ltr'>imponere</span> <span class='ocrx_word' id='word_1_551' title='bbox 1677 1160 1726 1178; x_wconf 90' lang='lat' dir='ltr'>non</span> <span class='ocrx_word' id='word_1_552' title='bbox 1740 1152 1901 1183; x_wconf 80' lang='lat' dir='ltr'>praesumat,</span> <span class='ocrx_word' id='word_1_553' title='bbox 1921 1151 1979 1183; x_wconf 84' lang='lat' dir='ltr'>quia</span> <span class='ocrx_word' id='word_1_554' title='bbox 1991 1150 2037 1176; x_wconf 88' lang='lat' dir='ltr'>hoc</span> 
     </span>
     <span class='ocr_line' id='line_1_76' title="bbox 1189 1194 2038 1227; baseline -0.002 -6"><span class='ocrx_word' id='word_1_555' title='bbox 1189 1196 1255 1221; x_wconf 89' lang='lat' dir='ltr'>esset</span> <span class='ocrx_word' id='word_1_556' title='bbox 1274 1196 1397 1221; x_wconf 87' lang='lat' dir='ltr'>seniorum</span> <span class='ocrx_word' id='word_1_557' title='bbox 1417 1196 1456 1220; x_wconf 90' lang='lat' dir='ltr'>vel</span> <span class='ocrx_word' id='word_1_558' title='bbox 1476 1196 1632 1227; x_wconf 87' lang='lat' dir='ltr'>superiorum</span> <span class='ocrx_word' id='word_1_559' title='bbox 1651 1196 1757 1221; x_wconf 86' lang='lat' dir='ltr'>officium</span> <span class='ocrx_word' id='word_1_560' title='bbox 1771 1202 1902 1227; x_wconf 87' lang='lat' dir='ltr'>usurpare.</span> <span class='ocrx_word' id='word_1_561' title='bbox 1926 1204 1939 1217; x_wconf 83' lang='lat'>«</span> <span class='ocrx_word' id='word_1_562' title='bbox 1951 1194 2038 1225; x_wconf 85' lang='lat' dir='ltr'>Super-</span> 
     </span>
     <span class='ocr_line' id='line_1_77' title="bbox 1190 1238 2038 1269; baseline -0.002 -5"><span class='ocrx_word' id='word_1_563' title='bbox 1190 1239 1236 1264; x_wconf 88' lang='lat' dir='ltr'>bus</span> <span class='ocrx_word' id='word_1_564' title='bbox 1255 1240 1350 1269; x_wconf 81' lang='lat' dir='ltr'>autem,</span> <span class='ocrx_word' id='word_1_565' title='bbox 1371 1239 1400 1264; x_wconf 91' lang='lat' dir='ltr'>ut</span> <span class='ocrx_word' id='word_1_566' title='bbox 1418 1239 1454 1263; x_wconf 85' lang='lat' dir='ltr'>ait</span> <span class='ocrx_word' id='word_1_567' title='bbox 1474 1239 1576 1263; x_wconf 89' lang='lat' dir='ltr'>sanctus</span> <span class='ocrx_word' id='word_1_568' title='bbox 1600 1239 1744 1263; x_wconf 86' lang='lat' dir='ltr'>Bernardus</span> <span class='ocrx_word' id='word_1_569' title='bbox 1758 1238 1787 1268; x_wconf 84' lang='lat'>¹⁴,</span> <span class='ocrx_word' id='word_1_570' title='bbox 1813 1239 1894 1269; x_wconf 89' lang='lat' dir='ltr'>prima</span> <span class='ocrx_word' id='word_1_571' title='bbox 1918 1238 1969 1267; x_wconf 88' lang='lat' dir='ltr'>die,</span> <span class='ocrx_word' id='word_1_572' title='bbox 1989 1244 2038 1268; x_wconf 86' lang='lat' dir='ltr'>qua</span> 
     </span>
     <span class='ocr_line' id='line_1_78' title="bbox 1189 1280 2038 1314; baseline -0.004 -7"><span class='ocrx_word' id='word_1_573' title='bbox 1189 1282 1330 1314; x_wconf 85' lang='lat' dir='ltr'>ingreditur</span> <span class='ocrx_word' id='word_1_574' title='bbox 1358 1282 1486 1311; x_wconf 83' lang='lat' dir='ltr'>habitare,</span> <span class='ocrx_word' id='word_1_575' title='bbox 1515 1282 1603 1313; x_wconf 89' lang='lat' dir='ltr'>incipit</span> <span class='ocrx_word' id='word_1_576' title='bbox 1621 1282 1689 1313; x_wconf 81' lang='lat' dir='ltr'>leges</span> <span class='ocrx_word' id='word_1_577' title='bbox 1716 1282 1814 1306; x_wconf 83' lang='lat' dir='ltr'>dare».</span> <span class='ocrx_word' id='word_1_578' title='bbox 1842 1280 1930 1306; x_wconf 88' lang='lat' dir='ltr'>Potest</span> <span class='ocrx_word' id='word_1_579' title='bbox 1954 1280 2038 1304; x_wconf 91' lang='lat' dir='ltr'>tamen</span> 
     </span>
     <span class='ocr_line' id='line_1_79' title="bbox 1190 1322 2038 1357; baseline -0.002 -7"><span class='ocrx_word' id='word_1_580' title='bbox 1190 1326 1288 1355; x_wconf 84' lang='lat' dir='ltr'>Frater,</span> <span class='ocrx_word' id='word_1_581' title='bbox 1309 1326 1329 1350; x_wconf 91' lang='lat' dir='ltr'>si</span> <span class='ocrx_word' id='word_1_582' title='bbox 1349 1333 1424 1357; x_wconf 90' lang='lat' dir='ltr'>super</span> <span class='ocrx_word' id='word_1_583' title='bbox 1443 1326 1525 1356; x_wconf 87' lang='lat' dir='ltr'>aliquo</span> <span class='ocrx_word' id='word_1_584' title='bbox 1545 1333 1600 1350; x_wconf 91' lang='lat' dir='ltr'>cum</span> <span class='ocrx_word' id='word_1_585' title='bbox 1619 1325 1741 1349; x_wconf 87' lang='lat' dir='ltr'>instantia</span> <span class='ocrx_word' id='word_1_586' title='bbox 1757 1324 1914 1356; x_wconf 87' lang='lat' dir='ltr'>requiratur,</span> <span class='ocrx_word' id='word_1_587' title='bbox 1934 1322 2038 1355; x_wconf 84' lang='lat' dir='ltr'>petenti-</span> 
     </span>
     <span class='ocr_line' id='line_1_80' title="bbox 1189 1367 2038 1400; baseline -0.002 -7"><span class='ocrx_word' id='word_1_588' title='bbox 1189 1369 1236 1393; x_wconf 89' lang='lat' dir='ltr'>bus</span> <span class='ocrx_word' id='word_1_589' title='bbox 1250 1376 1325 1400; x_wconf 87' lang='lat' dir='ltr'>super</span> <span class='ocrx_word' id='word_1_590' title='bbox 1338 1368 1494 1400; x_wconf 79' lang='lat' dir='ltr'>interrogata</span> <span class='ocrx_word' id='word_1_591' title='bbox 1506 1367 1526 1380; x_wconf 85' lang='lat'>¹⁵</span> <span class='ocrx_word' id='word_1_592' title='bbox 1545 1368 1673 1393; x_wconf 88' lang='lat' dir='ltr'>humiliter</span> <span class='ocrx_word' id='word_1_593' title='bbox 1693 1368 1840 1399; x_wconf 90' lang='lat' dir='ltr'>respondere</span> <span class='ocrx_word' id='word_1_594' title='bbox 1853 1367 1893 1392; x_wconf 94' lang='lat' dir='ltr'>vel</span> <span class='ocrx_word' id='word_1_595' title='bbox 1912 1367 2038 1391; x_wconf 87' lang='lat' dir='ltr'>insinuare</span> 
     </span>
     <span class='ocr_line' id='line_1_81' title="bbox 1190 1409 2039 1444; baseline -0.002 -8"><span class='ocrx_word' id='word_1_596' title='bbox 1190 1412 1255 1444; x_wconf 87' lang='lat' dir='ltr'>quod</span> <span class='ocrx_word' id='word_1_597' title='bbox 1274 1412 1365 1442; x_wconf 82' lang='lat' dir='ltr'>sentit;</span> <span class='ocrx_word' id='word_1_598' title='bbox 1394 1412 1430 1436; x_wconf 90' lang='lat' dir='ltr'>ita</span> <span class='ocrx_word' id='word_1_599' title='bbox 1449 1411 1546 1441; x_wconf 86' lang='lat' dir='ltr'>tamen,</span> <span class='ocrx_word' id='word_1_600' title='bbox 1572 1411 1602 1436; x_wconf 90' lang='lat' dir='ltr'>ut</span> <span class='ocrx_word' id='word_1_601' title='bbox 1629 1411 1716 1436; x_wconf 89' lang='lat' dir='ltr'>contra</span> <span class='ocrx_word' id='word_1_602' title='bbox 1735 1410 1882 1435; x_wconf 86' lang='lat' dir='ltr'>resistentes</span> <span class='ocrx_word' id='word_1_603' title='bbox 1910 1409 1975 1434; x_wconf 89' lang='lat' dir='ltr'>dicta</span> <span class='ocrx_word' id='word_1_604' title='bbox 1994 1417 2039 1434; x_wconf 85' lang='lat' dir='ltr'>sua</span> 
     </span>
     <span class='ocr_line' id='line_1_82' title="bbox 1191 1453 2038 1486; baseline -0.004 -6"><span class='ocrx_word' id='word_1_605' title='bbox 1191 1455 1352 1486; x_wconf 88' lang='lat' dir='ltr'>pertinaciter</span> <span class='ocrx_word' id='word_1_606' title='bbox 1371 1455 1441 1479; x_wconf 85' lang='lat' dir='ltr'>nulla</span> <span class='ocrx_word' id='word_1_607' title='bbox 1460 1455 1556 1480; x_wconf 89' lang='lat' dir='ltr'>ratione</span> <span class='ocrx_word' id='word_1_608' title='bbox 1569 1454 1693 1479; x_wconf 79' lang='lat' dir='ltr'>defendat.</span> <span class='ocrx_word' id='word_1_609' title='bbox 1713 1454 1759 1483; x_wconf 78' lang='lat' dir='ltr'>Qui</span> <span class='ocrx_word' id='word_1_610' title='bbox 1773 1453 1848 1478; x_wconf 86' lang='lat' dir='ltr'>etiam</span> <span class='ocrx_word' id='word_1_611' title='bbox 1866 1453 1909 1478; x_wconf 88' lang='lat' dir='ltr'>alii</span> <span class='ocrx_word' id='word_1_612' title='bbox 1932 1453 2038 1484; x_wconf 89' lang='lat' dir='ltr'>superio-</span> 
     </span>
     <span class='ocr_line' id='line_1_83' title="bbox 1190 1495 2039 1529; baseline -0.004 -6"><span class='ocrx_word' id='word_1_613' title='bbox 1190 1499 1225 1523; x_wconf 90' lang='lat' dir='ltr'>ris</span> <span class='ocrx_word' id='word_1_614' title='bbox 1244 1498 1390 1523; x_wconf 89' lang='lat' dir='ltr'>mandatum</span> <span class='ocrx_word' id='word_1_615' title='bbox 1410 1498 1522 1522; x_wconf 86' lang='lat' dir='ltr'>insinuat</span> <span class='ocrx_word' id='word_1_616' title='bbox 1549 1505 1624 1529; x_wconf 88' lang='lat' dir='ltr'>super</span> <span class='ocrx_word' id='word_1_617' title='bbox 1652 1498 1734 1528; x_wconf 85' lang='lat' dir='ltr'>aliquo</span> <span class='ocrx_word' id='word_1_618' title='bbox 1760 1497 1870 1522; x_wconf 86' lang='lat' dir='ltr'>faciendo</span> <span class='ocrx_word' id='word_1_619' title='bbox 1896 1495 2039 1521; x_wconf 87' lang='lat' dir='ltr'>mandantis</span> 
     </span>
     <span class='ocr_line' id='line_1_84' title="bbox 1190 1538 2039 1577; baseline -0.004 -11"><span class='ocrx_word' id='word_1_620' title='bbox 1190 1541 1366 1577; x_wconf 82' lang='lat' dir='ltr'>auctoritatem</span> <span class='ocrx_word' id='word_1_621' title='bbox 1385 1548 1441 1565; x_wconf 87' lang='lat' dir='ltr'>cum</span> <span class='ocrx_word' id='word_1_622' title='bbox 1459 1540 1601 1565; x_wconf 86' lang='lat' dir='ltr'>humilitate</span> <span class='ocrx_word' id='word_1_623' title='bbox 1618 1540 1755 1571; x_wconf 88' lang='lat' dir='ltr'>proponat,</span> <span class='ocrx_word' id='word_1_624' title='bbox 1775 1547 1806 1564; x_wconf 90' lang='lat' dir='ltr'>ne</span> <span class='ocrx_word' id='word_1_625' title='bbox 1825 1539 1890 1571; x_wconf 88' lang='lat' dir='ltr'>quod</span> <span class='ocrx_word' id='word_1_626' title='bbox 1908 1538 2039 1564; x_wconf 86' lang='lat' dir='ltr'>denuntiat</span> 
     </span>
     <span class='ocr_line' id='line_1_85' title="bbox 1190 1581 2039 1615; baseline -0.005 -6"><span class='ocrx_word' id='word_1_627' title='bbox 1190 1585 1243 1615; x_wconf 85' lang='lat' dir='ltr'>ipse</span> <span class='ocrx_word' id='word_1_628' title='bbox 1257 1585 1382 1615; x_wconf 88' lang='lat' dir='ltr'>imponere</span> <span class='ocrx_word' id='word_1_629' title='bbox 1401 1583 1524 1608; x_wconf 88' lang='lat' dir='ltr'>videatur.</span> <span class='ocrx_word' id='word_1_630' title='bbox 1538 1583 1563 1607; x_wconf 84' lang='lat' dir='ltr'>Si</span> <span class='ocrx_word' id='word_1_631' title='bbox 1582 1583 1710 1614; x_wconf 90' lang='lat' dir='ltr'>proprium</span> <span class='ocrx_word' id='word_1_632' title='bbox 1724 1582 1828 1614; x_wconf 80' lang='lat' dir='ltr'>cogatur</span> <span class='ocrx_word' id='word_1_633' title='bbox 1842 1581 2039 1607; x_wconf 84' lang='lat' dir='ltr'>recommendare</span> 
     </span>
     <span class='ocr_line' id='line_1_86' title="bbox 1191 1624 2039 1658; baseline -0.005 -6"><span class='ocrx_word' id='word_1_634' title='bbox 1191 1627 1312 1657; x_wconf 85' lang='lat' dir='ltr'>officium,</span> <span class='ocrx_word' id='word_1_635' title='bbox 1332 1634 1489 1658; x_wconf 87' lang='lat' dir='ltr'>nequaquam</span> <span class='ocrx_word' id='word_1_636' title='bbox 1502 1626 1634 1657; x_wconf 89' lang='lat' dir='ltr'>imperium</span> <span class='ocrx_word' id='word_1_637' title='bbox 1652 1625 1803 1657; x_wconf 88' lang='lat' dir='ltr'>imponentis</span> <span class='ocrx_word' id='word_1_638' title='bbox 1822 1624 1940 1656; x_wconf 83' lang='lat' dir='ltr'>usurpet,</span> <span class='ocrx_word' id='word_1_639' title='bbox 1960 1624 2002 1649; x_wconf 87' lang='lat' dir='ltr'>sed</span> <span class='ocrx_word' id='word_1_640' title='bbox 2014 1624 2039 1648; x_wconf 89' lang='lat' dir='ltr'>id</span> 
     </span>
     <span class='ocr_line' id='line_1_87' title="bbox 1191 1667 2040 1702; baseline -0.002 -7"><span class='ocrx_word' id='word_1_641' title='bbox 1191 1671 1303 1702; x_wconf 85' lang='lat' dir='ltr'>suppleri</span> <span class='ocrx_word' id='word_1_642' title='bbox 1322 1677 1337 1695; x_wconf 87' lang='lat' dir='ltr'>a</span> <span class='ocrx_word' id='word_1_643' title='bbox 1356 1671 1428 1695; x_wconf 87' lang='lat' dir='ltr'>sociis</span> <span class='ocrx_word' id='word_1_644' title='bbox 1447 1670 1616 1695; x_wconf 86' lang='lat' dir='ltr'>obsecratione</span> <span class='ocrx_word' id='word_1_645' title='bbox 1634 1669 1723 1694; x_wconf 90' lang='lat' dir='ltr'>humili</span> <span class='ocrx_word' id='word_1_646' title='bbox 1736 1668 1854 1694; x_wconf 90' lang='lat' dir='ltr'>obtineat.</span> <span class='ocrx_word' id='word_1_647' title='bbox 1875 1667 2040 1693; x_wconf 88' lang='lat' dir='ltr'>Praesumtio-</span> 
     </span>
     <span class='ocr_line' id='line_1_88' title="bbox 1190 1710 2040 1744; baseline -0.005 -6"><span class='ocrx_word' id='word_1_648' title='bbox 1190 1721 1247 1738; x_wconf 87' lang='lat' dir='ltr'>nem</span> <span class='ocrx_word' id='word_1_649' title='bbox 1266 1720 1324 1744; x_wconf 81' lang='lat' dir='ltr'>ergo</span> <span class='ocrx_word' id='word_1_650' title='bbox 1344 1712 1423 1737; x_wconf 86' lang='lat' dir='ltr'>evitat</span> <span class='ocrx_word' id='word_1_651' title='bbox 1448 1712 1557 1744; x_wconf 87' lang='lat' dir='ltr'>prudens</span> <span class='ocrx_word' id='word_1_652' title='bbox 1576 1712 1719 1742; x_wconf 75' lang='lat' dir='ltr'>humilitas3</span> <span class='ocrx_word' id='word_1_653' title='bbox 1744 1710 1882 1742; x_wconf 85' lang='lat' dir='ltr'>praesumit</span> <span class='ocrx_word' id='word_1_654' title='bbox 1903 1710 1987 1735; x_wconf 86' lang='lat' dir='ltr'>tamen</span> <span class='ocrx_word' id='word_1_655' title='bbox 2005 1710 2040 1734; x_wconf 85' lang='lat' dir='ltr'>iu-</span> 
     </span>
     <span class='ocr_line' id='line_1_89' title="bbox 1191 1754 1862 1786; baseline -0.003 -6"><span class='ocrx_word' id='word_1_656' title='bbox 1191 1756 1289 1781; x_wconf 89' lang='lat' dir='ltr'>terdum</span> <span class='ocrx_word' id='word_1_657' title='bbox 1308 1755 1436 1780; x_wconf 85' lang='lat' dir='ltr'>humiliter</span> <span class='ocrx_word' id='word_1_658' title='bbox 1455 1756 1579 1780; x_wconf 84' lang='lat' dir='ltr'>viscerosa</span> <span class='ocrx_word' id='word_1_659' title='bbox 1597 1755 1622 1780; x_wconf 87' lang='lat' dir='ltr'>et</span> <span class='ocrx_word' id='word_1_660' title='bbox 1641 1755 1744 1786; x_wconf 86' lang='lat' dir='ltr'>provida</span> <span class='ocrx_word' id='word_1_661' title='bbox 1762 1754 1862 1779; x_wconf 89' lang='lat' dir='ltr'>caritas.</span> 
     </span>
    </p>

    <p class='ocr_par' dir='ltr' id='par_1_14' title="bbox 1191 1796 2040 1959">
     <span class='ocr_line' id='line_1_90' title="bbox 1264 1796 2039 1830; baseline -0.004 -6"><span class='ocrx_word' id='word_1_662' title='bbox 1264 1799 1287 1824; x_wconf 81' lang='grc'>7.</span> <span class='ocrx_word' id='word_1_663' title='bbox 1307 1800 1338 1824; x_wconf 89' lang='lat' dir='ltr'>In</span> <span class='ocrx_word' id='word_1_664' title='bbox 1356 1800 1430 1824; x_wconf 75' lang='lat' dir='ltr'>modo</span> <span class='ocrx_word' id='word_1_665' title='bbox 1451 1798 1571 1830; x_wconf 64' lang='lat' dir='ltr'>loquendi</span> <span class='ocrx_word' id='word_1_666' title='bbox 1589 1798 1678 1823; x_wconf 86' lang='lat' dir='ltr'>vitium</span> <span class='ocrx_word' id='word_1_667' title='bbox 1698 1797 1890 1829; x_wconf 87' lang='lat' dir='ltr'>praesumtionis</span> <span class='ocrx_word' id='word_1_668' title='bbox 1910 1796 2039 1827; x_wconf 89' lang='lat' dir='ltr'>innuitur,</span> 
     </span>
     <span class='ocr_line' id='line_1_91' title="bbox 1192 1841 2040 1874; baseline -0.004 -7"><span class='ocrx_word' id='word_1_669' title='bbox 1192 1843 1213 1867; x_wconf 89' lang='lat' dir='ltr'>si</span> <span class='ocrx_word' id='word_1_670' title='bbox 1231 1843 1255 1867; x_wconf 90' lang='lat' dir='ltr'>id</span> <span class='ocrx_word' id='word_1_671' title='bbox 1274 1843 1338 1874; x_wconf 89' lang='lat' dir='ltr'>quod</span> <span class='ocrx_word' id='word_1_672' title='bbox 1357 1842 1461 1871; x_wconf 87' lang='lat' dir='ltr'>dicitur,</span> <span class='ocrx_word' id='word_1_673' title='bbox 1482 1841 1617 1871; x_wconf 83' lang='lat' dir='ltr'>iactanter,</span> <span class='ocrx_word' id='word_1_674' title='bbox 1641 1841 1792 1872; x_wconf 88' lang='lat' dir='ltr'>impetuose,</span> <span class='ocrx_word' id='word_1_675' title='bbox 1812 1841 1961 1870; x_wconf 85' lang='lat' dir='ltr'>clamorose,</span> <span class='ocrx_word' id='word_1_676' title='bbox 1985 1846 2040 1864; x_wconf 84' lang='lat' dir='ltr'>con-</span> 
     </span>
     <span class='ocr_line' id='line_1_92' title="bbox 1191 1882 2040 1916; baseline -0.005 -5"><span class='ocrx_word' id='word_1_677' title='bbox 1191 1886 1311 1915; x_wconf 86' lang='lat' dir='ltr'>tentiose,</span> <span class='ocrx_word' id='word_1_678' title='bbox 1331 1885 1484 1916; x_wconf 84' lang='lat' dir='ltr'>despective,</span> <span class='ocrx_word' id='word_1_679' title='bbox 1504 1885 1543 1909; x_wconf 92' lang='lat' dir='ltr'>vel</span> <span class='ocrx_word' id='word_1_680' title='bbox 1557 1885 1630 1909; x_wconf 90' lang='lat' dir='ltr'>nimis</span> <span class='ocrx_word' id='word_1_681' title='bbox 1649 1884 1728 1916; x_wconf 82' lang='lat' dir='ltr'>rigide</span> <span class='ocrx_word' id='word_1_682' title='bbox 1742 1883 1905 1915; x_wconf 88' lang='lat' dir='ltr'>proponatur.</span> <span class='ocrx_word' id='word_1_683' title='bbox 1925 1882 2040 1908; x_wconf 88' lang='lat' dir='ltr'>Suaviter</span> 
     </span>
     <span class='ocr_line' id='line_1_93' title="bbox 1191 1927 1678 1959; baseline -0.002 -6"><span class='ocrx_word' id='word_1_684' title='bbox 1191 1929 1256 1954; x_wconf 86' lang='lat' dir='ltr'>enim</span> <span class='ocrx_word' id='word_1_685' title='bbox 1275 1928 1300 1953; x_wconf 89' lang='lat' dir='ltr'>et</span> <span class='ocrx_word' id='word_1_686' title='bbox 1318 1928 1446 1953; x_wconf 90' lang='lat' dir='ltr'>humiliter</span> <span class='ocrx_word' id='word_1_687' title='bbox 1465 1928 1503 1952; x_wconf 89' lang='lat' dir='ltr'>est</span> <span class='ocrx_word' id='word_1_688' title='bbox 1521 1927 1678 1959; x_wconf 89' lang='lat' dir='ltr'>loquendum.</span> 
     </span>
    </p>

    <p class='ocr_par' dir='ltr' id='par_1_15' title="bbox 1191 1969 2043 2218">
     <span class='ocr_line' id='line_1_94' title="bbox 1262 1969 2042 2003; baseline -0.004 -7"><span class='ocrx_word' id='word_1_689' title='bbox 1262 1972 1360 1997; x_wconf 84' lang='lat' dir='ltr'>Rursus</span> <span class='ocrx_word' id='word_1_690' title='bbox 1379 1972 1421 2003; x_wconf 89' lang='lat' dir='ltr'>qui</span> <span class='ocrx_word' id='word_1_691' title='bbox 1440 1972 1550 2002; x_wconf 71' lang='lat' dir='ltr'>ternpore</span> <span class='ocrx_word' id='word_1_692' title='bbox 1569 1971 1608 1996; x_wconf 88' lang='lat' dir='ltr'>vel</span> <span class='ocrx_word' id='word_1_693' title='bbox 1628 1970 1682 1995; x_wconf 80' lang='lat' dir='ltr'>loco</span> <span class='ocrx_word' id='word_1_694' title='bbox 1697 1970 1802 2000; x_wconf 90' lang='lat' dir='ltr'>silentii,</span> <span class='ocrx_word' id='word_1_695' title='bbox 1823 1969 1868 1994; x_wconf 88' lang='lat' dir='ltr'>aut</span> <span class='ocrx_word' id='word_1_696' title='bbox 1885 1970 1911 1994; x_wconf 91' lang='lat' dir='ltr'>in</span> <span class='ocrx_word' id='word_1_697' title='bbox 1929 1969 2042 2000; x_wconf 72' lang='lat' dir='ltr'>superto-</span> 
     </span>
     <span class='ocr_line' id='line_1_95' title="bbox 1191 2010 2043 2046; baseline -0.005 -6"><span class='ocrx_word' id='word_1_698' title='bbox 1191 2023 1265 2046; x_wconf 78' lang='lat' dir='ltr'>rum,</span> <span class='ocrx_word' id='word_1_699' title='bbox 1285 2016 1422 2045; x_wconf 87' lang='lat' dir='ltr'>seniorum,</span> <span class='ocrx_word' id='word_1_700' title='bbox 1442 2015 1486 2039; x_wconf 84' lang='lat' dir='ltr'>aut</span> <span class='ocrx_word' id='word_1_701' title='bbox 1505 2014 1641 2040; x_wconf 89' lang='lat' dir='ltr'>conventus</span> <span class='ocrx_word' id='word_1_702' title='bbox 1655 2014 1807 2045; x_wconf 72' lang='lat' dir='ltr'>praesentia</span> <span class='ocrx_word' id='word_1_703' title='bbox 1834 2020 1884 2038; x_wconf 91' lang='lat' dir='ltr'>non</span> <span class='ocrx_word' id='word_1_704' title='bbox 1903 2010 2043 2043; x_wconf 89' lang='lat' dir='ltr'>comprimit</span> 
     </span>
     <span class='ocr_line' id='line_1_96' title="bbox 1191 2054 2042 2089; baseline -0.004 -7"><span class='ocrx_word' id='word_1_705' title='bbox 1191 2058 1305 2089; x_wconf 84' lang='lat' dir='ltr'>linguam</span> <span class='ocrx_word' id='word_1_706' title='bbox 1324 2065 1395 2082; x_wconf 87' lang='lat' dir='ltr'>suam</span> <span class='ocrx_word' id='word_1_707' title='bbox 1420 2057 1626 2088; x_wconf 86' lang='lat' dir='ltr'>praesumtuosus</span> <span class='ocrx_word' id='word_1_708' title='bbox 1655 2056 1680 2081; x_wconf 84' lang='lat' dir='ltr'>et</span> <span class='ocrx_word' id='word_1_709' title='bbox 1701 2056 1871 2087; x_wconf 87' lang='lat' dir='ltr'>intemperans</span> <span class='ocrx_word' id='word_1_710' title='bbox 1893 2054 1980 2080; x_wconf 87' lang='lat' dir='ltr'>merito</span> <span class='ocrx_word' id='word_1_711' title='bbox 2007 2055 2042 2079; x_wconf 85' lang='lat' dir='ltr'>iu-</span> 
     </span>
     <span class='ocr_line' id='line_1_97' title="bbox 1192 2097 2043 2132; baseline -0.005 -6"><span class='ocrx_word' id='word_1_712' title='bbox 1192 2102 1297 2126; x_wconf 87' lang='lat' dir='ltr'>dicatur.</span> <span class='ocrx_word' id='word_1_713' title='bbox 1311 2101 1399 2132; x_wconf 72' lang='lat' dir='ltr'>Loqui</span> <span class='ocrx_word' id='word_1_714' title='bbox 1417 2101 1446 2125; x_wconf 75' lang='lat' dir='ltr'>in</span> <span class='ocrx_word' id='word_1_715' title='bbox 1464 2100 1545 2125; x_wconf 65' lang='lat' dir='ltr'>medio</span> <span class='ocrx_word' id='word_1_716' title='bbox 1558 2101 1740 2131; x_wconf 70' lang='lat' dir='ltr'>maynatornnz</span> <span class='ocrx_word' id='word_1_717' title='bbox 1758 2107 1811 2124; x_wconf 85' lang='lat' dir='ltr'>non</span> <span class='ocrx_word' id='word_1_718' title='bbox 1822 2105 1988 2130; x_wconf 71' lang='lat' dir='ltr'>praeswmas,</span> <span class='ocrx_word' id='word_1_719' title='bbox 2007 2097 2043 2122; x_wconf 88' lang='lat' dir='ltr'>ait</span> 
     </span>
     <span class='ocr_line' id='line_1_98' title="bbox 1193 2141 2043 2175; baseline -0.005 -6"><span class='ocrx_word' id='word_1_720' title='bbox 1193 2145 1296 2175; x_wconf 85' lang='lat' dir='ltr'>Sapiens</span> <span class='ocrx_word' id='word_1_721' title='bbox 1308 2143 1342 2173; x_wconf 74' lang='lat'>¹¹³3</span> <span class='ocrx_word' id='word_1_722' title='bbox 1363 2144 1388 2168; x_wconf 89' lang='lat' dir='ltr'>et</span> <span class='ocrx_word' id='word_1_723' title='bbox 1407 2143 1512 2168; x_wconf 90' lang='lat' dir='ltr'>iterum:</span> <span class='ocrx_word' id='word_1_724' title='bbox 1527 2143 1563 2168; x_wconf 81' lang='lat' dir='ltr'>In</span> <span class='ocrx_word' id='word_1_725' title='bbox 1574 2143 1656 2167; x_wconf 73' lang='lat' dir='ltr'>medio</span> <span class='ocrx_word' id='word_1_726' title='bbox 1674 2143 1805 2167; x_wconf 76' lang='lat' dir='ltr'>seniorum</span> <span class='ocrx_word' id='word_1_727' title='bbox 1817 2149 1870 2166; x_wconf 83' lang='lat' dir='ltr'>non</span> <span class='ocrx_word' id='word_1_728' title='bbox 1883 2141 1992 2166; x_wconf 62' lang='lat' dir='ltr'>adiicias</span> <span class='ocrx_word' id='word_1_729' title='bbox 2006 2141 2043 2165; x_wconf 78' lang='lat' dir='ltr'>lo-</span> 
     </span>
     <span class='ocr_line' id='line_1_99' title="bbox 1192 2183 2043 2218; baseline -0.004 -6"><span class='ocrx_word' id='word_1_730' title='bbox 1192 2188 1246 2218; x_wconf 75' lang='lat' dir='ltr'>qui.</span> <span class='ocrx_word' id='word_1_731' title='bbox 1266 2187 1318 2212; x_wconf 86' lang='lat' dir='ltr'>Hoc</span> <span class='ocrx_word' id='word_1_732' title='bbox 1346 2187 1477 2218; x_wconf 86' lang='lat' dir='ltr'>praecipue</span> <span class='ocrx_word' id='word_1_733' title='bbox 1504 2186 1711 2217; x_wconf 87' lang='lat' dir='ltr'>intemperantiae</span> <span class='ocrx_word' id='word_1_734' title='bbox 1736 2185 1761 2210; x_wconf 88' lang='lat' dir='ltr'>et</span> <span class='ocrx_word' id='word_1_735' title='bbox 1789 2184 1981 2216; x_wconf 85' lang='lat' dir='ltr'>praesumtionis</span> <span class='ocrx_word' id='word_1_736' title='bbox 2005 2183 2043 2209; x_wconf 88' lang='lat' dir='ltr'>est</span> 
     </span>
    </p>
   </div>
   <div class='ocr_carea' id='block_1_11' title="bbox 912 2269 1429 2274">
    <p class='ocr_par' dir='ltr' id='par_1_16' title="bbox 912 2269 1429 2274">
     <span class='ocr_line' id='line_1_100' title="bbox 912 2269 1429 2274; baseline 0 0"><span class='ocrx_word' id='word_1_737' title='bbox 912 2269 1429 2274; x_wconf 95' lang='lat' dir='ltr'> </span> 
     </span>
    </p>
   </div>
   <div class='ocr_carea' id='block_1_12' title="bbox 290 2324 1141 2510">
    <p class='ocr_par' dir='ltr' id='par_1_17' title="bbox 352 2324 867 2351">
     <span class='ocr_line' id='line_1_101' title="bbox 352 2324 867 2351; baseline 0 -5"><span class='ocrx_word' id='word_1_738' title='bbox 352 2324 359 2336; x_wconf 91' lang='lat'>¹</span> <span class='ocrx_word' id='word_1_739' title='bbox 378 2325 408 2346; x_wconf 78' lang='lat' dir='ltr'>lla</span> <span class='ocrx_word' id='word_1_740' title='bbox 427 2325 446 2346; x_wconf 91' lang='lat' dir='ltr'>D</span> <span class='ocrx_word' id='word_1_741' title='bbox 463 2327 485 2346; x_wconf 90' lang='lat' dir='ltr'>et</span> <span class='ocrx_word' id='word_1_742' title='bbox 502 2325 539 2346; x_wconf 87' lang='lat' dir='ltr'>ed.</span> <span class='ocrx_word' id='word_1_743' title='bbox 557 2326 578 2351; x_wconf 81' lang='grc'>2,</span> <span class='ocrx_word' id='word_1_744' title='bbox 595 2325 650 2346; x_wconf 83' lang='lat' dir='ltr'>alias</span> <span class='ocrx_word' id='word_1_745' title='bbox 668 2328 754 2347; x_wconf 76' lang='lat' dir='ltr'>tautum</span> <span class='ocrx_word' id='word_1_746' title='bbox 772 2324 867 2347; x_wconf 75' lang='lat' dir='ltr'>maiori.</span> 
     </span>
    </p>

    <p class='ocr_par' dir='ltr' id='par_1_18' title="bbox 290 2354 1138 2416">
     <span class='ocr_line' id='line_1_102' title="bbox 352 2354 1138 2385; baseline 0.001 -8"><span class='ocrx_word' id='word_1_747' title='bbox 352 2354 361 2367; x_wconf 74' lang='lat'>2</span> <span class='ocrx_word' id='word_1_748' title='bbox 379 2356 426 2378; x_wconf 60' lang='lat' dir='ltr'>(lod</span> <span class='ocrx_word' id='word_1_749' title='bbox 440 2356 458 2377; x_wconf 84' lang='grc' dir='ltr'>Α</span> <span class='ocrx_word' id='word_1_750' title='bbox 471 2359 493 2377; x_wconf 84' lang='lat' dir='ltr'>et</span> <span class='ocrx_word' id='word_1_751' title='bbox 509 2356 545 2378; x_wconf 86' lang='lat' dir='ltr'>ed.</span> <span class='ocrx_word' id='word_1_752' title='bbox 563 2357 575 2378; x_wconf 99' lang='grc'>2</span> <span class='ocrx_word' id='word_1_753' title='bbox 594 2356 720 2378; x_wconf 68' lang='lat' dir='ltr'>consueuit.</span> <span class='ocrx_word' id='word_1_754' title='bbox 739 2356 833 2378; x_wconf 81' lang='lat' dir='ltr'>Inferius</span> <span class='ocrx_word' id='word_1_755' title='bbox 851 2362 892 2383; x_wconf 78' lang='lat' dir='ltr'>pro</span> <span class='ocrx_word' id='word_1_756' title='bbox 910 2356 979 2385; x_wconf 77' lang='lat' dir='ltr'>suello</span> <span class='ocrx_word' id='word_1_757' title='bbox 996 2356 1013 2378; x_wconf 83' lang='lat' dir='ltr'>A</span> <span class='ocrx_word' id='word_1_758' title='bbox 1032 2359 1053 2378; x_wconf 82' lang='lat' dir='ltr'>et</span> <span class='ocrx_word' id='word_1_759' title='bbox 1070 2357 1107 2379; x_wconf 85' lang='lat' dir='ltr'>ed.</span> <span class='ocrx_word' id='word_1_760' title='bbox 1125 2357 1138 2378; x_wconf 91' lang='grc'>2</span> 
     </span>
     <span class='ocr_line' id='line_1_103' title="bbox 290 2386 399 2416; baseline -0.018 -6"><span class='ocrx_word' id='word_1_761' title='bbox 290 2386 399 2416; x_wconf 68' lang='lat' dir='ltr'>faciliter.</span> 
     </span>
    </p>

    <p class='ocr_par' dir='ltr' id='par_1_19' title="bbox 291 2417 1141 2510">
     <span class='ocr_line' id='line_1_104' title="bbox 353 2417 1141 2446; baseline 0.003 -7"><span class='ocrx_word' id='word_1_762' title='bbox 353 2417 362 2430; x_wconf 73' lang='lat'>⁸</span> <span class='ocrx_word' id='word_1_763' title='bbox 381 2419 413 2440; x_wconf 78' lang='lat' dir='ltr'>Du</span> <span class='ocrx_word' id='word_1_764' title='bbox 432 2418 523 2445; x_wconf 68' lang='lat' dir='ltr'>Gange,</span> <span class='ocrx_word' id='word_1_765' title='bbox 546 2418 687 2440; x_wconf 77' lang='lat' dir='ltr'>Glossarium</span> <span class='ocrx_word' id='word_1_766' title='bbox 710 2421 766 2440; x_wconf 89' lang='lat' dir='ltr'>etc.:</span> <span class='ocrx_word' id='word_1_767' title='bbox 788 2418 892 2446; x_wconf 74' lang='lat' dir='ltr'>Forma,</span> <span class='ocrx_word' id='word_1_768' title='bbox 916 2419 981 2446; x_wconf 83' lang='lat' dir='ltr'>sella,</span> <span class='ocrx_word' id='word_1_769' title='bbox 1004 2419 1087 2441; x_wconf 84' lang='lat' dir='ltr'>solium</span> <span class='ocrx_word' id='word_1_770' title='bbox 1106 2425 1141 2441; x_wconf 81' lang='lat' dir='ltr'>ca-</span> 
     </span>
     <span class='ocr_line' id='line_1_105' title="bbox 291 2449 1141 2478; baseline 0 -6"><span class='ocrx_word' id='word_1_771' title='bbox 291 2450 393 2472; x_wconf 85' lang='lat' dir='ltr'>nentium</span> <span class='ocrx_word' id='word_1_772' title='bbox 413 2450 435 2471; x_wconf 91' lang='lat' dir='ltr'>in</span> <span class='ocrx_word' id='word_1_773' title='bbox 453 2451 524 2471; x_wconf 83' lang='lat' dir='ltr'>choro</span> <span class='ocrx_word' id='word_1_774' title='bbox 541 2453 584 2472; x_wconf 83' lang='lat' dir='ltr'>etc.</span> <span class='ocrx_word' id='word_1_775' title='bbox 600 2462 631 2466; x_wconf 84' lang='lat'>—·</span> <span class='ocrx_word' id='word_1_776' title='bbox 648 2450 742 2471; x_wconf 76' lang='lat' dir='ltr'>Inferius</span> <span class='ocrx_word' id='word_1_777' title='bbox 759 2455 801 2477; x_wconf 85' lang='lat' dir='ltr'>pro</span> <span class='ocrx_word' id='word_1_778' title='bbox 819 2449 888 2472; x_wconf 71' lang='lat' dir='ltr'>aliter</span> <span class='ocrx_word' id='word_1_779' title='bbox 901 2450 938 2472; x_wconf 86' lang='lat' dir='ltr'>ed.</span> <span class='ocrx_word' id='word_1_780' title='bbox 956 2451 968 2472; x_wconf 80' lang='lat'><strong>2</strong></span> <span class='ocrx_word' id='word_1_781' title='bbox 986 2449 1071 2478; x_wconf 76' lang='lat' dir='ltr'>czliucl,·</span> <span class='ocrx_word' id='word_1_782' title='bbox 1089 2450 1141 2472; x_wconf 87' lang='lat' dir='ltr'>sub-</span> 
     </span>
     <span class='ocr_line' id='line_1_106' title="bbox 291 2480 1141 2510; baseline 0 -7"><span class='ocrx_word' id='word_1_783' title='bbox 291 2481 345 2503; x_wconf 77' lang='lat' dir='ltr'>inde</span> <span class='ocrx_word' id='word_1_784' title='bbox 362 2484 414 2508; x_wconf 80' lang='lat' dir='ltr'>post</span> <span class='ocrx_word' id='word_1_785' title='bbox 429 2481 508 2510; x_wconf 64' lang='lat' dir='ltr'>locere</span> <span class='ocrx_word' id='word_1_786' title='bbox 525 2481 541 2503; x_wconf 93' lang='lat' dir='ltr'>C</span> <span class='ocrx_word' id='word_1_787' title='bbox 553 2482 569 2502; x_wconf 89' lang='grc' dir='ltr'>Ι)</span> <span class='ocrx_word' id='word_1_788' title='bbox 592 2483 613 2503; x_wconf 85' lang='lat' dir='ltr'>et</span> <span class='ocrx_word' id='word_1_789' title='bbox 630 2481 666 2503; x_wconf 82' lang='lat' dir='ltr'>ecl.</span> <span class='ocrx_word' id='word_1_790' title='bbox 685 2482 697 2503; x_wconf 81' lang='grc'>2</span> <span class='ocrx_word' id='word_1_791' title='bbox 716 2484 902 2509; x_wconf 76' lang='lat' dir='ltr'>prosequuntur:</span> <span class='ocrx_word' id='word_1_792' title='bbox 924 2480 955 2503; x_wconf 79' lang='lat' dir='ltr'>acl</span> <span class='ocrx_word' id='word_1_793' title='bbox 977 2487 1015 2504; x_wconf 71' lang='lat' dir='ltr'>eos</span> <span class='ocrx_word' id='word_1_794' title='bbox 1037 2487 1141 2510; x_wconf 78' lang='lat' dir='ltr'>quornm</span> 
     </span>
    </p>
   </div>
   <div class='ocr_carea' id='block_1_13' title="bbox 277 2511 1139 2541">
    <p class='ocr_par' dir='ltr' id='par_1_20' title="bbox 277 2511 1139 2541">
     <span class='ocr_line' id='line_1_107' title="bbox 277 2511 1139 2541; baseline 0 -6"><span class='ocrx_word' id='word_1_795' title='bbox 277 2514 326 2535; x_wconf 64' lang='lat' dir='ltr'>est</span> <span class='ocrx_word' id='word_1_796' title='bbox 340 2518 413 2541; x_wconf 73' lang='lat' dir='ltr'>super</span> <span class='ocrx_word' id='word_1_797' title='bbox 430 2511 554 2541; x_wconf 69' lang='lat' dir='ltr'>defectibus</span> <span class='ocrx_word' id='word_1_798' title='bbox 572 2512 639 2534; x_wconf 58' lang='lat' dir='ltr'>elz-01¹2*</span> <span class='ocrx_word' id='word_1_799' title='bbox 649 2511 685 2535; x_wconf 56' lang='lat' dir='ltr'>&#39;uel</span> <span class='ocrx_word' id='word_1_800' title='bbox 701 2518 795 2535; x_wconf 76' lang='lat' dir='ltr'>mensae</span> <span class='ocrx_word' id='word_1_801' title='bbox 817 2511 948 2540; x_wconf 66' lang='lat' dir='ltr'>intendere,</span> <span class='ocrx_word' id='word_1_802' title='bbox 964 2512 1066 2541; x_wconf 71' lang='lat' dir='ltr'>pertinet</span> <span class='ocrx_word' id='word_1_803' title='bbox 1079 2513 1139 2541; x_wconf 88' lang='lat' dir='ltr'>(con-</span> 
     </span>
    </p>
   </div>
   <div class='ocr_carea' id='block_1_14' title="bbox 291 2544 1142 2947">
    <p class='ocr_par' dir='ltr' id='par_1_21' title="bbox 292 2544 537 2572">
     <span class='ocr_line' id='line_1_108' title="bbox 292 2544 537 2572; baseline -0.004 -6"><span class='ocrx_word' id='word_1_804' title='bbox 292 2544 358 2566; x_wconf 79' lang='lat' dir='ltr'>sentit</span> <span class='ocrx_word' id='word_1_805' title='bbox 376 2550 401 2566; x_wconf 81' lang='lat' dir='ltr'>ex</span> <span class='ocrx_word' id='word_1_806' title='bbox 421 2546 485 2571; x_wconf 76' lang='lat' dir='ltr'>parte</span> <span class='ocrx_word' id='word_1_807' title='bbox 502 2544 537 2572; x_wconf 85' lang='lat' dir='ltr'>E).</span> 
     </span>
    </p>

    <p class='ocr_par' dir='ltr' id='par_1_22' title="bbox 293 2574 1141 2629">
     <span class='ocr_line' id='line_1_109' title="bbox 357 2574 1141 2604; baseline 0.001 -8"><span class='ocrx_word' id='word_1_808' title='bbox 357 2575 364 2587; x_wconf 77' lang='lat'><strong>⁴</strong></span> <span class='ocrx_word' id='word_1_809' title='bbox 382 2574 454 2597; x_wconf 76' lang='lat' dir='ltr'>Codd.</span> <span class='ocrx_word' id='word_1_810' title='bbox 473 2574 516 2596; x_wconf 72' lang='lat' dir='ltr'>CD</span> <span class='ocrx_word' id='word_1_811' title='bbox 534 2577 556 2596; x_wconf 85' lang='lat' dir='ltr'>ct</span> <span class='ocrx_word' id='word_1_812' title='bbox 573 2575 626 2597; x_wconf 85' lang='lat' dir='ltr'>edd.</span> <span class='ocrx_word' id='word_1_813' title='bbox 647 2576 665 2601; x_wconf 73' lang='lat' dir='ltr'>l,</span> <span class='ocrx_word' id='word_1_814' title='bbox 684 2576 696 2596; x_wconf 78' lang='lat'>‘2</span> <span class='ocrx_word' id='word_1_815' title='bbox 715 2576 806 2602; x_wconf 78' lang='lat' dir='ltr'>tamen,</span> <span class='ocrx_word' id='word_1_816' title='bbox 825 2574 924 2597; x_wconf 85' lang='lat' dir='ltr'>subinde</span> <span class='ocrx_word' id='word_1_817' title='bbox 946 2581 988 2602; x_wconf 84' lang='lat' dir='ltr'>pro</span> <span class='ocrx_word' id='word_1_818' title='bbox 1011 2574 1141 2604; x_wconf 77' lang='lat' dir='ltr'>superiori-</span> 
     </span>
     <span class='ocr_line' id='line_1_110' title="bbox 293 2605 712 2629; baseline -0.002 0"><span class='ocrx_word' id='word_1_819' title='bbox 293 2606 334 2629; x_wconf 82' lang='lat' dir='ltr'>bus</span> <span class='ocrx_word' id='word_1_820' title='bbox 352 2606 389 2628; x_wconf 89' lang='lat' dir='ltr'>ed.</span> <span class='ocrx_word' id='word_1_821' title='bbox 407 2607 419 2627; x_wconf 78' lang='lat'>2</span> <span class='ocrx_word' id='word_1_822' title='bbox 438 2606 555 2628; x_wconf 76' lang='lat' dir='ltr'>substituit</span> <span class='ocrx_word' id='word_1_823' title='bbox 572 2605 712 2628; x_wconf 68' lang='lat' dir='ltr'>senioribus.</span> 
     </span>
    </p>

    <p class='ocr_par' dir='ltr' id='par_1_23' title="bbox 291 2636 1142 2853">
     <span class='ocr_line' id='line_1_111' title="bbox 356 2636 1141 2666; baseline 0 -7"><span class='ocrx_word' id='word_1_824' title='bbox 356 2637 364 2649; x_wconf 78' lang='lat'>⁵</span> <span class='ocrx_word' id='word_1_825' title='bbox 381 2638 436 2659; x_wconf 88' lang='lat' dir='ltr'>Luc.</span> <span class='ocrx_word' id='word_1_826' title='bbox 456 2637 496 2664; x_wconf 49' lang='lat' dir='ltr'>fist,</span> <span class='ocrx_word' id='word_1_827' title='bbox 515 2638 557 2659; x_wconf 67' lang='lat'>:102</span> <span class='ocrx_word' id='word_1_828' title='bbox 575 2636 693 2659; x_wconf 82' lang='lat' dir='ltr'>Recumbe</span> <span class='ocrx_word' id='word_1_829' title='bbox 711 2637 732 2659; x_wconf 90' lang='lat' dir='ltr'>in</span> <span class='ocrx_word' id='word_1_830' title='bbox 745 2637 872 2659; x_wconf 80' lang='lat' dir='ltr'>novissimo</span> <span class='ocrx_word' id='word_1_831' title='bbox 890 2638 947 2659; x_wconf 79' lang='lat' dir='ltr'>Ioco.</span> <span class='ocrx_word' id='word_1_832' title='bbox 965 2649 995 2653; x_wconf 93' lang='lat'>—</span> <span class='ocrx_word' id='word_1_833' title='bbox 1013 2638 1065 2666; x_wconf 79' lang='lat' dir='ltr'>Seq.</span> <span class='ocrx_word' id='word_1_834' title='bbox 1087 2644 1141 2665; x_wconf 80' lang='lat' dir='ltr'>pro-</span> 
     </span>
     <span class='ocr_line' id='line_1_112' title="bbox 293 2668 1140 2698; baseline 0.002 -8"><span class='ocrx_word' id='word_1_835' title='bbox 293 2669 430 2696; x_wconf 78' lang='lat' dir='ltr'>positionem</span> <span class='ocrx_word' id='word_1_836' title='bbox 448 2668 518 2691; x_wconf 84' lang='lat' dir='ltr'>codd.</span> <span class='ocrx_word' id='word_1_837' title='bbox 541 2671 563 2690; x_wconf 84' lang='lat' dir='ltr'>et</span> <span class='ocrx_word' id='word_1_838' title='bbox 579 2669 633 2691; x_wconf 83' lang='lat' dir='ltr'>edd.</span> <span class='ocrx_word' id='word_1_839' title='bbox 658 2669 681 2695; x_wconf 80' lang='lat' dir='ltr'>i,</span> <span class='ocrx_word' id='word_1_840' title='bbox 699 2670 711 2690; x_wconf 90' lang='grc'>2</span> <span class='ocrx_word' id='word_1_841' title='bbox 735 2668 764 2690; x_wconf 84' lang='lat' dir='ltr'>ita</span> <span class='ocrx_word' id='word_1_842' title='bbox 782 2669 906 2696; x_wconf 83' lang='lat' dir='ltr'>incipiunt:</span> <span class='ocrx_word' id='word_1_843' title='bbox 930 2669 1096 2696; x_wconf 77' lang='lat' dir='ltr'>Superstitione</span> <span class='ocrx_word' id='word_1_844' title='bbox 1114 2669 1140 2698; x_wconf 88' lang='lat' dir='ltr'>[C</span> 
     </span>
     <span class='ocr_line' id='line_1_113' title="bbox 294 2699 1140 2729; baseline 0.001 -8"><span class='ocrx_word' id='word_1_845' title='bbox 294 2701 336 2721; x_wconf 82' lang='lat' dir='ltr'>DE</span> <span class='ocrx_word' id='word_1_846' title='bbox 354 2703 374 2722; x_wconf 85' lang='lat' dir='ltr'>et</span> <span class='ocrx_word' id='word_1_847' title='bbox 395 2700 432 2722; x_wconf 78' lang='lat' dir='ltr'>erl.</span> <span class='ocrx_word' id='word_1_848' title='bbox 451 2700 458 2721; x_wconf 78' lang='grc'><strong>1</strong></span> <span class='ocrx_word' id='word_1_849' title='bbox 484 2699 655 2729; x_wconf 67' lang='lat' dir='ltr'>superstitiose]</span> <span class='ocrx_word' id='word_1_850' title='bbox 677 2700 712 2722; x_wconf 80' lang='lat' dir='ltr'>liis</span> <span class='ocrx_word' id='word_1_851' title='bbox 728 2701 805 2727; x_wconf 78' lang='lat' dir='ltr'>salva,</span> <span class='ocrx_word' id='word_1_852' title='bbox 823 2706 882 2728; x_wconf 75' lang='lat' dir='ltr'>quae</span> <span class='ocrx_word' id='word_1_853' title='bbox 903 2699 960 2729; x_wconf 92' lang='lat' dir='ltr'>[CD</span> <span class='ocrx_word' id='word_1_854' title='bbox 972 2701 988 2721; x_wconf 87' lang='lat' dir='ltr'>E</span> <span class='ocrx_word' id='word_1_855' title='bbox 1005 2703 1027 2722; x_wconf 89' lang='lat' dir='ltr'>et</span> <span class='ocrx_word' id='word_1_856' title='bbox 1047 2700 1099 2722; x_wconf 85' lang='lat' dir='ltr'>edd.</span> <span class='ocrx_word' id='word_1_857' title='bbox 1121 2701 1140 2727; x_wconf 81' lang='lat' dir='ltr'>l,</span> 
     </span>
     <span class='ocr_line' id='line_1_114' title="bbox 294 2731 1142 2760; baseline 0 -7"><span class='ocrx_word' id='word_1_858' title='bbox 294 2732 306 2753; x_wconf 86' lang='grc'>2</span> <span class='ocrx_word' id='word_1_859' title='bbox 330 2731 381 2760; x_wconf 88' lang='lat' dir='ltr'>qui]</span> <span class='ocrx_word' id='word_1_860' title='bbox 404 2731 470 2759; x_wconf 75' lang='lat' dir='ltr'>quasi</span> <span class='ocrx_word' id='word_1_861' title='bbox 488 2737 530 2759; x_wconf 80' lang='lat' dir='ltr'>pro</span> <span class='ocrx_word' id='word_1_862' title='bbox 547 2731 719 2753; x_wconf 72' lang='lat' dir='ltr'>communitatis</span> <span class='ocrx_word' id='word_1_863' title='bbox 736 2732 783 2753; x_wconf 86' lang='lat' dir='ltr'>zelo</span> <span class='ocrx_word' id='word_1_864' title='bbox 806 2732 867 2753; x_wconf 81' lang='lat' dir='ltr'>aliud</span> <span class='ocrx_word' id='word_1_865' title='bbox 894 2731 1061 2759; x_wconf 77' lang='lat' dir='ltr'>dogmatizant,</span> <span class='ocrx_word' id='word_1_866' title='bbox 1087 2738 1142 2753; x_wconf 88' lang='lat' dir='ltr'>nun-</span> 
     </span>
     <span class='ocr_line' id='line_1_115' title="bbox 293 2762 1141 2790; baseline 0.001 -6"><span class='ocrx_word' id='word_1_867' title='bbox 293 2768 363 2790; x_wconf 81' lang='lat' dir='ltr'>quam</span> <span class='ocrx_word' id='word_1_868' title='bbox 382 2763 403 2784; x_wconf 87' lang='lat' dir='ltr'>in</span> <span class='ocrx_word' id='word_1_869' title='bbox 421 2764 491 2784; x_wconf 78' lang='lat' dir='ltr'>choro</span> <span class='ocrx_word' id='word_1_870' title='bbox 509 2766 552 2784; x_wconf 86' lang='lat' dir='ltr'>etc.</span> <span class='ocrx_word' id='word_1_871' title='bbox 570 2763 701 2785; x_wconf 66' lang='lat' dir='ltr'>Set-undum</span> <span class='ocrx_word' id='word_1_872' title='bbox 722 2763 755 2784; x_wconf 87' lang='lat' dir='ltr'>Du</span> <span class='ocrx_word' id='word_1_873' title='bbox 773 2762 861 2790; x_wconf 80' lang='lat' dir='ltr'>Gange,</span> <span class='ocrx_word' id='word_1_874' title='bbox 874 2762 1015 2785; x_wconf 82' lang='lat' dir='ltr'>Glossarium</span> <span class='ocrx_word' id='word_1_875' title='bbox 1028 2765 1083 2785; x_wconf 82' lang='lat' dir='ltr'>etc.:</span> <span class='ocrx_word' id='word_1_876' title='bbox 1095 2762 1141 2785; x_wconf 79' lang='lat' dir='ltr'>Su-</span> 
     </span>
     <span class='ocr_line' id='line_1_116' title="bbox 291 2793 1141 2822; baseline 0.001 -7"><span class='ocrx_word' id='word_1_877' title='bbox 291 2793 441 2822; x_wconf 69' lang='lat' dir='ltr'>perstitiosus</span> <span class='ocrx_word' id='word_1_878' title='bbox 459 2794 557 2816; x_wconf 81' lang='lat' dir='ltr'>sumitur</span> <span class='ocrx_word' id='word_1_879' title='bbox 574 2795 641 2816; x_wconf 80' lang='lat' dir='ltr'>etiarn</span> <span class='ocrx_word' id='word_1_880' title='bbox 660 2800 702 2821; x_wconf 84' lang='lat' dir='ltr'>pro</span> <span class='ocrx_word' id='word_1_881' title='bbox 720 2793 870 2820; x_wconf 84' lang='lat' dir='ltr'>ambitiosus,</span> <span class='ocrx_word' id='word_1_882' title='bbox 893 2794 1094 2816; x_wconf 78' lang='lat' dir='ltr'>extraordinarius.</span> <span class='ocrx_word' id='word_1_883' title='bbox 1111 2794 1141 2816; x_wconf 89' lang='lat' dir='ltr'>ln-</span> 
     </span>
     <span class='ocr_line' id='line_1_117' title="bbox 296 2824 1133 2853; baseline 0 -7"><span class='ocrx_word' id='word_1_884' title='bbox 296 2825 364 2846; x_wconf 82' lang='lat' dir='ltr'>serius</span> <span class='ocrx_word' id='word_1_885' title='bbox 383 2831 423 2852; x_wconf 78' lang='lat' dir='ltr'>pro</span> <span class='ocrx_word' id='word_1_886' title='bbox 440 2824 481 2847; x_wconf 79' lang='lat' dir='ltr'>sed</span> <span class='ocrx_word' id='word_1_887' title='bbox 497 2831 525 2847; x_wconf 76' lang='lat' dir='ltr'>ea</span> <span class='ocrx_word' id='word_1_888' title='bbox 543 2825 587 2851; x_wconf 85' lang='lat' dir='ltr'>(ita</span> <span class='ocrx_word' id='word_1_889' title='bbox 605 2825 621 2847; x_wconf 90' lang='lat' dir='ltr'>C</span> <span class='ocrx_word' id='word_1_890' title='bbox 633 2826 647 2847; x_wconf 88' lang='lat' dir='ltr'>E</span> <span class='ocrx_word' id='word_1_891' title='bbox 665 2829 686 2847; x_wconf 88' lang='lat' dir='ltr'>et</span> <span class='ocrx_word' id='word_1_892' title='bbox 704 2825 741 2847; x_wconf 84' lang='lat' dir='ltr'>ed.</span> <span class='ocrx_word' id='word_1_893' title='bbox 759 2826 781 2853; x_wconf 80' lang='lat'>2)</span> <span class='ocrx_word' id='word_1_894' title='bbox 800 2825 851 2847; x_wconf 74' lang='lat' dir='ltr'>Vat.</span> <span class='ocrx_word' id='word_1_895' title='bbox 869 2827 891 2847; x_wconf 87' lang='lat' dir='ltr'>et</span> <span class='ocrx_word' id='word_1_896' title='bbox 908 2825 945 2847; x_wconf 85' lang='lat' dir='ltr'>ed.</span> <span class='ocrx_word' id='word_1_897' title='bbox 963 2825 971 2846; x_wconf 61' lang='lat' dir='ltr'>si</span> <span class='ocrx_word' id='word_1_898' title='bbox 993 2824 1034 2848; x_wconf 79' lang='lat' dir='ltr'>sed</span> <span class='ocrx_word' id='word_1_899' title='bbox 1050 2824 1082 2847; x_wconf 77' lang='lat' dir='ltr'>acl</span> <span class='ocrx_word' id='word_1_900' title='bbox 1098 2831 1133 2847; x_wconf 77' lang='lat' dir='ltr'>esi.</span> 
     </span>
    </p>

    <p class='ocr_par' dir='ltr' id='par_1_24' title="bbox 295 2855 1140 2915">
     <span class='ocr_line' id='line_1_118' title="bbox 357 2855 1140 2885; baseline 0.003 -8"><span class='ocrx_word' id='word_1_901' title='bbox 357 2855 365 2867; x_wconf 65' lang='grc' dir='ltr'>ὓ</span> <span class='ocrx_word' id='word_1_902' title='bbox 383 2855 455 2878; x_wconf 85' lang='lat' dir='ltr'>Codd.</span> <span class='ocrx_word' id='word_1_903' title='bbox 473 2855 489 2878; x_wconf 93' lang='lat' dir='ltr'>C</span> <span class='ocrx_word' id='word_1_904' title='bbox 501 2857 542 2878; x_wconf 76' lang='lat' dir='ltr'>DE</span> <span class='ocrx_word' id='word_1_905' title='bbox 560 2855 651 2883; x_wconf 77' lang='lat' dir='ltr'>deinde,</span> <span class='ocrx_word' id='word_1_906' title='bbox 672 2856 711 2885; x_wconf 80' lang='lat' dir='ltr'>qui</span> <span class='ocrx_word' id='word_1_907' title='bbox 735 2857 803 2878; x_wconf 86' lang='lat' dir='ltr'>etiam</span> <span class='ocrx_word' id='word_1_908' title='bbox 822 2857 915 2878; x_wconf 81' lang='lat' dir='ltr'>inferius</span> <span class='ocrx_word' id='word_1_909' title='bbox 933 2862 975 2884; x_wconf 82' lang='lat' dir='ltr'>pro</span> <span class='ocrx_word' id='word_1_910' title='bbox 998 2856 1022 2879; x_wconf 83' lang='lat' dir='ltr'>in</span> <span class='ocrx_word' id='word_1_911' title='bbox 1045 2862 1140 2885; x_wconf 57' lang='lat' dir='ltr'>conpre-</span> 
     </span>
     <span class='ocr_line' id='line_1_119' title="bbox 295 2885 947 2915; baseline 0.003 -7"><span class='ocrx_word' id='word_1_912' title='bbox 295 2885 388 2915; x_wconf 65' lang='lat' dir='ltr'>qtitione</span> <span class='ocrx_word' id='word_1_913' title='bbox 404 2893 457 2909; x_wconf 84' lang='lat' dir='ltr'>cum</span> <span class='ocrx_word' id='word_1_914' title='bbox 476 2887 528 2909; x_wconf 87' lang='lat' dir='ltr'>edd.</span> <span class='ocrx_word' id='word_1_915' title='bbox 548 2888 573 2914; x_wconf 74' lang='lat' dir='ltr'>¹l,</span> <span class='ocrx_word' id='word_1_916' title='bbox 591 2888 603 2909; x_wconf 86' lang='grc'>2</span> <span class='ocrx_word' id='word_1_917' title='bbox 622 2887 763 2910; x_wconf 82' lang='lat' dir='ltr'>substituunt</span> <span class='ocrx_word' id='word_1_918' title='bbox 780 2887 804 2909; x_wconf 76' lang='lat' dir='ltr'>in</span> <span class='ocrx_word' id='word_1_919' title='bbox 823 2889 947 2910; x_wconf 73' lang='lat' dir='ltr'>conuentu.</span> 
     </span>
    </p>

    <p class='ocr_par' dir='ltr' id='par_1_25' title="bbox 359 2916 614 2947">
     <span class='ocr_line' id='line_1_120' title="bbox 359 2916 614 2947; baseline 0.004 -8"><span class='ocrx_word' id='word_1_920' title='bbox 359 2916 367 2929; x_wconf 89' lang='lat'>⁷</span> <span class='ocrx_word' id='word_1_921' title='bbox 386 2918 424 2939; x_wconf 68' lang='lat' dir='ltr'>Ed,</span> <span class='ocrx_word' id='word_1_922' title='bbox 443 2919 455 2939; x_wconf 74' lang='lat'>2</span> <span class='ocrx_word' id='word_1_923' title='bbox 474 2918 614 2947; x_wconf 75' lang='lat' dir='ltr'>confusioni.</span> 
     </span>
    </p>
   </div>
   <div class='ocr_carea' id='block_1_15' title="bbox 297 2947 1140 3039">
    <p class='ocr_par' dir='ltr' id='par_1_26' title="bbox 297 2947 1140 3039">
     <span class='ocr_line' id='line_1_121' title="bbox 358 2947 521 2970; baseline 0.006 -1"><span class='ocrx_word' id='word_1_924' title='bbox 358 2947 366 2960; x_wconf 67' lang='grc' dir='ltr'>Β</span> <span class='ocrx_word' id='word_1_925' title='bbox 385 2949 438 2970; x_wconf 66' lang='lat' dir='ltr'>Sui.</span> <span class='ocrx_word' id='word_1_926' title='bbox 457 2949 467 2966; x_wconf 86' lang='lat' dir='ltr'><em>l</em></span> <span class='ocrx_word' id='word_1_927' title='bbox 517 2966 521 2970; x_wconf 95' lang='lat'>.</span> 
     </span>
     <span class='ocr_line' id='line_1_122' title="bbox 358 2949 1140 3008; baseline 0.003 -8"><span class='ocrx_word' id='word_1_928' title='bbox 358 2978 366 2990; x_wconf 79' lang='lat'>‘³</span> <span class='ocrx_word' id='word_1_929' title='bbox 384 2955 444 3001; x_wconf 68' lang='lat' dir='ltr'>Lil&#39;Jr.</span> <span class='ocrx_word' id='word_1_930' title='bbox 461 2949 541 3001; x_wconf 54' lang='lat' dir='ltr'>illqde.</span> <span class='ocrx_word' id='word_1_931' title='bbox 559 2980 608 3002; x_wconf 67' lang='lat' dir='ltr'>Vita</span> <span class='ocrx_word' id='word_1_932' title='bbox 627 2981 816 3008; x_wconf 78' lang='lat' dir='ltr'>contemplativa,</span> <span class='ocrx_word' id='word_1_933' title='bbox 834 2987 852 3003; x_wconf 86' lang='lat' dir='ltr'>c.</span> <span class='ocrx_word' id='word_1_934' title='bbox 872 2982 892 3002; x_wconf 74' lang='lat'>8.</span> <span class='ocrx_word' id='word_1_935' title='bbox 914 2987 937 3003; x_wconf 88' lang='lat' dir='ltr'>n.</span> <span class='ocrx_word' id='word_1_936' title='bbox 964 2982 980 3003; x_wconf 89' lang='grc' dir='ltr'>Ι.</span> <span class='ocrx_word' id='word_1_937' title='bbox 1004 2980 1048 3003; x_wconf 83' lang='lat' dir='ltr'>Cfr.</span> <span class='ocrx_word' id='word_1_938' title='bbox 1071 2981 1140 3002; x_wconf 81' lang='lat' dir='ltr'>etiam</span> 
     </span>
     <span class='ocr_line' id='line_1_123' title="bbox 297 3010 1139 3039; baseline 0.004 -8"><span class='ocrx_word' id='word_1_939' title='bbox 297 3010 352 3031; x_wconf 78' lang='lat' dir='ltr'>infra</span> <span class='ocrx_word' id='word_1_940' title='bbox 370 3016 389 3031; x_wconf 87' lang='lat' dir='ltr'>c.</span> <span class='ocrx_word' id='word_1_941' title='bbox 413 3011 444 3031; x_wconf 78' lang='grc'>19.</span> <span class='ocrx_word' id='word_1_942' title='bbox 462 3023 492 3026; x_wconf 94' lang='grc'>-</span> <span class='ocrx_word' id='word_1_943' title='bbox 510 3011 621 3038; x_wconf 76' lang='lat' dir='ltr'>Superius</span> <span class='ocrx_word' id='word_1_944' title='bbox 642 3018 683 3039; x_wconf 85' lang='lat' dir='ltr'>pro</span> <span class='ocrx_word' id='word_1_945' title='bbox 705 3011 816 3034; x_wconf 64' lang='lat' dir='ltr'>sublimes</span> <span class='ocrx_word' id='word_1_946' title='bbox 834 3013 884 3034; x_wconf 79' lang='lat' dir='ltr'>Vat.</span> <span class='ocrx_word' id='word_1_947' title='bbox 908 3018 961 3034; x_wconf 82' lang='lat' dir='ltr'>curn</span> <span class='ocrx_word' id='word_1_948' title='bbox 985 3012 1020 3034; x_wconf 93' lang='lat' dir='ltr'>ed.</span> <span class='ocrx_word' id='word_1_949' title='bbox 1042 3012 1047 3033; x_wconf 85' lang='grc'><strong>1</strong></span> <span class='ocrx_word' id='word_1_950' title='bbox 1069 3011 1139 3035; x_wconf 82' lang='lat' dir='ltr'>subli-</span> 
     </span>
    </p>
   </div>
   <div class='ocr_carea' id='block_1_16' title="bbox 1166 2325 1174 3032">
    <p class='ocr_par' dir='ltr' id='par_1_27' title="bbox 1166 2325 1174 3032">
     <span class='ocr_line' id='line_1_124' title="bbox 1166 2325 1174 3032; baseline 0 0"><span class='ocrx_word' id='word_1_951' title='bbox 1166 2325 1174 3032; x_wconf 95' lang='lat' dir='ltr'> </span> 
     </span>
    </p>
   </div>
   <div class='ocr_carea' id='block_1_17' title="bbox 1197 2322 2044 2352">
    <p class='ocr_par' dir='ltr' id='par_1_28' title="bbox 1197 2322 2044 2352">
     <span class='ocr_line' id='line_1_125' title="bbox 1197 2322 2044 2352; baseline -0.004 -5"><span class='ocrx_word' id='word_1_952' title='bbox 1197 2325 1292 2348; x_wconf 66' lang='lat' dir='ltr'>miores.</span> <span class='ocrx_word' id='word_1_953' title='bbox 1311 2325 1404 2347; x_wconf 78' lang='lat' dir='ltr'>iuferius</span> <span class='ocrx_word' id='word_1_954' title='bbox 1422 2324 1520 2346; x_wconf 76' lang='lat' dir='ltr'>vocibus</span> <span class='ocrx_word' id='word_1_955' title='bbox 1537 2323 1583 2347; x_wconf 80' lang='lat' dir='ltr'>Sed</span> <span class='ocrx_word' id='word_1_956' title='bbox 1605 2324 1722 2352; x_wconf 78' lang='lat' dir='ltr'>quantum</span> <span class='ocrx_word' id='word_1_957' title='bbox 1739 2322 1755 2345; x_wconf 93' lang='lat' dir='ltr'>C</span> <span class='ocrx_word' id='word_1_958' title='bbox 1767 2323 1784 2345; x_wconf 90' lang='lat' dir='ltr'>D</span> <span class='ocrx_word' id='word_1_959' title='bbox 1795 2324 1809 2345; x_wconf 88' lang='grc' dir='ltr'>Ε</span> <span class='ocrx_word' id='word_1_960' title='bbox 1827 2326 1849 2345; x_wconf 83' lang='lat' dir='ltr'>et</span> <span class='ocrx_word' id='word_1_961' title='bbox 1866 2323 1918 2345; x_wconf 88' lang='lat' dir='ltr'>edd.</span> <span class='ocrx_word' id='word_1_962' title='bbox 1938 2323 1963 2349; x_wconf 56' lang='lat'>11,</span> <span class='ocrx_word' id='word_1_963' title='bbox 1981 2323 1994 2344; x_wconf 84' lang='lat'><strong>2</strong></span> <span class='ocrx_word' id='word_1_964' title='bbox 2012 2322 2044 2344; x_wconf 91' lang='lat' dir='ltr'>in-</span> 
     </span>
    </p>
   </div>
   <div class='ocr_carea' id='block_1_18' title="bbox 1198 2357 1382 2410">
    <p class='ocr_par' dir='ltr' id='par_1_29' title="bbox 1198 2357 1382 2410">
     <span class='ocr_line' id='line_1_126' title="bbox 1198 2357 1354 2378; baseline 0 0"><span class='ocrx_word' id='word_1_965' title='bbox 1198 2360 1310 2378; x_wconf 83' lang='lat' dir='ltr'>terserunt</span> <span class='ocrx_word' id='word_1_966' title='bbox 1327 2357 1354 2378; x_wconf 78' lang='lat' dir='ltr'>el.</span> 
     </span>
     <span class='ocr_line' id='line_1_127' title="bbox 1259 2386 1382 2410; baseline -0.008 0"><span class='ocrx_word' id='word_1_967' title='bbox 1259 2386 1279 2400; x_wconf 87' lang='lat'>¹⁰</span> <span class='ocrx_word' id='word_1_968' title='bbox 1297 2387 1335 2410; x_wconf 90' lang='lat' dir='ltr'>lob</span> <span class='ocrx_word' id='word_1_969' title='bbox 1354 2388 1382 2403; x_wconf 62' lang='lat'>‘²³¹</span> 
     </span>
    </p>
   </div>
   <div class='ocr_carea' id='block_1_19' title="bbox 1355 2402 1395 2415">
    <p class='ocr_par' dir='ltr' id='par_1_30' title="bbox 1355 2402 1395 2415">
     <span class='ocr_line' id='line_1_128' title="bbox 1355 2402 1395 2415; baseline 0 -6"><span class='ocrx_word' id='word_1_970' title='bbox 1355 2402 1395 2415; x_wconf 42' lang='lat' dir='ltr'>aa,</span> 
     </span>
    </p>
   </div>
   <div class='ocr_carea' id='block_1_20' title="bbox 1196 2384 2045 3040">
    <p class='ocr_par' dir='ltr' id='par_1_31' title="bbox 1197 2384 2044 2536">
     <span class='ocr_line' id='line_1_129' title="bbox 1408 2384 2043 2415; baseline -0.003 -7"><span class='ocrx_word' id='word_1_971' title='bbox 1408 2387 1448 2415; x_wconf 71' lang='lat'>29,</span> <span class='ocrx_word' id='word_1_972' title='bbox 1461 2389 1513 2414; x_wconf 85' lang='lat' dir='ltr'>post</span> <span class='ocrx_word' id='word_1_973' title='bbox 1530 2392 1599 2415; x_wconf 83' lang='lat' dir='ltr'>quem</span> <span class='ocrx_word' id='word_1_974' title='bbox 1615 2386 1663 2408; x_wconf 70' lang='lat' dir='ltr'>Vnt.</span> <span class='ocrx_word' id='word_1_975' title='bbox 1676 2392 1728 2408; x_wconf 84' lang='lat' dir='ltr'>cum</span> <span class='ocrx_word' id='word_1_976' title='bbox 1741 2385 1777 2407; x_wconf 89' lang='lat' dir='ltr'>ed.</span> <span class='ocrx_word' id='word_1_977' title='bbox 1795 2386 1799 2406; x_wconf 85' lang='lat'>1</span> <span class='ocrx_word' id='word_1_978' title='bbox 1816 2385 1892 2407; x_wconf 82' lang='lat' dir='ltr'>addit:</span> <span class='ocrx_word' id='word_1_979' title='bbox 1910 2384 2043 2407; x_wconf 81' lang='lat' dir='ltr'>secundum</span> 
     </span>
     <span class='ocr_line' id='line_1_130' title="bbox 1197 2415 2044 2447; baseline -0.004 -6"><span class='ocrx_word' id='word_1_980' title='bbox 1197 2425 1298 2447; x_wconf 83' lang='lat' dir='ltr'>namque</span> <span class='ocrx_word' id='word_1_981' title='bbox 1316 2419 1466 2446; x_wconf 79' lang='lat' dir='ltr'>Evangelium</span> <span class='ocrx_word' id='word_1_982' title='bbox 1486 2417 1570 2447; x_wconf 81' lang='lat' dir='ltr'>[Mattli.</span> <span class='ocrx_word' id='word_1_983' title='bbox 1590 2418 1616 2444; x_wconf 82' lang='lat'>6,</span> <span class='ocrx_word' id='word_1_984' title='bbox 1634 2418 1670 2439; x_wconf 78' lang='lat'>2-2.</span> <span class='ocrx_word' id='word_1_985' title='bbox 1688 2416 1759 2446; x_wconf 82' lang='lat' dir='ltr'>seq.],</span> <span class='ocrx_word' id='word_1_986' title='bbox 1771 2416 1794 2439; x_wconf 77' lang='lat' dir='ltr'>si</span> <span class='ocrx_word' id='word_1_987' title='bbox 1804 2416 1887 2440; x_wconf 76' lang='lat' dir='ltr'>oculus</span> <span class='ocrx_word' id='word_1_988' title='bbox 1899 2418 1954 2439; x_wconf 75' lang='lat' dir='ltr'>tuns</span> <span class='ocrx_word' id='word_1_989' title='bbox 1971 2415 2044 2446; x_wconf 73' lang='lat' dir='ltr'>fuerit</span> 
     </span>
     <span class='ocr_line' id='line_1_131' title="bbox 1197 2447 2044 2479; baseline -0.002 -7"><span class='ocrx_word' id='word_1_990' title='bbox 1197 2450 1310 2479; x_wconf 65' lang='lat' dir='ltr'>simplem,</span> <span class='ocrx_word' id='word_1_991' title='bbox 1329 2451 1404 2472; x_wconf 76' lang='lat' dir='ltr'>tolum</span> <span class='ocrx_word' id='word_1_992' title='bbox 1421 2455 1508 2478; x_wconf 77' lang='lat' dir='ltr'>eoi-pus</span> <span class='ocrx_word' id='word_1_993' title='bbox 1526 2448 1632 2472; x_wconf 77' lang='lat' dir='ltr'>lucidum</span> <span class='ocrx_word' id='word_1_994' title='bbox 1649 2448 1708 2477; x_wconf 72' lang='lat' dir='ltr'>ern,-</span> <span class='ocrx_word' id='word_1_995' title='bbox 1725 2452 1830 2475; x_wconf 86' lang='lat' dir='ltr'>econtra,</span> <span class='ocrx_word' id='word_1_996' title='bbox 1847 2447 1869 2470; x_wconf 79' lang='lat' dir='ltr'>si</span> <span class='ocrx_word' id='word_1_997' title='bbox 1884 2453 1999 2477; x_wconf 78' lang='lat' dir='ltr'>nequam,</span> <span class='ocrx_word' id='word_1_998' title='bbox 2013 2448 2044 2470; x_wconf 84' lang='lat' dir='ltr'>to·</span> 
     </span>
     <span class='ocr_line' id='line_1_132' title="bbox 1198 2478 2038 2508; baseline -0.005 -4"><span class='ocrx_word' id='word_1_999' title='bbox 1198 2483 1249 2504; x_wconf 75' lang='lat' dir='ltr'>tum</span> <span class='ocrx_word' id='word_1_1000' title='bbox 1272 2480 1428 2504; x_wconf 74' lang='lat' dir='ltr'>tenebrosum.</span> <span class='ocrx_word' id='word_1_1001' title='bbox 1452 2493 1482 2497; x_wconf 90' lang='lat'>—</span> <span class='ocrx_word' id='word_1_1002' title='bbox 1511 2481 1621 2508; x_wconf 81' lang='lat' dir='ltr'>Superius</span> <span class='ocrx_word' id='word_1_1003' title='bbox 1647 2486 1689 2507; x_wconf 83' lang='lat' dir='ltr'>pro</span> <span class='ocrx_word' id='word_1_1004' title='bbox 1714 2479 1815 2502; x_wconf 71' lang='lat' dir='ltr'>ostensio</span> <span class='ocrx_word' id='word_1_1005' title='bbox 1836 2478 1905 2501; x_wconf 70' lang='grc' dir='ltr'>(ΖΒΕ</span> <span class='ocrx_word' id='word_1_1006' title='bbox 1927 2482 1949 2501; x_wconf 93' lang='lat' dir='ltr'>et</span> <span class='ocrx_word' id='word_1_1007' title='bbox 1970 2479 2008 2501; x_wconf 91' lang='lat' dir='ltr'>ed.</span> <span class='ocrx_word' id='word_1_1008' title='bbox 2030 2479 2038 2500; x_wconf 81' lang='grc'>·1</span> 
     </span>
     <span class='ocr_line' id='line_1_133' title="bbox 1198 2512 1327 2536; baseline -0.016 0"><span class='ocrx_word' id='word_1_1009' title='bbox 1198 2512 1327 2536; x_wconf 71' lang='lat' dir='ltr'>ostentatio.</span> 
     </span>
    </p>

    <p class='ocr_par' dir='ltr' id='par_1_32' title="bbox 1197 2540 2045 2598">
     <span class='ocr_line' id='line_1_134' title="bbox 1261 2540 2045 2572; baseline -0.004 -7"><span class='ocrx_word' id='word_1_1010' title='bbox 1261 2543 1279 2556; x_wconf 90' lang='lat'>¹¹</span> <span class='ocrx_word' id='word_1_1011' title='bbox 1298 2543 1353 2566; x_wconf 67' lang='lat' dir='ltr'>Cori.</span> <span class='ocrx_word' id='word_1_1012' title='bbox 1372 2544 1389 2565; x_wconf 88' lang='lat' dir='ltr'><strong>A</strong></span> <span class='ocrx_word' id='word_1_1013' title='bbox 1407 2546 1429 2565; x_wconf 87' lang='lat' dir='ltr'>et</span> <span class='ocrx_word' id='word_1_1014' title='bbox 1445 2543 1481 2565; x_wconf 87' lang='lat' dir='ltr'>ed.</span> <span class='ocrx_word' id='word_1_1015' title='bbox 1495 2544 1508 2564; x_wconf 88' lang='grc'>2</span> <span class='ocrx_word' id='word_1_1016' title='bbox 1521 2543 1609 2565; x_wconf 71' lang='lat' dir='ltr'>addunt</span> <span class='ocrx_word' id='word_1_1017' title='bbox 1625 2542 1661 2565; x_wconf 80' lang='lat' dir='ltr'>vel</span> <span class='ocrx_word' id='word_1_1018' title='bbox 1677 2541 1784 2572; x_wconf 70' lang='lat' dir='ltr'>offensis,</span> <span class='ocrx_word' id='word_1_1019' title='bbox 1795 2544 1817 2564; x_wconf 91' lang='lat' dir='ltr'>et</span> <span class='ocrx_word' id='word_1_1020' title='bbox 1828 2541 1922 2564; x_wconf 80' lang='lat' dir='ltr'>inferius</span> <span class='ocrx_word' id='word_1_1021' title='bbox 1938 2540 2045 2563; x_wconf 86' lang='lat' dir='ltr'>omittunt</span> 
     </span>
     <span class='ocr_line' id='line_1_135' title="bbox 1197 2574 1347 2598; baseline -0.007 -1"><span class='ocrx_word' id='word_1_1022' title='bbox 1197 2575 1222 2597; x_wconf 76' lang='lat' dir='ltr'>id</span> <span class='ocrx_word' id='word_1_1023' title='bbox 1238 2576 1271 2598; x_wconf 82' lang='lat' dir='ltr'>est</span> <span class='ocrx_word' id='word_1_1024' title='bbox 1288 2574 1347 2597; x_wconf 79' lang='lat' dir='ltr'>risu.</span> 
     </span>
    </p>

    <p class='ocr_par' dir='ltr' id='par_1_33' title="bbox 1198 2604 2045 2697">
     <span class='ocr_line' id='line_1_136' title="bbox 1261 2604 2045 2633; baseline -0.004 -5"><span class='ocrx_word' id='word_1_1025' title='bbox 1261 2605 1280 2618; x_wconf 79' lang='lat'>¹²</span> <span class='ocrx_word' id='word_1_1026' title='bbox 1299 2606 1344 2628; x_wconf 77' lang='lat' dir='ltr'>Ctr.</span> <span class='ocrx_word' id='word_1_1027' title='bbox 1361 2606 1451 2633; x_wconf 80' lang='lat' dir='ltr'>Ilugoa</span> <span class='ocrx_word' id='word_1_1028' title='bbox 1470 2606 1492 2627; x_wconf 83' lang='lat' dir='ltr'>S.</span> <span class='ocrx_word' id='word_1_1029' title='bbox 1513 2605 1583 2632; x_wconf 88' lang='lat' dir='ltr'>Vict.,</span> <span class='ocrx_word' id='word_1_1030' title='bbox 1601 2605 1630 2627; x_wconf 89' lang='lat' dir='ltr'>de</span> <span class='ocrx_word' id='word_1_1031' title='bbox 1647 2605 1742 2626; x_wconf 82' lang='lat' dir='ltr'>institut.</span> <span class='ocrx_word' id='word_1_1032' title='bbox 1760 2604 1831 2626; x_wconf 80' lang='lat' dir='ltr'>novit.</span> <span class='ocrx_word' id='word_1_1033' title='bbox 1849 2610 1869 2626; x_wconf 89' lang='lat' dir='ltr'>c.</span> <span class='ocrx_word' id='word_1_1034' title='bbox 1888 2604 1921 2626; x_wconf 87' lang='grc'>13.</span> <span class='ocrx_word' id='word_1_1035' title='bbox 1933 2610 2006 2632; x_wconf 69' lang='lat' dir='ltr'>seqq„</span> <span class='ocrx_word' id='word_1_1036' title='bbox 2018 2609 2045 2625; x_wconf 88' lang='lat' dir='ltr'>ex</span> 
     </span>
     <span class='ocr_line' id='line_1_137' title="bbox 1198 2634 2044 2666; baseline -0.002 -7"><span class='ocrx_word' id='word_1_1037' title='bbox 1198 2637 1283 2666; x_wconf 85' lang='lat' dir='ltr'>quibus</span> <span class='ocrx_word' id='word_1_1038' title='bbox 1301 2638 1357 2659; x_wconf 79' lang='lat' dir='ltr'>intra</span> <span class='ocrx_word' id='word_1_1039' title='bbox 1376 2643 1396 2659; x_wconf 90' lang='lat' dir='ltr'>c.</span> <span class='ocrx_word' id='word_1_1040' title='bbox 1413 2637 1450 2659; x_wconf 77' lang='lat'>20.</span> <span class='ocrx_word' id='word_1_1041' title='bbox 1468 2636 1582 2665; x_wconf 83' lang='lat' dir='ltr'>quaedam</span> <span class='ocrx_word' id='word_1_1042' title='bbox 1598 2636 1730 2663; x_wconf 79' lang='lat' dir='ltr'>allegantur.</span> <span class='ocrx_word' id='word_1_1043' title='bbox 1743 2647 1774 2651; x_wconf 91' lang='lat'><strong>—</strong></span> <span class='ocrx_word' id='word_1_1044' title='bbox 1787 2635 1858 2658; x_wconf 89' lang='lat' dir='ltr'>Codd.</span> <span class='ocrx_word' id='word_1_1045' title='bbox 1877 2634 1893 2656; x_wconf 74' lang='lat' dir='ltr'>C</span> <span class='ocrx_word' id='word_1_1046' title='bbox 1904 2635 1946 2657; x_wconf 90' lang='lat' dir='ltr'>DE</span> <span class='ocrx_word' id='word_1_1047' title='bbox 1958 2638 1980 2657; x_wconf 88' lang='lat' dir='ltr'>et</span> <span class='ocrx_word' id='word_1_1048' title='bbox 1991 2634 2044 2657; x_wconf 88' lang='lat' dir='ltr'>edd.</span> 
     </span>
     <span class='ocr_line' id='line_1_138' title="bbox 1201 2667 1469 2697; baseline -0.004 -6"><span class='ocrx_word' id='word_1_1049' title='bbox 1201 2670 1219 2697; x_wconf 83' lang='grc'>1,</span> <span class='ocrx_word' id='word_1_1050' title='bbox 1238 2670 1251 2691; x_wconf 80' lang='grc'>2</span> <span class='ocrx_word' id='word_1_1051' title='bbox 1269 2669 1376 2691; x_wconf 86' lang='lat' dir='ltr'>omittunt</span> <span class='ocrx_word' id='word_1_1052' title='bbox 1392 2667 1469 2690; x_wconf 77' lang='lat' dir='ltr'>etiam.</span> 
     </span>
    </p>

    <p class='ocr_par' dir='ltr' id='par_1_34' title="bbox 1261 2697 1722 2722">
     <span class='ocr_line' id='line_1_139' title="bbox 1261 2697 1722 2722; baseline -0.004 0"><span class='ocrx_word' id='word_1_1053' title='bbox 1261 2699 1280 2712; x_wconf 75' lang='lat'>¹³</span> <span class='ocrx_word' id='word_1_1054' title='bbox 1298 2700 1348 2722; x_wconf 85' lang='lat' dir='ltr'>Vat.</span> <span class='ocrx_word' id='word_1_1055' title='bbox 1367 2705 1419 2721; x_wconf 85' lang='lat' dir='ltr'>cum</span> <span class='ocrx_word' id='word_1_1056' title='bbox 1438 2699 1475 2721; x_wconf 89' lang='lat' dir='ltr'>ed.</span> <span class='ocrx_word' id='word_1_1057' title='bbox 1493 2699 1501 2720; x_wconf 78' lang='lat'>¹¹</span> <span class='ocrx_word' id='word_1_1058' title='bbox 1524 2698 1607 2721; x_wconf 88' lang='lat' dir='ltr'>omittit</span> <span class='ocrx_word' id='word_1_1059' title='bbox 1622 2697 1722 2721; x_wconf 78' lang='lat' dir='ltr'>curiose.</span> 
     </span>
    </p>

    <p class='ocr_par' dir='ltr' id='par_1_35' title="bbox 1197 2728 2044 2789">
     <span class='ocr_line' id='line_1_140' title="bbox 1261 2728 2044 2758; baseline -0.004 -5"><span class='ocrx_word' id='word_1_1060' title='bbox 1261 2730 1281 2749; x_wconf 64' lang='lat'>14.</span> <span class='ocrx_word' id='word_1_1061' title='bbox 1297 2731 1338 2753; x_wconf 71' lang='lat' dir='ltr'>Vel</span> <span class='ocrx_word' id='word_1_1062' title='bbox 1358 2731 1435 2758; x_wconf 81' lang='lat' dir='ltr'>potius</span> <span class='ocrx_word' id='word_1_1063' title='bbox 1460 2731 1535 2758; x_wconf 84' lang='lat' dir='ltr'>Guigo</span> <span class='ocrx_word' id='word_1_1064' title='bbox 1553 2729 1731 2756; x_wconf 79' lang='lat' dir='ltr'>Cartliusiensis,</span> <span class='ocrx_word' id='word_1_1065' title='bbox 1751 2729 1821 2756; x_wconf 84' lang='lat' dir='ltr'>Epist.</span> <span class='ocrx_word' id='word_1_1066' title='bbox 1847 2728 1877 2750; x_wconf 86' lang='lat' dir='ltr'>ad</span> <span class='ocrx_word' id='word_1_1067' title='bbox 1902 2729 1992 2751; x_wconf 85' lang='lat' dir='ltr'>Fratres</span> <span class='ocrx_word' id='word_1_1068' title='bbox 2015 2728 2044 2750; x_wconf 89' lang='lat' dir='ltr'>de</span> 
     </span>
     <span class='ocr_line' id='line_1_141' title="bbox 1197 2760 1943 2789; baseline -0.004 -5"><span class='ocrx_word' id='word_1_1069' title='bbox 1197 2763 1271 2785; x_wconf 85' lang='lat' dir='ltr'>Monte</span> <span class='ocrx_word' id='word_1_1070' title='bbox 1290 2763 1328 2784; x_wconf 89' lang='lat' dir='ltr'>Dei</span> <span class='ocrx_word' id='word_1_1071' title='bbox 1351 2762 1423 2789; x_wconf 86' lang='lat' dir='ltr'>(inter</span> <span class='ocrx_word' id='word_1_1072' title='bbox 1441 2768 1510 2789; x_wconf 77' lang='lat' dir='ltr'>opera</span> <span class='ocrx_word' id='word_1_1073' title='bbox 1530 2761 1664 2789; x_wconf 84' lang='lat' dir='ltr'>Bernardi),</span> <span class='ocrx_word' id='word_1_1074' title='bbox 1683 2760 1722 2782; x_wconf 88' lang='lat' dir='ltr'>lib.</span> <span class='ocrx_word' id='word_1_1075' title='bbox 1739 2761 1753 2782; x_wconf 91' lang='grc' dir='ltr'>Ι.</span> <span class='ocrx_word' id='word_1_1076' title='bbox 1772 2766 1790 2782; x_wconf 65' lang='lat' dir='ltr'>c⁴</span> <span class='ocrx_word' id='word_1_1077' title='bbox 1814 2760 1846 2781; x_wconf 79' lang='grc'>12.</span> <span class='ocrx_word' id='word_1_1078' title='bbox 1864 2766 1887 2781; x_wconf 85' lang='lat' dir='ltr'>n.</span> <span class='ocrx_word' id='word_1_1079' title='bbox 1905 2760 1943 2782; x_wconf 81' lang='lat'>35.</span> 
     </span>
    </p>

    <p class='ocr_par' dir='ltr' id='par_1_36' title="bbox 1196 2790 2045 2910">
     <span class='ocr_line' id='line_1_142' title="bbox 1260 2790 2045 2822; baseline -0.005 -6"><span class='ocrx_word' id='word_1_1080' title='bbox 1260 2792 1280 2806; x_wconf 85' lang='lat'>¹⁵</span> <span class='ocrx_word' id='word_1_1081' title='bbox 1298 2793 1370 2816; x_wconf 89' lang='lat' dir='ltr'>Codd.</span> <span class='ocrx_word' id='word_1_1082' title='bbox 1388 2793 1404 2816; x_wconf 87' lang='lat' dir='ltr'>C</span> <span class='ocrx_word' id='word_1_1083' title='bbox 1417 2794 1432 2815; x_wconf 88' lang='grc' dir='ltr'>Ε</span> <span class='ocrx_word' id='word_1_1084' title='bbox 1449 2796 1471 2815; x_wconf 88' lang='lat' dir='ltr'>et</span> <span class='ocrx_word' id='word_1_1085' title='bbox 1487 2793 1523 2815; x_wconf 89' lang='lat' dir='ltr'>ed.</span> <span class='ocrx_word' id='word_1_1086' title='bbox 1537 2794 1549 2814; x_wconf 79' lang='lat'>2</span> <span class='ocrx_word' id='word_1_1087' title='bbox 1562 2791 1723 2822; x_wconf 69' lang='lat' dir='ltr'>interroqatis.</span> <span class='ocrx_word' id='word_1_1088' title='bbox 1742 2791 1835 2813; x_wconf 74' lang='lat' dir='ltr'>Inferius</span> <span class='ocrx_word' id='word_1_1089' title='bbox 1852 2796 1894 2818; x_wconf 85' lang='lat' dir='ltr'>pro</span> <span class='ocrx_word' id='word_1_1090' title='bbox 1913 2790 1960 2818; x_wconf 77' lang='lat' dir='ltr'>Qui</span> <span class='ocrx_word' id='word_1_1091' title='bbox 1974 2790 2045 2813; x_wconf 80' lang='lat' dir='ltr'>etiam</span> 
     </span>
     <span class='ocr_line' id='line_1_143' title="bbox 1197 2822 2045 2852; baseline -0.005 -5"><span class='ocrx_word' id='word_1_1092' title='bbox 1197 2824 1240 2847; x_wconf 78' lang='grc' dir='ltr'>αίίιῖ</span> <span class='ocrx_word' id='word_1_1093' title='bbox 1256 2825 1272 2846; x_wconf 89' lang='grc' dir='ltr'>Α</span> <span class='ocrx_word' id='word_1_1094' title='bbox 1291 2828 1312 2847; x_wconf 87' lang='lat' dir='ltr'>et</span> <span class='ocrx_word' id='word_1_1095' title='bbox 1330 2825 1365 2847; x_wconf 86' lang='lat' dir='ltr'>ed.</span> <span class='ocrx_word' id='word_1_1096' title='bbox 1384 2826 1397 2846; x_wconf 83' lang='lat'><strong>2</strong></span> <span class='ocrx_word' id='word_1_1097' title='bbox 1419 2823 1518 2852; x_wconf 73' lang='lat' dir='ltr'>Quando</span> <span class='ocrx_word' id='word_1_1098' title='bbox 1536 2823 1622 2851; x_wconf 77' lang='lat' dir='ltr'>etiam,</span> <span class='ocrx_word' id='word_1_1099' title='bbox 1635 2826 1657 2845; x_wconf 86' lang='lat' dir='ltr'>et</span> <span class='ocrx_word' id='word_1_1100' title='bbox 1674 2822 1797 2846; x_wconf 70' lang='lat' dir='ltr'>denuntiat</span> <span class='ocrx_word' id='word_1_1101' title='bbox 1816 2822 1857 2850; x_wconf 84' lang='lat' dir='ltr'>(ita</span> <span class='ocrx_word' id='word_1_1102' title='bbox 1876 2825 1898 2844; x_wconf 88' lang='lat' dir='ltr'>et</span> <span class='ocrx_word' id='word_1_1103' title='bbox 1914 2822 1939 2851; x_wconf 85' lang='lat' dir='ltr'>B)</span> <span class='ocrx_word' id='word_1_1104' title='bbox 1958 2828 2000 2850; x_wconf 80' lang='lat' dir='ltr'>pro</span> <span class='ocrx_word' id='word_1_1105' title='bbox 2012 2822 2045 2844; x_wconf 80' lang='lat' dir='ltr'>in-</span> 
     </span>
     <span class='ocr_line' id='line_1_144' title="bbox 1196 2852 2044 2881; baseline -0.004 -3"><span class='ocrx_word' id='word_1_1106' title='bbox 1196 2856 1286 2879; x_wconf 71' lang='lat' dir='ltr'>sinuat.</span> <span class='ocrx_word' id='word_1_1107' title='bbox 1304 2856 1407 2878; x_wconf 83' lang='lat' dir='ltr'>Subinde</span> <span class='ocrx_word' id='word_1_1108' title='bbox 1425 2856 1471 2877; x_wconf 84' lang='lat' dir='ltr'>fide</span> <span class='ocrx_word' id='word_1_1109' title='bbox 1494 2856 1510 2877; x_wconf 84' lang='lat' dir='ltr'><strong>A</strong></span> <span class='ocrx_word' id='word_1_1110' title='bbox 1529 2858 1551 2877; x_wconf 91' lang='lat' dir='ltr'>et</span> <span class='ocrx_word' id='word_1_1111' title='bbox 1567 2855 1604 2877; x_wconf 84' lang='lat' dir='ltr'>ed.</span> <span class='ocrx_word' id='word_1_1112' title='bbox 1626 2856 1638 2876; x_wconf 60' lang='lat'>*2</span> <span class='ocrx_word' id='word_1_1113' title='bbox 1658 2854 1819 2877; x_wconf 85' lang='lat' dir='ltr'>substituimus</span> <span class='ocrx_word' id='word_1_1114' title='bbox 1842 2852 1979 2876; x_wconf 78' lang='lat' dir='ltr'>mandantis</span> <span class='ocrx_word' id='word_1_1115' title='bbox 2002 2858 2044 2881; x_wconf 86' lang='lat' dir='ltr'>pro</span> 
     </span>
     <span class='ocr_line' id='line_1_145' title="bbox 1197 2887 1312 2910; baseline 0 -1"><span class='ocrx_word' id='word_1_1116' title='bbox 1197 2887 1305 2910; x_wconf 72' lang='lat' dir='ltr'>mrmdnti</span> <span class='ocrx_word' id='word_1_1117' title='bbox 1309 2906 1312 2909; x_wconf 94' lang='lat'>.</span> 
     </span>
    </p>

    <p class='ocr_par' dir='ltr' id='par_1_37' title="bbox 1196 2914 2045 3040">
     <span class='ocr_line' id='line_1_146' title="bbox 1260 2914 2044 2946; baseline -0.004 -6"><span class='ocrx_word' id='word_1_1118' title='bbox 1260 2917 1279 2930; x_wconf 67' lang='lat'>¹⁶</span> <span class='ocrx_word' id='word_1_1119' title='bbox 1298 2918 1361 2940; x_wconf 81' lang='lat' dir='ltr'>Eccli.</span> <span class='ocrx_word' id='word_1_1120' title='bbox 1375 2918 1416 2944; x_wconf 76' lang='lat'>32,</span> <span class='ocrx_word' id='word_1_1121' title='bbox 1434 2918 1471 2944; x_wconf 86' lang='grc'>13;</span> <span class='ocrx_word' id='word_1_1122' title='bbox 1484 2917 1588 2946; x_wconf 86' lang='lat' dir='ltr'>sequitur</span> <span class='ocrx_word' id='word_1_1123' title='bbox 1602 2918 1609 2938; x_wconf 81' lang='lat' dir='ltr'>l</span> <span class='ocrx_word' id='word_1_1124' title='bbox 1621 2918 1637 2945; x_wconf 77' lang='lat' dir='ltr'>t,</span> <span class='ocrx_word' id='word_1_1125' title='bbox 1651 2918 1677 2943; x_wconf 70' lang='lat'>8;</span> <span class='ocrx_word' id='word_1_1126' title='bbox 1691 2916 1729 2939; x_wconf 88' lang='lat' dir='ltr'>ubi</span> <span class='ocrx_word' id='word_1_1127' title='bbox 1743 2923 1784 2944; x_wconf 85' lang='lat' dir='ltr'>pro</span> <span class='ocrx_word' id='word_1_1128' title='bbox 1797 2917 1822 2938; x_wconf 80' lang='lat' dir='ltr'>In</span> <span class='ocrx_word' id='word_1_1129' title='bbox 1836 2914 1911 2938; x_wconf 69' lang='lat' dir='ltr'>medio</span> <span class='ocrx_word' id='word_1_1130' title='bbox 1923 2915 2044 2938; x_wconf 76' lang='lat' dir='ltr'>seniorum</span> 
     </span>
     <span class='ocr_line' id='line_1_147' title="bbox 1198 2946 2045 2977; baseline -0.002 -6"><span class='ocrx_word' id='word_1_1131' title='bbox 1198 2949 1240 2977; x_wconf 83' lang='lat' dir='ltr'>(ita</span> <span class='ocrx_word' id='word_1_1132' title='bbox 1267 2950 1335 2972; x_wconf 83' lang='lat' dir='ltr'>etiarn</span> <span class='ocrx_word' id='word_1_1133' title='bbox 1353 2949 1414 2971; x_wconf 83' lang='lat' dir='ltr'>card.</span> <span class='ocrx_word' id='word_1_1134' title='bbox 1433 2949 1501 2976; x_wconf 80' lang='lat' dir='ltr'>Hugo</span> <span class='ocrx_word' id='word_1_1135' title='bbox 1518 2951 1541 2971; x_wconf 82' lang='lat' dir='ltr'>et</span> <span class='ocrx_word' id='word_1_1136' title='bbox 1564 2949 1674 2976; x_wconf 79' lang='lat' dir='ltr'>Lyranus)</span> <span class='ocrx_word' id='word_1_1137' title='bbox 1698 2948 1795 2975; x_wconf 73' lang='lat' dir='ltr'>Vulgata</span> <span class='ocrx_word' id='word_1_1138' title='bbox 1819 2948 1845 2970; x_wconf 86' lang='lat' dir='ltr'>In</span> <span class='ocrx_word' id='word_1_1139' title='bbox 1862 2946 1937 2969; x_wconf 75' lang='lat' dir='ltr'>medio</span> <span class='ocrx_word' id='word_1_1140' title='bbox 1958 2951 2045 2969; x_wconf 77' lang='lat' dir='ltr'>sermo-</span> 
     </span>
     <span class='ocr_line' id='line_1_148' title="bbox 1196 2977 2045 3009; baseline -0.005 -6"><span class='ocrx_word' id='word_1_1141' title='bbox 1196 2986 1267 3007; x_wconf 79' lang='lat' dir='ltr'>num,</span> <span class='ocrx_word' id='word_1_1142' title='bbox 1293 2987 1353 3009; x_wconf 82' lang='lat' dir='ltr'>quae</span> <span class='ocrx_word' id='word_1_1143' title='bbox 1379 2981 1444 3002; x_wconf 81' lang='lat' dir='ltr'>lectio</span> <span class='ocrx_word' id='word_1_1144' title='bbox 1471 2986 1482 3002; x_wconf 76' lang='lat' dir='ltr'>a</span> <span class='ocrx_word' id='word_1_1145' title='bbox 1509 2979 1678 3002; x_wconf 76' lang='lat' dir='ltr'>correctoribus</span> <span class='ocrx_word' id='word_1_1146' title='bbox 1703 2979 1814 3001; x_wconf 83' lang='lat' dir='ltr'>Romanis</span> <span class='ocrx_word' id='word_1_1147' title='bbox 1837 2977 1925 3000; x_wconf 85' lang='lat' dir='ltr'>Bibliae</span> <span class='ocrx_word' id='word_1_1148' title='bbox 1949 2980 2045 3000; x_wconf 81' lang='lat' dir='ltr'>vocatur</span> 
     </span>
     <span class='ocr_line' id='line_1_149' title="bbox 1199 3012 1478 3040; baseline 0.007 -9"><span class='ocrx_word' id='word_1_1149' title='bbox 1199 3020 1210 3031; x_wconf 85' lang='lat'>«</span> <span class='ocrx_word' id='word_1_1150' title='bbox 1224 3012 1317 3040; x_wconf 80' lang='lat' dir='ltr'>egregia</span> <span class='ocrx_word' id='word_1_1151' title='bbox 1335 3012 1445 3034; x_wconf 83' lang='lat' dir='ltr'>correctio</span> <span class='ocrx_word' id='word_1_1152' title='bbox 1458 3020 1478 3033; x_wconf 70' lang='grc' dir='ltr'>ι».</span> 
     </span>
    </p>
   </div>
   <div class='ocr_carea' id='block_1_21' title="bbox 2046 897 2133 943">
    <p class='ocr_par' dir='ltr' id='par_1_38' title="bbox 2046 897 2133 943">
     <span class='ocr_line' id='line_1_150' title="bbox 2049 897 2132 925; baseline 0.012 -9"><span class='ocrx_word' id='word_1_1153' title='bbox 2049 897 2099 925; x_wconf 61' lang='grc' dir='ltr'>Πομ,</span> <span class='ocrx_word' id='word_1_1154' title='bbox 2110 898 2132 925; x_wconf 55' lang='lat'>¹1¹⁰</span> 
     </span>
     <span class='ocr_line' id='line_1_151' title="bbox 2046 923 2133 943; baseline 0.023 -3"><span class='ocrx_word' id='word_1_1155' title='bbox 2046 923 2133 943; x_wconf 65' lang='lat' dir='ltr'>cationes}</span> 
     </span>
    </p>
   </div>
   <div class='ocr_carea' id='block_1_22' title="bbox 2052 1799 2112 1842">
    <p class='ocr_par' dir='ltr' id='par_1_39' title="bbox 2052 1799 2112 1842">
     <span class='ocr_line' id='line_1_152' title="bbox 2052 1799 2103 1822; baseline 0.02 -5"><span class='ocrx_word' id='word_1_1156' title='bbox 2052 1799 2103 1822; x_wconf 80' lang='lat' dir='ltr'>Item,</span> 
     </span>
     <span class='ocr_line' id='line_1_153' title="bbox 2052 1823 2112 1842; baseline 0.017 -1"><span class='ocrx_word' id='word_1_1157' title='bbox 2052 1823 2077 1841; x_wconf 84' lang='lat' dir='ltr'>do</span> <span class='ocrx_word' id='word_1_1158' title='bbox 2088 1823 2112 1842; x_wconf 78' lang='lat' dir='ltr'>lo(</span> 
     </span>
    </p>
   </div>
   <div class='ocr_carea' id='block_1_23' title="bbox 2054 1962 2113 2030">
    <p class='ocr_par' dir='ltr' id='par_1_40' title="bbox 2054 1962 2113 2030">
     <span class='ocr_line' id='line_1_154' title="bbox 2054 1962 2113 1987; baseline -0.017 -5"><span class='ocrx_word' id='word_1_1159' title='bbox 2054 1962 2113 1987; x_wconf 68' lang='lat' dir='ltr'>Quoad</span> 
     </span>
     <span class='ocr_line' id='line_1_155' title="bbox 2066 1991 2105 2011; baseline -0.026 -5"><span class='ocrx_word' id='word_1_1160' title='bbox 2066 1991 2105 2011; x_wconf 57' lang='lat' dir='ltr'>pus*</span> 
     </span>
     <span class='ocr_line' id='line_1_156' title="bbox 2092 2015 2113 2030; baseline 0 0"><span class='ocrx_word' id='word_1_1161' title='bbox 2092 2015 2113 2030; x_wconf 77' lang='lat' dir='ltr'>cu</span> 
     </span>
    </p>
   </div>
   <div class='ocr_carea' id='block_1_24' title="bbox 2118 1746 2133 1841">
    <p class='ocr_par' dir='ltr' id='par_1_41' title="bbox 2118 1746 2133 1841">
     <span class='ocr_line' id='line_1_157' title="bbox 2118 1746 2133 1841; baseline 0 0"><span class='ocrx_word' id='word_1_1162' title='bbox 2118 1746 2133 1841; x_wconf 60' lang='lat' dir='ltr'>‘t</span> 
     </span>
    </p>
   </div>
   <div class='ocr_carea' id='block_1_25' title="bbox 2113 1829 2123 2833">
    <p class='ocr_par' dir='ltr' id='par_1_42' title="bbox 2113 1829 2123 2833">
     <span class='ocr_line' id='line_1_158' title="bbox 2113 1829 2123 2833; baseline 0 0"><span class='ocrx_word' id='word_1_1163' title='bbox 2113 1829 2123 2833; x_wconf 95' lang='lat' dir='ltr'> </span> 
     </span>
    </p>
   </div>
  </div>
 </body>
</html>
