2133 3317
186 1178 277 1198 noi-tatio.

151 1697 234 1720 negatae
241 1697 283 1715 abs-

168 1721 266 1740 tinentiae.

297 212 354 240 482

297 298 361 318 cuni
383 288 551 322 comederis,
574 295 623 316 nec
645 287 723 324 panis
745 287 849 316 incisus
870 295 921 316 nec
936 287 1032 316 vinum
1048 287 1073 316 in
1090 295 1150 324 scy-

298 337 354 373 plio
376 335 512 372 supersit,
535 342 585 363 nec
607 335 644 363 sis
666 334 775 371 primus
796 334 824 362 in
846 334 1014 363 comedendo
1035 342 1085 363 nec
1107 334 1150 363 ul-

298 384 382 411 timus
403 383 430 411 in
452 382 581 410 finiendo.
605 381 635 410 Et
656 381 723 410 dum
752 389 837 410 sanus
868 389 914 415 es,
936 389 1079 418 nunquam
1101 389 1149 418 pa-

298 438 360 458 nem
382 429 466 465 eligas
488 428 630 457 meliorem
653 432 680 457 et
701 428 867 457 deteriorem
891 431 998 456 tantum
1017 428 1149 462 dimittas,

298 485 332 505 ne
364 477 452 504 Deum
483 475 605 504 offendas
636 478 664 504 et
692 476 853 512 proximum
887 475 1069 509 scandalizes,
1102 475 1149 504 sed

298 522 484 551 communiter
506 522 643 551 manduca
664 522 758 556 illum;
781 525 808 550 et
833 530 887 550 non
920 522 1048 550 comedas
1070 530 1150 559 rapa-

298 570 379 604 citer,
395 569 467 598 sieut
481 569 586 598 faciunt
606 569 709 606 gulosi,
731 577 858 606 quorum
884 569 959 597 Deus
980 574 1076 598 venter
1098 574 1148 604 est,

297 617 369 645 sicut
390 616 456 645 dicit
476 617 622 653 Apostolus
635 617 653 650 ¹,
676 616 723 645 sed
745 616 887 645 curialiter
902 619 929 645 et
944 617 1058 646 honeste
1073 625 1149 646 man-

298 664 384 698 duca,
407 663 479 692 sicut
499 663 578 692 decet
599 663 765 701 Religiosum
788 666 815 692 et
838 664 989 692 honestatis
1010 664 1149 693 sanctissi-

301 718 362 739 mae
384 713 558 739 sectatorem.
583 710 614 738 Et
635 718 698 739 cum
721 710 840 744 biberis,
862 710 935 739 dicto
958 712 1018 739 Ave
1038 711 1148 745 Maria,

297 765 360 786 eum
389 758 524 786 ambabus
556 757 685 786 manibus
715 757 794 786 bibas
826 761 853 786 et
885 757 964 786 mitte
985 757 1062 787 intus
1083 758 1149 787 satis

764 209 963 238 OPUSCULUM
984 209 1039 237 XX.
1062 208 1190 238 REGULA
1212 209 1430 239 NOVITIORUM.
1453 210 1521 239 CAP.
1544 210 1586 238 Vl.

1206 296 1320 324 aquam,
1336 296 1370 317 ne
1391 288 1465 325 quod
1486 288 1569 317 datur
1591 289 1639 317 tibi
1661 288 1694 317 ad
1718 289 1921 317 nutrimentum
1942 288 1990 317 fiat
2004 289 2051 318 tibi

1206 334 1234 362 in
1255 334 1469 369 detrimentum;
1492 335 1575 364 habet
1589 335 1661 364 enim
1684 335 1717 364 ad
1734 335 1873 364 libidinem
1890 343 2051 372 provocare,

1206 381 1278 410 sicut
1299 381 1365 410 dicit
1386 381 1500 418 Sapiens
1511 382 1531 416 2,
1547 382 1613 418 quia
1635 381 1794 410 luxuriosa
1814 390 1861 410 res
1882 385 1923 410 est
1943 381 2051 410 vinum.

1207 428 1238 456 Et
1259 428 1320 457 ideo
1340 428 1406 457 dicit
1437 428 1596 465 Apostolus:
1621 428 1712 456 Nolite
1732 428 1879 457 inebriari
1908 428 1992 462 vino,
2024 429 2054 457 in

1206 484 1262 513 quo
1283 478 1323 503 est
1355 475 1496 508 luxuriem
1517 477 1544 503 et
1564 475 1644 503 alibi:
1666 475 1778 504 Modico
1802 479 1879 504 utere
1907 475 1982 503 vino.
2005 476 2054 512 Ap-

1206 530 1276 559 pone
1307 522 1392 559 igitur
1424 530 1534 558 semper
1561 530 1661 559 aquam
1684 522 1710 550 in
1740 522 1812 550 vino.
1845 522 1977 559 Specialia
2008 522 2055 551 tibi

1206 577 1349 606 nunquam
1374 576 1507 605 procures
1522 576 1572 597 nec
1586 569 1678 597 oblata
1692 569 1818 605 recipias,
1834 569 1855 597 si
1872 569 1976 597 evitare
1996 572 2055 606 pot-

1206 616 1261 645 eris
1290 616 1362 644 bono
1391 615 1480 644 modo.
1513 616 1617 644 Exenia
1643 624 1696 644 non
1725 616 1818 644 mittas
1847 624 1896 653 per
1917 624 2054 651 mensam,

1206 663 1257 692 nisi
1280 663 1351 692 forte
1372 663 1426 691 illis
1447 663 1493 699 qui
1518 663 1598 691 iuxta
1620 666 1645 691 te
1666 663 1770 692 sedent.
1794 663 1821 691 In
1843 663 1898 692 fine
1918 671 1984 692 vero
2005 663 2055 691 mi-

1206 718 1251 739 cas
1272 710 1419 747 diligenter
1440 710 1537 746 collige
1559 713 1586 738 et
1609 710 1760 744 manduca,
1789 710 1854 747 quia
1875 710 1941 739 dicit
1961 710 2053 738 Domi-

1205 758 1297 786 nus5:
1321 757 1448 794 Colliyite
1469 756 1652 794 smynzenta,
1674 766 1709 785 ote
1727 761 1858 794 pereant.

1067 881 1228 910 CAP1TULUM
1250 881 1291 909 vi.

1054 1001 1095 1029 De
1115 1000 1300 1029 abstinentia.

380 1127 403 1153 1.
426 1125 495 1153 Cum
517 1125 651 1153 Dominus
678 1124 751 1153 dicat
779 1124 807 1153 iu
834 1124 1018 1161 Evangelio4:
1051 1125 1149 1152 Atten-

297 1173 354 1201 (lite
374 1172 471 1206 vobis,
493 1180 528 1200 ne
548 1170 624 1209 forte
643 1175 809 1208 gli-aventiu-
840 1180 968 1208 σοφίη-α
998 1174 1097 1199 vestra
1118 1170 1150 1199 iit

297 1219 425 1256 crapula
440 1222 464 1247 et
479 1218 624 1252 ebrietate,
647 1218 805 1247 huiusmodi
822 1226 931 1255 semper
947 1218 1027 1246 stude
1049 1225 1149 1254 crapu—

298 1267 351 1295 lam
374 1266 471 1303 fugere
492 1268 520 1294 et
535 1265 696 1294 ebrietatem
720 1268 747 1293 et
761 1265 940 1294 sobrietatem
956 1265 1067 1302 eligere,
1082 1264 1148 1301 quia

296 1314 363 1342 dicit
394 1313 523 1350 Sapiens:
555 1313 679 1349 Propter
711 1312 870 1349 crapulam
891 1312 976 1340 multi
997 1311 1149 1345 obierunt,-

297 1360 350 1399 qui
369 1364 468 1389 autem
489 1360 638 1388 abstinens
669 1363 709 1387 est
741 1359 858 1388 adiiciet
886 1359 986 1387 vitam.
1010 1359 1078 1387 Cum
1100 1367 1150 1387 au-

297 1411 352 1436 tem
374 1408 461 1436 fueris
482 1407 509 1436 in
532 1407 715 1441 comedendo,
738 1415 791 1435 non
808 1415 905 1443 sapor,
922 1406 969 1435 sed
983 1406 1070 1435 fames
1086 1414 1150 1443 pro-

299 1458 376 1484 vocet
397 1455 567 1492 appetitum,
589 1457 621 1483 ut
641 1454 707 1483 dicit
740 1454 897 1483 Bernardus
909 1454 929 1488 ⁵,
952 1456 984 1482 ut
1005 1461 1149 1490 nunquam

297 1502 452 1539 voluptate,
475 1501 522 1530 sed
544 1501 706 1530 necessitate
728 1501 862 1538 pascaris,
886 1501 952 1538 quia
972 1500 1038 1529 dicit
1058 1501 1150 1537 Augu-

297 1549 401 1578 stinus:
428 1560 441 1574 «
456 1549 531 1577 Mens
553 1549 652 1577 lassata
673 1549 814 1577 nimietate
835 1548 960 1577 ciborum
984 1548 1074 1585 perdit
1088 1556 1150 1576 ora-

298 1596 380 1625 tionis
402 1596 525 1633 vigorem
545 1607 572 1624 ³).

377 1645 403 1672 2.
427 1644 494 1671 Toto
516 1645 641 1680 tempore
662 1642 734 1671 vitae
756 1645 819 1671 tuae
841 1642 949 1671 modico
967 1645 995 1671 et
1010 1642 1149 1671 communi

298 1690 359 1719 cibo
380 1693 473 1725 utere,
496 1690 561 1727 quia
591 1690 658 1718 dicit
689 1690 847 1719 Isidorus‘f:
875 1689 1077 1726 «Ubicumque
1108 1697 1151 1717 sa-

298 1738 378 1766 tietas
399 1741 426 1766 et
448 1737 585 1771 ebrietas,
608 1737 644 1765 ibi
675 1737 758 1765 libido
789 1739 817 1765 et
845 1737 925 1765 furor
947 1736 1106 1765 dominatur
1123 1748 1149 1764 ».

298 1785 329 1814 Et
360 1793 395 1814 ne
427 1785 538 1813 modum
570 1784 689 1813 excedas
717 1784 745 1812 in
770 1783 940 1813 comedendo
970 1787 997 1813 et
1023 1783 1151 1817 bibendo,

297 1832 368 1861 sicut
389 1832 455 1861 dicit
487 1831 645 1866 lsidorus⁷,
668 1835 775 1860 tantum
807 1831 856 1860 tibi
888 1831 981 1860 ieiunii
1010 1831 1151 1868 imponas,

1207 1126 1343 1160 quantum
1365 1123 1439 1152 ferre
1461 1126 1554 1159 potes;
1579 1134 1591 1148 «
1606 1123 1705 1152 melius
1726 1126 1767 1151 est
1788 1122 1860 1151 enim
1876 1123 1999 1160 quotidie
2013 1131 2057 1160 pa-

1208 1179 1271 1199 rum
1294 1179 1378 1207 quam
1410 1170 1530 1198 multum
1564 1178 1628 1198 raro
1660 1177 1812 1199 sumere».
1845 1170 2055 1207 Augustinus³2

1211 1229 1225 1242 «
1240 1217 1312 1246 Nihil
1334 1217 1446 1254 prodest
1468 1220 1524 1245 tota
1545 1217 1589 1246 die
1611 1217 1723 1254 longum
1745 1217 1879 1246 ieiunium
1901 1217 2016 1252 ducere,
2035 1217 2057 1246 si

1207 1267 1302 1301 postea
1323 1264 1448 1293 satietate
1470 1264 1513 1293 vel
1535 1264 1675 1293 nimietate
1696 1264 1787 1292 anima
1808 1264 1963 1293 subruatur
1977 1277 2004 1293 ».
2027 1265 2058 1294 Et

1207 1319 1289 1346 cave,
1312 1320 1345 1340 ne
1366 1311 1400 1340 de
1432 1314 1524 1340 cetero
1555 1311 1751 1347 specialitatem
1774 1311 1817 1339 vel
1837 1311 2055 1348 singularitatem

1208 1359 1256 1388 tibi
1279 1367 1429 1396 procures;
1452 1358 1499 1388 sed
1521 1358 1594 1387 omni
1619 1362 1759 1395 tempore,
1781 1358 1893 1395 quando
1914 1366 1998 1387 sanus
2019 1366 2057 1394 es,

1208 1406 1251 1435 his
1274 1406 1385 1435 cibariis
1406 1409 1465 1435 esto
1487 1409 1649 1441 contentus,
1671 1409 1703 1434 ut
1724 1414 1794 1443 pane
1825 1409 1852 1434 et
1880 1406 1944 1435 vino
1964 1409 1991 1435 et
2012 1414 2057 1435 co-

1207 1453 1293 1490 quina
1315 1456 1438 1487 tantum;
1461 1457 1488 1482 et
1517 1453 1539 1482 si
1567 1453 1616 1482 tibi
1644 1453 1719 1482 aliud
1747 1456 1919 1490 apponatur,
1940 1453 1961 1482 si
1988 1453 2057 1482 indi-

1208 1509 1264 1538 ges,
1286 1501 1404 1538 accipias
1427 1501 1582 1535 moderate,
1605 1501 1676 1529 sicut
1702 1512 1715 1525 α
1730 1500 1809 1529 decet
1827 1508 1939 1529 servum
1961 1500 2008 1529 Dei
2031 1503 2058 1529 et

1208 1548 1380 1584 paupertatis
1399 1548 1587 1576 sanctissimae
1608 1550 1772 1576 sectatorem
1785 1547 1795 1564 ⁹
1807 1558 1833 1575 ».
1856 1546 1965 1576 Cibaria
1979 1555 2057 1582 vero,

1163 1606 1168 1613 ν
1208 1602 1280 1631 quae
1303 1594 1390 1631 magis
1412 1597 1564 1631 provocant
1585 1594 1619 1622 ad
1639 1594 1732 1631 gulam
1759 1602 1843 1631 quam
1866 1594 1899 1623 ad
1921 1597 2058 1623 sustenta-

1209 1642 1310 1670 tionem
1336 1644 1468 1675 naturae,
1501 1649 1611 1678 semper
1642 1641 1748 1676 devita,
1778 1642 1850 1670 sieut
1870 1644 1936 1670 sunt
1956 1641 2059 1670 cibaria

1210 1689 1340 1717 inusitata
1360 1689 1404 1717 vel
1425 1689 1556 1723 delicata,
1578 1689 1682 1718 scilicet
1703 1689 1848 1726 speciebus
1867 1688 2018 1726 composita
2032 1691 2059 1717 et

1209 1736 1317 1765 similia.
1340 1736 1424 1770 Nam,
1446 1736 1518 1765 sicut
1538 1736 1605 1764 dicit
1619 1736 1778 1765 Bernardus
1790 1736 1822 1770 ¹⁰,
1849 1747 1863 1761 «
1877 1735 1943 1764 satis
1964 1738 2005 1764 est
2025 1735 2059 1764 ad

1208 1791 1289 1812 omne
1301 1783 1507 1812 condimentum
1523 1783 1563 1812 sal
1578 1791 1641 1812 cum
1655 1791 1725 1820 pane
1740 1786 1767 1812 et
1778 1783 1849 1812 same
1861 1795 1887 1811 u.
1899 1783 1953 1812 Nec
1968 1786 2059 1812 tamen

1208 1830 1351 1860 occasione
1373 1830 1425 1859 cibi
1446 1830 1551 1859 dimissi
1567 1830 1724 1867 permittas,
1743 1830 1818 1859 aliud
1840 1830 1889 1859 tibi
1903 1830 1978 1865 dari,
1994 1829 2060 1867 quia

365 2035 372 2048 ¹
389 2036 443 2057 Phil.
463 2036 488 2063 3,
506 2036 540 2057 19.
559 2048 590 2052 -·
607 2036 720 2063 Superius
732 2036 750 2057 D
765 2035 849 2057 omittit
861 2036 968 2063 tuntum,
981 2042 1023 2063 pro
1035 2042 1064 2058 m‘
1077 2036 1151 2058 Deum.

300 2075 341 2097 BC
352 2076 367 2097 L
385 2074 527 2097 substituunt
541 2076 564 2097 el
579 2074 613 2098 sic
626 2075 711 2103 Deum,
730 2081 772 2102 pro
790 2074 831 2097 secl
848 2074 1004 2097 communiter
1023 2075 1061 2103 (ita
1080 2075 1097 2096 A
1107 2075 1123 2097 Β
1135 2075 1152 2097 D

299 2117 321 2136 ct
338 2114 376 2136 ed.
396 2114 418 2141 1)
439 2114 488 2136 Vat.
506 2113 547 2137 secl
563 2114 666 2137 comiter.
686 2114 781 2136 inferius
799 2120 841 2141 pro
859 2113 1000 2142 honestatis,
1021 2114 1075 2136 edd.
1091 2120 1151 2143 pau-

296 2153 406 2183 pertalis.

363 2191 372 2204 ²
391 2193 458 2214 Prox.
477 2192 519 2219 20,
540 2192 559 2214 1.
577 2205 605 2207 -
625 2192 675 2213 Duo
693 2198 758 2220 seqq.
782 2192 825 2213 loci
850 2195 903 2213 sunt
925 2193 981 2219 lipli.
998 2191 1025 2218 5,
1047 2192 1081 2213 18.
1098 2194 1120 2213 et
1137 2192 1151 2213 1.

301 2232 359 2253 Tim.
373 2232 398 2258 5,
412 2232 454 2259 ²33,
467 2230 505 2253 ubi
524 2231 578 2253 edd.
591 2237 644 2253 cum
661 2230 766 2258 pluribus
778 2231 859 2253 codd:
872 2230 970 2260 Semper
983 2230 1074 2253 modico
1086 2232 1152 2253 utere

302 2270 362 2294 υίηω.
381 2284 408 2286 -
428 2271 539 2298 Superius
552 2277 594 2298 pro
607 2270 636 2293 El
648 2276 703 2293 cum
721 2269 805 2293 bituris
823 2271 839 2292 A
851 2270 894 2291 EII
913 2269 942 2292 Et
959 2269 1049 2299 quoties
1068 2269 1152 2293 biberis

300 2310 329 2339 [E
339 2311 357 2332 Ι·1
376 2309 451 2339 bibis}
471 2309 573 2332 Subinde
590 2316 616 2332 ex
636 2310 650 2331 11
660 2309 676 2331 C
688 2310 692 2331 l
704 2310 719 2331 L
737 2309 899 2337 supplevimus
910 2310 931 2331 el
943 2308 1007 2332 mitte
1018 2308 1082 2332 intus
1093 2309 1152 2332 salis

300 2356 402 2379 uquam,
421 2355 464 2377 pro
483 2355 529 2377 quo
547 2349 591 2371 ΕΗ
608 2350 629 2371 el
641 2354 709 2376 care,
722 2355 751 2371 ue
766 2348 847 2371 einum.
863 2348 925 2378 forle
942 2348 970 2371 de
987 2349 1062 2371 celero
1080 2347 1152 2371 bibas.

364 2388 373 2400 ³³
393 2389 452 2411 lean.
470 2389 496 2416 6,
516 2388 558 2410 ia:
575 2388 679 2416 Colligite
696 2394 757 2416 quae
779 2390 949 2415 superaverunt
966 2389 1107 2415 fragmenta,
1124 2394 1152 2410 ne

302 2431 402 2455 pereant.
413 2440 441 2443 —-
452 2428 487 2450 Du
500 2427 584 2455 Gange,
594 2427 735 2449 Glossarium
748 2430 803 2449 ete:
814 2426 941 2454 Emanium,
951 2427 1081 2455 exennium,
1090 2427 1152 2449 idern

301 2467 363 2495 quod
376 2466 489 2495 A'euz'ttm,
503 2473 594 2495 munus,
607 2467 693 2489 donum
702 2485 707 2494 ,
722 2466 807 2489 oblatio
820 2470 861 2488 ete.
875 2479 906 2482 —
919 2467 970 2488 Post
982 2466 1074 2489 Errenicz
1087 2467 1103 2488 L
1115 2466 1154 2488 ad-

302 2506 335 2528 dit
346 2513 445 2536 quoque.
455 2519 486 2522 —
497 2506 543 2529 Ci'r.
556 2507 623 2534 Hugo
636 2512 647 2527 a
662 2506 684 2528 S.
695 2506 760 2534 Vict.,
773 2506 802 2528 de
815 2506 909 2527 institut.
923 2506 1030 2527 nox-iiior.
1041 2512 1061 2527 c.
1075 2506 1153 2527 18-21.

364 2545 373 2558 ⁴
392 2547 447 2568 Luc.
465 2546 507 2572 211,
526 2545 563 2568 34.
581 2558 612 2562 —-
630 2545 733 2567 Subinde
750 2546 862 2573 allegatur
880 2545 945 2567 Eccli.
965 2545 1005 2572 37,
1025 2544 1061 2567 34.

364 2584 374 2596 ⁶
392 2585 462 2613 Epist.
480 2585 509 2607 ad
526 2585 616 2607 Fratres
633 2585 662 2607 de
680 2585 754 2606 Monte
772 2585 811 2607 Dei
836 2584 903 2610 (intvr
926 2590 997 2612 opera
1020 2584 1153 2611 Bernardi),

302 2624 341 2647 lib.
354 2626 368 2647 l.
381 2631 400 2646 c.
420 2625 427 2646 l
438 2625 457 2646 l.
474 2631 498 2646 n.
515 2624 558 2650 33,
576 2624 651 2646 Tract.
669 2624 699 2646 <le
717 2624 819 2645 interiori
837 2624 908 2645 domo
927 2624 995 2651 (inter
1012 2629 1083 2651 opera
1102 2624 1154 2645 Ber-

302 2664 391 2692 nardi),
410 2670 430 2686 c.
451 2663 485 2685 17.
503 2670 526 2685 n.
543 2663 586 2689 283
604 2663 678 2685 serm.
695 2663 725 2685 de
742 2663 823 2685 Yillieo
846 2662 971 2691 iniquitatis
994 2663 1061 2691 (inter
1083 2668 1154 2690 opera

302 2703 434 2731 Bernardi),
447 2709 469 2725 n.
485 2703 509 2729 3,
526 2702 565 2725 ubi
578 2702 715 2730 insinuatur,
729 2702 750 2724 iu
763 2702 907 2724 comedendo
920 2708 965 2724 non
977 2701 1101 2730 voluptati,
1113 2701 1152 2723 sed

303 2742 377 2764 solum
394 2742 523 2764 necessiiaii
541 2747 591 2764 esse
608 2741 782 2764 intendendum.
795 2741 851 2764 Cod.
864 2741 881 2763 Η
894 2742 952 2763 hanc
969 2741 1106 2763 sententiam
1125 2743 1154 2762 at-

304 2780 382 2803 tribuit
400 2780 528 2810 Greqorio,
546 2781 585 2810 qui
603 2787 654 2803 eam
673 2781 773 2803 insinuat
786 2780 837 2802 XX.
850 2781 927 2802 illoral.
939 2786 959 2801 c.
972 2779 1009 2802 114.
1020 2786 1043 2802 n.
1056 2780 1092 2801 28.
1105 2785 1154 2808 seq.

303 2822 326 2842 et
337 2820 410 2842 XXX.
424 2826 444 2842 c.
460 2820 496 2842 18.
509 2826 530 2842 n.
548 2820 584 2842 60.
600 2826 666 2848 seqq.
685 2833 713 2835 —
732 2820 764 2842 De
781 2821 891 2842 sententia
909 2820 1005 2847 August.
1023 2820 1064 2841 etr.
1084 2819 1154 2846 Epist.

305 2860 357 2881 130.
376 2859 441 2887 (alias
465 2860 526 2888 121.)
545 2866 564 2882 c.
584 2860 620 2882 16.
638 2866 660 2881 n.
678 2860 719 2882 31:
738 2860 760 2881 ln
783 2859 873 2881 ieiuniis
895 2862 917 2881 et
940 2859 1025 2886 vigiliis
1048 2861 1070 2880 et
1091 2858 1153 2880 omni

304 2898 452 2925 castigatione
470 2899 573 2926 eorporis
590 2899 790 2927 quamplurimum
808 2898 931 2920 adiuvatur
949 2898 1029 2920 oratio.
1047 2897 1108 2920 Libr.
1125 2897 1154 2919 de

305 2937 371 2959 Modo
390 2936 449 2959 bene
461 2937 556 2959 vivendi
575 2937 642 2965 (inter
659 2943 730 2965 opera
749 2937 880 2966 Bernardi),
899 2943 917 2959 c.
936 2936 972 2959 24.
991 2943 1013 2958 n.
1034 2936 1154 2958 702Mens

306 2976 450 2998 multitudine
468 2975 572 2998 ciborum
592 2977 671 2998 lassata
691 2976 767 3004 perdit
784 2977 889 3004 vigorem
908 2976 1024 2998 orationis.
1045 2975 1118 2998 Codd.
1136 2975 1154 2997 A

306 3015 375 3036 1313ss
390 3014 469 3043 perdit
486 3014 601 3037 orationis
619 3016 639 3037 et
656 3015 784 3038 (lc-rollonis
801 3015 916 3044 *niqui-em.

1272 2034 1282 2047 ⁶
1297 2034 1358 2057 Libr.
1377 2035 1401 2057 ll.
1419 2036 1478 2057 Sent.
1497 2041 1516 2057 c.
1535 2034 1572 2056 42.
1591 2041 1612 2056 n.
1630 2034 1652 2056 6.
1670 2040 1731 2062 seq.·.
1749 2034 1805 2056 Nam
1824 2034 1892 2061 gulae
1909 2033 2016 2056 saturitas
2027 2033 2060 2056 ni-

1209 2114 1345 2135 increscunt.
1364 2112 1420 2135 ibid.
1438 2119 1458 2135 e.
1479 2112 1516 2134 ia.
1538 2119 1561 2134 n.
1585 2113 1611 2134 l:
1635 2111 1737 2134 Ebrietas
1760 2114 1837 2134 autem
1861 2111 2058 2140 perturbationem

1208 2152 1283 2180 gignit
1300 2152 1395 2179 mentis,
1414 2153 1513 2173 sui-orem
1532 2151 1622 2179 cordis,
1637 2152 1755 2173 ssau'imam
1775 2151 1883 2173 libidinis.
1901 2150 1945 2173 Cfr.
1964 2151 1988 2173 11,
2006 2151 2059 2178 Syn-

1208 2198 1315 2219 onymor.
1334 2198 1353 2213 n.
1374 2191 1411 2212 14.
1427 2203 1458 2207 -
1476 2190 1623 2212 Praecedenti
1642 2190 1794 2218 propositioni
1817 2190 1872 2213 Toto
1891 2191 1995 2219 tempore
2017 2193 2059 2213 etc.

1209 2232 1226 2253 A
1244 2230 1350 2259 praefigit
1367 2229 1523 2258 Bernarclus;
1541 2231 1582 2252 cfr.
1605 2230 1675 2257 Epist.
1700 2229 1752 2252 405.
1775 2229 1840 2257 (alias
1863 2229 1926 2258 346.)
1952 2233 1973 2252 et
1991 2229 2059 2258 Epist.

1209 2271 1254 2292 iam
1273 2270 1294 2292 in
1312 2273 1364 2291 nota
1382 2269 1530 2297 praecedenti
1546 2270 1642 2297 allegata
1655 2269 1684 2291 ad
1697 2269 1787 2291 Fratres
1799 2269 1828 2291 de
1840 2269 1915 2291 Monte
1927 2269 1979 2297 Dei,
1991 2268 2030 2291 lib.
2044 2269 2059 2290 l.

1210 2315 1229 2331 c.
1248 2310 1285 2331 11.
1303 2315 1326 2331 11.
1345 2309 1382 2331 33.

1273 2347 1281 2361 ⁷
1300 2348 1361 2371 Libr.
1378 2349 1402 2370 ll.
1421 2348 1480 2370 Sent.
1499 2354 1519 2369 c.
1537 2347 1573 2370 44.
1592 2354 1614 2370 11.
1636 2348 1716 2374 13-16,
1741 2347 1779 2369 ubi
1804 2350 1924 2374 monetur,
1944 2347 2059 2370 abstinen-

1210 2389 1265 2410 tiam
1284 2388 1427 2410 moderatam
1446 2393 1497 2410 esse
1515 2387 1610 2410 debere.
1633 2387 1761 2415 Propositio
1784 2393 1833 2416 seq.
1855 2386 1940 2410 Melius
1962 2388 1997 2410 est
2016 2390 2058 2409 etc.

1210 2427 1331 2450 exhibetur
1348 2427 1378 2449 ab
1395 2427 1500 2455 Hieron,
1518 2427 1588 2455 EpIst.
1606 2426 1642 2448 54.
1662 2427 1726 2453 (alias
1748 2426 1790 2455 10.)
1810 2433 1830 2448 n.
1850 2427 1892 2448 lO:
1908 2427 1998 2449 «Multo
2015 2432 2060 2448 me-

1210 2466 1253 2489 lius
1270 2469 1304 2488 est
1321 2466 1424 2494 quotidie
1442 2472 1524 2493 parum
1548 2471 1618 2494 quam
1645 2471 1697 2487 raro
1719 2465 1774 2487 satis
1794 2470 1920 2492 sumere»,
1938 2465 2060 2494 ipsamque

1211 2505 1264 2527 edd.
1288 2508 1365 2527 contra
1385 2506 1401 2527 H
1420 2505 1506 2527 lsidoro
1530 2504 1647 2531 tribuunt,
1673 2504 1780 2526 addendo
1803 2503 1880 2533 inquit
1903 2507 1954 2532 post
1976 2503 2059 2527 Melius

1211 2546 1244 2567 est
1269 2544 1340 2567 enim.
1365 2556 1396 2560 —
1422 2544 1534 2572 Superius
1559 2550 1601 2571 pro
1626 2545 1647 2566 et
1673 2542 1768 2566 bibendo
1787 2543 1830 2565 Eli
1850 2542 1887 2565 vel
1908 2542 2058 2570 abstinendo,

1211 2583 1292 2607 immo.

1274 2622 1283 2635 Β
1301 2624 1374 2645 serm.
1396 2622 1446 2644 llil.
1463 2622 1485 2644 iu
1503 2622 1637 2650 Appendice
1655 2621 1720 2649 (alias
1738 2622 1774 2643 56.
1792 2621 1821 2643 de
1839 2621 1977 2649 Tempore),
1995 2627 2015 2643 n.
2034 2620 2055 2643 4:

1215 2671 1226 2682 ιι
1238 2663 1296 2684 Ν11111
1314 2662 1409 2689 prodest
1426 2664 1470 2684 tota
1489 2661 1526 2683 die
1544 2662 1639 2689 longum
1658 2661 1751 2683 duxisse
1767 2660 1891 2688 ieiunium,
1903 2660 1922 2683 si
1940 2663 2019 2688 postea
2032 2660 2060 2682 ci·

1212 2701 1295 2724 borum
1314 2701 1428 2724 suavitate
1440 2701 1475 2723 vel
1488 2700 1605 2723 nimietate
1616 2700 1691 2722 anima
1710 2699 1852 2722 obruatur».
1867 2700 1909 2722 Ριό
1926 2698 2059 2722 subruatur

1213 2740 1251 2769 (ita
1270 2741 1297 2769 A)
1317 2741 1332 2762 E
1349 2739 1517 2768 subvertatur,
1543 2740 1562 2762 H
1587 2739 1702 2765 subruat,
1730 2739 1783 2761 edd.
1808 2739 1887 2767 legunt
1913 2737 1975 2766 Quid
1998 2737 2059 2761 enim

1208 2778 1334 2808 prodest...
1351 2780 1374 2801 et
1386 2780 1495 2808 postea...
1512 2777 1619 2800 animum
1641 2778 1775 2800 saturare?
1793 2789 1823 2793 —
1841 2776 1897 2799 Cod.
1914 2777 1933 2798 H
1950 2775 2059 2806 Augusti·

1211 2824 1257 2841 itus
1274 2817 1336 2841 enim
1354 2817 1420 2845 dicit,
1439 2816 1480 2840 BC
1492 2818 1507 2839 L
1528 2817 1555 2839 Et
1572 2816 1729 2846 Auyttstiuus.

1274 2855 1284 2868 ⁹
1301 2857 1323 2878 S.
1340 2857 1474 2878 Franciscus
1492 2857 1514 2878 in
1532 2862 1552 2878 c.
1571 2856 1592 2878 5.
1606 2856 1713 2883 Regulae.
1731 2855 1804 2878 Codd.
1820 2855 1863 2877 ΕΗ
1881 2854 2018 2877 zelatorem.
2030 2866 2057 2870 --

1212 2896 1324 2924 Superius
1341 2896 1392 2918 voci
1410 2895 1579 2925 specialitatem
1596 2895 1642 2917 AH
1653 2895 1668 2917 L
1687 2894 1818 2922 praefigunt
1834 2893 1950 2923 aliquam.

1274 2934 1294 2947 ¹0
1312 2936 1381 2963 Epist.
1404 2936 1423 2957 l.
1447 2941 1469 2957 n.
1491 2935 1498 2957 l
1510 2936 1531 2956 l:
1554 2935 1681 2956 Prudenter
1698 2933 1821 2962 sobrieque
1845 2933 1990 2956 conversanti
2006 2932 2059 2955 satis

1211 2978 1245 2997 est
1262 2975 1290 2997 ad
1308 2981 1379 2997 omne
1395 2974 1569 2997 condimentum
1587 2974 1618 2996 sal
1637 2979 1689 2995 cum
1709 2975 1777 2995 tame.
1793 2985 1823 2989 —
1842 2973 1874 2994 Du
1893 2972 1982 3000 Cange,
1999 2971 2060 2993 Glos-

1211 3014 1297 3036 sarium
1316 3017 1372 3036 ete.:
1390 3013 1495 3042 Species,
1513 3016 1616 3035 aromata
1634 3013 1670 3034 vel
1688 3018 1725 3034 res
1741 3012 1839 3041 quaevis
1856 3011 2001 3034 aromaticae.
