2133 3317
355 261 405 283 FEL

151 301 264 323 Fet-tetras
281 312 312 316 —
324 304 416 322 aeterna
428 302 463 322 est
474 299 530 328 quid
542 299 668 326 optimum,

107 340 304 369 pulcherrimum,
326 345 368 367 per
390 345 414 361 se
436 337 669 364 sufficientissimum,

105 379 165 401 nullo
191 382 252 401 extra
278 385 303 401 se
328 378 435 406 indigens
452 377 481 399 29
499 377 512 399 3
530 389 560 392 -—
577 379 668 398 aeterna

105 418 286 441 consolationem
304 418 387 445 ingerit
402 417 492 438 animae
510 415 540 438 55
558 416 581 437 4l

151 458 252 480 Fennxac
270 469 299 472 —
317 462 358 479 cur
375 456 420 478 sint
436 455 558 483 fugiendae
576 454 620 476 249
643 454 667 476 17

152 497 280 519 Feminis
291 508 320 512 -
331 495 421 517 animae
430 498 483 517 sunt
492 500 574 516 sensus
585 494 624 516 191
639 494 667 516 29

151 535 249 557 Fancom
272 547 303 550 —
327 539 411 555 novem
437 533 501 555 chori
526 532 667 560 Angelorum

105 575 130 596 6l
157 574 181 596 17
199 586 230 590 -
246 574 369 595 Beatorum
386 573 416 594 62
438 573 462 594 18

152 613 244 635 Fanum
261 625 292 628 -
309 611 451 634 convertitur
468 610 497 633 ab
514 611 569 639 igne
585 611 607 633 in
619 611 669 633 eius

105 651 278 675 similitudinem
301 651 342 673 104
361 651 388 673 ’13

152 691 222 712 Ferus
238 701 269 706 —
286 689 416 718 spirituales
438 692 491 711 sunt
516 688 575 711 bona
597 694 668 716 opera

106 729 151 751 210
172 729 214 751 105

152 768 259 790 Fieutxm
277 780 308 784 —
325 767 407 790 sterilis
423 770 458 789 est
475 767 548 795 figura
566 766 620 788 anni
633 772 670 788 110-

107 807 199 829 vitiatus
220 807 256 829 401
281 807 308 829 12

152 847 244 869 1911181115
260 860 291 862 -
308 846 428 875 quomodo
452 846 482 868 ad
507 845 621 874 praelatos
645 851 670 867 se

107 885 193 908 habere
209 885 309 908 debeant
326 885 371 907 372
390 885 404 908 b
422 898 453 901 -—
471 885 582 913 primitivi
599 885 671 912 possi—

107 924 192 947 debant
209 925 232 947 in
249 925 381 952 communi,
399 930 443 947 non
461 924 613 952 proprietarie
625 924 669 945 399

106 964 129 986 7.
148 964 192 986 422
205 965 230 991 8,
247 964 272 986 10
283 976 315 980 -
326 964 429 991 Apostoli
441 970 509 985 usum
522 969 600 985 rerum
612 963 671 990 ipso-

107 1009 159 1026 rum
177 1003 307 1025 habuerunt
319 1002 363 1025 422
381 1004 405 1024 10
417 1015 448 1019 -
459 1009 504 1025 non
517 1002 613 1030 professi
626 1003 671 1024 fue-

108 1046 161 1065 runt
177 1042 327 1070 apostolicam
345 1045 504 1069 paupertatem
523 1041 567 1063 423
591 1041 615 1063 19

154 1082 219 1104 Fines
234 1093 266 1098 —
282 1080 386 1103 Christus
403 1087 444 1108 per
461 1081 530 1103 fldem
548 1081 570 1102 in
587 1081 672 1102 intelle-

107 1124 144 1143 ctu
162 1121 286 1143 collocatur
303 1122 327 1142 ut
349 1120 524 1142 fundamentum
548 1120 592 1141 272
615 1120 619 1140 1
641 1131 672 1135 -

110 1163 143 1182 est
159 1159 297 1182 christianae
313 1159 430 1186 religionis
453 1159 628 1181 fundamentum
651 1161 673 1180 et

110 1199 174 1221 radix
192 1198 246 1221 ibid.
264 1211 293 1214 —
311 1198 459 1226 praeferenda
478 1201 512 1220 est
523 1198 605 1220 rationi
616 1198 645 1220 69
658 1197 672 1219 5

108 1250 140 1254 —-
156 1244 235 1260 amore
252 1238 378 1266 praecipuo
396 1237 549 1260 desideranda
566 1243 593 1259 ac
604 1243 673 1265 quae-

109 1277 179 1300 renda
198 1278 243 1299 233
265 1277 270 1298 l
292 1289 323 1294 —
340 1277 403 1299 Mens
420 1280 454 1299 est
470 1276 607 1304 captivanda
628 1276 672 1298 sub

110 1316 165 1344 iugo
183 1316 236 1338 fidei
258 1316 299 1338 100
317 1316 330 1338 3
347 1328 379 1332 -
395 1316 449 1338 Fide
466 1318 520 1338 sunt
537 1315 621 1338 iudicia
638 1321 674 1338 ca—

109 1355 219 1383 ptivanda
239 1356 266 1377 16
285 1356 298 1377 9
315 1367 346 1372 -—-
363 1355 416 1377 Sine
433 1355 479 1377 fide
491 1361 560 1377 nemo
573 1356 673 1377 salvatur

110 1395 154 1417 339
174 1394 188 1416 b
204 1407 236 1411 —
253 1394 320 1423 Quod
337 1398 390 1417 sunt
412 1394 501 1422 lapides
523 1394 545 1416 111
568 1394 673 1416 aedificio

110 1437 162 1456 sunt
183 1434 272 1456 articuli
295 1434 350 1456 fidei
366 1434 389 1456 in
406 1434 483 1456 animo
501 1434 545 1456 317
564 1434 577 1456 3
595 1446 626 1450 -
643 1433 674 1455 Fi-

110 1473 146 1495 dei
163 1473 314 1496 inconstantia
331 1473 382 1495 facit
399 1472 536 1495 imbecillem
556 1473 600 1495 102
619 1473 631 1494 8
644 1486 674 1488 —

111 1512 149 1540 pia
167 1512 256 1534 veritati
275 1512 398 1534 assentitur
415 1512 459 1534 236
477 1513 490 1534 6
509 1525 538 1528 -
555 1512 634 1539 dirigit
645 1512 673 1534 ad

111 1551 234 1573 invisibilia
258 1551 302 1573 439
324 1551 338 1573 5
354 1564 385 1567 —
401 1551 562 1579 complectitur
584 1551 674 1579 omnia,

110 1596 170 1619 quae
193 1590 237 1618 ipsi
258 1590 312 1612 fidei
330 1590 490 1619 obsequuntur
507 1590 551 1612 398
571 1590 583 1612 4
600 1603 630 1606 -
648 1596 675 1612 ex

112 1629 236 1657 Scripturis
259 1629 363 1652 hauritur
384 1630 429 1651 339
448 1629 462 1651 b
479 1641 510 1645 --
529 1629 675 1657 lntelligentia

111 1668 142 1691 ad
159 1668 228 1691 fidem
246 1668 342 1696 erigitur
359 1674 401 1696 per
418 1669 551 1696 prophetias
567 1668 592 1690 71
614 1669 628 1690 2
645 1681 676 1685 -

111 1707 174 1730 Fidei
191 1707 265 1735 pietas
281 1707 415 1730 aedificatur
427 1707 506 1729 verbis
517 1707 675 1735 simplicibus,

112 1747 226 1769 consuetis
247 1749 269 1769 et
290 1746 389 1769 rudibus
406 1747 435 1769 68
453 1748 466 1769 2
485 1759 515 1763 -
531 1747 575 1769 Pro
597 1747 676 1769 intelli-

113 1785 188 1813 gentia
199 1786 250 1807 fidei
261 1786 407 1814 philosophia
416 1786 585 1808 estnecessaria
594 1786 639 1808 335
648 1786 655 1808 4
663 1787 676 1808 2

158 1836 189 1841 --
207 1825 303 1847 Devotio
321 1825 439 1847 scientiam
457 1825 511 1847 fidei
524 1825 615 1847 dulcem
627 1825 676 1847 red·

114 1863 147 1886 dit
168 1863 208 1885 l48
227 1864 240 1886 2
258 1876 287 1879 -
304 1870 352 1886 non
370 1864 420 1886 ficta
438 1864 522 1886 dicitnr
539 1867 634 1892 propter
647 1867 677 1886 10-

114 1902 233 1925 lerantiam
251 1903 403 1925 adversorum
421 1903 467 1925 245
484 1903 497 1925 3
511 1916 540 1919 -
552 1903 678 1925 estsimilis

114 1941 168 1964 vino
187 1943 231 1964 223
254 1942 294 1964 159
312 1954 343 1958 -
359 1942 449 1970 Religio
466 1942 603 1964 christianae
625 1942 679 1964 fidei

116 1981 246 2003 communis
263 1984 297 2003 est
314 1981 421 2009 perfectis
438 1984 460 2003 et
477 1981 617 2009 imperfectis
634 1981 674 2003 264

115 2020 144 2041 43
161 2032 193 2036 —
210 2019 345 2042 haeresibus
361 2020 472 2043 scinditur
490 2020 535 2042 378
554 2021 577 2042 44
597 2033 628 2037 —
640 2021 680 2042 De-

115 2059 210 2087 scriptio
227 2062 298 2082 status
319 2059 443 2082 defectuosi
462 2060 541 2088 populi
564 2060 679 2082 christiani

115 2098 160 2120 318
179 2099 192 2120 6
207 2110 239 2114 -
255 2099 376 2121 excitanda
393 2102 428 2121 est
444 2105 487 2127 pro
504 2105 524 2121 s.
543 2099 678 2122 eucharistia

115 2137 247 2165 recipienda
271 2138 299 2160 99
327 2138 348 2160 4.
375 2138 419 2160 400
447 2138 468 2160 3.
486 2144 522 2167 sq.
540 2139 612 2160 —ln
634 2138 680 2160 fide

117 2175 273 2199 obediendum
286 2177 414 2199 definitioni
423 2177 507 2199 Vicarii
517 2176 600 2199 Christi
611 2178 674 2200 2351

163 2216 252 2238 ΡιυυοιΑ
269 2228 299 2231 -
316 2216 362 2238 Cur
379 2216 401 2238 in
420 2216 493 2238 Deum
511 2216 539 2239 sit
561 2216 679 2239 fidendum

118 2254 163 2277 474
180 2255 193 2276 2
212 2267 242 2270 -
258 2254 332 2277 Causa
350 2255 448 2277 fiduciae
470 2258 505 2277 est
529 2255 606 2278 divina
629 2262 678 2284 pro-

117 2293 196 2316 missio
214 2294 258 2316 323
276 2294 305 2316 22
322 2305 354 2310 -
371 2294 488 2316 Fiduciam
505 2294 554 2322 spei
567 2294 680 2317 habemus

117 2339 130 2355 a
147 2332 236 2355 Christo
254 2333 267 2354 8
285 2333 306 2355 3.
325 2333 349 2354 44
376 2333 401 2355 12
418 2345 449 2349 -
466 2332 524 2355 Cum
542 2333 626 2355 fiducia
644 2339 681 2355 ac-

119 2371 249 2394 cedendum
266 2372 296 2394 ad
314 2373 387 2394 lesum
406 2372 540 2394 crucifixum
559 2372 602 2394 «187
622 2373 629 2393 1
650 2384 681 2388 -

120 2410 216 2433 Devouo
233 2411 255 2433 in
273 2411 382 2433 fiduciam
399 2411 467 2439 erigit
485 2411 529 2433 448
547 2412 560 2433 2

166 2450 248 2472 Ficum
275 2462 307 2466 —
335 2451 358 2472 ln
386 2453 522 2472 testamento
550 2450 621 2472 veteri
649 2453 682 2472 est

118 2489 282 2517 praefiguratio
308 2489 363 2511 novi
388 2489 432 2511 287
451 2489 463 2511 3
481 2501 513 2505 -
533 2489 682 2516 transierunt,

119 2528 219 2551 revelata
236 2528 332 2551 veritate
350 2528 394 2550 296
411 2528 425 2551 7

165 2567 235 2590 Ftttus
250 2579 281 2583 —
306 2570 340 2590 est
363 2568 425 2590 Deus
451 2567 542 2595 genitus
568 2568 597 2589 de
625 2568 683 2595 Deo,

125 2610 259 2629 coaeternus
275 2610 298 2629 et
314 2606 514 2629 consubstantialis
531 2607 565 2633 ei,
586 2607 615 2629 de
637 2612 684 2635 quo

122 2650 156 2667 est
174 2646 218 2667 460
236 2646 249 2667 2
261 2657 292 2662 -
304 2649 426 2673 generatur
439 2652 451 2668 a
465 2646 530 2668 Patre
541 2646 599 2668 sicut
611 2646 685 2673 splen-

122 2684 165 2707 dor
181 2690 193 2706 a
211 2685 262 2706 luce
280 2684 309 2707 47
327 2685 352 2706 44
372 2697 402 2701 —
415 2688 448 2707 est
461 2685 581 2712 proprium
594 2685 685 2707 divinae

121 2729 234 2751 personae
259 2723 312 2746 ibid.
342 2736 368 2739 —
394 2724 448 2746 Filio
466 2724 629 2752 appropriatur
646 2730 686 2746 vc-

123 2762 189 2789 ritas,
201 2763 254 2791 quia
267 2763 356 2790 imago,
368 2763 491 2791 sapientia,
503 2763 557 2791 quia
570 2762 685 2791 Verbum,

122 2801 266 2829 pulcritudo,
278 2804 372 2829 propter
385 2802 505 2824 veritatem
518 2804 540 2824 et
551 2801 685 2829 sapientiam

122 2839 152 2862 ib.
168 2840 193 2861 12
203 2852 234 2856 -
243 2841 270 2862 Ut
281 2840 393 2862 maiorem
404 2841 504 2863 fructum
517 2842 607 2868 faceret,
617 2842 686 2863 hoino

123 2880 197 2901 factus
214 2881 248 2901 est
262 2879 304 2900 160
317 2880 330 2901 2
343 2891 374 2896 -
387 2880 535 2907 inspiratione
548 2883 686 2907 conceptum

123 2917 269 2945 propositum
288 2924 358 2945 opere
375 2919 464 2946 perficit
481 2919 510 2941 94
528 2919 541 2941 2
559 2931 589 2935 -
605 2918 687 2946 glorifi-

126 2956 213 2978 candus
229 2959 263 2978 est
281 2956 310 2978 95
327 2957 340 2979 3
358 2968 389 2973 —
406 2957 465 2979 Laus
487 2957 585 2979 flliorum
608 2957 688 2984 ampli-

124 2995 175 3018 fleat
193 2995 283 3017 laudem
301 2998 392 3023 patrum
415 2996 459 3018 236
478 2997 490 3019 3
508 3008 538 3013 -
556 2995 686 3018 Filiusfami-

796 219 895 247 lNDEX
916 218 1163 247 ALPHABETICUS.

701 298 742 319 lias
759 297 781 319 in
799 297 890 325 peculio
902 297 1030 325 profectitio
1043 302 1111 319 usum
1124 295 1204 323 habet,
1218 302 1264 318 non

701 336 866 364 proprietatem
884 336 929 358 312
946 336 959 358 7

749 376 808 398 Faus
824 388 854 391 —-
871 375 963 398 debitus
980 376 1043 398 omni
1055 375 1118 403 operi
1137 375 1265 402 praefigen-

701 414 746 437 dus
765 415 807 437 408
826 415 839 436 2
857 427 888 431 -
904 415 1025 442 diligenter
1048 413 1203 436 intendendus
1220 413 1232 435 4
1252 413 1264 435 4

701 466 732 469 —-
749 454 845 476 Ratione
862 453 913 476 finis
930 453 1017 482 aliquid
1034 453 1059 475 fit
1076 452 1136 475 bene
1152 453 1188 474 vel
1206 453 1265 474 male

703 493 746 522 266
767 493 775 514 4
798 505 826 508 —
844 493 948 515 omnium
966 495 1000 514 est
1018 492 1090 520 gloria
1107 492 1147 514 Dei
1164 491 1189 513 71
1216 492 1221 513 1

749 532 840 554 Fisrcta
860 544 887 547 —
905 534 1012 554 causatur
1029 537 1042 553 a
1060 532 1155 553 vulnere
1173 531 1217 553 132
1236 532 1249 552 2

748 571 858 594 Famam
870 583 901 587 —
914 571 973 593 Deus
985 576 1010 593 se
1022 577 1063 598 per
1076 571 1164 598 flagella
1176 576 1266 598 reprae-

701 614 774 633 sentat
793 610 838 632 205
856 611 880 632 91
902 622 934 626 -—
950 610 1067 632 toleranda
1085 610 1190 637 exemplo
1202 609 1266 631 Chri-

702 650 730 672 sti
752 650 793 672 185
812 651 825 672 2
842 662 873 666 -
889 649 1047 672 Consideratio
1065 648 1161 677 praemii
1185 649 1267 671 minuit

702 689 749 711 vim
768 689 851 717 flagelli
869 689 897 711 58
917 689 929 710 8

749 728 867 750 Ρ1Αο1τ11111
884 740 915 744 -
938 728 1043 750 iteratum
1066 727 1138 755 duplo
1160 727 1267 754 displicet

703 767 747 789 537
765 767 779 789 5

750 807 821 828 Ftizna
846 818 877 822 —
903 805 1031 834 Deploratio
1057 805 1126 827 debet
1151 805 1199 827 11811
1226 811 1267 833 [110

704 845 876 873 perpetratione
898 845 994 873 culpae.
1019 845 1143 867 amissione
1168 845 1267 872 gratiae,

704 885 811 907 dilatione
829 884 915 912 gloriae
933 885 945 905 8
958 885 971 906 2
985 897 1013 899 -
1027 884 1081 906 Mala
1094 884 1218 906 commissa
1231 883 1268 906 118-

704 923 779 946 flenda
798 923 810 945 4
829 923 851 945 4.
870 923 912 945 408
931 924 944 945 2
962 935 989 939 -
1009 923 1114 945 Humana
1127 923 1218 945 miseria
1231 922 1269 945 de-

704 963 779 985 nenda
798 962 828 984 74
850 962 876 984 14
892 974 924 978 -
940 962 1044 984 Christus
1061 962 1147 989 pluries
1163 961 1226 984 flevit
1237 961 1268 983 74

708 1002 733 1023 14
750 1014 781 1018 -
793 1002 825 1023 Te
838 1001 914 1029 ipsum
933 1001 992 1023 defle
1008 1001 1113 1028 exemplo
1126 1000 1184 1023 Petri
1195 1000 1225 1022 76
1238 1000 1263 1022 21

751 1041 834 1063 Frontis
853 1053 881 1056 —
898 1040 1012 1063 delectant
1035 1041 1074 1062 221
1104 1039 1146 1061 149
1167 1051 1198 1055 -—-
1215 1039 1268 1061 Sine

705 1081 761 1102 flore
778 1086 824 1102 non
843 1079 978 1108 pervenitur
996 1079 1025 1101 ad
1042 1080 1142 1109 fructum
1156 1078 1199 1100 479
1216 1079 1221 1100 t
1238 1091 1268 1094 —

705 1119 808 1142 serviunt
825 1119 854 1141 ad
872 1119 917 1141 mel
936 1118 1066 1141 faciendum
1086 1119 1125 1140 221
1144 1117 1187 1140 149
1200 1117 1269 1139 —si-

705 1158 815 1187 gnificant
832 1158 930 1180 virtutes
948 1158 991 1179 180
1011 1158 1018 1179 1
1041 1169 1071 1174 —
1089 1158 1186 1179 Effectus
1206 1157 1269 1179 floris

706 1197 762 1225 ligni
779 1198 841 1219 vitae
858 1197 887 1219 69
905 1197 918 1218 3

752 1237 842 1259 Fomum
860 1249 890 1253 —
907 1236 1021 1264 significat
1032 1236 1168 1264 temporalia
1182 1236 1226 1258 327
1240 1236 1268 1258 32

752 1276 817 1298 ΓοιιΑ
834 1287 865 1292 -
882 1276 935 1298 vitis
951 1276 1001 1298 aliis
1026 1275 1191 1303 praestantiora
1217 1278 1270 1297 511111

711 1315 747 1337 171
771 1315 778 1337 4
799 1315 903 1342 —ligni
921 1315 981 1337 ritae
998 1318 1032 1337 est
1056 1314 1155 1336 verbum
1181 1314 1269 1341 crucis,

706 1354 770 1383 quod
787 1357 821 1376 est
832 1354 1027 1376 medicamentum
1040 1359 1193 1381 praeservans
1204 1356 1226 1375 et
1238 1359 1270 1376 re-

707 1399 791 1421 parans
809 1393 837 1415 69
857 1393 868 1414 3

754 1433 826 1455 13011115
843 1445 873 1447 -
891 1432 1002 1454 ariditatis
1019 1435 1053 1454 851
1065 1431 1166 1459 desidia,
1179 1437 1271 1459 perver-

707 1471 779 1494 sitatis
802 1471 898 1499 malitia,
925 1471 1048 1499 voluptatis
1073 1471 1270 1499 concupiscentia,

708 1511 814 1533 vanitatis
832 1510 941 1539 snperbia
961 1511 989 1532 12
1007 1511 1020 1532 2
1038 1523 1067 1525 -
1079 1510 1231 1538 exstinguitur
1242 1510 1272 1532 ri-

708 1556 764 1578 gore
781 1549 836 1573 ibid.
854 1562 885 1566 —
897 1550 1048 1578 exstinguitur
1060 1550 1205 1578 implorando
1217 1549 1272 1572 sub-

707 1590 791 1612 sidium
815 1588 870 1612 ibid.
887 1601 917 1606 —
934 1589 1091 1617 Expugnanda
1115 1592 1210 1617 propter
1232 1589 1272 1611 ad-

708 1629 837 1651 versarium
859 1628 884 1650 15
903 1630 915 1650 8

755 1669 811 1690 ΓοΝ5
827 1680 858 1684 -
875 1668 973 1695 irrigans
990 1667 1098 1690 arborem
1120 1667 1195 1690 crucis
1211 1668 1240 1689 68
1259 1668 1272 1689 3

707 1719 738 1724 -
755 1707 877 1735 egrediens
894 1707 923 1729 de
941 1707 1018 1729 medio
1043 1707 1145 1734 paradisi
1167 1709 1202 1729 est
1223 1712 1274 1729 san-

708 1746 761 1774 guis
777 1746 859 1769 Christi
884 1746 914 1768 80
932 1746 960 1767 30
981 1759 1009 1761 -
1026 1746 1151 1774 gratiarum
1169 1745 1272 1768 omnium

708 1789 743 1808 est
759 1785 862 1808 Christus
879 1785 908 1807 85
927 1785 955 1807 48

756 1825 815 1847 Foai
833 1837 864 1841 —
882 1825 926 1846 560
945 1825 958 1846 2

757 1864 890 1886 Fomucmto
907 1875 938 1880 —
955 1864 1019 1892 Quae
1035 1869 1119 1885 cavere
1139 1862 1223 1885 debeat
1239 1869 1274 1885 su-

711 1906 804 1931 spectus
821 1903 850 1925 de
868 1903 1017 1925 fornicatione
1035 1903 1079 1924 365
1097 1908 1108 1924 a
1127 1915 1157 1919 —
1174 1902 1275 1925 Clericus

712 1942 815 1964 notorius
833 1942 955 1964 fornicator
971 1945 1006 1964 est
1022 1948 1151 1970 suspensus
1169 1942 1212 1964 358
1231 1947 1244 1964 a

759 1982 883 2004 Fonriwno
900 1993 931 1998 -·
942 1984 977 2003 est
994 1981 1067 2003 virtus
1084 1981 1189 2003 omnium
1207 1983 1277 2003 tenta-

713 2020 802 2043 tionum
819 2021 934 2043 sustinens
951 2020 1048 2043 insultus
1066 2020 1110 2042 199
1132 2020 1162 2042 73
1184 2032 1216 2036 -
1236 2021 1276 2042 110-

712 2060 781 2083 5111111]
794 2060 915 2082 violentias
926 2062 1022 2082 enervat
1033 2060 1062 2081 86
1075 2059 1103 2081 49
1116 2071 1147 2076 —-
1163 2062 1197 2082 est
1208 2059 1277 2081 valde

713 2099 842 2122 necessaria
860 2099 904 2121 499
921 2099 950 2120 73
969 2111 999 2114 --
1017 2098 1173 2126 corrumpitur
1190 2098 1277 2120 accidia

713 2137 768 2161 ibid.
784 2151 815 2154 ——
832 2138 959 2166 acquiritur
983 2137 1119 2160 abstinentia
1142 2137 1187 2160 260
1211 2138 1224 2159 9
1248 2150 1277 2153 -

713 2177 817 2200 Christus
834 2177 864 2200 ad
881 2177 962 2205 gravia
977 2177 1114 2205 perferenda
1127 2177 1195 2204 erigit
1205 2176 1235 2199 73
1249 2176 1277 2198 10

760 2217 836 2239 Fonuu
853 2228 884 2233 --
901 2216 1054 2238 conscientiae
1072 2215 1115 2238 429
1135 2216 1147 2237 8

759 2256 850 2278 Fovaam
875 2268 905 2271 —
931 2255 1009 2278 fodere
1034 2258 1068 2278 est
1093 2255 1146 2278 dolo
1170 2255 1279 2283 decipere

715 2295 759 2317 162
780 2296 787 2317 4

760 2334 894 2356 Fniinctscus
905 2345 936 2350 —
948 2333 976 2355 de
988 2333 1074 2355 Assisio
1087 2333 1153 2356 traxit
1164 2333 1278 2361 originem

715 2372 760 2394 505
780 2373 800 2394 ·1.
819 2372 865 2394 565
877 2378 890 2394 a
908 2372 1044 2394 —loannes
1061 2372 1192 2394 nominatur
1209 2378 1222 2394 a
1234 2378 1280 2394 ma·

715 2414 748 2434 tre
766 2411 811 2433 396
830 2411 853 2433 11
874 2423 906 2427 -
923 2411 976 2433 Eius
993 2411 1100 2433 iuventus
1116 2410 1162 2433 505
1180 2411 1188 2432 1
1210 2423 1241 2427 -
1258 2411 1280 2433 111

715 2450 810 2472 ecclesia
828 2451 851 2472 S.
868 2450 960 2478 Georgii
979 2450 1064 2472 litteras
1076 2449 1163 2477 didicit,
1175 2450 1281 2477 primitus

717 2489 860 2517 praedicavit
876 2492 898 2511 et
915 2489 990 2511 locum
1018 2489 1119 2516 primum
1142 2489 1225 2517 quietis
1244 2494 1281 2511 ac-

716 2528 778 2557 cepit
795 2528 839 2550 548
858 2528 872 2550 5
889 2540 920 2544 —
939 2528 1006 2550 Varia
1024 2527 1144 2555 praeludia
1156 2528 1282 2550 sanctitatis

717 2568 761 2589 506
781 2568 788 2589 1
810 2580 840 2583 -
858 2567 899 2589 Vir
915 2567 1010 2596 quidam
1027 2567 1101 2595 ipsius
1119 2566 1217 2594 pedibus
1228 2570 1282 2589 ster·

717 2610 754 2629 net
771 2606 935 2629 vestimentum
952 2605 1006 2628 ibid.
1030 2618 1062 2622 —
1078 2605 1172 2628 diutinis
1188 2605 1281 2633 tanguo-

717 2645 782 2667 ribus
799 2645 908 2673 affligitur
925 2644 954 2668 ib.
972 2646 985 2667 2
1004 2657 1034 2661 -
1060 2645 1180 2667 Somnium
1197 2644 1227 2667 de
1244 2650 1282 2672 pa-

718 2685 771 2707 latio
788 2688 811 2707 et
826 2684 897 2706 armis
914 2684 958 2707 506
976 2684 997 2706 3.
1016 2684 1061 2706 565
1079 2684 1094 2706 b
1111 2690 1178 2706 —se
1195 2683 1282 2706 subtra-

719 2724 751 2746 hit
768 2729 780 2745 a
798 2723 954 2751 negotiatione
971 2723 1015 2745 506
1034 2722 1047 2745 4
1072 2735 1102 2739 —
1127 2723 1217 2752 quaerit
1233 2723 1281 2745 loca

719 2762 816 2785 solitaria
835 2761 888 2785 ibid.
905 2762 950 2784 507
976 2762 997 2784 5.
1015 2762 1056 2784 571
1086 2761 1101 2784 b
1126 2774 1155 2778 --
1181 2762 1282 2790 perfecte

719 2801 861 2824 convertitur
878 2801 907 2823 ad
924 2801 998 2823 Deum
1015 2801 1060 2823 507
1085 2801 1105 2822 4.
1123 2801 1168 2823 508
1186 2801 1208 2823 2.
1230 2807 1282 2829 sqq,

721 2853 749 2856 —
767 2840 885 2863 doctorem
904 2839 984 2862 habuit
1000 2839 1117 2862 Christum
1142 2839 1186 2861 507
1215 2840 1222 2861 4
1251 2851 1282 2856 —-

720 2880 811 2907 leproso
837 2879 876 2901 dat
900 2879 1022 2907 pecuniam
1046 2885 1098 2901 cum
1116 2879 1195 2901 osculo
1216 2878 1245 2901 ib.
1268 2878 1282 2900 5

719 2931 750 2934 —
764 2918 867 2940 Christus
883 2917 903 2940 ei
920 2920 1017 2945 apparet
1033 2917 1096 2939 cruci
1113 2918 1217 2940 confixus
1229 2916 1281 2940 ibid.

719 2969 749 2973 —
763 2957 815 2979 Eius
826 2960 951 2984 conspectu
968 2957 1080 2979 memoria
1097 2957 1210 2984 passionis
1221 2956 1284 2979 Chri-

720 2996 748 3018 sti
765 2996 808 3023 ipsi
826 2995 936 3024 impressa
954 2998 988 3018 cst
1005 2996 1049 3018 566
1067 3002 1079 3017 a
1101 3008 1131 3011 —
1156 2996 1283 3019 Renovatio

1804 219 1859 246 709

1554 257 1609 279 FRA

1297 296 1332 318 sui
1353 296 1466 319 interioris
1486 296 1585 318 hominis
1605 296 1649 318 507
1671 297 1684 318 6
1705 309 1735 312 —
1755 296 1861 324 pauperi-

1299 334 1342 357 bus
1359 341 1400 357 sua
1418 338 1440 358 et
1452 341 1476 358 se
1489 335 1565 363 ipsum
1582 336 1645 363 cupit
1662 335 1796 363 impendere
1815 335 1859 357 506

1299 374 1319 396 1.
1337 374 1381 396 507
1400 375 1421 396 6.
1439 381 1473 403 sq.
1491 375 1536 397 565
1554 381 1566 397 11
1583 387 1614 391 -
1626 375 1722 402 pauperi
1740 375 1804 397 militi
1822 375 1860 397 do-

1298 416 1336 435 nat
1353 419 1394 435 sua
1413 414 1548 436 vestimenta
1567 414 1611 436 506
1630 415 1643 435 2
1662 426 1690 430 —
1702 413 1861 437 sacerdotibus

1298 451 1441 480 pauperibus
1457 452 1611 475 subveniebat
1628 452 1680 476 ibid.
1698 466 1727 469 —
1745 453 1821 475 visitat
1840 453 1862 475 li·

1299 491 1360 513 mina
1377 492 1399 513 S.
1417 491 1475 514 Petri
1493 490 1546 514 ibid.
1573 503 1603 508 —
1624 492 1695 514 servit
1719 492 1815 520 leprosis
1840 495 1862 514 et

1299 529 1442 558 pauperibus
1458 529 1513 553 ibid.
1531 531 1575 553 509
1593 531 1614 553 6.
1632 531 1677 553 566
1703 530 1718 553 b
1742 543 1773 547 —
1798 531 1862 554 audit

1299 572 1448 597 praeceptum
1467 569 1496 591 de
1513 570 1642 598 reparanda
1659 570 1729 592 domo
1753 570 1792 592 Dei
1816 570 1861 592 508

1304 608 1320 629 1.
1339 608 1383 630 566
1402 614 1414 630 a
1431 621 1462 625 —
1483 609 1547 630 Falso
1565 609 1694 637 intelligens
1712 610 1754 632 hoc
1771 616 1862 637 praece-

1299 650 1376 675 ptum,
1388 653 1477 675 pannos
1489 647 1592 670 vendidit
1608 651 1630 670 et
1647 649 1768 676 pecuniam
1781 648 1863 671 obtulit

1299 686 1413 709 sacerdoti
1431 686 1475 709 508
1495 687 1502 708 1
1524 699 1555 703 -
1572 690 1675 710 moratur
1692 688 1721 709 ad
1738 689 1762 710 S.
1774 688 1862 710 Damia-

1300 732 1355 748 num
1375 725 1436 753 ibid„
1454 732 1489 754 sq.
1507 726 1551 748 566
1570 726 1585 748 b
1601 738 1632 743 —
1649 727 1733 749 timens
1749 727 1808 749 iram
1825 733 1863 755 pa-

1300 765 1339 787 tris
1356 771 1381 786 se
1398 765 1519 787 abscondit
1536 765 1580 787 508
1599 766 1620 788 2.
1638 766 1682 788 566
1700 772 1712 788 11
1737 778 1768 782 -
1784 772 1796 788 a
1823 767 1864 788 Do-

1300 804 1363 826 mino
1380 805 1520 826 confortatus
1529 805 1589 827 redit
1601 805 1713 827 Assisium
1726 805 1770 827 508
1784 806 1805 827 2.
1817 806 1862 828 566

1301 842 1316 864 b
1327 855 1358 859 -
1371 846 1395 865 ut
1406 843 1491 866 surdus
1503 844 1626 871 pertransit
1638 844 1797 866 insultationes
1809 843 1863 867 ibid.

1300 894 1330 898 —
1342 888 1354 903 a
1367 885 1432 909 patre
1445 881 1533 910 verbis,
1551 882 1695 909 verberibus,
1712 883 1810 905 vinculis
1824 890 1864 906 an-

1300 921 1362 948 gitur
1379 920 1431 943 ibid.
1449 933 1480 937 -
1507 924 1580 944 mater
1597 928 1651 944 eum
1675 921 1739 944 abire
1761 922 1864 950 permisit

1301 960 1346 981 508
1365 960 1378 981 3
1395 972 1426 976 ——
1443 966 1467 982 se
1485 962 1550 983 oss'ert
1567 961 1627 988 patri
1647 961 1729 983 furenti
1754 960 1809 984 ibid.
1836 974 1865 977 --

1300 999 1416 1021 renuntiat
1443 999 1587 1022 facultatibus
1622 1000 1736 1027 paternis,
1768 1000 1866 1023 restituit

1301 1038 1369 1060 etiam
1388 1038 1525 1060 vestimenta
1541 1039 1585 1061 508
1605 1039 1625 1061 4.
1643 1040 1688 1061 566
1707 1039 1721 1061 b
1736 1051 1766 1055 —
1778 1039 1807 1061 ab
1820 1040 1865 1067 epi-

1301 1083 1373 1105 scopo
1390 1077 1486 1100 vestitur
1503 1077 1547 1100 508
1566 1078 1579 1100 4
1596 1090 1627 1094 -
1644 1085 1656 1100 a
1674 1079 1776 1107 quodam
1791 1079 1865 1101 amico

1302 1116 1402 1138 tunicula
1419 1122 1521 1144 paupere
1539 1120 1657 1139 contectus
1674 1120 1708 1140 est
1733 1117 1778 1139 509
1796 1118 1809 1139 6
1836 1130 1866 1134 -

1303 1155 1431 1177 latronibus
1448 1162 1473 1178 se
1489 1156 1580 1178 exhibet
1599 1160 1623 1179 ut
1635 1163 1774 1184 praeconem
1787 1157 1866 1184 magni

1302 1194 1373 1222 Regis
1390 1195 1435 1216 509
1454 1195 1475 1217 5.
1493 1196 1537 1217 566
1556 1195 1571 1218 b
1583 1196 1761 1218 —testimoniis
1777 1200 1866 1224 septem

1302 1234 1429 1256 ostenditur
1447 1238 1470 1257 ut
1482 1240 1566 1262 praeco
1578 1234 1660 1258 Christi
1673 1235 1717 1257 579
1730 1235 1745 1257 b
1757 1247 1787 1252 —-
1799 1236 1868 1258 Oscu-

1303 1273 1372 1295 lando
1395 1276 1460 1296 sanat
1484 1274 1601 1302 leprosum
1627 1274 1671 1296 509
1694 1276 1706 1297 6
1732 1287 1764 1291 -
1788 1275 1866 1297 divina

1303 1313 1449 1340 providentia
1467 1313 1610 1341 dirigebatur
1627 1313 1656 1337 ib.
1674 1315 1686 1335 8
1704 1326 1734 1330 ——
1751 1315 1799 1336 Hoc
1811 1317 1867 1336 nutu

1303 1354 1349 1373 tres
1366 1352 1474 1374 ecclesias
1490 1353 1560 1375 erexit
1577 1352 1631 1375 ibid.
1648 1365 1679 1369 —
1691 1359 1704 1375 a
1720 1353 1868 1375 sensibilibus

1303 1391 1333 1413 ad
1351 1391 1512 1419 intelligibilia,
1537 1398 1549 1414 a
1573 1392 1701 1414 minoribus
1726 1392 1756 1414 ad
1781 1393 1868 1414 maiora

1303 1430 1408 1452 ordinate
1426 1431 1559 1453 conscendit
1575 1430 1629 1453 ibid.
1647 1443 1677 1448 —
1694 1431 1751 1459 quid
1768 1435 1828 1453 esset
1841 1433 1869 1453 fa-

1304 1472 1383 1491 cturus
1405 1476 1476 1497 opere
1492 1470 1651 1498 praesignavit
1674 1471 1718 1492 510
1746 1471 1766 1492 8.
1789 1470 1833 1492 567
1856 1477 1868 1492 a

1306 1521 1334 1524 —-
1351 1512 1444 1536 reparat
1459 1509 1578 1531 ecclesiam
1597 1510 1619 1531 S.
1637 1509 1742 1532 Damiani
1758 1513 1780 1532 et
1797 1510 1819 1532 S.
1832 1510 1870 1532 Pe-

1305 1548 1333 1570 tri
1350 1547 1395 1569 509
1412 1547 1435 1570 7.
1453 1548 1497 1570 567
1516 1554 1529 1570 11
1552 1560 1584 1565 —
1606 1552 1628 1571 et
1645 1549 1804 1571 Portiunculae
1824 1549 1868 1572 509

1306 1587 1327 1609 8.
1345 1586 1389 1609 567
1407 1593 1419 1609 a
1437 1600 1467 1603 ——
1484 1588 1568 1616 accipit
1584 1588 1689 1615 regulam
1707 1588 1869 1616 Apostolorum

1306 1626 1351 1648 510
1370 1627 1391 1648 1.
1408 1626 1453 1649 567
1471 1633 1482 1648 a
1506 1640 1536 1643 —
1562 1627 1638 1655 coepit
1655 1628 1801 1655 evangelicae
1818 1634 1870 1655 per-

1307 1665 1409 1688 fectionis
1426 1667 1553 1689 aemulator
1571 1667 1667 1689 existere
1684 1667 1729 1688 510
1753 1667 1773 1689 2.
1792 1667 1837 1689 567
1855 1666 1870 1689 b

1307 1717 1337 1721 —
1354 1705 1383 1727 ad
1400 1705 1564 1733 poenitentiam
1582 1706 1663 1728 invitat
1679 1705 1724 1728 510
1749 1707 1772 1728 2.
1792 1706 1837 1728 567
1856 1705 1871 1728 b

1307 1756 1337 1760 —
1354 1744 1454 1772 Quidam
1476 1744 1520 1767 viri
1537 1745 1558 1767 ei
1581 1745 1754 1773 coniunguntur
1779 1745 1824 1767 510
1850 1746 1872 1767 3.

1307 1789 1359 1811 sqq.
1376 1783 1421 1805 567
1439 1783 1454 1805 b
1471 1796 1502 1799 —
1519 1784 1544 1806 B.
1563 1784 1634 1806 Patris
1651 1784 1821 1812 primogenitus
1838 1787 1871 1807 est

1308 1823 1333 1845 B.
1352 1822 1482 1845 Bernardus
1499 1823 1544 1845 510
1562 1823 1574 1845 3
1592 1835 1624 1839 -
1640 1823 1684 1845 sibi
1701 1823 1799 1846 associat
1816 1824 1872 1846 alios

1308 1862 1370 1884 viros
1387 1861 1417 1884 ib.
1435 1862 1448 1884 4
1459 1874 1491 1878 —
1502 1862 1561 1884 Crux
1578 1868 1647 1885 aurea
1663 1868 1690 1884 ex
1702 1863 1751 1885 eins
1768 1869 1808 1885 ore
1819 1868 1872 1890 pro-

1308 1901 1369 1924 cedit
1386 1902 1427 1924 511
1450 1902 1463 1924 5

1357 1954 1386 1957 —-
1411 1941 1489 1963 scribit
1507 1941 1607 1968 primam
1626 1941 1738 1969 Regulam
1756 1940 1783 1964 ib.
1803 1941 1816 1963 8
1841 1953 1872 1957 —

1309 1980 1373 2003 Yisio
1391 1980 1529 2003 miraculosa
1546 1980 1625 2009 quoad
1642 1980 1740 2008 primam
1758 1981 1871 2008 Regulam

1310 2020 1354 2042 516
1373 2020 1397 2042 tt
1413 2032 1444 2036 —
1461 2019 1497 2042 bis
1514 2019 1593 2042 scribit
1604 2020 1715 2047 Regulam
1728 2019 1783 2042 ibid.
1795 2032 1824 2035 —-
1834 2020 1874 2042 Re·

1310 2059 1389 2087 gulam
1410 2059 1499 2086 accepit
1524 2059 1546 2081 in
1572 2062 1649 2081 monte
1674 2059 1873 2087 contemplationis

1311 2097 1355 2120 438
1374 2099 1387 2120 2
1404 2110 1436 2114 -
1452 2098 1565 2126 Regulam
1584 2098 1706 2120 condendo
1723 2104 1748 2120 se
1765 2098 1875 2120 fundabat

1311 2143 1381 2165 super
1398 2137 1513 2160 Christum
1533 2137 1577 2159 444
1595 2137 1625 2159 24
1643 2149 1673 2152 -
1691 2137 1776 2165 Spiritu
1796 2137 1819 2158 S.
1846 2143 1879 2159 re-

1311 2177 1401 2199 velante
1418 2176 1530 2204 Regulam
1548 2176 1651 2199 condidit
1676 2176 1721 2198 389
1750 2176 1772 2198 11
1801 2188 1833 2192 -
1855 2176 1877 2198 in

1311 2216 1399 2244 Regula
1417 2221 1487 2238 omne
1504 2215 1585 2238 vitium
1605 2215 1717 2243 relegavit
1739 2215 1768 2237 ab
1791 2215 1878 2237 Ordine

1313 2255 1356 2277 439
1376 2255 1388 2277 4
1405 2267 1437 2271 -
1453 2254 1565 2277 Ordinem
1577 2254 1600 2277 in
1612 2260 1704 2276 summa
1716 2254 1814 2282 puritate
1827 2256 1878 2276 fun-

1312 2294 1376 2316 davit
1393 2294 1433 2316 374
1454 2300 1467 2316 a
1484 2305 1515 2310 —
1532 2294 1573 2316 tria
1590 2293 1699 2321 proponit
1723 2293 1830 2315 vovenda
1853 2295 1877 2315 ut

1313 2333 1474 2359 fundamenta,
1501 2332 1541 2354 tria
1569 2332 1716 2354 commendat
1740 2335 1764 2354 ut
1788 2332 1876 2355 deside-

1313 2371 1384 2394 randa
1402 2371 1447 2393 246
1466 2372 1494 2393 10
1519 2383 1550 2387 -
1575 2371 1739 2399 perfectionem
1758 2372 1877 2399 Evangelii

1313 2410 1414 2433 servavit
1431 2413 1453 2432 et
1469 2410 1548 2432 docuit
1564 2410 1608 2432 247
1628 2411 1656 2432 40
1668 2423 1699 2426 —
1710 2412 1758 2433 erat
1775 2411 1876 2438 Regulae

1314 2449 1449 2472 observator
1473 2449 1654 2477 perfectissimus
1680 2449 1724 2472 334
1742 2450 1764 2472 9.
1784 2450 1829 2472 389
1848 2450 1872 2472 11

1313 2501 1344 2505 —
1361 2488 1406 2511 Cur
1423 2494 1508 2511 novam
1526 2489 1639 2516 Regulam
1657 2489 1778 2511 instituerit
1795 2489 1838 2511 338
1856 2495 1878 2511 a.

1315 2527 1359 2549 400
1376 2527 1389 2549 9
1413 2539 1444 2544 -
1468 2527 1553 2550 Petita
1572 2528 1632 2555 Papa
1654 2528 1786 2550 innocentio
1812 2528 1877 2550 tertio

1314 2567 1417 2594 Regulae
1433 2567 1631 2589 confirmationem
1650 2567 1690 2589 511
1713 2567 1733 2589 8.
1751 2567 1796 2589 512
1809 2567 1831 2589 9.
1842 2573 1877 2596 sq.

1314 2605 1359 2628 567
1377 2605 1392 2627 b
1415 2617 1446 2622 --
1469 2606 1567 2628 insinuat
1591 2606 1667 2634 Papae
1690 2605 1822 2633 parabolam
1848 2606 1878 2628 de

1314 2650 1370 2672 rege
1386 2650 1440 2667 cum
1453 2645 1548 2667 muliere
1560 2650 1662 2673 paupere
1674 2646 1820 2667 contrahente
1833 2644 1878 2667 512

1316 2684 1344 2705 10
1361 2696 1392 2700 -
1410 2683 1472 2706 Visio
1490 2686 1512 2706 et
1531 2684 1652 2712 prophetia
1674 2684 1703 2706 de
1719 2685 1795 2706 futuro
1817 2687 1877 2706 statu

1315 2722 1407 2745 Ordinis
1424 2723 1448 2745 54
1459 2723 1464 2744 1
1486 2723 1508 2744 6.
1526 2723 1571 2745 667
1583 2722 1598 2745 b
1610 2734 1641 2739 —
1653 2723 1803 2745 Mardochaeo
1815 2728 1879 2745 com-

1314 2764 1408 2790 paratur
1425 2762 1471 2784 345
1492 2761 1517 2784 17
1542 2774 1573 2779 -
1590 2762 1721 2784 Secundum
1746 2762 1823 2784 datam
1849 2761 1878 2784 ab

1314 2806 1342 2823 eo
1360 2801 1470 2828 formam,
1488 2801 1600 2828 Regulam
1618 2804 1639 2823 et
1656 2801 1785 2823 doctrinam
1808 2801 1879 2823 trifor-

1316 2839 1382 2862 miter
1399 2840 1532 2862 renovanda
1550 2843 1598 2862 erat
1615 2840 1715 2862 Ecclesia
1730 2839 1775 2862 510
1793 2840 1815 2862 8.
1832 2840 1877 2862 567

1315 2884 1327 2901 a
1345 2891 1376 2895 —
1392 2879 1434 2901 Alii
1451 2881 1550 2907 quatuor
1566 2879 1609 2901 viri
1627 2879 1648 2901 ei
1665 2879 1790 2901 adhaerent
1807 2878 1848 2900 511
1864 2878 1878 2901 7

1315 2930 1345 2933 -
1363 2917 1436 2940 Prima
1455 2917 1533 2940 missio
1550 2917 1717 2946 discipulorum
1734 2917 1789 2940 ibid.
1804 2929 1835 2934 —
1847 2918 1879 2940 De

1316 2958 1419 2985 profectu
1437 2957 1529 2980 Ordinis
1545 2956 1589 2979 sub
1607 2963 1677 2979 manu
1696 2957 1767 2985 ipsius
1789 2957 1834 2979 513
1858 2957 1880 2979 1.

1310 3003 1362 3025 sqq.
1373 3008 1404 3012 —
1415 2997 1488 3018 Roma
1500 2996 1623 3019 revertitur
1639 2996 1668 3019 ad
1687 2997 1773 3018 vallem
1792 2996 1878 3024 Spoleti
