2133 3317
697 216 892 245 OPUSCULUM
913 217 931 244 l.
953 216 996 245 DE
1018 217 1155 246 TRIPLICI
1174 218 1237 246 VIA.
1800 220 1836 248 25

99 297 124 322 et
142 296 300 321 securitatem
318 295 423 325 mentis,
442 302 504 326 quae
523 302 572 320 non
591 294 675 325 potest
693 294 724 319 ab
746 294 829 325 aliquo
848 294 941 320 extrin-

98 346 151 364 seco
171 338 327 370 perturbari,
347 337 371 362 et
389 344 439 362 uon
458 337 552 366 restat,
565 337 614 361 nisi
626 336 656 361 ut
668 336 700 361 ab
712 336 760 361 isto
774 336 844 361 statu
856 336 941 361 trans-

98 381 194 407 feratur
214 381 245 405 ad
264 380 359 405 statum
377 380 493 405 aeternae
512 379 611 411 quietis.

168 423 211 448 23.
230 423 298 448 Sicut
316 422 411 447 tactum
430 422 468 447 est
487 420 592 453 supra¹,
611 421 774 446 consideratio
788 428 838 452 per
856 428 941 452 specu-

0 481 81 507 „Wffio
98 468 151 492 lum
170 467 215 495 est,
235 465 332 497 quando
351 473 380 490 ex
397 464 591 490 consideratione
610 472 692 489 rerum
715 464 876 493 sensibilium,
896 471 941 495 per

1 507 82 552 ,ΩΨ-’ἐξῇ
97 517 182 535 earum
200 509 333 540 originem,
347 508 557 539 magnitudinem,
577 507 777 536 multitudinem,
796 506 941 538 pulcritudi-

0 550 59 575 111111111-
97 560 167 581 nem,
197 551 375 582 plenitudinem
388 569 394 580 ,
422 550 590 581 operationem
618 549 643 574 et
674 550 784 575 ordinem
811 549 940 581 consurgit

97 595 169 620 homo
187 595 212 619 in
232 594 396 625 cognitionem
422 593 519 618 divinae
547 592 681 624 potentiae,
701 592 837 623 sapientiae
856 592 881 617 et
899 592 939 617 bo-

97 637 185 662 nitatis
204 636 348 661 admirando
367 643 395 661 ea
413 636 439 660 in
458 635 605 667 praedictis,
626 635 651 660 et
669 635 715 660 1100
733 635 771 659 est
784 642 835 666 per
852 642 940 666 specu-

98 680 152 705 lwm
179 679 351 704 creaturarum
382 678 546 709 contemplari
578 677 728 703 Creatorem.
757 677 939 708 Contemplatio

97 724 161 748 0111111
179 722 242 747 nihil
260 722 328 747 aliud
346 721 384 746 est
402 729 476 753 quam
494 721 557 746 liber
575 721 651 745 animi
664 720 790 746 contuitus
808 721 834 745 in
853 721 938 745 divina

96 765 237 797 spectacula
256 772 300 796 per
317 764 505 789 admirationem
525 771 669 795 suspensus.

167 808 209 832 24.
228 808 301 832 Nunc
320 807 452 832 videndum
471 807 520 836 est,
546 807 665 838 quomodo
690 813 822 837 possumus
840 806 865 830 in
884 813 939 831 con-

12 862 15 865 ·
96 851 258 882 templatione
276 850 322 875 Dei
340 850 472 881 proficere,
491 850 521 874 ut
538 851 620 881 ipsum
645 855 821 880 cognoscamus
840 848 868 873 iri
885 855 939 879 spe-

0 893 3 907 *
40 886 81 906 ein
96 893 152 919 culo
158 912 165 925 ,
185 893 210 918 id
228 893 266 918 est
284 894 310 918 in
329 893 440 924 qualibet
458 892 581 917 creatura.
601 892 714 923 Cognitio
739 892 804 916 enim
821 899 868 922 per
886 898 938 922 spe-

96 937 183 962 culum
200 936 252 965 est,
272 937 369 968 quando
387 936 459 961 homo
478 936 549 967 quasi
577 935 605 960 de
623 935 758 967 longinquo
777 935 888 960 ascendit
907 934 938 959 ad

95 979 327 1011 contemplationem
347 979 485 1008 Creatoris,
504 978 644 1010 aspiciendo
657 979 682 1003 in
695 978 816 1003 creaturis
830 985 857 1003 ea
876 985 938 1009 quae

96 1022 223 1055 praedicta.
241 1022 314 1051 sunt,
334 1021 427 1046 scilicet
454 1022 586 1053 originem,
614 1021 811 1052 magnitudinem
830 1021 876 1045 etc.
896 1020 939 1046 Co-

15 1070 26 1086 ΰ
42 1078 43 1083 =
96 1065 175 1098 gnitie
193 1072 252 1090 vero
272 1065 299 1089 in
316 1064 418 1096 speculo
445 1064 497 1094 est,
526 1064 623 1096 quando
650 1064 723 1089 homo
747 1064 818 1095 quasi
837 1064 866 1088 de
885 1070 939 1095 pro-

22 1101 25 1112 '
96 1109 161 1133 ximo
178 1108 204 1133 in
223 1108 335 1140 qualibet
352 1107 468 1133 creatura
486 1107 611 1139 cognoscit
624 1107 649 1132 et
661 1107 845 1138 contemplatur
857 1107 938 1138 ipsum

0 1162 76 1182 mm.
96 1151 183 1176 Deum.
195 1166 231 1169 -
243 1150 445 1176 Praenotandum
463 1158 530 1182 ergo,
543 1150 607 1182 quod
623 1151 670 1175 iste
683 1151 803 1180 mundus,
817 1151 858 1182 qui
872 1158 886 1175 a
899 1157 939 1175 sa-

0 1185 47 1205 “m
96 1193 222 1225 pientibus
239 1193 330 1218 dicitur
356 1200 558 1224 macrocosmus,
586 1192 719 1222 dividitur,
739 1193 796 1224 quia
818 1193 939 1224 quaedam

96 1235 156 1261 sunt
173 1236 200 1260 111
218 1242 245 1260 eo
261 1235 428 1267 yenerantia,
447 1235 568 1266 quaedam
593 1236 731 1266 yenerata,
760 1235 880 1266 quaedam
903 1241 939 1259 re-

94 1278 182 1310 gentia
199 1277 314 1309 utraque.
336 1277 496 1302 Generantia
515 1277 574 1302 sunt
592 1285 697 1309 corpora
715 1278 838 1308 simplicia
851 1278 876 1302 et
888 1285 939 1302 cae-

95 1320 183 1350 lestia,
203 1320 228 1345 et
246 1320 364 1345 dicuntur
381 1327 485 1352 corpora
503 1320 634 1351 simplicia
660 1321 716 1352 ipsa
741 1320 871 1345 elementa.
894 1319 939 1345 Ge-

96 1364 188 1388 nerata
213 1363 273 1388 sunt
297 1370 401 1394 corpora
419 1364 556 1395 composita
582 1371 611 1388 ex
635 1363 688 1393 ]115;
708 1371 770 1395 (1030
795 1364 939 1395 compositio

95 1412 146 1431 non
163 1406 194 1430 fit
212 1406 265 1431 sine
283 1406 377 1430 virtute
395 1413 526 1437 corporum
551 1406 706 1436 caelestium,
725 1414 787 1437 quae
807 1406 940 1431 conciliant

96 1449 122 1474 in
149 1448 324 1480 compositione
352 1448 554 1474 contrarietatem
579 1449 766 1474 elementarium
788 1449 939 1480 qualitatum

97 1499 141 1523 per
159 1499 230 1516 suam
248 1491 413 1517 influentiam.
432 1492 559 1523 Reqentia
585 1499 643 1517 vero
662 1492 722 1516 sunt
741 1492 938 1524 intelliyentiae,

97 1541 159 1566 quae
186 1534 302 1559 dicuntur
329 1542 413 1566 regere
441 1542 545 1566 corpora
572 1535 688 1560 caelestia
715 1535 741 1559 et
760 1542 873 1566 praeesse
891 1535 941 1559 ele-

97 1576 202 1607 mentis3
216 1576 287 1606 item,
302 1577 404 1602 animae
421 1577 552 1603 sensibiles
570 1578 596 1602 in
615 1577 772 1607 animalibus,
791 1577 941 1609 veyelabiles

0 1620 124 1650 mamam
142 1620 251 1651 plantis,
271 1620 413 1645 rationales
431 1621 456 1645 in
474 1620 623 1645 hominibus.
642 1621 722 1646 Homo
741 1628 807 1650 vero,
821 1621 862 1652 qui
881 1621 941 1645 dici-

0 1658 75 1674 ⁰⁰⁵¹¹²¹¹⁵'
98 1662 140 1687 tur
158 1663 354 1694 microcosmus,
373 1663 398 1688 id
425 1663 463 1688 est
490 1664 571 1689 minor
597 1664 719 1693 mundus,
738 1663 814 1688 habet
832 1664 940 1695 quinque

97 1712 198 1735 sensus,
218 1706 288 1736 quasi
307 1706 414 1737 quinque
433 1706 533 1737 portas,
553 1713 597 1737 per
615 1713 677 1737 quas
695 1706 802 1737 cognitio
822 1707 939 1736 omnium,

97 1755 159 1780 quae
178 1748 238 1773 sunt
256 1748 281 1773 in
299 1749 404 1778 mundo,
423 1749 504 1773 intrat
522 1749 553 1773 ad
572 1749 680 1773 animam
693 1749 753 1774 eius.
766 1749 833 1774 Nam
846 1749 940 1774 terram

97 1791 123 1816 et
140 1790 241 1816 terrena
253 1791 359 1822 percipit
377 1799 422 1822 per
440 1791 549 1821 tactum,
569 1799 659 1823 aquam
677 1791 702 1816 et
720 1792 822 1816 humida
835 1792 941 1823 percipit

97 1841 142 1866 per
153 1834 264 1866 gustum,
284 1837 364 1859 aerem
383 1835 408 1859 et
420 1837 492 1859 aerea
510 1842 565 1859 cum
582 1835 688 1866 quadam
707 1834 817 1859 siccitate
836 1834 941 1866 percipit

98 1884 142 1909 per
160 1877 290 1903 odoratum
309 1877 334 1902 et
352 1877 476 1907 auditum,
495 1878 578 1909 ignem
597 1877 622 1902 et
639 1878 712 1909 ignea
730 1877 755 1902 et
773 1884 878 1908 corpora
890 1884 940 1902 cae-

97 1918 172 1944 lestia
190 1919 215 1944 et
234 1919 315 1944 omnia
333 1919 415 1944 lucida
433 1919 459 1944 et
476 1919 587 1945 colorata
605 1919 711 1951 percipit
729 1927 773 1951 per
786 1920 876 1944 visum.
893 1920 941 1945 Re-

96 1963 185 1994 qerltia
203 1969 261 1988 vero
279 1962 451 1994 percipiuntur
470 1970 513 1994 per
532 1962 643 1987 accidens
661 1963 712 1987 sive
731 1970 760 1987 ex
772 1962 940 1994 consequenti,

97 2006 202 2030 maxime
220 2012 265 2036 per
283 2005 392 2035 motum,
411 2005 482 2037 quia,
501 2013 557 2030 cum
575 2005 657 2035 video,
676 2006 769 2030 moveri
788 2005 902 2036 plantam
915 2006 941 2030 in

99 2055 198 2073 sursum
216 2048 242 2073 et
259 2048 386 2079 deorsum,
406 2049 514 2080 percipio
532 2049 558 2073 in
574 2048 629 2079 ipsa
642 2048 750 2073 animam
763 2048 940 2080 vegetabilem

98 2098 154 2116 cum
171 2091 255 2120 video,
274 2092 368 2116 moveri
385 2091 478 2116 animal
497 2091 543 2116 etc.

170 2134 212 2158 25.
231 2134 360 2159 Sciendum
378 2134 462 2159 autem
480 2134 531 2164 est,
551 2134 616 2165 quod
634 2134 758 2165 perceptio
776 2133 883 2159 istarum
903 2141 942 2159 re—

0 2182 35 2204 fflx
49 2190 86 2204 mo·
99 2183 153 2201 rum
171 2176 198 2201 in
217 2177 300 2201 anima
315 2176 345 2200 fit
362 2176 444 2201 tribus
464 2177 556 2206 medis,
575 2176 688 2202 videlicet
701 2184 745 2208 per
764 2177 942 2208 apprehensio-

0 2207 169 2251 :uffiJ’f-gssnem,
188 2227 232 2251 per
251 2219 454 2251 delectationem,
467 2227 511 2251 per
530 2219 748 2245 diiudicatioriem.
761 2219 941 2251 Appreliertsio

0 2259 37 2302 'tm'
48 2282 81 2302 ap-
99 2262 183 2287 autem
201 2262 244 2292 fit,
264 2263 361 2294 quando
380 2262 501 2287 obiectum
519 2263 624 2294 generat
642 2263 747 2294 speeiem
766 2270 837 2287 suam
850 2263 876 2287 in
894 2270 941 2287 me-

0 2299 76 2320 musio.
99 2306 153 2335 dio,
172 2305 197 2330 et
216 2306 308 2337 species
326 2305 446 2337 generata
464 2305 623 2337 coniungitur
651 2307 702 2331 sive
729 2306 816 2331 unitur
835 2313 940 2337 organo,

100 2348 126 2373 et
144 2348 205 2373 tunc
222 2348 253 2373 fit
270 2348 434 2379 apprehensio
452 2348 540 2373 obiecti
558 2349 584 2373 in
607 2356 693 2379 sensu3
712 2349 776 2374 unde
795 2349 879 2373 anima
898 2356 942 2380 per

100 2392 204 2423 speciem
222 2392 319 2417 unitam
338 2398 431 2422 organo
459 2391 484 2416 et
510 2391 656 2423 generatam
674 2392 700 2416 in
727 2392 805 2416 medio
824 2391 894 2416 venit
915 2392 941 2416 in

100 2434 263 2466 cognitionem
291 2435 334 2464 rei,
362 2434 388 2459 et
415 2435 507 2466 species
534 2434 669 2466 generatur
696 2435 722 2459 in
741 2434 852 2465 qualibet
870 2434 942 2465 parte

0 2477 93 2528 ff'de'
101 2477 181 2507 medii,
194 2484 250 2502 cum
262 2477 424 2502 determinate
437 2477 523 2502 unitur
536 2484 637 2509 organo.
647 2492 683 2495 -—
691 2477 833 2502 Delectatio
844 2484 902 2502 vero
913 2476 942 2501 fit

0 2537 12 2552 2
27 2515 92 2553 52:¹5ssss
101 2526 131 2544 ex
148 2520 307 2551 proportione
325 2520 404 2551 ipsius
422 2520 458 2545 rei
475 2519 506 2544 ad
525 2519 708 2551 suscipientem.
721 2519 776 2544 Ista
789 2519 872 2544 autem
885 2526 943 2550 pro-

0 2560 18 2574 ’·
103 2562 183 2594 portio
211 2563 262 2587 sive
289 2563 459 2588 convenientia
486 2562 569 2593 potest
596 2562 745 2587 considerari
763 2563 789 2587 in
808 2562 889 2586 tribus
908 2569 942 2586 se-

102 2605 208 2630 cundum
226 2605 290 2635 tria,
310 2612 371 2636 quae
391 2605 451 2630 sunt
477 2605 503 2629 in
530 2606 586 2636 ipsa
604 2613 644 2634 re,
663 2604 776 2630 videlicet
803 2605 830 2629 in
856 2603 943 2634 forma

103 2655 161 2677 sua,
179 2648 205 2672 in
223 2648 317 2672 virtute
335 2648 414 2679 ipsius
432 2647 458 2673 et
477 2648 624 2678 operatione
643 2649 702 2673 eius.
721 2648 759 2672 Ex
777 2647 827 2672 ista
849 2647 943 2679 triplici

106 2690 276 2715 convenientia
299 2690 435 2715 causantur
459 2691 485 2715 in
510 2690 583 2715 rebus
602 2690 665 2720 tria,
686 2690 819 2715 secundum
838 2697 900 2722 quae
919 2690 944 2715 et

104 2739 148 2764 per
166 2740 228 2765 quae
247 2733 286 2758 est
304 2734 383 2758 omnis
410 2733 548 2758 delectatio.
576 2733 643 2757 Nam
667 2733 838 2758 convenientia
856 2733 945 2764 speciei

167 2928 175 2941 ¹
193 2928 347 2951 Additament.
369 2929 404 2951 111.
428 2935 451 2951 11.
474 2929 496 2952 4.
511 2941 542 2946 —-
559 2930 623 2958 Quae
646 2931 773 2958 sequuntur
795 2929 864 2951 etiam
885 2929 908 2951 in
932 2929 947 2951 S

106 2965 132 2981 aa
150 2959 182 2982 bb
198 2966 224 2982 cc
245 2959 370 2987 habentur,
396 2960 437 2983 sed
460 2966 486 2982 aa
504 2961 641 2988 praemittit:
666 2959 802 2990 Capitulum
825 2961 946 2989 quartum.

107 2990 169 3018 Quid
186 2992 220 3014 est
236 2990 400 3020 contemplatio
417 2992 439 3014 et
458 2990 574 3020 quomodo
594 2991 738 3014 ascenditur.
754 2992 857 3013 —Haec
874 2996 948 3019 usquc

198 3037 222 3061 S.
232 3037 320 3061 Bonae.
337 3050 368 3054 --
386 3037 519 3060 T01n.V111.

998 294 1048 319 sive
1067 294 1166 324 formae
1183 296 1209 320 in
1228 303 1253 320 se
1270 296 1326 327 ipsa
1344 296 1448 328 generat
1466 296 1491 321 et
1515 296 1590 321 efficit
1608 296 1634 321 in
1652 304 1678 323 re
1696 297 1748 327 illa,
1769 298 1838 322 cuius
1854 305 1974 328 Speciositas.

997 337 1036 361 est
1054 337 1146 367 forma,
1167 338 1360 368 speciositatem.
1379 339 1476 364 Dicitur
1494 339 1558 364 enim
1577 346 1616 364 res
1634 339 1727 370 pulcra,
1741 340 1838 370 quando

997 380 1035 404 est
1054 380 1079 404 in
1098 387 1127 404 ea
1145 381 1316 405 convenientia
1344 381 1453 412 partium
1481 381 1507 406 et
1525 381 1678 413 aequalitas3
1698 382 1838 413 pulcritudo

997 422 1061 445 enim
1080 422 1119 446 est
1137 423 1276 453 aequalitas
1294 431 1433 448 numerosa.
1453 424 1630 449 Convenientia
1656 431 1714 449 vero
1732 424 1837 450 virtutis
1854 429 1945 448 Suavitas·

997 464 1032 488 rei
1051 471 1106 488 cum
1125 465 1273 495 suscipiente
1291 466 1361 490 illam
1380 466 1439 491 facit
1456 467 1626 497 minuitatem,-
1644 467 1756 492 suavitas
1773 468 1837 492 enim

997 506 1046 536 est,
1066 507 1164 537 quando
1182 508 1263 532 virtus
1282 509 1379 539 agentis
1397 516 1447 533 uon
1467 509 1560 534 excedit
1587 510 1725 540 potentiam
1743 510 1837 541 patien-

997 548 1042 578 tis,
1062 549 1127 573 sicut
1145 550 1258 579 econtra,
1279 551 1376 581 quaudo
1395 551 1433 575 est
1452 551 1631 583 inaequalitas,
1650 552 1680 576 fit
1698 552 1767 577 dolor
1786 553 1837 578 sive

996 592 1109 621 tristitia,
1129 593 1186 623 quia
1205 593 1362 617 excellentiae
1389 594 1541 619 sensibilium
1560 596 1722 626 corrumpunt
1741 603 1836 620 sensus.

997 634 1174 659 Convenientia
1193 634 1275 659 autem
1304 636 1355 660 sive
1383 637 1509 667 proportio
1538 638 1694 668 operationis
1717 638 1792 663 efficit
1810 639 1836 663 in
1853 644 1964 663 Salubritas.

996 677 1145 708 suscipiente
1162 677 1350 702 salubritatem.
1369 678 1472 703 Salubre
1490 680 1555 704 enim
1573 680 1612 704 est
1623 680 1685 705 illud
1698 681 1767 705 cuius
1780 688 1837 712 ope-

996 720 1060 745 ratio
1078 713 1174 751 replere
1193 720 1276 750 potest
1294 720 1444 745 vacuitatem
1471 722 1605 753 indigentis
1624 723 1649 747 et
1668 724 1783 754 supplere
1802 724 1837 748 in-

995 763 1131 794 digentiam
1150 763 1185 787 rei
1203 770 1253 787 non
1272 763 1418 787 sufficientis
1443 764 1497 788 sibi.
1517 764 1550 788 Et
1569 765 1701 790 secundum
1720 766 1770 791 ista
1788 766 1837 791 tria

995 806 1033 830 est
1052 806 1131 830 omnis
1149 805 1279 830 delectatio
1298 806 1324 829 in
1343 806 1498 836 perceptione
1517 814 1599 831 rerum
1619 808 1780 833 sensibilium.

1066 848 1108 873 26.
1128 848 1174 873 Sed
1193 849 1250 879 quja
1269 848 1351 873 omnia
1370 848 1419 873 ista
1438 849 1498 873 sunt
1511 857 1564 874 cum
1578 850 1770 880 defectibilitate,
1785 852 1836 877 ideo
1850 861 1891 879 Non
1903 861 1981 884 praehet

994 893 1021 917 in
1040 892 1074 916 eis
1093 899 1142 916 non
1161 891 1245 923 potest
1267 899 1319 916 esse
1342 891 1416 922 plena
1440 892 1578 917 delectatio.
1606 893 1671 917 Nam
1689 895 1837 925 speciositas
1856 884 1977 926 ffififfiffinssem'

995 934 1034 960 est
1052 935 1078 959 in
1097 935 1162 959 omni
1181 942 1207 959 re
1226 934 1336 959 sensibili
1355 942 1410 959 cum
1436 934 1531 959 defectu
1555 936 1741 966 inaequalitatis
1759 937 1837 968 ipsius
1863 931 1973 972 spcelfeigtsgras

995 978 1030 1002 rei
1044 977 1072 1002 in
1083 984 1109 1002 se
1122 977 1188 1008 ipsa.
1201 977 1279 1002 Nulla
1292 978 1357 1001 enim
1370 984 1410 1001 res
1423 977 1469 1006 est,
1488 978 1558 1002 cuius
1577 978 1661 1008 partes
1674 986 1722 1003 non
1736 979 1837 1009 possent

995 1028 1048 1045 0850
1061 1021 1086 1045 111
1099 1021 1186 1045 11131011
1198 1020 1361 1052 aequalitate,
1375 1028 1449 1051 quam
1463 1020 1530 1045 suut.
1542 1035 1577 1038 —
1590 1021 1712 1046 Szcaviias
1724 1022 1798 1046 etiam
1812 1023 1837 1047 in

995 1063 1164 1089 coniunctione
1183 1063 1287 1088 virtutis
1306 1064 1405 1095 ayentis
1423 1071 1478 1088 cum
1497 1063 1609 1094 potentia
1628 1064 1784 1094 suscipientis
1800 1065 1837 1089 est

995 1114 1050 1132 eum
1069 1106 1178 1136 defectu,
1198 1107 1269 1138 quia,
1289 1113 1343 1131 cum
1366 1114 1405 1131 105
1427 1113 1477 1131 11011
1496 1106 1575 1137 possit
1594 1107 1686 1137 percipi
1706 1114 1749 1137 per
1768 1114 1838 1132 suam

996 1149 1143 1178 essentiam,
1163 1149 1205 1174 sed
1224 1156 1267 1180 per
1287 1156 1357 1173 suam
1376 1148 1576 1178 similitudinem,
1602 1149 1684 1173 virtius
1703 1149 1771 1174 illius
1789 1150 1837 1179 rei,

996 1200 1058 1224 quae
1077 1192 1170 1217 transit
1197 1199 1252 1217 cum
1279 1192 1440 1216 similitudine
1459 1192 1517 1221 illa,
1545 1199 1595 1216 non
1620 1191 1727 1223 perfecte
1746 1192 1839 1217 transit

995 1243 1040 1260 nec
1058 1235 1165 1267 perfecte
1183 1234 1320 1266 percipitur
1338 1235 1369 1259 ab
1388 1242 1417 1259 03
1435 1242 1474 1265 10,
1494 1235 1533 1259 001
1556 1235 1758 1264 communicatur,
1781 1236 1838 1266 quia

995 1285 1045 1303 non
1064 1277 1201 1309 percipitur
1219 1277 1244 1301 in
1263 1276 1369 1301 veritate
1387 1277 1456 1301 1111115
1475 1277 1523 1305 101,
1540 1277 1609 1301 cuius
1629 1276 1667 1301 est
1685 1277 1730 1301 illa
1748 1277 1837 1306 virtus,

996 1321 1039 1345 sed
1057 1321 1083 1345 in
1101 1327 1145 1345 suo
1165 1319 1356 1351 phantasmate3
1375 1319 1400 1344 et
1418 1319 1471 1344 ideo
1490 1319 1603 1344 suavitas
1621 1320 1673 1349 illa,
1688 1327 1749 1350 quae
1768 1327 1838 1350 gene-

996 1363 1068 1388 ratur
1087 1371 1116 1388 ex
1134 1363 1237 1388 virtutis
1255 1363 1324 1388 illius
1342 1362 1547 1394 participatione,
1566 1369 1616 1387 non
1640 1362 1679 1387 est
1703 1370 1761 1387 vera
1782 1370 1839 1387 sua—

996 1406 1062 1430 vitas
1081 1413 1125 1430 nec
1152 1406 1237 1437 plena,
1258 1406 1300 1430 sed
1328 1405 1500 1436 phantastica,
1521 1405 1546 1430 et
1564 1405 1616 1430 ideo
1635 1412 1679 1430 nec
1700 1412 1759 1429 vera
1778 1405 1839 1429 dele-

996 1449 1081 1474 ctatio.
1099 1463 1135 1466 -—
1153 1448 1302 1473 Salubritas
1321 1448 1395 1473 etiam
1415 1448 1494 1473 omnis
1512 1447 1643 1472 cuiuslibet
1661 1448 1696 1472 rei
1715 1448 1838 1472 sensibilis
1857 1455 1896 1474 Nec
1905 1455 1984 1474 salubri-

996 1492 1117 1516 defectiva
1135 1491 1185 1521 est,
1205 1492 1263 1522 qnia
1282 1491 1397 1521 operatio
1411 1491 1446 1515 rei
1458 1498 1507 1515 non
1521 1490 1604 1521 potest
1617 1491 1745 1521 pervenire
1758 1491 1789 1515 ad
1801 1491 1840 1515 in-
1900 1481 1934 1497 ωδ·

996 1535 1130 1559 timitatem
1150 1535 1199 1564 rei,
1219 1534 1244 1559 in
1263 1542 1312 1565 qua
1331 1534 1461 1565 operatur,
1481 1540 1525 1558 nec
1544 1533 1626 1564 potest
1639 1533 1718 1558 totam
1731 1533 1840 1565 indigen-

997 1578 1057 1603 tiam
1086 1578 1216 1609 supplere,
1240 1585 1296 1602 cum
1323 1576 1457 1608 utrumque
1486 1576 1519 1601 sit
1546 1584 1575 1601 ex
1597 1576 1687 1606 nihilo,
1707 1576 1771 1601 unde
1790 1583 1840 1602 non

997 1621 1080 1652 potest
1098 1621 1172 1646 alteri
1190 1628 1242 1645 esse
1262 1620 1336 1651 plena
1355 1620 1437 1650 salus,
1458 1619 1483 1644 et
1501 1619 1544 1644 ubi
1562 1627 1611 1644 11011
1624 1619 1663 1644 est
1676 1619 1750 1650 plena
1763 1619 1839 1648 salus,

996 1671 1045 1689 non
1064 1663 1103 1688 est
1121 1664 1195 1694 plena
1214 1663 1352 1688 delectatio.

1068 1706 1110 1731 27.
1129 1706 1291 1731 Diiuclieatio
1315 1713 1372 1730 vero
1400 1705 1430 1730 fit
1458 1705 1489 1730 ab
1516 1705 1645 1730 intellectu
1672 1704 1839 1730 contrahendo
1853 1712 1985 1739 ’rerum-cniu-

996 1757 1036 1775 res
1055 1749 1186 1781 perceptas
1204 1757 1248 1780 per
1266 1748 1488 1780 apprehensionem
1507 1755 1624 1772 sensuum
1642 1747 1682 1772 vel
1701 1747 1840 1772 delectatio·
1880 1735 1956 1754 d¹⁰³²¹⁰'

996 1800 1067 1821 nem,
1088 1792 1239 1817 extrahendo
1259 1791 1352 1816 scilicet
1370 1799 1385 1816 a
1403 1790 1589 1819 materialitate,
1604 1798 1618 1814 a
1631 1789 1803 1821 corporeitate,
1823 1797 1838 1814 3

997 1835 1179 1864 mutabilitate,
1199 1842 1214 1859 a
1232 1833 1519 1865 circumscriptibilitate.
1539 1833 1608 1858 Unde
1627 1832 1768 1857 diiudicatio
1787 1832 1840 1857 tra-

997 1878 1035 1903 hit
1054 1885 1093 1903 res
1112 1877 1241 1902 sensibiles
1259 1878 1284 1902 in
1303 1884 1354 1902 csse
1373 1876 1516 1907 spirituale3
1537 1875 1654 1900 diiudicat
1672 1876 1737 1900 enim
1757 1875 1785 1900 de
1801 1882 1840 1900 re-

997 1921 1044 1946 bus
1062 1928 1106 1952 per
1125 1928 1183 1945 suas
1202 1920 1319 1945 rationes.
1337 1919 1362 1944 Si
1381 1920 1445 1944 enim
1470 1918 1619 1950 quaeratur:
1645 1925 1721 1949 quare
1741 1918 1838 1948 pulcra
1859 1929 1886 1947 De
1899 1929 1972 1948 ratione

998 1964 1036 1989 est
1062 1964 1107 1988 1113
1125 1971 1178 1993 105,
1207 1963 1282 1993 dicet,
1302 1963 1359 1994 quia
1383 1962 1459 1987 habet
1483 1961 1660 1993 aequalitatem
1685 1960 1795 1992 partium
1813 1961 1839 1985 in
1860 1952 1971 1994 Ρωξζῑξῦᾱί·

999 2014 1042 2032 suo
1062 2007 1126 2036 situ,
1145 2007 1203 2037 quia
1222 2005 1362 2037 pulcritudo
1375 2005 1414 2030 est
1426 2004 1564 2036 aequalitas
1579 2011 1719 2029 numerosa.
1732 2003 1757 2028 Si
1769 2010 1840 2034 quae-

997 2050 1086 2075 ratur:
1106 2056 1182 2081 quare
1204 2049 1242 2073 est
1260 2049 1294 2073 ibi
1316 2048 1469 2079 aequalitas,
1491 2047 1566 2076 dicet,
1589 2047 1647 2078 quia
1665 2046 1750 2077 partes
1771 2047 1840 2077 ipsae

998 2092 1179 2118 constituentes
1203 2092 1268 2117 hanc
1295 2099 1347 2116 rem
1373 2098 1423 2116 non
1451 2090 1570 2115 excedunt
1589 2097 1614 2115 se
1633 2089 1790 2120 comparatae
1809 2089 1840 2114 ad

997 2136 1102 2160 invicem
1121 2142 1165 2160 nec
1183 2134 1348 2164 exceduntur;
1367 2133 1469 2165 aequale
1497 2133 1562 2157 enim
1587 2133 1625 2157 est
1644 2132 1709 2163 quod
1727 2132 1759 2156 ad
1777 2131 1841 2156 alte-

998 2186 1054 2203 rum
1066 2177 1237 2209 comparatum
1250 2184 1300 2202 nen
1312 2177 1405 2201 excedit
1418 2183 1462 2201 nec
1475 2176 1607 2200 exceditur.
1620 2189 1655 2192 —
1667 2175 1692 2199 Si
1705 2174 1840 2206 quaeratur
1857 2184 1888 2211 De,
1900 2184 1986 2211 immuta-

997 2221 1118 2250 ulterius,
1137 2220 1223 2245 utrum
1241 2219 1291 2245 ista
1304 2219 1368 2244 ratio
1381 2218 1498 2250 aequalis
1511 2218 1545 2242 sit
1562 2217 1698 2247 mutabilis,
1712 2217 1841 2248 responde-
1869 2208 1985 2250 fflss‘ffi‘a‘

998 2263 1048 2294 bit,
1068 2263 1133 2295 quod
1151 2270 1214 2293 non,
1234 2263 1292 2294 quia
1311 2269 1407 2293 semper
1419 2261 1468 2286 fuit
1485 2261 1531 2286 hoc
1543 2268 1629 2285 verum
1648 2260 1673 2285 et
1692 2260 1730 2284 est
1746 2259 1838 2285 eterit.

998 2307 1068 2331 Unde
1086 2306 1249 2331 immutabilis
1268 2305 1333 2330 ratio
1352 2304 1390 2329 est
1408 2304 1433 2329 et
1451 2303 1651 2329 interminabilis.
1668 2303 1747 2332 Item,
1768 2303 1788 2327 si
1805 2310 1841 2327 re-

998 2348 1128 2374 moveatur
1146 2348 1221 2373 etiam
1241 2355 1311 2373 omne
1329 2354 1419 2378 corpus
1437 2347 1463 2372 et
1481 2347 1561 2371 omnis
1573 2346 1692 2375 materia,
1706 2345 1786 2370 adhuc
1799 2352 1840 2370 ve-

998 2399 1054 2417 rum
1072 2391 1124 2421 est,
1144 2391 1209 2423 quod
1227 2390 1365 2422 aequalitas
1384 2390 1436 2420 est,
1455 2389 1497 2414 ubi
1515 2396 1565 2414 non
1590 2389 1628 2413 est
1653 2395 1778 2413 excessum
1796 2394 1840 2412 1100

998 2434 1129 2463 excedens,
1149 2434 1174 2459 et
1193 2434 1228 2459 sic
1246 2434 1285 2458 est
1303 2433 1331 2458 de
1354 2433 1421 2458 omni
1445 2432 1540 2457 ratione
1561 2439 1643 2456 rerum
1662 2431 1748 2455 dicere.
1766 2430 1839 2455 Ratio
1857 2439 1970 2458 Notandum.

998 2478 1063 2502 enim
1082 2477 1117 2501 rei
1135 2482 1185 2501 non
1204 2476 1242 2501 est
1260 2477 1309 2501 nisi
1327 2476 1447 2507 quaedam
1466 2474 1571 2499 intentio
1595 2473 1758 2502 universalis,
1778 2480 1840 2504 quae

999 2520 1082 2551 potest
1100 2520 1193 2551 percipi
1211 2520 1236 2544 in
1255 2527 1282 2544 re
1300 2526 1350 2544 non
1371 2518 1491 2543 existente
1509 2517 1575 2542 actu.
1593 2515 1739 2541 Intellectus
1758 2515 1840 2540 autem

1863 1026 1901 1045 Nec
1914 1027 1974 1045 suavi-

1900 1052 1935 1068 tas.

998 2563 1105 2588 hominis
1123 2562 1215 2587 iudicat
1233 2562 1262 2586 de
1281 2561 1354 2586 rebus
1373 2568 1417 2592 per
1435 2561 1503 2591 ipsas
1522 2559 1630 2584 rationes
1653 2565 1743 2583 rerum.
1762 2572 1797 2575 —
1815 2557 1841 2581 Si
1872 2565 1968 2593 Quomodo

999 2613 1057 2630 vero
1071 2604 1219 2636 quaeratur:
1234 2612 1278 2635 per
1290 2604 1355 2635 quod
1374 2603 1478 2634 percipit
1497 2603 1564 2633 ipsas
1581 2600 1707 2625 rationes?
1725 2607 1774 2625 non
1793 2599 1840 2624 erit
1856 2591 1985 2631 pefflffifflm

999 2647 1152 2679 intelligere,
1172 2647 1220 2671 nisi
1239 2646 1303 2677 quod
1322 2645 1426 2676 percipit
1442 2652 1486 2675 per
1504 2645 1584 2674 ipsam
1602 2643 1681 2667 lucem
1699 2642 1839 2670 aeternam,

1000 2697 1062 2721 quae
1081 2697 1130 2714 non
1149 2689 1188 2714 est
1206 2689 1273 2713 aliud
1291 2688 1340 2712 nisi
1358 2687 1466 2712 Verbum
1485 2686 1543 2715 Dei,
1563 2685 1627 2717 quod
1645 2684 1683 2709 est
1706 2692 1748 2709 ars
1767 2684 1840 2715 plena

1001 2733 1110 2758 omnium
1128 2732 1253 2757 rationum
1272 2730 1422 2759 viventium,
1441 2729 1467 2754 et
1484 2729 1510 2753 in
1528 2728 1575 2753 hac
1593 2727 1647 2752 arte
1660 2726 1720 2752 sunt
1732 2726 1840 2752 rationes

1003 2928 1031 2950 ad
1050 2934 1073 2950 n.
1090 2927 1126 2949 30.
1146 2926 1254 2948 inclusive
1276 2925 1358 2947 iterum
1375 2926 1450 2946 sumta
1471 2925 1525 2946 sunt
1541 2929 1566 2946 ex
1583 2922 1693 2946 hinet-ar.
1715 2922 1799 2946 meniis
1816 2922 1840 2945 in

1004 2959 1090 2985 Deum,
1105 2964 1124 2980 c.
1137 2958 1158 2979 2.
1175 2963 1196 2979 n.
1215 2956 1283 2983 2-10,
1300 2956 1342 2978 alia
1359 2961 1386 2978 ex
1402 2955 1509 2977 flexaem.
1521 2955 1595 2977 collat.
1608 2954 1644 2976 110.
1655 2956 1677 2976 et
1690 2954 1697 2976 11
1706 2954 1726 2976 ’1,
1741 2959 1842 2981 praeser-

1004 2990 1043 3012 11111
1056 2995 1079 3017 p.
1090 2989 1118 3017 ¹¹3
1131 2991 1207 3011 tamen
1219 2987 1284 3015 plura
1300 2993 1347 3009 non
1361 2986 1490 3014 spernenda
1507 2985 1584 3008 addita
1600 2987 1664 3012 snut,
1676 2985 1767 3007 omissis
1783 2984 1840 3007 111118.

1732 3031 1744 3053 4
