2133 3317
569 226 766 256 OPUSCULUM
787 227 829 255 XI.
851 226 1012 256 APOLOGIA
1034 227 1215 257 PAUPERUM.
1237 228 1305 257 CAP.
1327 228 1370 256 IX.

89 308 153 339 ‚Nec
173 306 239 336 mihi
261 306 351 340 dicas,
372 305 438 343 quia
459 305 486 334 in
507 305 559 334 hac
576 304 633 333 vita
653 304 751 333 divites
764 305 868 333 nullam
884 305 943 333 vin-

100 354 198 383 dictam
213 352 376 389 suscipiunt.
392 352 459 380 Nam
474 359 538 380 cum
552 351 682 380 omnibus
696 351 775 380 malis
789 351 847 380 suis
861 351 942 380 etiam

100 401 152 430 boc
173 399 276 428 malum
297 398 400 427 habent
429 397 554 432 divitiae,
585 398 650 434 quia
681 397 850 434 malignitate
881 405 943 434 pec-

101 449 192 477 cantes
212 446 246 474 ab
268 445 419 474 ultionibus
440 447 571 479 tuentur,
593 448 619 473 et
634 445 681 482 qui
696 445 805 473 divitias
823 445 943 481 possidet

101 500 207 530 semper
228 499 344 529 peccans
364 491 441 520 nulla
454 499 542 528 poena
556 494 719 526 revocatur,
741 491 788 521 sed
807 492 865 520 sine
879 491 944 520 ullis

99 539 226 570 remediis
246 539 362 567 vulnera
373 540 383 555 ¹
398 538 513 575 suscipit
527 541 720 575 peccatorum,
735 541 763 567 et
776 538 885 567 frenum
905 538 943 567 illi

81 603 89 608 -
99 586 193 616 nullus
206 585 322 622 imponit
336 596 363 612 υ.
385 585 534 622 Hucusque
548 585 770 622 Chrysostomus.
788 601 824 606 -
839 585 942 621 Quodsi

99 633 169 663 forte
199 632 262 669 quis
291 631 378 665 dicat,
406 631 480 669 quod
507 631 542 660 de
574 632 706 669 pauperie
736 631 943 660 occasionaliter

99 679 186 709 multa
199 679 330 707 oriuntur
346 678 429 713 mala;
444 678 592 715 respondet
604 678 719 707 inferius
729 678 835 707 decimo
846 681 943 707 octavo

100 733 226 756 sermone
241 725 268 754 ²:
294 736 308 750 α
322 725 406 754 Nemo
427 729 567 759 causetur,
589 725 693 762 inquit,
715 725 749 754 de
763 728 942 762 paupertate,

100 775 229 810 tanquam
251 780 334 801 causa
355 772 390 801 sit
410 772 562 800 multorum
585 772 734 806 malorum,
756 779 846 808 neque
867 771 943 799 oblo-

98 822 202 857 quatur
222 818 256 848 de
276 819 402 853 Christo,
424 818 471 855 qui
494 818 688 855 perfectionem
712 818 785 846 illam
806 818 892 846 dixit:
909 818 943 846 Si

98 866 142 895 vis
160 864 308 903 perfectus
328 874 387 894 esse
407 867 458 894 etc.
480 865 534 893 Hoc
556 865 628 893 enim
650 864 708 901 ipse
722 867 750 893 et
763 864 856 893 verbis
870 864 942 893 dixit

99 916 126 942 et
145 912 276 950 operibus
297 912 416 941 ostendit
436 915 464 941 et
494 919 544 949 per
569 911 718 948 discipulos
747 919 812 940 suos
839 911 940 940 docuit.

98 960 241 988 Sectemur
251 967 317 996 ergo
331 961 521 995 paupertatem
531 981 538 992 ,
552 958 707 986 maximum
721 958 824 995 quippe
838 958 942 986 bonum

98 1008 140 1035 est
149 1006 169 1034 ³.
184 1006 256 1034 Nihil
270 1005 342 1035 enim
357 1005 516 1042 opulentius
530 1013 562 1034 eo
577 1005 623 1042 qui
640 1008 830 1042 paupertatem
845 1008 942 1042 sponte

97 1052 185 1090 diligit
204 1055 232 1081 et
252 1060 316 1081 cum
336 1052 477 1081 alacritate
497 1052 653 1089 suscipit».

179 1099 222 1128 16.
245 1099 322 1128 Valet
342 1099 424 1128 etiam
446 1099 527 1128 tertio
541 1102 655 1136 propter
670 1098 876 1127 abscissionem
900 1099 942 1127 vi-

99 1145 244 1175 tiosarum
264 1145 412 1174 radicum.
434 1145 509 1174 Unde
530 1148 557 1174 et
577 1145 791 1182 Chrysostomus
815 1153 942 1175 sermone

98 1192 233 1222 eodem&
266 1191 460 1220 «Abiiciamus
487 1199 681 1229 quaecumque
708 1199 810 1228 corpus
841 1191 942 1220 florere

97 1238 216 1273 faciunt,
238 1238 335 1267 vitiant
355 1240 448 1266 autem
463 1238 599 1272 animam,
614 1241 646 1267 ut
660 1241 727 1275 puta
741 1241 807 1267 sunt
820 1238 940 1273 divitiae,

96 1285 223 1319 deliciae,
252 1285 354 1322 gloria;
380 1287 480 1314 cuncta
507 1285 574 1314 haec
602 1285 693 1313 carnis
714 1288 779 1314 sunt
806 1288 833 1314 et
864 1293 942 1313 amor

96 1339 253 1368 corporum.
276 1331 370 1368 Itaque
390 1339 445 1360 non
466 1339 591 1360 amemus
621 1332 770 1368 ampliora,
799 1332 846 1360 sed
874 1340 941 1369 pau-

97 1381 231 1416 pertatem
246 1386 356 1415 semper
371 1380 574 1412 consectemur;
590 1378 642 1407 ista
655 1378 728 1407 enim
744 1386 874 1415 magnum
894 1378 941 1407 bo-

96 1433 163 1454 num
184 1427 234 1453 est.
262 1424 313 1453 Sed
334 1424 497 1462 sapientia,
519 1425 624 1462 inquit,
643 1425 788 1462 pauperis
813 1434 869 1462 pro
896 1425 942 1453 ni-

96 1470 153 1500 hilo
174 1470 336 1505 liabetur⁵;
357 1475 384 1500 et
405 1471 524 1500 iterum:
546 1471 673 1500 Divitias
693 1475 718 1500 et
736 1475 941 1508 paupertatem

95 1518 254 1547 nedederis
275 1517 364 1552 milti;
385 1521 427 1547 et:
450 1519 494 1546 Ex
508 1518 624 1547 camino
642 1519 829 1555 paupertatis
850 1518 942 1547 libera

95 1574 146 1595 me.
169 1566 261 1602 Quare
281 1573 347 1602 ergo
368 1565 436 1594 haec
456 1565 529 1594 dicta
550 1568 634 1594 sunt?
655 1566 725 1594 Haec
746 1566 774 1594 in
792 1566 878 1595 veteri
901 1568 942 1594 te-

96 1615 232 1642 stamento
252 1612 431 1647 dicebantur,
453 1612 500 1641 ubi
521 1613 609 1642 multa
623 1613 693 1641 ratio
713 1613 873 1642 divitiarum
892 1613 941 1641 ha-

95 1660 228 1694 bebatur,
249 1659 297 1688 ubi
320 1660 491 1697 paupertatis
512 1660 650 1696 plurimus
671 1663 730 1688 erat
751 1663 940 1697 contemptus,

95 1706 142 1735 ubi
165 1706 232 1735 baec
253 1706 364 1743 quidem
386 1706 541 1735 maledictio
562 1709 630 1741 erat,
652 1706 719 1735 illud
731 1706 744 1727 ⁶>
771 1706 940 1741 benedIcti03

95 1753 142 1782 sed
162 1760 237 1781 nunc
256 1760 433 1790 nequaquam
454 1753 492 1781 ita
512 1755 561 1782 est.
577 1753 629 1782 Sed
643 1753 684 1782 vis
704 1753 801 1782 audire
822 1761 941 1790 pauper-

93 1799 157 1828 tatis
177 1799 422 1836 praedicamenta?
444 1799 531 1836 Ipsam
547 1800 687 1836 professus
708 1802 750 1828 est
769 1799 896 1829 Christus
914 1802 942 1829 et

94 1846 165 1875 dixit
179 1846 206 1874 ⁷:
229 1846 324 1875 Filius
345 1845 471 1875 hominis
491 1855 549 1875 non
570 1845 667 1881 habet,
683 1846 734 1875 ubi
748 1850 838 1884 eaput
850 1855 939 1875 suum

95 1893 229 1927 reclinet;
240 1896 267 1922 et
281 1893 383 1922 iterum
398 1893 540 1930 discipulis
553 1893 675 1922 dicebat:
691 1893 784 1922 Nolite
792 1893 941 1930 possidere

95 1948 207 1969 aurum
227 1948 317 1978 neque
337 1943 508 1977 argentum,-
530 1942 557 1969 et
579 1940 676 1969 Petrus
707 1940 815 1969 dicebat
842 1940 866 1968 ei
892 1940 940 1977 qui

95 1995 132 2016 ex
151 1987 293 2016 nativitate
314 1994 366 2015 sua
386 1986 502 2016 claudus
516 1989 591 2016 erat:
613 1988 774 2024 Arqentum
788 1991 814 2015 et
828 1995 940 2016 aurum

71 2037 78 2040 ”
94 2041 153 2062 non
172 2037 212 2062 est
233 2032 314 2062 mihi.
337 2033 368 2061 Et
388 2033 415 2061 in
438 2033 497 2070 ipso
521 2032 632 2070 quidem
664 2033 750 2062 veteri
780 2035 941 2062 testamento

94 2088 185 2109 nonne
207 2080 277 2109 Elias
298 2083 407 2117 praeter
430 2080 557 2108 melotam
573 2079 641 2108 nibil
659 2080 778 2109 habebat
793 2079 825 2108 ⁸?
846 2079 941 2109 Nonne

96 2127 215 2161 Eliseus,
236 2135 327 2156 nonne
348 2127 461 2156 Ioannes
475 2129 515 2155 n?
536 2126 686 2164 Hucusque
709 2126 939 2163 chrysostomus;

95 2173 266 2211 paupertatis
286 2174 460 2203 tolerantiam
486 2173 593 2208 laudat,
619 2173 684 2210 quia
711 2181 761 2210 per
788 2181 848 2202 eam
877 2181 940 2202 eor-

159 2354 167 2367 ¹
186 2355 237 2378 Vat.
254 2358 276 2378 et
297 2355 351 2378 edd.
374 2356 399 2383 1,
421 2356 434 2377 2
460 2358 538 2378 contra
563 2358 649 2378 textum
672 2356 808 2383 originalem
829 2362 940 2379 mumra.

95 2393 183 2417 Recens
200 2394 289 2417 versio:
306 2394 351 2417 Sed
368 2395 426 2417 inter
442 2394 486 2416 alia
504 2395 547 2417 hoc
564 2400 660 2423 quoque
676 2395 763 2417 malum
782 2394 866 2417 liabent
882 2395 941 2417 divi-

95 2432 152 2461 tiae,
168 2433 232 2462 quod
244 2433 283 2462 qui
300 2439 340 2456 eas
356 2433 380 2455 in
397 2433 452 2455 vitio
464 2436 486 2456 et
497 2433 582 2456 scelere
594 2433 707 2462 possidet,
719 2434 816 2461 impune
827 2440 940 2461 peccans,

96 2477 214 2500 nunquam
232 2472 326 2495 desistet
342 2473 386 2494 hoc
404 2473 490 2499 facere,
507 2472 548 2494 sed
565 2472 662 2500 accipiet
678 2472 775 2494 vulnera
791 2472 881 2501 absque
893 2479 940 2495 me-

96 2510 242 2538 dicamentis,
259 2517 335 2540 neque
351 2511 371 2533 ei
389 2511 513 2540 quisquam
531 2511 634 2539 imponet
650 2512 747 2533 frenum.

158 2549 167 2562 ²
184 2550 250 2572 Num.
269 2551 290 2572 3.
307 2550 423 2578 Allegatur
440 2551 516 2572 Matth.
535 2550 576 2578 19,
594 2550 631 2572 21.

158 2587 168 2601 ³
185 2589 270 2611 Textus
286 2589 403 2616 origiiialis
420 2589 456 2612 hic
481 2589 545 2617 plura
571 2589 642 2611 addit.
668 2589 771 2611 Subinde
797 2596 839 2617 pro
863 2589 941 2619 diligit

96 2633 175 2650 recens
192 2628 267 2650 versio
285 2627 348 2657 eliyit
366 2627 528 2658 (αἱρουμένου),

157 2665 167 2678 ⁴
184 2667 253 2689 Num.
273 2668 294 2689 2.
312 2667 363 2689 Post
380 2665 467 2689 bortum
484 2668 519 2690 est
535 2669 608 2689 textus
625 2667 742 2694 originalis
758 2667 824 2695 plura
840 2667 912 2689 addit.

157 2705 168 2720 ⁵
184 2705 256 2728 Eccle.
275 2706 302 2733 9,
320 2705 361 2728 ⁴6:
379 2705 495 2733 Sapientia
514 2706 623 2734 pauperis
639 2708 770 2733 contempta
787 2708 828 2728 est.
846 2718 877 2722 —
889 2706 939 2729 Duo

96 2750 160 2773 seqq.
177 2745 221 2767 loci
237 2747 290 2767 sunt
307 2745 374 2767 Prov.
392 2745 434 2772 30,
452 2745 473 2767 8.
490 2747 513 2767 et
529 2744 579 2767 lsai.
595 2744 636 2771 48,
651 2745 693 2767 Ἰ10;
706 2745 768 2772 Elegi
781 2747 802 2767 te
814 2745 835 2767 in
847 2745 938 2767 camino

96 2784 237 2812 paupertatis
254 2783 426 2812 (Septuagintat
445 2783 496 2806 Erui
514 2786 591 2806 autem
604 2786 625 2806 te
637 2783 666 2805 de
678 2784 770 2806 fornace
781 2784 940 2813 paupertatis).

157 2822 168 2837 θ
184 2823 273 2845 Recens
290 2823 366 2845 versio
383 2821 438 2845 illae
456 2822 583 2851 (divitiae);
607 2828 704 2849 graecus
727 2824 812 2845 textus:
837 2820 889 2845 ’ἔνθα
912 2821 938 2845 τὸ

97 2859 135 2891 μὲν
152 2859 241 2891 κατάρα
256 2856 292 2890 ἦν,
310 2858 336 2883 τὸ
354 2859 377 2883 δὲ
394 2858 496 2890 εὐλογία.

159 2900 169 2915 ⁷
184 2901 262 2923 Matth.
278 2901 304 2929 8,
322 2900 364 2928 2ος
381 2900 465 2923 deinde
484 2901 525 2929 10,
542 2901 564 2922 9.
577 2900 639 2928 (post
656 2906 726 2929 quem
739 2903 812 2923 textus
823 2901 939 2929 originalis

97 2939 173 2962 addit:
190 2940 216 2962 Et
232 2939 315 2962 Paulus
331 2939 435 2962 scribens
452 2938 556 2962 dicebat:
575 2939 700 2969 Tanquam
716 2939 776 2962 nihil
792 2939 901 2963 habentes
918 2941 939 2963 et

98 2978 178 3001 omnia
191 2977 344 3008 possidentes.
364 2978 388 3000 ll.
404 2977 456 3000 Cor.
474 2978 503 3007 6,
521 2978 567 3006 10.)
584 2981 607 3000 ct
624 2979 673 3001 Act.
690 2978 717 3005 3,
734 2978 756 3001 6.

159 3016 169 3031 ⁸
185 3016 230 3040 Csr.
249 3017 285 3039 IV.
303 3017 359 3044 Reg.
378 3018 403 3045 1,
421 3017 443 3039 8.
459 3019 481 3039 et
498 3017 524 3044 2,
544 3017 583 3044 13,
601 3016 639 3040 ubi
666 3017 752 3040 Eliseus
768 3018 861 3045 pallium
880 3019 939 3040 Eline

1788 229 1844 257 299

997 305 1150 342 poralium
1170 314 1272 334 rerum
1293 314 1379 334 amor
1399 306 1583 340 abscinditur,
1612 306 1659 343 qui
1688 309 1729 335 est
1756 306 1844 343 prima

1000 351 1081 380 radix
1103 351 1234 380 vitiorum
1250 351 1276 386 ς’;
1298 352 1392 381 laudat
1412 352 1510 386 etiam,
1532 352 1597 390 quia
1618 360 1668 389 per
1689 352 1776 389 ipsam
1798 352 1845 381 ab·

1000 397 1135 426 scinditur
1157 398 1237 427 radix
1259 399 1392 433 secunda,
1414 407 1485 436 quae
1505 402 1546 428 est
1572 399 1659 428 timor
1689 399 1765 428 male
1792 398 1845 427 hu-

999 444 1128 473 milians.
1150 445 1225 474 Unde
1246 448 1274 474 et
1294 449 1495 483 consequenter
1518 446 1643 483 adiungit
1658 446 1694 474 ¹⁰:
1720 457 1734 471 «
1748 446 1845 480 Vides,

1000 490 1078 527 quia,
1093 491 1167 528 quod
1181 492 1302 521 maxime
1317 492 1381 521 facit
1394 492 1536 527 fiduciam,
1552 493 1604 521 boc
1618 495 1660 522 est
1675 496 1845 530 paupertas?

999 537 1081 566 Dives
1102 545 1200 567 servus
1221 542 1275 572 est,
1296 539 1435 568 obnoxius
1462 539 1586 568 existens
1605 539 1713 568 damnis
1741 543 1768 568 et
1797 540 1845 568 tri—

1000 584 1088 613 buens
1109 585 1182 613 omni
1204 586 1305 614 volenti
1337 593 1401 614 eum
1430 594 1544 621 nocere;
1578 587 1622 615 ille
1653 589 1745 615 autem
1776 586 1845 615 nihil

1000 631 1105 660 habens
1125 633 1355 669 proscriptionem
1377 641 1432 662 non
1454 633 1531 662 timet
1559 641 1649 670 neque
1680 633 1846 662 condemna-

1000 678 1110 707 tionem.
1133 679 1313 716 Nequaquam
1335 688 1401 717 ergo
1422 682 1571 717 paupertas
1592 680 1656 709 facit
1671 680 1729 709 sine
1743 680 1844 709 fiducia

999 732 1071 759 esse;
1094 725 1221 754 Christus
1241 734 1305 755 cum
1328 729 1490 763 paupertate
1511 726 1637 755 mittebat
1656 727 1797 763 Apostolos
1818 727 1845 755 in

999 779 1110 800 causam
1131 780 1201 809 opus
1226 772 1372 801 habentem
1404 772 1505 801 fiducia
1530 773 1626 801 multa.
1659 773 1742 802 Valde
1773 773 1845 802 enim

998 818 1077 847 fortis
1097 821 1139 847 est
1160 827 1266 856 pauper
1293 822 1320 848 et
1347 828 1401 848 non
1426 819 1510 848 habet
1536 820 1610 849 unde
1637 820 1766 849 iniuriam
1799 828 1846 857 pa-

1000 864 1084 893 tiatur
1099 876 1125 893 ι).
1141 865 1210 894 Haec
1226 865 1310 894 verba
1323 865 1509 902 Chrysostomi
1526 866 1639 903 intelligi
1655 875 1708 895 non
1730 871 1844 903 possunt

999 911 1050 939 nisi
1071 911 1105 939 de
1126 920 1263 948 paupere,
1285 912 1332 949 qui
1354 912 1423 940 nihil
1444 913 1554 949 penitus
1575 913 1666 942 babet.
1689 931 1723 933 —
1748 914 1788 942 Ex
1803 914 1846 943 his

998 957 1091 994 itaque
1106 960 1195 995 patet,
1211 959 1284 995 quod
1301 959 1456 987 voluntaria
1470 963 1619 996 paupertas
1634 968 1688 988 non
1703 960 1841 989 modicum

999 1005 1071 1033 valet
1092 1005 1124 1033 ad
1146 1005 1344 1034 exterminium
1366 1006 1455 1034 omnis
1475 1006 1572 1043 culpae
1588 1007 1618 1034 ¹1.

1080 1052 1124 1079 17.
1141 1051 1218 1080 Valet
1232 1051 1315 1080 etiam
1329 1051 1363 1080 ad
1377 1052 1548 1081 exercitium
1563 1052 1681 1081 virtutis
1689 1052 1844 1090 perfectae,

999 1098 1121 1135 primum
1144 1098 1269 1135 quidem,
1291 1099 1357 1136 quia
1372 1107 1421 1136 per
1435 1107 1494 1127 eam
1512 1099 1607 1128 virtus
1618 1100 1764 1138 aequisita
1775 1109 1845 1137 pro-

999 1144 1096 1173 batur.
1125 1144 1200 1173 Unde
1231 1145 1392 1174 Ambrosius
1423 1146 1512 1182 primo
1534 1146 1604 1175 libro
1625 1147 1659 1175 de
1687 1146 1791 1176 Officiis
1806 1148 1845 1176 ¹2:

1003 1203 1017 1217 α
1031 1192 1088 1220 Non
1110 1194 1200 1228 potest
1221 1192 1283 1228 quis
1304 1192 1458 1229 praemium
1481 1193 1621 1230 accipere,
1643 1193 1703 1222 ‘nisi
1724 1193 1846 1231 leyitime

999 1238 1153 1267 certaverit
1160 1249 1170 1272 ;
1191 1246 1281 1276 neque
1302 1241 1344 1267 est
1364 1239 1483 1276 gloriosa
1505 1240 1635 1274 victoria,
1652 1241 1701 1269 ubi
1718 1249 1771 1270 non
1786 1241 1845 1270 fue-

999 1285 1055 1314 rint
1076 1285 1212 1314 laboriosa
1233 1286 1391 1314 certamina.
1414 1286 1531 1323 Ideoque
1554 1287 1687 1316 Dominus
1708 1288 1734 1316 in
1758 1288 1844 1317 Evan—

998 1332 1084 1369 gelio:
1107 1333 1204 1367 Beati,
1223 1341 1371 1370 pauperes
1398 1333 1522 1370 spiritu,
1544 1334 1684 1371 quoniam
1711 1334 1845 1372 ipsorum

998 1382 1040 1407 est
1059 1387 1182 1416 reynzmz
1203 1379 1360 1408 caelorum.
1383 1380 1440 1408 Non
1462 1380 1527 1409 dicit
1549 1380 1638 1415 beati,
1660 1381 1776 1416 divites,
1799 1382 1845 1411 sed

995 1434 1150 1463 pauperes.
1174 1426 1237 1455 Inde
1258 1426 1331 1455 enim
1354 1426 1449 1463 incipit
1470 1427 1610 1456 beatitudo
1624 1427 1717 1457 divino
1732 1428 1845 1463 iudicio,

998 1473 1046 1501 ubi
1067 1481 1201 1501 aerumna
1219 1473 1381 1502 aestimatur
1407 1473 1528 1502 humana
1543 1486 1569 1502 n.
1592 1474 1660 1503 Haec
1676 1475 1844 1504 Ambrosius.

998 1519 1110 1548 Constat
1130 1522 1238 1554 autem,
1254 1520 1327 1557 quod
1342 1528 1476 1549 aerumna
1496 1528 1550 1549 non
1572 1524 1613 1550 est
1634 1521 1661 1550 in
1683 1525 1846 1558 paupertate

998 1566 1104 1595 ratione
1125 1569 1299 1603 contemptus
1321 1574 1416 1595 rerum
1438 1567 1465 1595 in
1487 1570 1591 1601 mente,
1613 1567 1660 1596 sed
1675 1568 1781 1597 ratione
1800 1576 1846 1605 pe-

998 1613 1095 1642 nuriae
1117 1613 1291 1650 temporalis,
1313 1621 1396 1649 quam
1419 1614 1588 1643 sustinemus
1609 1614 1636 1643 in
1658 1623 1782 1652 corpore.

1077 1660 1202 1689 Secundo
1224 1660 1305 1689 etiam
1328 1661 1415 1695 valet,
1437 1661 1502 1698 quia
1524 1669 1573 1698 per
1594 1669 1654 1690 eam
1668 1662 1765 1690 virtus
1775 1671 1844 1699 pro-

999 1706 1068 1735 bata
1097 1707 1269 1735 custoditur.
1292 1707 1368 1736 Unde
1389 1707 1570 1744 Hieronymus
1590 1708 1624 1737 ad
1646 1709 1790 1738 Paulinum
1806 1709 1844 1737 ¹³:

1003 1765 1016 1778 «
1030 1753 1139 1787 Crates,
1161 1754 1205 1782 ille
1226 1754 1374 1782 Thebanus
1396 1754 1493 1788 homo,
1515 1755 1654 1791 quondam
1677 1755 1844 1791 ditissimus,

998 1808 1061 1828 cum
1082 1800 1117 1828 ad
1137 1800 1389 1837 philosophandum
1411 1801 1530 1830 Athenas
1554 1805 1698 1839 pergeret,
1713 1810 1843 1839 magnum

997 1847 1058 1875 auri
1081 1847 1188 1883 pondus
1209 1847 1309 1876 abiecit
1336 1856 1386 1876 nec
1414 1848 1534 1885 putavit,
1566 1856 1595 1877 se
1621 1848 1738 1877 virtutes
1765 1857 1844 1886 posse

997 1894 1081 1923 simul
1103 1896 1130 1923 et
1150 1894 1259 1923 divitias
1281 1894 1429 1931 possidere.
1455 1895 1595 1932 Denique,
1623 1898 1650 1924 et
1676 1898 1722 1930 tu,
1751 1896 1843 1925 audita

999 1941 1135 1970 sententia
1156 1941 1320 1970 Salvatoris:
1342 1941 1376 1970 Si
1395 1942 1439 1970 vis
1457 1940 1605 1979 perfectus
1626 1951 1701 1977 esse,
1722 1943 1795 1972 vade
1819 1946 1844 1972 et

997 1988 1085 2017 vende
1113 1988 1230 2022 omnia,
1259 1997 1333 2026 quae
1359 1987 1462 2023 habes,
1491 1992 1515 2017 et
1542 1989 1582 2017 da
1606 1989 1791 2027 pauperibus
1818 1994 1844 2019 et

996 2035 1078 2069 veni,
1099 2043 1217 2073 sequere
1236 2043 1297 2069 me,
1319 2035 1404 2064 verba
1424 2035 1509 2064 vertis
1536 2035 1563 2064 in
1588 2044 1672 2073 opera
1693 2040 1720 2065 et
1741 2036 1843 2066 nudam

997 2089 1108 2111 crucem
1130 2081 1223 2111 nudus
1244 2090 1377 2119 sequens,
1399 2082 1554 2119 expeditior
1576 2086 1603 2112 et
1618 2083 1704 2112 levior
1719 2083 1843 2113 ascendis

997 2127 1098 2156 scalam
1120 2127 1199 2156 Iacob
1219 2128 1354 2165 purisque
1375 2129 1503 2158 manibus
1533 2132 1561 2158 et
1589 2129 1704 2158 candido
1732 2133 1842 2167 pectore

997 2182 1147 2211 pauperem
1170 2177 1196 2203 te
1218 2175 1318 2211 spiritu
1339 2178 1366 2204 et
1387 2175 1519 2212 operibus
1539 2176 1666 2213 gloriaris
1682 2188 1707 2204 u.

997 2356 1085 2379 levasse
1103 2357 1186 2379 dicitur
1205 2357 1253 2385 (csr.
1271 2362 1341 2384 supra
1359 2362 1412 2384 pag.
1430 2357 1487 2385 293,
1506 2359 1559 2379 nota
1577 2357 1623 2386 5.);
1641 2357 1670 2379 de
1687 2357 1769 2379 Ioanne
1790 2357 1843 2380 vide

997 2396 1074 2418 maim.
1091 2396 1117 2423 3,
1136 2395 1156 2417 4.

1060 2434 1069 2447 ⁹
1085 2434 1131 2457 Csr.
1148 2440 1219 2462 supra
1236 2441 1291 2462 pag.
1309 2434 1364 2462 272,
1382 2436 1435 2456 nota
1455 2434 1475 2456 4.
1493 2447 1523 2451 -
1540 2435 1574 2457 De
1592 2436 1634 2457 hac
1656 2435 1742 2463 duplici
1764 2435 1842 2458 radice

997 2473 1126 2495 secundum
1144 2474 1253 2501 August„
1275 2474 1376 2496 Enarrat.
1395 2474 1416 2496 in
1440 2474 1474 2495 Ps.
1496 2473 1534 2495 79.
1556 2480 1578 2495 n.
1601 2474 1638 2501 13,
1660 2474 1714 2496 vide
1739 2477 1793 2496 tom.
1817 2475 1839 2496 ll.

997 2518 1050 2540 pag.
1070 2512 1127 2540 116,
1145 2516 1223 2534 notam
1240 2512 1262 2534 7.
1280 2515 1302 2535 et
1318 2519 1373 2540 pag.
1384 2513 1443 2539 958,
1456 2516 1533 2535 notam
1551 2513 1578 2539 25
1595 2514 1636 2535 cfr.
1648 2513 1716 2535 etiam
1728 2513 1840 2541 Breviloq.

997 2557 1020 2579 p.
1037 2552 1069 2573 ΙΙΙ.
1086 2558 1106 2573 c.
1127 2552 1147 2574 9.
1166 2564 1196 2567 —
1214 2552 1256 2573 Pro
1272 2551 1420 2574 abscinditur
1438 2551 1507 2574 ABC
1524 2550 1661 2574 absciditur.

1060 2589 1080 2602 ¹⁰
1097 2591 1148 2612 Loc.
1167 2590 1204 2612 cit.
1221 2597 1243 2612 n.
1261 2591 1282 2612 2.
1299 2590 1358 2613 circa
1377 2590 1452 2612 finem.
1471 2591 1558 2612 Recens
1575 2590 1664 2613 versio:
1684 2591 1763 2618 Vides,
1778 2591 1841 2619 quod

997 2629 1040 2651 hoc
1057 2629 1132 2656 magis
1154 2629 1223 2652 efficit
1239 2629 1347 2652 fiduciam
1371 2632 1393 2651 et
1413 2629 1521 2657 loquendi
1538 2628 1665 2651 libertatem
1683 2627 1842 2659 [παῤῥησὶαν],

997 2673 1081 2695 nempe
1095 2669 1234 2695 paupertas?
1251 2668 1308 2690 Nam
1320 2668 1386 2690 dives
1397 2668 1492 2696 quidem
1511 2670 1544 2690 est
1561 2674 1655 2695 servm,
1667 2670 1692 2690 ut
1703 2668 1742 2697 qui
1755 2668 1841 2691 damno

996 2706 1025 2729 sit
1036 2706 1149 2729 obnoxius
1165 2710 1187 2729 et
1203 2706 1296 2730 cuilibet
1313 2707 1396 2729 volenti
1414 2706 1535 2734 praebeat,
1549 2709 1573 2729 ut
1584 2707 1627 2735 ipsi
1640 2708 1700 2730 male
1713 2708 1790 2737 saciat;
1802 2708 1841 2737 qui

996 2748 1073 2768 autem
1086 2746 1140 2768 nibil
1158 2745 1227 2768 habet
1244 2752 1289 2768 non
1307 2746 1370 2768 timet
1383 2745 1497 2769 bonorum
1511 2746 1689 2774 publicationem
1701 2752 1777 2776 neque
1789 2753 1844 2769 con-

996 2784 1167 2807 demnationem
1187 2787 1230 2807 etr.

1059 2823 1078 2836 ¹¹
1097 2824 1139 2846 Pro
1156 2823 1232 2847 omnis
1249 2823 1332 2853 culpae
1350 2824 1387 2853 (ita
1405 2823 1474 2847 ABC
1485 2825 1539 2853 DG)
1558 2825 1611 2847 edd.
1629 2824 1767 2855 iniquitatis.

1060 2861 1079 2876 ¹²
1095 2862 1151 2891 Cap.
1175 2863 1209 2886 15.
1226 2865 1248 2885 et
1266 2863 1302 2885 16.
1319 2869 1341 2885 n.
1359 2863 1395 2886 58.
1413 2866 1435 2885 et
1452 2864 1490 2886 59.
1506 2863 1638 2892 Allegantur
1655 2864 1678 2886 ll.
1697 2864 1757 2887 Tim.
1775 2865 1801 2891 2,
1819 2865 1840 2887 5.

996 2903 1018 2924 et
1035 2901 1110 2924 Maltli.
1128 2902 1155 2928 5,
1174 2902 1195 2923 3.

1059 2939 1079 2952 ¹³
1096 2940 1164 2968 Epist.
1182 2940 1220 2963 58.
1237 2940 1301 2968 (alias
1319 2940 1365 2970 13.)
1382 2947 1404 2963 n.
1417 2942 1438 2963 2.
1451 2941 1535 2964 Textus
1546 2941 1663 2969 originalis
1675 2942 1843 2970 propositiones

996 2979 1077 3002 ordine
1089 2980 1182 3002 inverso
1194 2979 1295 3008 exbibet;
1308 2980 1371 3008 prior
1382 2980 1442 3003 enim
1455 2982 1489 3003 est
1500 2981 1534 3003 illa
1548 2981 1651 3011 Denique
1662 2982 1684 3004 et
1695 2982 1720 3004 tu
1732 2984 1775 3004 etc.
1787 2982 1842 3003 Alle-

996 3021 1063 3046 gatur
1080 3018 1156 3041 Matth.
1175 3018 1215 3046 19,
1233 3019 1270 3041 21.
1287 3021 1309 3041 et
1325 3019 1447 3047 respicitur
1461 3020 1517 3042 Gen.
1529 3020 1571 3047 28,
1585 3020 1621 3042 12.
1635 3020 1673 3049 (de
1684 3020 1743 3043 scala
1756 3019 1840 3049 Iacob).

1863 312 1935 337 Duplex
1950 313 1992 333 laus

1864 337 1987 360 paupertatis.

1862 1060 1948 1079 Secunda
1956 1060 1993 1079 uti-

1858 1084 1901 1102 litas
1910 1084 1959 1103 valet
1966 1084 1991 1103 ad

1859 1107 1902 1126 tria.
1915 1107 1941 1126 De
1954 1108 1991 1131 pri-

1859 1136 1895 1149 mo.

1863 1669 1891 1688 De
1902 1669 1991 1688 secundo.
