2133 3317
1 430 74 488 31·πέ

2 498 3 503 ¹
7 490 73 511 abilis.

0 1686 1 1691 ’
22 1700 72 1743 aa>

500 221 696 250 OPUSCULUM
717 204 806 248 xxiv.
828 220 978 249 LEGENDA
999 220 1102 249 MlNOR
1124 221 1237 249 SANCTI
1259 221 1431 250 FRANCISCI.

383 299 474 328 Lectio
494 299 617 336 septima
630 299 649 326 ¹.

173 394 229 422 Alio
250 401 361 430 quoque
383 396 506 429 tempore
531 391 631 420 mulier
659 391 794 428 quaedam
823 391 937 425 nobilis,

97 442 152 470 Deo
171 441 284 473 devota,
307 439 398 468 virum
419 442 545 467 sanctum
567 438 731 467 fiducialiter
758 438 868 471 adiens,
890 446 937 474 po-

97 487 215 518 stulabat
235 486 353 519 obnixe,
375 489 406 514 ut
428 493 478 522 pro
500 485 560 513 viro
581 493 632 513 suo
653 485 703 513 sibi
726 484 804 513 valde
818 484 937 518 crudeli,

97 541 177 571 quem
209 532 398 561 adversarium
432 531 587 568 patiebatur
618 532 644 559 in
676 531 788 560 servitio
818 531 936 564 Christi,

96 580 167 617 apud
191 580 336 608 Dominum
358 579 529 608 intercedere
543 579 640 612 vellet,
655 581 687 606 ut
698 578 709 594 ²
724 578 810 615 ipsius
825 585 872 606 cor
886 578 937 606 du-

97 635 158 656 rum
180 627 256 663 larga
277 634 343 655 suae
363 626 467 663 gratiae
489 625 624 654 infusione
652 625 779 653 molliret.
807 626 867 661 Quo
888 633 937 653 au-

96 675 167 708 dito,
189 674 231 702 vir
252 681 329 702 sacer
350 676 377 701 et
398 673 461 709 pius
482 673 567 701 sacris
588 680 647 701 eam
670 672 696 700 in
726 672 796 700 bono
825 672 937 700 robora-

97 722 135 750 vit
155 720 286 758 eloquiis,
308 719 536 753 consolationem,
558 727 640 756 quam
670 718 796 755 optabat,
825 718 875 746 sibi
904 718 937 746 de

97 768 224 806 proximo
245 767 394 795 affuturam
426 766 546 795 asseruit
577 765 751 802 finaliterque
782 764 936 798 mandavit,

96 815 169 853 quod
191 814 251 842 viro
272 814 308 842 illi
332 822 367 842 ex
390 817 467 849 parte
489 812 535 841 Dei
558 812 734 840 denuntiaret
748 814 776 840 et
789 811 848 844 sui,
864 817 937 839 nunc

96 865 204 898 tempus
225 868 284 890 esse
305 860 479 893 clementiae,
502 858 675 896 postmodum
697 858 851 895 aequitatis.
873 857 937 885 Cre-

95 907 162 937 didit
183 907 282 936 mulier
304 905 439 940 sermoni,
461 913 543 942 quem
565 905 588 933 ei
610 904 720 932 dixerat
747 903 853 932 Domini
880 910 938 931 ser-

95 962 162 988 vus,
183 957 210 983 et
230 953 418 982 benedictione
439 955 566 989 accepta,
594 951 706 980 domum
736 958 798 979 cum
827 949 938 978 festina-

96 1001 168 1030 tione
188 1004 346 1034 revertens,
368 999 523 1028 occurrenti
547 998 596 1027 sibi
620 998 679 1026 viro
700 997 855 1034 praefatum
876 1004 938 1024 uar-

95 1048 166 1077 ravit
193 1047 351 1085 eloquium,
382 1046 570 1075 indubitanter
601 1048 780 1082 exspectans,
812 1046 937 1080 optatum

95 1094 202 1131 impleri
225 1093 400 1130 promissum.
422 1092 568 1121 Confestim
591 1094 699 1125 autem,
721 1094 752 1119 ut
773 1090 889 1118 auribus
907 1089 938 1117 il-

96 1141 148 1170 lius
169 1148 260 1170 sermo
281 1140 419 1174 insonuit,
441 1139 539 1168 cecidit
560 1146 644 1175 super
666 1145 729 1166 eum
751 1137 865 1174 spiritus
879 1144 939 1173 gra-

95 1187 163 1221 tiae,
185 1186 252 1216 adeo
273 1194 320 1215 cor
341 1186 429 1222 ipsius
449 1185 608 1219 emolliens,
630 1186 660 1213 ut
681 1186 707 1213 et
728 1184 853 1212 devotam
875 1190 938 1211 con-

95 1234 186 1271 iugem
208 1233 293 1262 libere
315 1233 371 1261 Deo
392 1240 428 1261 ex
451 1236 517 1261 tunc
537 1231 665 1260 famulari
682 1230 854 1267 permitteret
868 1232 895 1258 et
910 1237 939 1257 se

95 1289 150 1310 una
171 1288 234 1310 cum
256 1281 315 1317 ipsa
337 1280 451 1308 Domino
473 1279 643 1307 serviturum
665 1278 786 1306 offerret.
802 1276 939 1305 Suadente

95 1327 178 1365 igitur
200 1330 293 1356 sancta
314 1334 420 1360 uxore,
443 1326 571 1363 pluribus
591 1325 670 1353 annis
694 1324 824 1353 coelibem
854 1323 937 1351 vitam

94 1377 220 1411 agentes,
242 1373 336 1402 eodem
359 1373 418 1407 die,
441 1372 541 1401 mulier
563 1380 657 1405 mane,
680 1371 722 1399 vir
744 1378 872 1407 vespere,
888 1369 939 1398 mi-

95 1423 245 1458 graverunt
260 1420 293 1449 ad
309 1420 472 1454 Dominum,
488 1420 556 1448 haec
570 1418 681 1456 quidem
698 1420 729 1446 ut
742 1417 937 1451 matutinum,

95 1467 139 1496 ille
161 1475 226 1496 vero
247 1470 278 1495 ut
298 1466 483 1503 sacrificium
503 1466 697 1503 vespertinum
710 1465 729 1493 ³.

389 1560 481 1589 Lectio
503 1564 605 1588 octava
617 1561 636 1588 ⁴.

172 1655 323 1691 Tempore,
345 1660 400 1691 quo
422 1654 463 1682 vir
485 1654 618 1683 sanctus⁵
641 1654 721 1682 Reate
742 1654 847 1682 iacebat
862 1653 939 1682 infir-

95 1709 173 1736 mus,
195 1701 412 1738 praebendarius
432 1701 561 1738 quidam,
583 1701 694 1729 nomine
714 1700 835 1734 Gedeon,
851 1699 938 1728 lubri-

95 1756 144 1777 cus
165 1751 191 1777 et
212 1748 384 1781 mundanus,
406 1748 566 1776 infirmitate
587 1747 664 1784 gravi
686 1750 832 1784 correptus
852 1750 879 1776 et
902 1747 938 1775 le-

95 1795 169 1824 ctulo
189 1795 344 1829 decubans,
365 1802 429 1823 cum
450 1794 484 1823 ad
505 1802 568 1823 eum
590 1794 686 1823 fuisset
707 1794 828 1828 delatus,
851 1794 938 1830 lacry-

96 1850 171 1871 mose
191 1842 305 1879 rogabat
326 1849 389 1870 cum
413 1841 495 1870 simul
516 1841 684 1875 astantibus,
706 1844 738 1869 ut
752 1841 786 1869 ab
801 1841 860 1877 ipso
874 1849 938 1869 cru-

97 1889 135 1917 cis
155 1888 296 1926 signaculo
317 1888 483 1925 signaretur.
506 1887 542 1916 Ad
564 1895 647 1924 quem
669 1887 729 1916 ille:
756 1898 769 1911 «
784 1887 851 1916 Cum
873 1887 937 1915 olim

96 1935 200 1964 vixeris
220 1935 373 1964 secundum
394 1934 530 1964 desideria
550 1934 657 1968 carnis,
679 1942 732 1962 non
749 1934 854 1963 veritus
868 1934 939 1962 iudi-

97 1981 137 2010 cia
158 1982 222 2016 Dei,
244 1990 297 2010 non
319 1985 433 2019 propter
454 1984 496 2015 te,
519 1981 565 2010 sed
587 1984 700 2018 propter
721 1980 833 2009 devotas
854 1981 938 2009 inter-

96 2029 250 2058 cedentium
273 2036 384 2066 preces,
406 2029 484 2065 signo
505 2031 531 2056 te
546 2027 637 2056 crucis
652 2028 703 2056 boc
717 2027 798 2056 modo
812 2027 938 2064 signabo,

96 2079 128 2104 ut
149 2075 196 2104 tibi
219 2083 254 2104 ex
277 2083 349 2104 nunc
373 2083 423 2112 pro
444 2078 520 2104 certo
542 2074 695 2108 insinuem,
717 2074 790 2111 quod
818 2074 856 2103 sis
876 2083 938 2111 gra-

97 2123 175 2152 viora
196 2130 345 2159 passurus,
367 2122 389 2151 si
411 2122 444 2150 ad
467 2121 600 2150 vomitum
622 2121 736 2150 redieris
764 2121 896 2150 liberatus
911 2133 938 2149 ».

97 2168 178 2205 Signo
199 2168 291 2205 itaque
312 2168 403 2197 crucis
424 2176 509 2204 super
530 2175 593 2196 eum
615 2167 685 2196 sacto
706 2175 722 2196 a
743 2167 831 2204 capite
849 2175 939 2204 usque

97 2215 131 2244 ad
152 2215 249 2252 pedes,
271 2215 455 2244 insonuerunt
476 2222 537 2243 ossa
559 2222 658 2243 renum
673 2214 748 2248 eius,
763 2214 939 2243 audientibus

99 2262 220 2296 cunctis,
242 2261 326 2291 veluti
342 2270 404 2290 cum
422 2270 505 2290 manu
521 2261 594 2298 ligna
608 2261 679 2290 sicca
693 2261 870 2298 franguntur,
885 2264 939 2290 sta-

98 2308 203 2346 timque
225 2309 247 2338 is
267 2309 314 2345 qui
337 2311 496 2337 contractus
518 2308 654 2341 iacuerat,
676 2308 801 2336 surrexit
815 2316 899 2336 sanus
913 2310 940 2336 et

99 2354 128 2383 in
147 2355 256 2384 laudem
278 2355 326 2384 Dei
349 2362 550 2392 prorumpens:
578 2366 591 2379 «
606 2354 676 2391 Ego,
698 2354 803 2391 inquit,
824 2362 885 2383 sum
909 2354 941 2382 li-

99 2401 211 2430 beratus
225 2414 251 2433 »-
268 2401 363 2430 Paucis
378 2405 470 2430 autem
486 2400 642 2438 interlapsis
659 2401 847 2437 temporibus,
862 2409 939 2435 cum,

98 2447 145 2477 Dei
166 2448 286 2483 oblitus,
308 2456 410 2485 corpus
431 2447 617 2485 impudicitiae
638 2447 815 2481 reddidisset,
836 2450 862 2476 et
878 2454 940 2476 sero

100 2494 217 2531 quodam
239 2498 380 2524 coenasset
401 2495 429 2523 in
451 2494 569 2531 hospitio
590 2494 732 2523 cuiusdam
754 2493 876 2522 canonici
892 2501 940 2522 no-

99 2544 196 2579 cteque
216 2542 262 2571 illa
283 2541 431 2576 dormiret,
459 2541 559 2570 ibidem
593 2544 695 2570 tectum
727 2540 825 2569 domus
856 2548 940 2577 super

99 2595 192 2617 omnes
213 2588 304 2617 subito
325 2588 432 2617 corruit
452 2591 486 2617 et
507 2588 583 2616 illum
617 2587 724 2621 solum,
745 2587 844 2616 ceteris
866 2595 940 2616 mor—

101 2634 176 2662 tem⁶
197 2634 392 2668 evadentibus,
415 2634 570 2668 interemit;
592 2633 686 2670 sicque
707 2633 809 2662 sactum
831 2636 887 2667 est,
909 2636 941 2661 ut

100 2679 180 2709 simul
202 2680 229 2709 in
252 2681 302 2709 boc
324 2688 380 2709 uno
402 2683 503 2709 eventu
527 2683 695 2717 patesceret,
716 2687 798 2716 quam
815 2679 850 2707 sit
863 2687 939 2708 seve—

1782 223 1837 250 573

996 306 1045 327 rus
1065 298 1179 335 ingratis
1201 299 1276 327 zelus
1297 299 1404 328 divinae
1426 299 1561 333 iustitiae,
1583 307 1722 336 quamque
1752 307 1837 328 verax

995 348 1022 373 et
1043 348 1136 374 certus
1157 345 1183 373 in
1205 345 1296 374 dubiis
1327 346 1410 374 fuerit
1437 346 1484 383 qui
1511 346 1684 375 Franciscum
1715 346 1838 383 repleve-

994 395 1037 420 rat
1058 392 1173 428 spiritus
1194 392 1362 428 prophetiae.

1303 485 1394 514 Lectio
1415 494 1494 513 nona
1505 486 1524 513 ⁷.

1073 579 1109 606 Eo
1130 586 1241 615 quoque
1257 582 1396 615 tempore,
1411 587 1467 615 quo
1482 582 1542 615 post
1557 579 1742 607 reversionem
1759 586 1837 607 suam

994 625 1027 654 de
1049 626 1123 653 ultra
1144 633 1219 653 mare
1240 625 1370 654 Celanum
1393 626 1603 662 praedicaturus
1631 626 1759 659 accessit,
1788 625 1838 653 mi-

995 672 1034 701 les
1055 672 1167 708 quidam
1189 672 1304 708 supplici
1321 680 1385 700 eum
1400 672 1543 701 devotione
1559 680 1621 700 cum
1637 672 1766 700 instantia
1780 679 1838 700 ma-

994 727 1048 755 gna
1068 719 1193 747 invitavit
1213 719 1247 747 ad
1269 719 1415 755 prandium
1436 721 1464 747 et
1488 718 1566 756 quasi
1595 719 1683 755 coegit
1712 718 1837 746 invitum.

996 767 1061 794 Ante
1083 773 1149 794 vero
1170 773 1252 802 quam
1275 765 1366 794 cibum
1386 768 1543 799 sumerent,
1559 766 1601 793 vir
1617 768 1707 794 mente
1722 765 1839 794 devotus

996 812 1075 840 iuxta
1095 812 1206 841 solitum
1229 820 1332 840 morem
1353 812 1471 841 offerens
1492 813 1548 841 Deo
1570 820 1665 849 preces
1686 816 1713 840 et
1729 812 1838 846 laudes,

996 859 1063 887 vidit
1084 859 1110 887 in
1132 859 1245 896 spiritu,
1263 859 1321 887 viro
1336 859 1372 887 illi
1390 860 1487 888 mortis
1501 859 1535 887 de
1550 859 1679 896 proximo
1694 858 1838 887 imminere

995 906 1144 939 iudicium,
1167 910 1313 943 menteque
1334 914 1486 942 suspensus
1507 906 1595 934 oculis
1616 906 1705 934 stabat
1726 906 1838 934 elevatis

996 953 1022 981 in
1044 953 1159 981 caelum.
1182 952 1311 981 Oratione
1333 953 1440 981 tandem
1457 953 1607 989 completa,
1624 953 1772 989 benignum
1790 953 1839 981 ho-

995 1000 1094 1036 spitem
1116 999 1202 1028 traxit
1224 999 1250 1027 in
1266 1003 1371 1036 partem
1387 1003 1561 1036 mortemque
1578 999 1614 1027 illi
1631 999 1748 1028 vicinam
1764 1007 1840 1036 prae-

995 1046 1081 1080 dixit,
1103 1048 1135 1074 ut
1155 1046 1343 1079 confiteretur,
1366 1046 1508 1074 admonuit
1523 1049 1550 1074 et
1565 1045 1598 1074 ad
1615 1045 1735 1079 honum,
1751 1054 1839 1082 quan—

995 1096 1054 1121 tum
1077 1093 1178 1126 valuit,
1200 1092 1339 1121 animavit.
1362 1092 1503 1129 Aequievit
1526 1092 1607 1120 homo
1623 1092 1753 1120 continuo
1767 1091 1838 1120 beati

996 1140 1047 1168 viri
1069 1139 1243 1168 sermonibus
1264 1139 1393 1176 socioque
1414 1139 1487 1167 illius
1516 1139 1645 1167 universa
1674 1142 1784 1175 peccata
1812 1138 1839 1166 in

996 1186 1165 1215 confessione
1186 1186 1306 1220 detexit,
1328 1186 1448 1215 domum
1470 1186 1614 1223 disposuit
1625 1186 1647 1219 8,
1675 1185 1782 1214 (livinae
1811 1193 1840 1213 se

997 1233 1163 1262 miserationi
1186 1233 1323 1261 commisit
1344 1236 1371 1261 et
1391 1233 1424 1261 ad
1446 1232 1647 1269 suscipiendam
1663 1235 1780 1260 mortem
1796 1239 1839 1265 se,

996 1283 1131 1316 quantum
1154 1280 1258 1316 potuit,
1281 1280 1464 1316 praeparavit.
1488 1279 1573 1316 Igitur
1601 1279 1666 1307 dum
1697 1279 1740 1307 alii
1771 1278 1840 1307 refe-

996 1327 1113 1355 ctionem
1135 1326 1259 1362 corporis
1280 1330 1438 1360 sumerent,
1461 1327 1554 1360 miles,
1577 1326 1623 1363 qui
1653 1334 1737 1354 sanus
1765 1325 1839 1354 vide-

996 1374 1078 1402 batur
1099 1377 1126 1402 et
1147 1373 1240 1407 fortis,
1262 1374 1354 1402 subito
1375 1373 1504 1410 spiritum
1526 1373 1668 1401 exhalavit
1682 1373 1762 1401 iuxta
1778 1381 1839 1401 ver-

996 1420 1062 1448 bum
1085 1420 1205 1448 hominis
1226 1420 1287 1454 Dei,
1310 1420 1453 1456 repentina
1468 1419 1578 1456 quidem
1595 1422 1683 1448 morte
1698 1419 1840 1453 sublatus,

996 1467 1080 1495 armis
1101 1470 1192 1495 tamen
1214 1466 1396 1503 poenitentiae
1417 1474 1466 1503 per
1488 1466 1610 1495 eiusdem
1633 1466 1760 1502 spiritum
1777 1474 1841 1502 pro-

996 1513 1136 1550 pheticum
1160 1513 1370 1550 praemunitus,
1393 1517 1423 1541 ut
1444 1516 1470 1542 et
1498 1516 1659 1550 perpetuam
1689 1513 1840 1541 damnatio-

996 1568 1057 1589 nem
1079 1560 1207 1589 evaderet
1228 1563 1255 1588 et
1276 1560 1303 1588 in
1323 1563 1436 1588 aeterna
1464 1560 1642 1588 tabernacula
1670 1560 1749 1588 iuxta
1778 1567 1840 1596 pro-

997 1607 1154 1636 missionem
1177 1607 1360 1644 evangelicam
1384 1607 1519 1635 introiret.

1035 1701 1074 1728 DE
1095 1708 1257 1729 OBEDIENTIA
1279 1708 1483 1729 CREATURARUM
1505 1709 1537 1729 ET
1559 1708 1800 1729 CONDESCENSIONE

1362 1755 1466 1775 DlVlNA.

1293 1840 1385 1869 Lectio
1403 1840 1506 1877 prima,
1517 1840 1536 1868 ⁹.

1074 1934 1171 1963 Aderat
1193 1934 1302 1971 quidem
1326 1942 1406 1963 servo
1427 1942 1477 1963 suo
1498 1935 1641 1963 Francisco
1663 1935 1685 1963 is
1706 1935 1752 1972 qui
1775 1942 1839 1964 eum

995 1984 1117 2010 unxerat
1138 1981 1257 2017 Spiritus
1278 1981 1383 2009 Domini
1406 1984 1433 2010 et
1455 1981 1511 2018 ipse
1541 1981 1592 2010 Dei
1621 1982 1717 2010 virtus
1744 1985 1769 2010 et
1789 1990 1838 2010 sa-

992 2028 1104 2065 pientia
1127 2027 1260 2056 Christus
1273 2028 1306 2062 ¹⁰,
1329 2028 1409 2056 cuius
1431 2028 1533 2057 virtute
1549 2028 1630 2057 fiebat
1649 2032 1675 2057 et
1690 2029 1793 2065 gratia,
1808 2030 1840 2057 ut

995 2075 1046 2103 sibi
1067 2083 1121 2103 non
1144 2075 1232 2103 solum
1248 2075 1359 2103 incerta
1373 2078 1398 2103 et
1413 2075 1525 2103 occulta
1540 2078 1726 2112 patescerent,
1742 2083 1839 2104 verum

995 2121 1077 2150 etiam
1100 2121 1193 2150 mundi
1216 2121 1300 2149 huius
1321 2121 1455 2150 elementa
1471 2125 1608 2158 parerent.
1624 2122 1747 2158 Quodam
1763 2130 1839 2150 nam-

995 2176 1050 2204 que
1074 2171 1212 2204 tempore,
1234 2175 1298 2196 cum
1320 2168 1464 2196 consilium
1493 2168 1609 2197 daretur
1630 2177 1646 2197 a
1674 2169 1786 2198 medicis
1813 2172 1841 2198 et

996 2214 1129 2243 instanter
1151 2214 1315 2243 suaderetur
1336 2223 1352 2242 a
1373 2215 1530 2249 Fratribus,
1552 2219 1583 2243 ut
1604 2218 1699 2244 contra
1725 2216 1840 2244 infirmi-

996 2264 1079 2290 tatem
1101 2261 1245 2289 oculorum
1268 2264 1410 2298 pateretur
1432 2261 1482 2290 sibi
1505 2270 1554 2298 per
1583 2266 1711 2291 cocturae
1739 2263 1839 2291 subve-

997 2308 1050 2337 niri
1072 2307 1243 2342 remedium,
1266 2308 1408 2337 humiliter
1429 2309 1471 2337 vir
1492 2309 1539 2337 Dei
1568 2309 1699 2343 assensit,
1730 2318 1779 2346 pro
1807 2317 1839 2338 eo

996 2355 1071 2391 quod
1092 2354 1118 2382 id
1140 2362 1193 2383 non
1216 2355 1305 2383 solum
1328 2355 1432 2383 medela
1453 2358 1549 2384 contra
1563 2356 1761 2392 aegritudinem
1777 2364 1839 2384 cor—

996 2401 1087 2437 poris,
1109 2408 1206 2429 verum
1228 2401 1309 2429 etiam
1332 2402 1448 2430 materia
1468 2402 1538 2431 foret
1559 2403 1729 2432 exercendae
1751 2403 1840 2431 virtu-

998 2447 1040 2476 tis.
1062 2448 1149 2476 Sensu
1171 2456 1237 2476 vero
1258 2448 1349 2476 carnis
1370 2448 1457 2485 ipsius
1484 2448 1517 2477 ad
1544 2452 1720 2485 conspectum
1736 2449 1839 2478 instru-

996 2494 1080 2523 menti
1108 2494 1189 2523 ferrei
1222 2494 1274 2523 iam
1304 2495 1366 2532 igne
1397 2495 1538 2524 candentis
1568 2496 1686 2524 naturali
1718 2496 1837 2533 quodam

997 2541 1114 2570 horrore
1135 2549 1283 2575 concusso,
1307 2541 1348 2570 vir
1370 2545 1481 2570 sanctus
1503 2543 1593 2579 ignem
1618 2542 1720 2579 alloqui
1749 2543 1841 2580 coepit

996 2590 1027 2615 ut
1048 2587 1178 2622 fratrem,
1200 2588 1226 2616 in
1248 2587 1386 2616 Creatoris
1406 2589 1515 2617 nomine
1543 2596 1574 2617 ac
1604 2589 1705 2618 virtute
1733 2589 1839 2626 praeci-

996 2634 1089 2671 piens,
1111 2637 1142 2663 ut
1163 2642 1244 2663 suum
1266 2635 1289 2663 ei
1312 2638 1532 2672 contemperaret
1546 2635 1690 2670 ardorem,
1705 2644 1761 2673 quo
1775 2644 1839 2665 sua-

996 2680 1067 2708 viter
1088 2683 1214 2708 urentem
1236 2681 1373 2709 sustinere
1405 2681 1515 2709 valeret.
1550 2681 1714 2710 Profundato
1745 2684 1837 2710 autem

163 2847 169 2860 ¹
189 2847 244 2870 lbid.
261 2855 281 2870 c.
303 2849 335 2870 11.
353 2855 375 2870 n.
394 2849 413 2870 6.

161 2885 171 2900 ⁵
188 2887 260 2910 Codd.
277 2887 346 2917 quod.

163 2925 171 2937 ³
188 2926 233 2949 Csr.
251 2927 317 2949 Num.
335 2927 377 2954 28,
395 2927 417 2949 8.
434 2927 472 2949 23.

162 2963 245 2987 ⁴1b1d.
261 2971 282 2987 c.
302 2966 335 2987 tt.
354 2971 376 2987 n.
393 2965 415 2987 5.

163 3002 172 3014 ⁶
189 3003 245 3025 Cod.
262 3005 278 3026 Α
297 3009 342 3033 quo
361 3003 456 3026 Domini
470 3003 585 3033 famulus.

1059 2847 1069 2861 ⁶
1085 2848 1142 2871 Cod.
1160 2849 1178 2870 Μ
1196 2849 1278 2870 omittit
1295 2850 1404 2871 mortem.

1059 2886 1067 2899 ⁷
1086 2887 1142 2910 lbid.
1158 2894 1177 2910 c.
1200 2889 1233 2910 11.
1251 2894 1272 2910 n.
1290 2887 1311 2910 4.

1059 2926 1068 2938 Β
1085 2926 1130 2949 Csr.
1150 2927 1198 2948 lsai.
1215 2927 1258 2953 38,
1279 2928 1297 2948 1.
1314 2939 1344 2943 ——
1362 2927 1472 2955 Superius
1490 2933 1532 2955 pro
1551 2927 1625 2951 valuit
1642 2928 1659 2950 Α
1674 2928 1758 2957 potuit.

1058 2964 1068 2977 ⁹
1086 2965 1141 2988 ibid.
1158 2972 1177 2987 c.
1195 2966 1216 2988 5.
1235 2972 1255 2987 n.
1274 2966 1296 2988 9.
1313 2978 1343 2982 —
1360 2965 1416 2987 Cod.
1433 2966 1450 2988 Α
1469 2966 1592 2994 praemittit
1610 2966 1697 2995 Quima
1715 2966 1757 2990 dic.

1060 3003 1079 3016 ¹⁰
1096 3004 1224 3032 Respicit-ir
1242 3004 1255 3026 1.
1273 3003 1324 3026 Cor.
1344 3005 1367 3031 ’1,
1385 3004 1426 3031 24,
1444 3007 1465 3026 et
1483 3004 1535 3027 dein
1555 3005 1589 3027 ΡΞ.
1607 3005 1649 3034 50,
1668 3006 1689 3028 8.

1855 585 1955 611 Prophetia
1965 587 1984 603 ει

1867 614 1971 627 ὓῠῐΙΥΘΓΕΙΟ.

1856 1938 1905 1965 Ignis
1917 1939 1987 1958 violen-

1872 1964 1917 1980 tiam
1930 1967 1967 1981 nou

1888 1986 1953 2004 sensit.
