2133 3317
140 434 208 453 Odium
222 433 263 453 Dei.

153 563 206 582 Folia
219 562 262 581 duo.

134 691 162 709 De
171 690 268 710 ambobus.

135 862 213 880 Fructus
224 861 268 879 duo.

141 994 169 1012 De
182 993 264 1020 pertina-

186 1023 222 1036 cia.

144 1338 213 1356 Rarnus
227 1338 266 1356 iufi-

161 1362 244 1380 deliznus

154 1385 258 1409 multiplex.

154 1683 264 1702 Haesiiatio.

161 1726 264 1745 Dubitalio.

203 1813 266 1831 Error.

148 2329 236 2348 Haeresis
249 2331 267 2348 et

166 2354 253 2372 schisma.

139 2548 265 2572 Sortilegium.

286 222 341 250 626

281 299 395 332 gravari;
416 298 480 323 unde
499 298 599 323 laborat
617 298 663 323 hoc
681 297 742 322 vitio
762 298 804 329 qui
816 297 990 327 infirmitates,
1004 298 1044 322 vel
1057 297 1135 322 infor-

282 344 393 371 tunium,
414 342 452 366 vel
472 348 534 366 onus
553 341 697 372 impositum
716 348 766 366 non
780 341 888 365 sustinet
902 340 1041 372 patienter;
1055 341 1080 365 et
1092 341 1134 365 ha-

281 386 323 411 bet
343 386 464 410 rationem
484 384 613 413 mortalis,
633 391 687 409 cum
706 391 784 415 usque
803 384 835 408 ad
854 384 936 409 odium
961 384 1007 408 Dei
1031 383 1057 408 et
1076 391 1135 415 pro-

281 429 339 453 ximi
358 436 384 453 se
403 427 521 452 extendit.
541 427 575 451 Et
593 427 727 452 secundum
746 427 792 452 1100
810 435 839 452 ex
858 427 904 452 hoc
922 434 991 452 ramo
1005 428 1134 458 impatien-

282 472 330 496 tiae
350 471 461 502 procedit
479 471 562 500 aliud,
582 471 675 495 scilicet
694 470 782 495 odium
807 471 872 501 Dei,
898 471 954 502 qui,
980 471 1038 496 licet
1062 471 1088 495 in
1108 478 1134 495 se

282 515 335 540 odio
354 514 441 538 haberi
460 521 509 539 non
530 513 623 545 possit,
643 513 728 538 tamen
747 514 772 538 in
792 514 919 538 effectibus
939 514 990 538 suis
1004 514 1066 539 odiri
1080 514 1133 545 pot-

281 558 319 582 est
331 556 348 581 ¹.
367 572 402 575 —
420 557 458 582 Ex
476 557 522 582 1100
542 564 611 581 101110
630 556 723 587 folium
743 557 917 588 blasphemiae
942 557 967 581 et
991 557 1133 582 murmuris

281 601 393 625 nascitur
412 600 437 625 et
456 600 587 629 manifeste
606 600 727 625 rationem
746 600 822 624 habet
841 600 963 625 mortalis.

352 643 375 667 7.
395 643 432 667 Ex
452 650 523 668 ramo
543 642 626 667 autem
645 643 816 674 impatientiae
836 643 868 667 ad
883 643 1034 674 praelatum
1052 643 1132 668 oritur

280 687 497 711 nnio-minationis
516 685 622 717 folium,
643 686 737 711 scilicet
755 686 830 711 vento
850 686 981 717 superbiae
999 686 1133 718 agitatum.

280 729 327 754 Est
346 729 429 754 autem
448 729 622 754 murmuratio
642 729 736 754 iniusta
755 729 855 760 querela
874 729 962 754 contra
981 730 1132 760 superiores,

280 772 389 797 latenter
408 772 545 797 multorum
564 772 667 797 auribus
686 771 843 802 inculcata23
864 772 889 797 et
910 772 987 797 habet
1012 773 1134 798 rationem

282 816 409 845 mortalis,
431 816 566 840 secundum
586 816 651 847 quod
670 816 701 840 ad
719 816 825 840 alterius
844 815 1038 841 diffamationem
1058 816 1133 840 anhe-

281 860 327 884 lat.
346 874 381 876 —
401 859 462 884 Cum
481 859 527 883 hoc
546 858 629 883 autem
649 858 707 884 folio
726 858 765 883 est
783 858 884 889 fractas
909 859 1090 884 obstinationis
1110 859 1134 884 et

277 903 446 934 pertinaciae.

352 946 399 970 Est
418 946 502 970 autem
518 946 667 976 pertinacia
681 945 867 976 perseverantia
886 946 912 970 in
928 946 994 970 malo
1007 946 1134 976 proposito

281 989 369 1014 contra
388 988 544 1013 voluntatem
565 989 713 1020 superioris,
734 996 763 1013 ex
782 996 832 1020 qua
850 989 930 1013 oritur
949 988 1036 1013 folium
1055 988 1135 1013 rebel-

283 1032 359 1057 lionis
378 1032 494 1063 apertae,
514 1032 539 1056 et
562 1031 671 1056 fructum
697 1032 911 1063 transqressionis
937 1039 1017 1056 secum
1044 1031 1133 1061 habet,

282 1083 344 1106 quae
364 1075 446 1100 omnia
466 1075 560 1099 habent
579 1075 701 1100 rationem
721 1075 849 1103 mortalis,
869 1074 1002 1099 secundum
1023 1074 1087 1105 quod
1106 1081 1135 1099 ex

282 1118 448 1143 inobedientia
468 1118 591 1143 oriuntur.
612 1118 673 1142 Cum
698 1117 782 1142 fructu
807 1118 891 1142 autem
920 1118 1135 1149 transyressionis

283 1161 343 1185 sunt
361 1160 635 1189 excommunicationis,
655 1160 783 1185 interdicti
801 1160 827 1185 et
846 1161 1016 1192 suspensionis
1036 1160 1136 1185 seuten-

282 1204 345 1233 tiae,
366 1212 428 1235 quas
449 1203 572 1228 sustinere
592 1204 702 1235 procedit
721 1211 750 1228 ex
768 1204 948 1233 inobedientia,
969 1205 989 1229 si
1007 1204 1087 1228 debite
1100 1204 1135 1228 in-

283 1247 308 1271 fii
310 1255 360 1279 gan
366 1248 413 1272 tur.

354 1290 378 1314 8.
397 1290 464 1315 Item
484 1298 513 1315 ex
525 1298 594 1316 ramo
609 1290 794 1316 inobedientiae
807 1298 892 1315 ramus
906 1290 1068 1321 infidelitatis
1081 1298 1135 1321 pro-

283 1334 361 1362 cedit,
382 1334 515 1358 secundum
536 1341 610 1365 quam
629 1334 719 1366 aliquis
739 1342 765 1359 se
790 1334 822 1359 ab
847 1334 985 1359 obedientia
1010 1334 1135 1359 Romanae

283 1377 406 1402 Ecclesiae.
426 1377 534 1407 alienat,
554 1377 579 1402 et
598 1377 696 1409 quidem
715 1377 755 1402 hic
774 1385 859 1402 ramus
881 1378 905 1402 in
931 1377 977 1402 hos
1002 1384 1085 1402 ramos
1110 1385 1135 1402 se

282 1421 384 1451 dividit,
405 1421 498 1445 scilicet
517 1421 542 1445 in
568 1420 777 1450 haesitationem,
803 1421 990 1446 dubitationem
1015 1421 1040 1445 et
1065 1428 1135 1446 erro-

280 1472 348 1495 rem,
368 1465 394 1489 et
412 1464 457 1489 hos
478 1463 580 1494 fructus
599 1463 692 1488 habet:
719 1464 858 1495 haeresim,
883 1464 1009 1495 schisma,
1034 1464 1136 1489 sortile-

280 1507 353 1538 yinm
372 1507 397 1531 et
415 1507 584 1531 divinationis
609 1507 851 1537 superstitionisque
869 1505 950 1538 folia,
970 1514 1032 1538 quae
1060 1507 1135 1531 etiam

281 1549 383 1580 fractas
402 1550 550 1580 apostasiae
568 1549 593 1574 et
613 1549 778 1574 idololatriae
806 1557 887 1574 secum
917 1549 1019 1574 habent.
1048 1550 1082 1574 Et
1106 1550 1135 1575 de

283 1594 404 1625 singulis,
426 1593 484 1624 quid
503 1593 567 1622 sint,
588 1600 632 1624 per
652 1593 762 1618 ordinem
781 1593 957 1624 exprimamus.

354 1637 378 1661 9.
398 1637 445 1661 Est
476 1636 559 1661 autem
592 1636 728 1661 haesitatio
760 1636 851 1661 mentis
881 1636 995 1661 titillatio
1027 1635 1134 1661 contra³

283 1680 371 1710 fidem,
391 1687 446 1705 cum
466 1679 560 1704 scilicet
579 1679 722 1704 intellectus
741 1686 790 1704 11011
816 1679 923 1710 perfecte
948 1679 1073 1704 consentit
1096 1679 1135 1704 his

283 1731 345 1755 quae
365 1724 425 1748 suut
444 1723 509 1747 fidei.
528 1737 563 1740 »ἡ
582 1722 630 1747 Est
648 1723 731 1747 autem
751 1722 894 1754 dubitatio,
914 1730 968 1747 cum
993 1723 1136 1747 intellectus

283 1767 332 1791 iam
350 1774 399 1791 non
419 1766 554 1797 acquiescit
572 1766 612 1790 his
631 1773 694 1797 0000
714 1766 774 1790 sunt
792 1766 862 1795 fidei,
883 1766 925 1790 sed
944 1765 1056 1795 dubitat3
1071 1766 1136 1797 quod

284 1810 358 1835 etiam
378 1810 407 1835 de
427 1817 471 1835 suo
490 1817 580 1841 genere
608 1809 647 1834 est
667 1809 779 1833 mortale.
799 1823 834 1826 »-
861 1809 909 1833 Est
936 1809 1019 1833 autem
1048 1816 1134 1840 error,

283 1853 381 1885 quaudo
400 1854 450 1878 iam
469 1853 538 1877 tenet
557 1852 709 1877 contrarium
723 1852 779 1877 fidei
799 1853 850 1877 sive
867 1852 986 1882 scienter,
1001 1853 1052 1878 sive
1068 1853 1136 1884 igno-

285 1897 379 1922 ranter.
399 1896 445 1921 Sed
465 1896 550 1921 tamen
569 1895 677 1920 multum
700 1895 820 1926 interest,
855 1896 897 1927 qui
923 1896 987 1921 enim
1015 1896 1136 1921 credenda

283 1940 353 1965 novit
372 1947 416 1971 per
435 1939 509 1964 fidem
527 1939 651 1963 Ecclesiae
671 1939 696 1963 et
716 1938 784 1963 tenet
803 1938 956 1963 contrarium
970 1939 1055 1970 peccat
1070 1946 1136 1964 mor-

283 1983 380 2013 taliter,
400 1983 443 2014 qui
462 1982 546 2007 autem
565 1989 594 2006 ex
613 1981 774 2013 simplicitate
788 1981 902 2013 ignorat,
917 1982 937 2006 si
951 1982 1035 2007 tamen
1054 1982 1136 2007 inten-

283 2027 375 2051 tionem
405 2026 430 2051 et
458 2024 615 2050 voluntatem
642 2025 734 2050 habeat
758 2025 910 2056 generaliter
929 2025 1043 2050 credendi
1071 2025 1136 2057 quod

284 2070 361 2095 credit
380 2070 506 2101 Ecclesia,
527 2069 673 2094 nullatenus
691 2069 849 2094 iudicandum
864 2069 903 2093 est
916 2068 1029 2093 mortale.
1042 2069 1067 2093 Si
1080 2070 1135 2100 quis

285 2120 314 2137 ex
333 2112 496 2144 simplicitate
515 2112 647 2137 veritatem
666 2112 749 2136 videre
769 2112 846 2137 oculis
858 2112 1029 2143 corporalibus
1042 2112 1134 2142 credat,

284 2163 333 2181 11011
356 2156 459 2187 propter
482 2155 528 2180 1100
550 2155 744 2180 contemnendus
763 2156 815 2185 est,
835 2162 890 2180 cum
910 2155 1015 2186 paratus
1035 2155 1068 2180 sit
1086 2163 1135 2180 cre-

283 2199 354 2228 dere,
374 2198 439 2229 quod
458 2197 536 2222 credit
555 2197 665 2222 Ecclesia
683 2197 835 2223 indistincte.
850 2197 920 2222 Unde
939 2197 998 2222 dicit
1017 2197 1136 2229 Augusti-

283 2249 331 2266 nus
342 2241 365 2265 ’ἣ
391 2251 403 2263 <<
416 2241 509 2265 Errare
528 2240 622 2271 potero,
643 2241 685 2265 sed
703 2240 844 2265 haereticus
863 2248 913 2265 11011
932 2248 973 2265 ero
986 2251 1011 2264 ».

356 2284 398 2309 10.
418 2284 465 2309 Est
489 2283 573 2309 autem
599 2284 711 2309 haeresis
736 2283 864 2309 obstinata
888 2283 1023 2309 affirmatio
1048 2284 1135 2309 contra

286 2327 367 2352 fidem.
388 2326 506 2352 Schisma
525 2326 609 2351 autem
628 2334 643 2351 a
666 2327 782 2351 scissione
807 2326 900 2351 dictum
926 2326 978 2357 est,
1004 2326 1069 2351 unde
1093 2326 1135 2351 ille

284 2371 464 2396 schismaticas
483 2370 587 2399 dicitur,
602 2370 644 2401 qui
663 2370 694 2394 ab
714 2370 812 2394 unitate
831 2369 955 2394 Ecclesiae
974 2377 999 2394 se
1018 2377 1135 2401 separare

285 2414 407 2444 intendit,
426 2414 485 2438 licet
503 2413 587 2438 eadem
607 2413 712 2443 sentiat,
733 2421 795 2445 quae
814 2413 883 2438 tenet
902 2413 1012 2438 Ecclesia
1032 2413 1056 2438 et
1074 2413 1135 2438 fides

285 2457 419 2486 catholica,
440 2457 575 2481 secundum
595 2456 765 2488 Augustulum
785 2456 872 2481 contra
891 2456 1014 2480 Faustum
1025 2454 1043 2480 ⁵.

357 2499 524 2531 Sortiieyiam
543 2500 594 2529 est,
615 2507 670 2524 cum
694 2499 719 2524 id
745 2499 810 2531 quod
832 2499 945 2523 futurum
974 2499 1026 2528 est,
1054 2499 1137 2530 iuqui—

286 2544 362 2573 ritur,
391 2543 416 2568 et
443 2543 519 2568 habet
547 2543 641 2568 multas
670 2544 777 2574 species,
797 2550 859 2574 quae
888 2550 932 2574 per
954 2542 1020 2572 folia
1044 2543 1070 2567 in
1099 2550 1136 2567 ar-

285 2587 343 2612 bore
361 2587 537 2618 designantur,
560 2586 653 2611 scilicet
672 2585 842 2611 divinationes
862 2593 906 2617 per
925 2586 1008 2616 astra,
1035 2593 1079 2617 per
1101 2586 1136 2610 in-

742 218 939 248 OPUSCULUM
961 219 990 247 11.
1012 219 1184 248 SPECULUM
1204 219 1450 249 CONSCIENTIAE.
1471 220 1540 249 CAP.
1563 221 1580 249 Ι.

1190 298 1359 329 cantationes,
1380 307 1424 331 per
1442 300 1589 325 daemonum
1617 301 1826 331 consultationes,
1853 309 1896 333 per
1916 302 2041 334 garritum

1190 342 1286 370 avium,
1306 343 1371 373 quod
1388 343 1480 368 dicitur
1504 344 1650 375 augurium,
1681 351 1724 375 per
1749 344 1874 376 ligaturas
1898 346 2039 376 nominum,

1191 384 1377 410 observationes
1390 385 1530 417 temporum
1550 387 1575 411 et
1588 386 1680 412 etiam⁰
1698 388 1858 417 somniorum,
1877 395 1939 419 quae
1959 390 2040 415 omnia

1191 428 1355 459 prohibentur
1374 429 1406 453 ab
1434 429 1544 454 Ecclesia
1564 430 1685 461 tanquam
1712 431 1780 455 mala
1805 431 1830 455 et
1847 431 1941 456 habent
1966 432 2039 457 ratio-

1190 478 1246 495 nem
1275 472 1402 501 mortalis,
1429 472 1487 503 quia
1506 472 1571 503 quod
1595 473 1641 497 soli
1666 473 1716 498 Deo
1744 473 1864 504 competit
1891 474 2041 499 attribuitur

1190 514 1327 539 creaturae.
1355 515 1409 540 Hoc
1437 515 1522 539 tamen
1545 515 1609 539 circa
1635 515 1819 541 observantiam
1847 516 1988 548 temporum
2016 517 2041 542 et

1190 557 1315 582 orationes
1335 558 1407 583 debes
1421 558 1564 587 advertere,
1578 558 1643 589 quod
1665 559 1806 584 sortiuntur
1825 560 1948 591 sortilegii
1966 560 2039 586 ratio-

1190 608 1260 630 nem,
1289 602 1386 632 quando
1407 601 1500 626 scilicet
1527 601 1650 631 creditur,
1679 602 1743 633 quod
1771 603 1851 634 magis
1880 604 1982 628 valeant
2009 603 2040 628 ad

1189 651 1267 668 unum
1286 644 1400 669 effectum
1419 652 1493 676 quam
1513 644 1544 668 ad
1567 645 1657 674 alium,
1678 645 1717 669 vel
1736 645 1833 676 quaudo
1859 646 1914 677 quis
1939 646 2041 671 confidit

1190 688 1215 712 in
1241 687 1405 712 determinato
1425 687 1565 712 orationum
1590 695 1706 717 numero,
1727 688 1766 712 vel
1785 688 1898 713 effectum
1917 689 2039 720 optatum,

1190 729 1239 754 ut⁷
1259 730 1301 761 qui
1326 731 1360 755 sic
1388 730 1485 758 fecerit,
1514 730 1680 755 infallibiliter
1698 731 1813 762 consequi
1833 732 1914 762 putat.

1262 773 1326 802 Quid
1344 773 1427 797 autem
1451 773 1484 797 sit
1513 773 1646 803 apostasia
1674 781 1690 798 a
1718 773 1781 805 fide,
1806 774 1846 799 vel
1870 774 2039 807 idololatria,

1191 816 1265 847 plane
1284 816 1363 847 patet.

1264 858 1305 883 11..
1325 858 1425 883 Tertius
1444 866 1530 883 ramus
1549 859 1679 890 superbiae
1699 860 1737 884 est
1759 860 1846 885 inanis
1869 860 1971 892 yloria,
1992 868 2040 892 qua

1191 903 1247 933 quis
1266 902 1364 933 appetit
1383 909 1454 926 suam
1473 902 1644 927 excellentiam
1665 902 1807 933 ostendere;
1828 911 1890 934 quae
1909 903 1985 928 habet
2003 911 2040 929 ra-

1191 945 1283 969 tionem
1304 945 1432 974 mortalis,
1451 945 1477 969 in
1506 945 1628 976 quantum
1653 946 1708 976 quis
1736 946 1842 976 gloriam
1862 946 1909 971 sibi
1928 946 2040 978 appetit,

1193 995 1256 1019 quae
1275 988 1321 1012 soli
1341 987 1392 1012 Deo
1420 987 1537 1016 debetur,
1566 988 1691 1018 quoniam
1710 988 1763 1019 ipse
1790 987 1851 1018 feeit
1869 996 1928 1020 nos,
1947 990 1971 1014 et
1988 997 2041 1014 non

1191 1031 1242 1062 ipsi
1260 1038 1307 1055 nos
1318 1029 1335 1054 Β.
1356 1030 1426 1055 Unde
1445 1031 1487 1062 qui
1505 1030 1613 1062 gloriam
1631 1038 1681 1056 non
1694 1031 1771 1056 refert
1789 1032 1815 1056 in
1835 1031 1928 1062 Deum,
1948 1032 1988 1057 vel
2007 1033 2041 1057 sic

1191 1074 1298 1105 gloriam
1326 1074 1427 1099 affectat
1454 1075 1594 1105 acquirere,
1623 1074 1701 1106 quod,
1721 1075 1742 1099 si
1766 1082 1794 1100 ex
1813 1074 1859 1100 hoc
1877 1075 2040 1106 assequatur,

1193 1118 1312 1143 offensam
1331 1118 1376 1143 Dei
1395 1125 1444 1143 non
1463 1117 1567 1147 metuit,
1586 1118 1727 1143 mortaliter
1755 1118 1847 1149 peccat.
1868 1118 1939 1143 Unde
1957 1118 2042 1150 Augu-

1192 1161 1274 1186 stinus
1293 1162 1318 1186 111
1338 1161 1401 1186 libro
1420 1161 1448 1186 de
1472 1161 1579 1186 Civitate
1602 1160 1680 1186 Dei⁹z
1709 1161 1784 1186 «Hoc
1808 1162 1896 1186 vitium
1915 1162 2041 1186 inimicum

1192 1204 1231 1229 est
1250 1205 1305 1235 piae
1325 1204 1394 1234 fidei,
1409 1205 1430 1229 si
1443 1205 1521 1229 maior
1536 1204 1607 1229 sitin
1626 1204 1697 1229 corde
1710 1204 1834 1235 cupiditas
1847 1205 1953 1236 gloriae,
1967 1212 2042 1236 quam

1192 1247 1238 1272 Dei
1265 1247 1340 1272 timor
1360 1247 1393 1272 sit
1421 1247 1446 1272 et
1465 1254 1569 1272 amor».
1588 1247 1613 1271 Si
1631 1247 1715 1272 autem
1734 1248 1761 1272 in
1779 1247 1842 1273 bono
1867 1247 1967 1278 proprio
1986 1248 2041 1279 quis

1192 1291 1301 1315 inaniter
1319 1290 1449 1322 glorietur,
1469 1290 1505 1315 ita
1524 1290 1616 1319 tamen,
1636 1290 1701 1321 quod
1719 1290 1809 1315 ibidem
1827 1297 1877 1316 11011
1896 1290 1985 1320 sistat,
1999 1290 2042 1316 sed

1191 1333 1250 1358 actu
1268 1333 1308 1358 vel
1327 1333 1416 1358 habitu
1440 1334 1467 1358 in
1490 1333 1569 1358 Deum
1589 1333 1694 1362 referat,
1713 1341 1758 1358 nec
1776 1333 1806 1358 ut
1824 1333 1870 1358 1100
1888 1333 2041 1365 acquireret,

1192 1377 1275 1408 aliquo
1303 1377 1374 1402 modo
1393 1376 1470 1401 vellet
1489 1377 1568 1401 Deum
1592 1376 1721 1406 offendere,
1741 1376 1887 1402 nullatenus
1916 1376 1955 1402 est
1982 1377 2041 1402 iudi—

1193 1420 1300 1446 candum
1319 1420 1433 1445 mortale.

1264 1462 1306 1486 12.
1325 1462 1362 1487 Ex
1381 1462 1427 1487 hoc
1445 1463 1528 1487 inanis
1546 1462 1641 1493 gloriae
1660 1469 1729 1487 ramo
1749 1462 1856 1493 quatuor
1875 1463 1938 1487 rami
1957 1463 2041 1488 oriun-

1192 1506 1247 1535 tur,
1268 1506 1362 1530 scilicet
1381 1506 1486 1530 ambitio
1506 1505 1621 1536 honoris,
1640 1504 1740 1535 favoris
1769 1505 1877 1531 hnmani
1896 1506 2039 1538 appetitus,

1192 1547 1351 1578 confusionis
1372 1549 1449 1573 timor
1476 1548 1501 1573 et
1530 1548 1616 1573 laudis
1645 1556 1726 1573 amor.
1746 1563 1781 1566 —
1799 1548 1837 1573 Ex
1855 1549 1935 1580 primo
1957 1549 2041 1574 autem

1192 1599 1261 1617 ramo
1280 1592 1363 1617 inanis
1382 1592 1491 1623 gloriae,
1511 1592 1553 1623 qui
1572 1592 1611 1616 est
1630 1592 1751 1623 ambitio,
1773 1591 1853 1617 oritur
1865 1592 1963 1617 fructus
1976 1599 2042 1624 pom-

1192 1643 1251 1666 pae,
1272 1643 1334 1667 quae
1358 1636 1407 1660 tres
1427 1634 1528 1664 fructus
1556 1634 1632 1659 habet
1659 1634 1684 1659 et
1708 1642 1790 1659 anam
1814 1634 1921 1666 foliam,
1948 1634 2041 1660 scilicet

1192 1678 1285 1703 fastum
1311 1679 1337 1703 111
1366 1678 1492 1709 superfluo
1520 1678 1644 1702 comitata
1672 1678 1696 1703 et
1725 1680 1858 1709 apparata
1882 1678 1907 1703 et
1931 1678 2042 1704 fastuoso

1190 1723 1265 1753 ,qesta
1283 1722 1308 1747 et
1327 1721 1427 1753 affata,
1446 1729 1522 1753 0000,
1542 1721 1600 1746 licet
1619 1721 1735 1747 mortalia
1753 1729 1802 1747 non
1822 1721 1874 1746 sint
1893 1729 1921 1746 ex
1941 1729 1985 1747 suo
2002 1729 2042 1753 ge-

1192 1773 1262 1795 nere,
1282 1766 1378 1795 tamen,
1399 1765 1474 1796 prout
1493 1765 1609 1790 oriuntur
1628 1773 1656 1790 ex
1675 1772 1743 1790 ramo
1763 1765 1905 1796 superbiae,
1925 1765 2042 1790 mortalia

1192 1817 1245 1834 esse
1265 1808 1379 1840 possunt.

1265 1852 1306 1877 13.
1326 1852 1364 1877 Ex
1382 1852 1488 1877 secundo
1507 1859 1590 1881 ramo,
1610 1852 1652 1883 qui
1670 1852 1709 1876 est
1728 1852 1856 1883 appetitus
1875 1852 1984 1877 humani
2003 1850 2042 1882 fa-

1191 1896 1276 1927 voris,
1296 1895 1334 1920 est
1360 1895 1521 1920 adulationis
1545 1894 1652 1927 foliam,
1672 1903 1734 1926 quae
1759 1895 1905 1926 quandoque
1927 1895 2041 1920 mortalis

1192 1939 1217 1964 et
1235 1939 1381 1970 quandoque
1402 1939 1514 1963 venialis.
1534 1938 1581 1968 Qui
1600 1939 1665 1963 euim
1684 1938 1716 1963 ad
1735 1939 1828 1963 malum
1849 1938 1926 1963 alium
1951 1938 2042 1963 excitat

1193 1982 1287 2006 malum
1307 1981 1401 2006 factum
1421 1982 1473 2007 eius
1501 1981 1626 2006 laudando
1655 1989 1698 2012 per
1725 1981 1906 2011 adulationem,
1932 1981 1972 2006 vel
1999 1981 2043 2006 alii

1192 2026 1345 2052 occasionem
1364 2025 1475 2056 praebet,
1495 2024 1523 2049 ut
1542 2025 1568 2049 in
1588 2025 1687 2056 peccato
1707 2024 1849 2055 remaneat,
1869 2025 1908 2049 vel
1926 2024 1955 2049 ut
1973 2024 2042 2049 ultra

1193 2068 1283 2093 merita
1302 2076 1348 2093 sua
1367 2068 1454 2092 efferat
1482 2075 1507 2092 se
1535 2068 1629 2099 ipsum,
1650 2067 1744 2092 scilicet
1774 2067 1837 2093 false
1860 2067 1997 2097 laudando,
2016 2068 2043 2093 in

1192 2112 1239 2136 tali
1257 2111 1367 2136 adulatio
1387 2111 1426 2136 est
1445 2111 1572 2141 mortalis,
1592 2111 1613 2135 si
1642 2110 1726 2135 autem
1754 2111 1807 2135 sola
1834 2110 1972 2136 intentione
1991 2111 2043 2142 pla-

1191 2155 1261 2180 cendi
1279 2155 1305 2180 et
1323 2155 1352 2179 de
1371 2155 1462 2186 gratia,
1477 2154 1577 2186 quaein
1591 2154 1697 2179 veritate
1715 2152 1863 2185 habetur¹⁰‚
1881 2154 1964 2185 ipsum
1981 2161 2042 2180 com—

1192 2198 1306 2227 mendat,
1326 2198 1475 2222 nuliatenus
1495 2197 1609 2222 mortalis
1635 2196 1773 2227 iudicatur3
1796 2196 1821 2222 et
1848 2197 1894 2222 hoc
1921 2197 2043 2229 Augusti-

1191 2247 1239 2265 nus
1260 2241 1286 2264 in
1306 2240 1422 2265 Sermone
1449 2240 1478 2264 de
1505 2240 1655 2271 Purgatorio
1683 2240 1776 2265 iudicat
1800 2240 1896 2265 veniale
1909 2239 1937 2265 ¹¹.
1956 2240 2042 2265 Secun-

1192 2283 1250 2308 dum
1279 2284 1363 2307 autem
1390 2282 1437 2307 hoc
1464 2282 1557 2313 folium
1586 2282 1747 2307 adulationis
1774 2283 1800 2307 111
1832 2282 1882 2307 tria
1909 2282 2041 2313 dividitur,

1192 2327 1249 2357 quia
1269 2326 1380 2351 adulatio
1408 2326 1447 2350 est
1474 2326 1503 2351 de
1532 2326 1595 2351 bono
1614 2326 1713 2355 habito,
1734 2326 1774 2350 vel
1802 2333 1852 2350 non
1879 2325 1978 2356 habito,
2002 2326 2042 2351 vel

1192 2369 1221 2394 de
1240 2369 1314 2394 malo.

1264 2411 1306 2437 14.
1325 2412 1405 2442 Item,
1426 2420 1455 2436 ex
1474 2419 1543 2437 ramo
1562 2413 1692 2443 appetitus
1711 2411 1811 2442 favoris
1830 2412 1939 2437 humani
1961 2412 2041 2437 oritur

1188 2455 1390 2487 prodiyaiitatis
1409 2454 1518 2485 fructas.
1538 2455 1580 2480 Fit
1598 2455 1661 2480 enim
1680 2455 1754 2480 homo
1768 2455 1901 2487 prodigus,
1915 2454 2042 2480 0151101110-

1192 2506 1252 2523 num
1271 2498 1381 2523 favorem
1401 2498 1523 2530 acquirat.
1543 2498 1626 2523 Habet
1645 2498 1728 2523 autem
1743 2498 1907 2530 prodigalitas
1920 2498 2041 2523 rationem

1192 2542 1321 2571 mortalis,
1342 2542 1475 2566 secundum
1496 2541 1560 2573 quod
1578 2541 1657 2571 bona,
1682 2549 1744 2572 quae
1762 2542 1788 2565 in
1813 2548 1874 2566 usus
1892 2541 1967 2576 utiles
1985 2541 2010 2566 et
2021 2540 2041 2553 ¹²

1193 2586 1218 2610 in
1233 2592 1356 2617 pauperes
1369 2585 1439 2610 fundi
1452 2585 1555 2614 debent,
1569 2577 1692 2609 inutiliter
1706 2584 1879 2616 expenduntur
1892 2584 1917 2609 et
1929 2584 2042 2616 personis

349 2742 357 2755 ¹
375 2743 421 2766 Csr.
439 2743 538 2769 Bonan,
557 2744 580 2765 11.
598 2744 658 2765 Seni,
672 2743 693 2765 (l⁴
708 2743 729 2765 5
742 2742 799 2765 dub.
817 2744 867 2770 ¹30¹
887 2743 916 2765 (10
934 2743 990 2765 infra
1009 2747 1065 2765 10010
1080 2750 1139 2768 111111*-

287 2775 416 2797 muratione
433 2781 503 2802 supra
522 2780 575 2802 pag.
594 2774 651 2801 433,
669 2778 721 2796 nola
744 2775 777 2796 10.

350 2805 358 2818 2
377 2807 405 2828 lta
424 2806 461 2828 ed.
486 2807 508 2833 1,
528 2806 576 2827 vm.
595 2805 742 2829 conculcata.

350 2836 359 2849 ³
376 2837 432 2859 Cocl.
451 2836 513 2860 cir-cn
522 2856 527 2864 ,
546 2837 586 2859 scd
600 2838 656 2859 infra
670 2840 722 2864 post
733 2838 789 2859 ‚snm
800 2836 855 2867 fidei
866 2838 958 2865 supplet
969 2837 1039 2859 verba
1053 2837 1138 2859 omissa

288 2868 311 2890 in
329 2869 392 2891 Vah:
412 2869 455 2891 Est
470 2870 549 2891 aretem
569 2868 682 2891 dubitatio
701 2875 775 2896 nsque
793 2868 820 2890 ad
839 2870 896 2891 sunt
911 2868 971 2898 fidei.

351 2898 360 2911 4
378 2900 510 2922 Secundum
528 2906 622 2922 seusun]
646 2901 702 2922 haec
727 2899 837 2922 sententia
864 2900 979 2922 inveniun-
996 2901 1105 2928 August„
1123 2900 1137 2921 l.

288 2930 317 2952 de
335 2931 398 2952 Trin.
417 2937 436 2953 c.
455 2932 517 2953 3.111.
535 2931 556 2953 5.
576 2931 633 2953 Vide
652 2932 688 2953 lv.
705 2931 766 2953 Seni.
784 2931 807 2953 (1.
829 2931 862 2953 13.
880 2931 936 2953 dub.
956 2931 976 2953 4.

350 2961 360 2974 ⁵
378 2962 439 2984 Libr.
458 2963 508 2984 XX.
525 2968 545 2984 0.
563 2962 585 2983 3.

350 2991 360 3004 ⁶
378 2993 429 3015 Vei.
447 2994 529 3015 omittit
546 2993 625 3016 eliam.
644 2995 700 3015 insi-a
718 2993 771 3016 cod.
788 3000 830 3021 pro
854 2992 1029 3016 observantiam
1051 2994 1137 3022 tempo-

288 3029 345 3046 ram
362 3030 486 3052 perperam
505 3025 569 3052 ponit
586 3024 760 3047 obserrmziiam
774 3026 883 3053 patrum.

1260 2742 1268 2755 ⁷
1288 2743 1338 2765 Vat.
1356 2743 1439 2765 omittit
1458 2743 1490 2769 ut,
1508 2741 1677 2769 resragamilius
1695 2741 1746 2763 coil.
1765 2745 1786 2763 61
1804 2741 1840 2763 ed.
1862 2742 1879 2768 l,
1897 2744 1918 2763 et
1935 2740 2041 2768 superius

1196 2774 1265 2797 habel
1282 2773 1384 2803 confidat
1403 2780 1444 2801 pro
1462 2772 1563 2803 confidit.

1259 2805 1268 2818 Β
1286 2806 1367 2827 Psalm.
1385 2806 1425 2833 519,
1443 2806 1466 2826 3.

1259 2836 1268 2849 ¹³
1286 2836 1347 2859 Libr.
1366 2836 1392 2858 V.
1409 2842 1428 2858 c.
1451 2835 1485 2858 14.

1259 2868 1279 2880 ¹⁰
1297 2869 1338 2890 Pro
1357 2874 1416 2897 qnae
1434 2867 1456 2889 in
1474 2866 1571 2890 rerilale
1588 2865 1694 2893 habetur,
1713 2866 1791 2895 ipsum
1810 2866 1858 2887 Vnt.
1876 2871 1949 2895 quam
1966 2865 1990 2887 in
2007 2871 2041 2888 ve-

1195 2899 1264 2923 ritate
1282 2899 1342 2929 ipse,
1361 2903 1382 2921 et
1399 2899 1506 2926 superius
1518 2904 1560 2926 pro
1573 2897 1600 2920 de
1611 2897 1691 2927 qratia
1709 2897 1790 2920 eadem
1809 2896 1878 2919 habel.
1894 2896 1936 2919 Dei
1954 2897 2041 2926 qratia.

1259 2930 1276 2943 ¹¹
1296 2931 1370 2952 Sei-m.
1391 2929 1439 2951 104.
1459 2930 1479 2951 in
1497 2929 1603 2957 Append.
1622 2929 1686 2957 (alins
1705 2928 1740 2950 41.
1759 2929 1788 2951 de
1806 2928 1902 2956 Sanctis)
1920 2934 1943 2950 n.
1960 2928 1982 2949 3.

1259 2961 1277 2974 Γ)
1296 2962 1346 2984 Vel.
1364 2960 1453 2984 utiliter
1471 2967 1513 2989 pro
1532 2960 1555 2983 in
1574 2966 1631 2983 usus
1650 2959 1716 2983 miles
1739 2961 1760 2982 ei
1779 2963 1848 2988 atque
1871 2958 1983 2982 debebant
1998 2964 2040 2986 pro

1194 2992 1289 3020 (lebent,-
1308 2993 1391 3015 deinde
1409 2992 1455 3014 fide
1471 2992 1522 3014 cod.
1541 2994 1563 3013 et
1580 2991 1615 3014 ed.
1639 2992 1643 3012 1
1669 2994 1721 3019 post
1745 2990 1828 3014 citizon
1851 2990 1894 3013 hoc
1919 2990 2039 3013 omisimus

1193 3024 1286 3047 malum
1303 3025 1345 3047 est.

2116 754 2117 763 l

2058 780 2133 805 Notaujm

2054 890 2058 894 ⁵
2063 867 2114 887 Tertii
2119 870 2133 890 fl(

2053 892 2103 911 inani

2058 1556 2108 1581 Dep

2057 1859 2086 1879 De
2096 1864 2105 1878 s

2058 1901 2104 1921 Folii

2057 2419 2104 2438 Frne
2114 2431 2119 2437 .

2111 894 2133 918 aii

2116 1561 2131 1576 io
