2133 3317
786 195 1028 248 PROLEGOMENA
1049 219 1077 248 C.
1098 220 1128 248 li.

68 302 174 326 attentius
190 301 359 324 considerando
383 300 526 327 invenimus,
546 299 680 322 huiusmodi
701 298 831 321 additiones
854 297 909 320 nihil

69 349 130 372 aliud
146 354 196 371 esse
212 348 256 370 nisi
272 347 420 376 repetitiones
441 352 523 369 eorum
548 351 609 375 quae
631 346 738 374 leguntur
754 345 778 367 in
795 347 856 367 textu
873 344 910 366 ali-

69 398 182 425 quatenus
198 401 211 417 a
227 394 340 422 scriptore
355 393 530 416 accommodata
547 393 584 415 vel
601 394 724 414 contracta.
740 391 836 414 Collatio
853 392 909 413 tacta

70 445 104 466 est
118 447 193 470 usque
209 441 238 464 ad
256 447 308 469 cap.
324 441 347 463 9.
362 447 386 463 n.
405 441 442 462 13.
460 440 524 467 Sign.
540 440 565 462 E.

131 489 154 512 6.
172 486 270 510 Tuderti
285 487 309 509 in
325 486 433 514 Umbria,
449 485 588 509 bibliotheca
604 485 739 508 Conventus
749 484 821 507 sancti
833 484 911 506 Fortu-

70 536 126 564 nati,
141 535 194 558 cod.
216 534 255 557 64.
277 533 375 556 membr.
399 533 425 556 in
441 534 464 555 8.
480 538 541 555 saec.
566 532 623 555 Xlll.
639 531 748 554 exeuntis.
765 543 797 548 —
815 531 861 553 Fol.
889 531 910 552 ·l.

70 589 90 606 r.
105 588 118 604 a
134 582 210 610 prima
226 587 296 603 manu
313 580 467 608 praemittitur
488 580 545 602 haee
568 578 676 601 rubrica:
693 577 809 607 Apologia
826 576 911 607 fratris

71 629 134 652 Bone
149 629 247 651 venture
265 626 361 650 Ordinis
377 626 500 650 Minorum
516 625 544 648 de
561 625 649 649 Balneo
664 624 738 654 reyio.
756 624 813 647 Hinc
827 624 871 646 col.
886 624 911 645 ⁴:

72 674 154 704 Incipit
166 673 284 704 prologus
296 673 320 696 in
331 672 472 702 Apoloqiam
486 678 622 702 pauperum
634 671 750 694 aduersus
766 670 911 700 calupmnia-

72 723 153 745 torem.
170 720 257 742 Desinit
274 719 310 742 101.
336 719 373 742 46.
398 725 421 741 ν.
444 724 497 741 01101
523 718 652 741 additione:
669 716 773 746 Eaepttcit
795 716 912 746 Apoloqia

71 767 186 791 adversus
202 765 415 796 calumpniatorem
431 764 493 788 edita
509 771 524 788 a
540 764 617 794 fratre
642 765 810 787 Bonauentura
820 781 826 791 ,
845 762 911 786 Ordi-

71 813 108 837 nis
124 813 241 837 Fratrum
256 812 380 836 Minorum
396 810 503 841 penei-ali
517 810 635 834 Ministro.
652 811 715 838 Sign.
731 810 756 833 C.

133 859 157 881 7.
172 858 272 886 Ibidem,
289 858 341 881 cod.
356 858 408 880 Ἰ174.
419 857 518 880 membr.
534 857 557 879 in
571 858 609 879 19..
620 863 681 880 saec.
693 857 752 879 XlV.
765 857 872 879 ineuntis.
885 869 913 872 —

73 906 108 929 Ad
119 906 205 928 calcem
221 906 240 928 1.
252 906 289 928 tol.
299 911 318 928 r.
330 905 405 933 prima
417 911 500 927 manus
513 904 604 933 scripsit
615 905 674 927 hanc
685 904 802 927 rubricam
813 911 819 926 :
831 903 916 933 Incipit

70 952 187 983 prolapus
209 952 234 975 in
256 951 397 982 Apoloqiam
413 957 550 981 pauperum
571 950 687 974 adversus
706 950 913 974 calumniatorem.

75 1000 160 1023 Desinit
175 999 212 1022 101.
229 999 267 1021 83.
283 1005 315 1021 r.:
327 1000 353 1022 ut
364 998 457 1021 salvam
473 998 562 1028 faceret
573 1004 589 1021 a
602 996 797 1027 persequentibus
809 997 916 1020 animam

74 1052 160 1070 meam.
175 1047 257 1069 Amen.
274 1045 337 1073 Sign.
354 1046 378 1067 Β.

136 1094 235 1121 Excepto
252 1092 332 1115 codice
348 1092 470 1120 Pragensi,
487 1092 517 1114 de
533 1097 581 1121 quo
597 1091 652 1114 vide
668 1098 738 1119 supra
760 1098 782 1114 n.
799 1091 827 1118 5,
848 1091 917 1113 ceteri

75 1147 144 1164 unam
164 1140 272 1162 familiam
288 1139 442 1167 constituunt,
459 1139 594 1167 praesertim
619 1138 760 1167 antiquiores
780 1138 798 1160 Α
808 1138 850 1161 BC
861 1139 917 1165 DG,

76 1186 116 1216 qui
132 1186 190 1209 inter
206 1192 231 1208 se
248 1189 335 1208 tantum
353 1186 376 1208 in
393 1185 487 1208 minutis
503 1185 574 1208 rebus
591 1185 734 1208 dissentiunt.
752 1186 775 1207 ln
789 1185 918 1207 FlorentIno

76 1233 128 1256 cod.
144 1233 175 1260 A,
192 1232 244 1255 licet
259 1232 289 1255 sit
307 1231 395 1259 bonus,
416 1232 561 1255 desideratur
586 1238 668 1254 manus
691 1231 840 1258 correctoris,
862 1232 918 1254 alter

77 1286 132 1303 vero
149 1280 186 1309 (D)
203 1281 247 1302 1100
263 1279 333 1302 habet
349 1285 402 1302 eum
420 1279 520 1302 editione
538 1280 545 1301 1
567 1285 703 1307 commune,
719 1279 783 1308 quod
800 1278 920 1308 quodlibet

76 1326 201 1354 capitulum
218 1326 307 1348 dividat
324 1326 346 1348 10
363 1326 421 1348 duas
437 1328 525 1354 partes,
543 1332 643 1354 quarum
661 1325 735 1353 prima
752 1324 843 1347 exhibet
859 1324 919 1352 prin-

76 1373 147 1401 cipia,
163 1373 233 1395 altera
250 1373 410 1395 refutationem
422 1373 557 1395 adversarii.
570 1373 619 1395 Duo
632 1372 751 1395 Tudertiui
765 1375 818 1394 sunt
830 1372 919 1400 optimi,

77 1420 118 1442 sed
129 1420 146 1442 B
157 1419 274 1442 interdum
285 1420 380 1448 aliquod
392 1419 531 1442 vocabulum
545 1419 639 1447 omittit,
651 1419 667 1442 C
680 1425 735 1441 vero
752 1425 919 1447 nonnunquam

78 1467 221 1494 superfluum
238 1466 314 1493 addit,
331 1466 394 1495 quod
412 1466 480 1488 etiam
497 1466 522 1488 in
538 1466 659 1489 Assisiensi
676 1466 694 1488 G
711 1466 838 1488 notandum
856 1468 897 1488 est.

140 1512 239 1536 Collatae
262 1516 315 1536 sunt
336 1513 406 1536 etiam
423 1513 534 1536 editiones
556 1513 631 1536 duae:
653 1520 712 1540 una,
729 1519 790 1542 quae
812 1515 845 1535 051
866 1513 920 1535 0001

80 1559 151 1586 list,
163 1565 216 1582 cum
233 1559 256 1582 in
273 1560 319 1582 fine
331 1559 470 1588 Breviloquii
485 1559 573 1582 eisdem
589 1559 650 1587 typis
662 1559 767 1587 impressi
779 1561 802 1581 et
812 1559 836 1580 in
848 1564 920 1581 unum

79 1607 187 1629 volumen
203 1606 317 1634 compacti
335 1606 371 1629 hic
384 1612 457 1628 annus
469 1607 570 1634 legatum
583 1606 651 1628 altera
663 1608 697 1628 est
708 1605 769 1628 edita
781 1611 834 1628 cum
847 1605 921 1627 doctis

78 1653 139 1676 notis
155 1659 168 1675 a
185 1653 208 1676 P.
226 1653 311 1676 Soldati
328 1652 382 1675 Ord.
401 1653 480 1675 Praed.
498 1653 586 1675 Romae
602 1658 640 1674 an.
658 1652 726 1675 l773.

293 1745 323 1769 11.
341 1744 432 1769 Codices
449 1752 462 1768 11.
478 1745 543 1768 nobis
559 1751 603 1768 nou
620 1744 707 1768 collati.

143 1840 164 1862 8.
181 1841 304 1869 Augustae
322 1838 498 1867 Taurinorum,
518 1837 656 1861 bibliotheca
681 1838 850 1866 Universitatis‚
870 1838 922 1861 cod.

81 1887 106 1909 D.
123 1887 160 1909 lV.
178 1886 214 1909 25.
232 1886 331 1909 membr.
348 1886 370 1908 in
395 1887 433 1908 101.
457 1892 523 1914 parv.
549 1892 608 1909 saec.
626 1886 681 1909 Xlll.
704 1886 815 1909 exeuntis.
831 1898 862 1902 —
878 1886 923 1908 Ru-

80 1933 144 1956 brica
161 1933 261 1956 occurrit
277 1934 314 1955 sol.
336 1934 369 1955 18.
387 1940 404 1956 r.
422 1933 512 1956 verbis:
524 1932 608 1962 Incipit
615 1932 732 1963 protoqus
745 1932 769 1956 in
781 1932 923 1962 Apoloyiam

80 1986 215 2010 pauperum
232 1979 347 2003 adversus
364 1979 571 2003 calumniatorem.
593 1980 690 2003 Summi
709 1980 862 2010 Leyislatoris
879 1982 923 2002 010.

80 2028 169 2051 Desinit
185 2028 222 2050 101.
240 2028 277 2050 68.
294 2034 329 2049 v.:
346 2027 440 2050 salvam
456 2027 545 2056 faceret
566 2033 581 2049 a
602 2026 797 2057 persequentibus
814 2027 922 2050 animam

81 2081 167 2098 meam.
186 2075 250 2097 Laus
267 2075 289 2097 et
304 2073 380 2097 honor
397 2074 446 2097 Xto
462 2073 509 2096 soli
524 2073 552 2096 de
567 2074 614 2104 sine
630 2073 660 2097 sit
677 2073 730 2097 isto.

144 2122 166 2144 9.
182 2121 276 2149 Ibidem,
288 2121 340 2143 cod.
352 2121 378 2143 D.
391 2121 426 2143 Vl.
440 2120 476 2142 50.
489 2119 587 2142 membr.
599 2120 622 2142 in
634 2121 655 2142 8.
667 2126 729 2142 saec.
741 2120 801 2142 XlV.
814 2120 922 2142 ineuntis.

81 2180 113 2185 —
128 2168 201 2190 Huius
211 2168 288 2196 operis
300 2167 389 2190 initium
402 2171 436 2190 est
448 2167 484 2189 101.
502 2167 523 2189 1.
541 2173 559 2189 r.
577 2166 621 2189 sub
638 2168 681 2189 hoc
694 2167 771 2189 titulo:
789 2167 816 2189 In
827 2166 924 2189 nomine

82 2215 135 2238 Iesu
151 2214 194 2238 XIi
209 2214 290 2244 incipit
303 2213 421 2244 proloqus
438 2213 463 2236 in
483 2213 625 2243 Apoloqiaiii
647 2219 784 2243 pauperum
805 2213 921 2236 adversas

83 2261 288 2286 calumniatorem.
306 2261 342 2284 Ad
358 2261 445 2283 verba:
467 2260 547 2283 Prime
566 2260 727 2290 responsionis
746 2260 828 2290 prima
848 2260 925 2290 parti-

83 2308 137 2332 cula
153 2308 304 2338 priinumque
320 2307 459 2337 capitulum,
477 2307 556 2335 ignara
574 2313 656 2329 manus
667 2313 727 2329 saec.
740 2307 808 2329 xvii.
821 2307 925 2335 scripsit:

84 2354 197 2385 Apotoqia
214 2355 331 2378 Fratrum
349 2354 470 2378 Minorunt
492 2355 576 2377 contra
601 2353 733 2376 Decretales
758 2353 855 2376 Ioannis
880 2352 925 2376 22.

84 2402 169 2425 Desinit
194 2402 231 2424 101.
255 2402 295 2424 72.
317 2408 339 2424 v.
362 2401 441 2424 verbis
461 2401 607 2428 Hieronymi:
627 2400 680 2423 Non.
701 2406 816 2429 neyamus
834 2400 925 2423 cunctis

71 2447 226 2478 pauperibus
244 2450 304 2476 (cap.
322 2448 358 2470 12.
375 2455 398 2470 0.
415 2448 471 2475 38.).
489 2447 568 2470 Cetera
582 2447 749 2469 desiderantur.

147 2495 183 2517 10.
201 2494 312 2518 Boloniae
329 2494 466 2523 (Boulogne)
493 2494 514 2516 in
540 2494 624 2522 GallIa,
646 2493 784 2516 bibliotheca
810 2493 926 2520 Civitatis,

88 2541 138 2564 coti.
156 2542 193 2564 69.
211 2542 303 2564 miscell.
325 2542 348 2564 in
373 2541 411 2563 101.
435 2547 495 2563 5000.
512 2541 572 2563 XlV.
589 2541 700 2563 excunns.
716 2552 747 2556 -—
763 2541 808 2562 Fol.
830 2541 880 2563 105.
897 2546 926 2562 r.:

86 2588 167 2618 Incipit
181 2588 297 2618 prolapus
315 2588 338 2611 in
351 2587 491 2617 Apcloqiam
501 2593 636 2617 pauperum
648 2587 762 2610 auem-sus
779 2586 927 2615 calumpnia-

86 2635 166 2657 torem.
184 2635 268 2657 Desinit
287 2635 322 2657 t‘ol.
345 2635 393 2656 160.
411 2641 428 2656 r.
446 2634 536 2656 verbis:
554 2635 581 2656 ut
596 2634 689 2657 salvam
706 2634 795 2663 fuceret
810 2640 825 2656 a
839 2640 927 2663 perse--

86 2680 207 2710 quentibus
224 2681 331 2704 animam
348 2687 434 2704 meanz.
451 2683 534 2704 Amen.

150 2728 185 2750 11.
202 2727 334 2755 Bruxellis,
352 2727 490 2750 bibliotheca
508 2728 591 2755 Regia,
609 2728 660 2749 cod.
683 2727 804 2749 12167-71.
827 2727 926 2750 membr.

88 2774 109 2796 in
129 2775 162 2797 ¹2.
179 2781 239 2797 saec.
258 2775 309 2797 XV.
328 2787 357 2791 —
376 2775 422 2797 1100
439 2781 499 2802 opus
516 2777 550 2797 est
567 2774 604 2796 101.
621 2780 666 2796 000
685 2776 805 2796 numerato
821 2781 875 2796 cum
893 2780 928 2796 se-

87 2820 164 2848 quenti
182 2821 257 2843 titulo:
274 2820 357 2850 Incipit
373 2820 489 2850 Apoloqia
503 2826 640 2850 pauperum
659 2820 775 2843 adversus
794 2819 928 2843 calumnia-

88 2867 161 2890 torem
175 2867 324 2897 puupmtatis
341 2867 485 2897 evunqelice,
503 2867 564 2891 edita
585 2874 600 2890 a
617 2867 712 2890 (lantino
729 2867 834 2890 Iohanne
851 2868 927 2890 nana-

89 2915 198 2941 ventura,
216 2914 309 2937 doctore
326 2913 461 2943 Serapliicu.
476 2915 572 2937 Desinit:
592 2916 617 2937 ut
632 2914 725 2937 salvam
742 2914 829 2943 fuceret
846 2920 859 2936 a
876 2920 928 2943 per-

88 2960 236 2990 sequentibus
253 2960 361 2983 animam
378 2967 463 2983 meam.
481 2963 564 2984 Amen.
586 2960 688 2990 Ea‘plici‘t
705 2960 820 2990 Apoloyia
838 2960 929 2983 domini

1721 218 1809 246 LXVII

965 296 1079 320 Iohannis
1097 297 1261 320 Bonaventure
1278 299 1362 321 contra
1375 295 1525 326 paupertatis
1542 295 1674 325 evanqelice
1698 294 1808 318 adversa·

966 343 1031 366 rium
1048 344 1183 373 compilata.

1031 391 1066 412 12.
1084 390 1222 420 Erfordiae,
1240 390 1378 413 bibliotheca
1401 390 1486 418 Regia,
1511 389 1564 412 cod.
1586 389 1624 411 65.
1640 389 1713 411 chart.
1732 389 1754 410 in
1772 388 1807 410 101.

967 443 1028 459 saec.
1045 437 1096 459 XV.
1113 449 1142 454 -—
1159 438 1205 460 Fol.
1225 437 1245 460 4.
1263 444 1294 459 r.:
1311 437 1396 467 Incipit
1410 436 1525 466 111-0109113
1547 436 1571 459 in
1592 435 1733 465 Apoloqiam
1749 441 1806 464 pau-

964 490 1053 513 perum
1070 486 1153 507 contra
1170 484 1375 508 calumniatorem.
1392 483 1488 507 Summi
1508 482 1660 513 Leqislatoris
1683 485 1726 504 etc.
1750 482 1808 504 Desi-

968 531 1000 553 nit
1018 532 1057 554 101.
1073 532 1110 553 66.
1136 538 1154 554 r.
1176 538 1229 554 cum
1252 532 1381 554 additione:
1406 530 1510 560 Eceplicit
1535 529 1650 559 Apoloqia
1672 534 1808 558 pauperum

968 576 1083 600 adversus
1100 577 1310 605 catumnuztorem,
1327 577 1389 601 edita
1414 584 1430 600 a
1454 576 1549 600 domino
1573 577 1742 599 Bonaventura
1759 580 1810 598 car-

968 623 1045 647 dinali
1061 626 1082 647 el
1099 625 1185 648 Fratre
1201 624 1302 648 Minore.

1036 671 1069 692 13.
1096 670 1242 698 Florentiae,
1753 670 1810 692 Plut.

969 717 1062 739 XXVll.
1082 718 1155 740 Dextr.
1173 718 1225 740 cod.
1243 718 1264 740 6.
1282 717 1381 740 membr.
1397 718 1420 740 in
1447 718 1483 740 101.
1500 723 1561 740 saec.
1578 717 1634 739 xnt.
1650 717 1762 739 exeuntis.
1781 728 1810 732 —-

1276 670 1412 694 bibliotheca
1446 670 1719 696 Nealcae-Laurentiano,

970 763 1034 791 Opus
1050 764 1149 786 occurrit
1166 764 1202 786 sol.
1224 764 1257 786 13.
1275 771 1293 786 1.
1310 771 1363 786 cum
1381 765 1456 786 titulo:
1474 763 1558 793 Incipit
1577 762 1692 793 111-0100113
1710 762 1734 785 in
1751 763 1809 792 Apo-

970 809 1058 839 loqiam
1079 817 1216 840 pauperum
1241 810 1355 834 adversus
1378 810 1583 834 calumniatorem.
1610 810 1694 832 Desinit
1720 810 1756 832 [ol.
1773 809 1811 831 79.

970 863 1005 880 r.:
1029 857 1135 880 animam
1163 863 1248 880 meanz.
1277 859 1359 881 Amen.
1385 857 1489 887 Ea'plicit
1517 857 1560 880 11011
1588 856 1738 886 opusculum.
1764 856 1810 879 Deo

971 905 1070 934 fyr-atius.

1036 952 1043 973 1
1052 952 1073 974 i.
1090 951 1189 980 Ibidem,
1207 952 1263 974 Piut.
1281 952 1332 974 XV.
1350 952 1425 973 Dextr.
1443 951 1494 973 cod.
1516 952 1548 973 12.
1566 949 1665 973 membr.
1681 949 1738 972 1114.
1750 955 1812 972 saec.

973 999 1032 1021 XlV.
1050 999 1157 1021 ineuntis.
1173 1011 1204 1015 —
1220 999 1267 1020 Fol.
1285 998 1320 1020 42.
1338 1005 1368 1020 r.:
1390 997 1476 1027 Incipit
1495 997 1612 1027 prologus
1630 996 1654 1020 in
1671 996 1811 1026 Apoloqiam

970 1051 1107 1075 pauperum
1131 1044 1246 1068 adversus
1271 1044 1481 1072 calumniatorem,
1507 1050 1579 1073 qnam
1601 1043 1654 1073 fecit
1678 1043 1754 1072 frater
1772 1043 1813 1065 Bo-

974 1094 1108 1115 uarentura
1127 1091 1223 1115 Ordinis
1242 1091 1364 1114 Minorum
1389 1091 1505 1114 Fratrum
1522 1089 1639 1120 penei-alis
1661 1089 1768 1113 Minister
1793 1090 1815 1112 et

974 1139 1054 1162 sancte
1080 1138 1183 1161 Romane
1207 1137 1300 1161 ecclesie
1325 1137 1455 1160 cardinalis
1479 1139 1499 1160 et
1521 1137 1642 1166 episcopus
1668 1135 1815 1159 Albanensis.

975 1184 1071 1208 Summi
1086 1183 1238 1214 Leqislatoris
1263 1187 1307 1206 etc.
1332 1184 1418 1206 Desinit
1442 1184 1480 1206 101.
1496 1183 1533 1205 77.
1550 1190 1583 1205 v.:
1604 1183 1712 1206 animam
1728 1188 1813 1205 meam.

976 1231 1080 1261 Explicit
1096 1231 1212 1261 Apoloqia.
1235 1230 1291 1254 bone
1314 1230 1426 1253 memorie
1446 1230 1530 1260 fratris
1555 1231 1717 1253 Boneventure
1738 1231 1759 1252 et
1775 1228 1812 1252 do-

976 1278 1036 1301 mini
1050 1278 1185 1301 albanensis
1202 1279 1223 1301 et
1239 1277 1341 1307 episcopi
1356 1277 1494 1301 cardinalis.
1514 1277 1560 1300 Deo
1577 1277 1677 1306 111-1111115.
1695 1276 1776 1299 Amen.

1043 1325 1076 1347 15.
1093 1324 1186 1354 Hispali
1205 1324 1226 1346 in
1243 1323 1363 1352 Hispania,
1381 1323 1517 1346 bibliotheca
1540 1322 1675 1345 Columbina
1701 1322 1815 1350 Capituli,

976 1372 1028 1394 cod.
1045 1372 1089 1394 Est.
1107 1378 1129 1399 y.
1150 1372 1199 1393 130.
1217 1371 1242 1393 N.
1260 1370 1298 1393 to.
1323 1370 1421 1392 membr.
1441 1376 1502 1392 saec.
1519 1370 1576 1392 Xlll.
1595 1369 1707 1392 exeuntis.
1723 1381 1754 1385 —
1771 1369 1815 1391 Ru-

977 1418 1040 1441 brica
1057 1418 1161 1446 opusculi
1179 1421 1212 1440 051
1230 1418 1268 1440 sol:
1285 1418 1321 1440 95.
1339 1424 1356 1439 r.
1380 1417 1415 1439 1115
1435 1417 1526 1439 verbis:
1548 1416 1632 1446 Incipit
1651 1415 1768 1445 proloqus
1791 1415 1815 1438 in

977 1464 1118 1494 Apoloyiam
1132 1470 1268 1493 pauperum
1284 1462 1399 1486 adversus
1416 1462 1641 1492 catumpnuitorem.
1662 1461 1758 1485 Sunnni
1775 1461 1817 1484 Le-

977 1511 1098 1542 qislatoris
1115 1514 1158 1534 etc.
1177 1511 1263 1533 Desinit
1280 1512 1318 1533 sol.
1336 1510 1388 1533 150.
1405 1517 1440 1533 v.:
1457 1512 1484 1533 ut
1498 1509 1591 1533 salvam
1607 1510 1696 1539 faceret
1711 1515 1727 1532 a
1741 1515 1818 1538 perse-

978 1558 1102 1588 quentibus
1119 1558 1226 1581 ant'mam
1243 1563 1328 1580 meanz.
1346 1558 1427 1580 Amen.

1045 1605 1079 1626 16.
1096 1603 1187 1632 Leodii,
1211 1603 1348 1626 bibliotheca
1373 1603 1542 1630 11011-0151111115,
1564 1603 1616 1625 0011.
1640 1603 1678 1625 78.
1704 1603 1775 1624 chart.
1793 1602 1815 1624 111

980 1651 1016 1673 fol.
1033 1657 1093 1673 saec.
1111 1651 1162 1673 XV.
1178 1651 1287 1673 exeuntis.
1304 1663 1335 1667 —-
1351 1651 1396 1672 Fol.
1416 1650 1441 1673 l:
1458 1649 1542 1679 Incipit
1555 1649 1672 1679 prolapus
1692 1649 1717 1672 in
1734 1648 1818 1678 Apolo-

979 1697 1043 1727 qiam
1059 1704 1193 1727 pauperum
1215 1697 1330 1720 [alrersas
1351 1696 1556 1720 calumniatorem.
1580 1695 1676 1719 Summi
1691 1695 1819 1725 Leqislato—

978 1744 1012 1767 ris
1029 1747 1071 1766 etc.
1090 1744 1176 1766 Desinit
1192 1744 1227 1766 101.
1247 1743 1283 1766 ti.
1300 1750 1322 1765 v.
1341 1749 1394 1765 cum
1411 1743 1523 1765 editione:
1540 1743 1566 1765 ut
1587 1742 1680 1765 salvam
1696 1742 1784 1771 faceret
1801 1748 1816 1764 a

978 1790 1170 1821 persequentibus
1181 1790 1288 1813 animam
1305 1796 1389 1813 meam.

1047 1838 1080 1860 17.
1097 1837 1205 1865 Medelci,
1224 1837 1361 1860 bibliotheca
1386 1837 1527 1864 Monasterii,
1545 1837 1595 1859 cod.
1616 1837 1639 1858 E.
1662 1836 1684 1858 5.
1708 1837 1779 1858 chart.
1798 1836 1819 1858 111

980 1886 1015 1909 sol.
1033 1892 1092 1909 saec.
1110 1886 1160 1907 XV.
1178 1888 1229 1907 0010
1247 1884 1358 1907 medium.
1377 1896 1405 1900 -—
1422 1884 1512 1906 Titulus
1529 1883 1597 1906 huius
1614 1883 1719 1911 opusculi
1736 1885 1769 1905 est
1782 1883 1819 1905 101,

981 1934 1001 1956 1.
1018 1940 1037 1956 1.
1059 1933 1094 1955 1115
1116 1932 1206 1955 verbis:
1230 1931 1312 1961 Incipit
1336 1930 1451 1960 111-0100113
1474 1930 1497 1953 in
1520 1929 1661 1960 Apoloqiam
1682 1936 1819 1959 pauperum

979 1979 1094 2003 adversus
1111 1978 1324 2008 catrmzpntaiorem
1341 1984 1356 2001 a
1372 1977 1466 2001 doctore
1486 1977 1567 2000 devoto
1587 1977 1682 2000 domino
1699 1978 1822 2000 3011011811-

980 2028 1037 2050 tura
1057 2026 1217 2055 compositam.
1236 2025 1320 2047 Desinit
1341 2025 1377 2047 101.
1396 2024 1434 2046 70.
1454 2031 1472 2046 r.
1492 2024 1582 2051 verbis,
1601 2030 1661 2053 quae
1677 2024 1700 2046 in
1717 2024 1821 2052 originali

980 2080 1027 2096 non
1044 2073 1205 2095 inveniuntur:
1223 2074 1246 2095 et
1265 2071 1420 2098 assumendo,
1440 2077 1484 2100 que
1505 2070 1648 2094 naturaliter
1669 2070 1712 2094 toti
1731 2071 1821 2094 mundo

980 2120 1038 2142 sunt
1053 2120 1117 2142 nota.
1134 2119 1182 2142 Ista
1193 2118 1314 2141 limnituer
1325 2117 1372 2140 sint
1383 2117 1445 2140 dicta
1457 2119 1477 2140 et
1488 2116 1539 2140 sine
1552 2116 1633 2146 aliqua.
1642 2117 1820 2146 presumptione

980 2166 1017 2190 vel
1033 2165 1160 2189 temeraria
1177 2165 1310 2188 assertione
1326 2164 1373 2187 sint
1389 2164 1487 2193 scripta.

1047 2214 1080 2235 ¹8.
1098 2212 1211 2240 Parisiis,
1230 2212 1368 2234 bibliotheca
1386 2212 1534 2239 Mazzarinea,
1552 2211 1603 2233 cod.
1630 2211 1694 2233 1129.
1720 2210 1819 2233 membr.

981 2261 1005 2283 in
1024 2260 1044 2282 4.
1062 2266 1123 2282 saec.
1139 2259 1190 2281 XV.
1207 2262 1259 2281 ante
1276 2259 1431 2281 medietatem.
1447 2270 1479 2275 -
1495 2258 1541 2280 Fol.
1558 2258 1580 2279 5.
1597 2264 1627 2280 r.:
1645 2257 1728 2281 Sancti
1744 2258 1820 2280 Bona-

983 2309 1090 2335 t'enture,
1108 2306 1209 2330 cloctort's
1226 2305 1302 2329 deuoti
1323 2305 1347 2328 in
1364 2305 1504 2335 Apoloyiam
1524 2311 1660 2334 pauperum
1686 2306 1770 2328 contra
1786 2311 1822 2328 ca-

983 2353 1167 2383 luntpnuttoreni
1181 2352 1297 2382 111-0109113
1315 2351 1402 2381 incipit.
1420 2351 1506 2373 Desinit
1518 2352 1555 2373 101.
1568 2352 1604 2373 88.
1617 2358 1640 2373 v.
1651 2357 1705 2374 cum
1717 2352 1821 2380 sequenti

982 2400 1114 2423 additione:
1139 2398 1255 2428 Apoloyia
1277 2404 1413 2428 pauperum
1438 2397 1582 2421 devotissimi
1605 2397 1706 2421 doctoris
1731 2397 1822 2421 dommi

983 2447 1147 2470 Bonarenture
1158 2445 1273 2468 adversus
1285 2444 1497 2474 calumpniatorem
1514 2444 1693 2474 compendiosus
1705 2446 1823 2468 tractatus

982 2493 1080 2523 feliciter
1098 2492 1202 2522 etz-plica.

1049 2540 1083 2561 19.
1099 2540 1196 2566 Romae,
1211 2538 1349 2561 bibliotheca
1360 2538 1414 2560 olim
1428 2538 1559 2565 Principum
1572 2538 1760 2565 [111111110510111011
1771 2539 1823 2561 cod.

984 2587 1036 2609 2-26.
1048 2585 1146 2608 01001111.
1158 2591 1219 2608 5000.
1231 2586 1286 2608 xlii.
1300 2585 1409 2608 excuntIs.
1421 2598 1451 2601 —
1462 2585 1573 2613 Apologia
1590 2588 1624 2607 est
1641 2585 1718 2607 mutila
1728 2604 1733 2612 ,
1744 2585 1825 2613 incipit

983 2633 1043 2655 00101
1062 2632 1098 2654 101.
1120 2633 1137 2654 l.
1154 2638 1172 2654 r.
1198 2638 1210 2654 a
1233 2638 1283 2659 cap.
1307 2632 1328 2653 7.
1346 2638 1367 2653 11.
1392 2631 1427 2653 15.
1451 2631 1543 2653 verbis:
1567 2637 1637 2653 onere
1662 2631 1774 2653 liberatus
1792 2637 1823 2654 es.

983 2679 1081 2702 Nudum
1104 2679 1179 2702 Xtum
1202 2678 1280 2701 nudus
1301 2684 1404 2707 sequere.
1424 2678 1508 2700 Desinit
1530 2679 1566 2701 t‘ol.
1584 2678 1622 2700 7-1.
1640 2678 1668 2699 ri:
1689 2679 1713 2700 nt
1729 2677 1822 2700 sutram

982 2726 1070 2756 luceret
1086 2732 1099 2748 a
1115 2725 1308 2755 persequentibus
1326 2724 1432 2747 animam
1449 2731 1535 2747 meum.
1552 2725 1633 2747 Anien.
1647 2724 1751 2754 Erplicil
1764 2725 1822 2754 Apo-

984 2773 1047 2802 loqia
1062 2778 1207 2802 pauperum.

1046 2819 1084 2841 ΞΟ.
1105 2817 1213 2845 Veneriis,
1240 2817 1376 2840 bibliotheca
1402 2818 1473 2840 sancti
1496 2818 1575 2844 Marci,
1598 2818 1649 2840 coti.
1674 2817 1744 2841 Class,
1768 2818 1824 2840 Vlll.

989 2866 1037 2888 173.
1054 2867 1126 2888 chart.
1149 2866 1169 2888 10
1195 2866 1232 2887 101.
1257 2871 1317 2887 sace.
1335 2865 1386 2887 XV.
1401 2877 1432 2881 —
1449 2865 1590 2893 Opusculum
1616 2867 1649 2887 cst
1674 2868 1791 2887 exaratum
1809 2871 1820 2887 a

984 2913 1082 2935 ditersis
1099 2912 1206 2934 manibus
1222 2912 1326 2934 eiusdem
1344 2912 1407 2938 aevi;
1433 2911 1501 2934 habet
1526 2912 1612 2933 initium
1641 2912 1676 2934 101.
1698 2913 1714 2933 l.
1733 2918 1750 2933 r.
1768 2918 1820 2933 rum

984 2959 1088 2982 rubrica:
1106 2958 1189 2988 Incipit
1208 2958 1324 2988 proloqu-5
1349 2958 1373 2981 ἰ11
1397 2957 1536 2987 Apoloqirtm
1554 2965 1690 2988 pauperum
1708 2958 1822 2981 (itlrrrsns
