2133 3317
152 591 227 610 Dictum
240 596 272 609 uo-

180 615 245 633 tabile.

156 1061 183 1080 De
199 1061 273 1079 iuventa

144 1084 200 1112 bui-sa
219 1089 274 1108 pecu-

144 1113 194 1127 Illae-

181 2330 277 2357 ,salutatio

160 2359 208 2372 mira
220 2354 277 2372 trium

161 2377 267 2396 mulierum.

290 226 345 254 5⁶24

287 306 378 340 posset
398 302 552 339 hospitibus
583 301 725 329 Fratribus
757 300 1017 337 supervenientibus
1040 308 1137 329 secun-

287 350 353 378 dum
367 348 536 377 necessitatis
547 347 714 384 exigentiam
731 346 885 383 provideri;
901 347 967 375 adiit
981 347 1073 375 virum
1090 347 1135 376 Dei

288 396 310 424 V
313 396 415 424 icarius
430 402 498 423 suus
510 395 529 429 1,
545 394 665 430 allegans
680 393 824 430 penuriam
840 394 968 421 Fratrum
983 396 1011 422 et
1025 396 1136 430 petens,

288 445 319 471 ut
341 442 504 470 intrantium
527 440 695 469 novitiorum
719 448 763 468 res
785 440 892 477 aliquas
914 448 1058 468 reservare
1074 440 1137 469 lice-

288 492 346 522 ret,
369 489 401 517 ad
423 496 493 525 quas
515 486 710 524 expendendas
726 494 874 515 recurrere
895 490 1007 523 possent
1028 487 1138 515 Fratres

289 539 413 572 tempore
434 538 600 571 opportuno.
616 534 653 562 Ad
669 541 752 570 quem
768 534 811 561 vir
827 533 940 570 superni
957 533 1061 562 consilii
1083 541 1136 562 non

289 583 418 620 ignarus:
445 593 458 606 «
475 582 562 615 Absit,
585 581 690 618 inquit,
712 589 727 608 a
747 580 841 614 nobis,
863 581 958 609 Frater
980 580 1137 614 carissime,

288 634 320 658 ut
341 638 391 666 pro
423 629 521 666 quovis
551 628 662 656 bomine
693 627 776 664 impie
797 635 911 664 agamus
940 627 967 655 in
997 627 1137 664 Regulam.

289 677 373 710 lllalo,
396 679 422 705 te
443 676 529 704 altare
551 675 672 712 Virginis
694 675 829 712 gloriosae
851 675 972 708 nudare,
995 683 1057 703 cum
1091 683 1138 703 ue-

289 724 401 753 cessitas
423 723 448 751 id
471 722 604 759 requirit,
627 730 711 758 quam
735 725 831 750 contra
852 721 1024 758 paupertatis
1042 724 1137 750 votum

288 774 315 799 et
335 770 537 799 observantiam
560 769 698 806 Evangelii
727 768 830 805 aliquid
859 769 903 797 vel
932 768 1069 797 modicum
1099 772 1139 797 at—

289 820 403 846 tentare.
416 816 527 845 Gratius
542 816 614 845 enim
630 815 742 844 habebit
754 815 837 852 Virgo
852 815 940 849 beata,
953 816 1038 844 sancti
1052 816 1139 844 Evan-

289 864 350 902 gelii
373 863 494 901 perfecte
516 866 626 892 servato
647 863 777 897 consilio,
800 870 882 891 suum
914 863 1001 891 altare
1032 862 1138 899 detegi,

290 919 388 948 quam,
410 910 489 939 altari
513 910 611 939 vestito
624 910 643 944 ²,
665 909 723 938 Filii
746 910 788 938 sui
810 910 978 946 promissum
995 909 1140 938 consilium

290 958 472 995 praetermitti
486 970 512 985 ».
710 988 715 991 ³

371 1007 395 1034 ὃ
419 1005 568 1034 Transiens
589 1007 681 1033 autem
704 1004 823 1041 quodam
847 1007 971 1041 tempore
986 1005 996 1021 ³
1021 1004 1064 1033 vir
1092 1004 1140 1033 Dei

291 1061 354 1082 cum
376 1053 450 1081 socio
471 1060 521 1089 per
543 1052 666 1089 Apuliam
686 1052 766 1080 iuxta
781 1052 908 1086 Barium,
932 1051 1036 1080 invenit
1054 1051 1081 1079 in
1097 1051 1141 1079 via

291 1100 405 1129 bursam
428 1107 564 1135 magnam,
587 1099 665 1135 quasi
688 1099 769 1135 plena
790 1101 862 1127 esset
883 1098 1019 1132 denariis,
1052 1101 1141 1126 tume-

291 1150 427 1180 scentem,
443 1154 526 1183 quam
549 1146 651 1174 usitato
674 1145 807 1173 vocabulo
834 1144 961 1182 fundam
993 1145 1140 1182 appellant.

292 1195 417 1222 lllonetur
433 1201 449 1221 a
463 1193 536 1221 socio
551 1200 657 1229 pauper
673 1192 774 1220 Christi
790 1195 817 1220 et
831 1192 967 1221 instanter
982 1192 1141 1226 inducitur,

292 1244 324 1269 ut
345 1240 432 1269 bursa
453 1240 567 1267 tollatur
589 1247 604 1267 e
619 1242 710 1273 terra,
725 1242 752 1267 et
766 1239 884 1276 pecunia
895 1239 1066 1276 pauperibus
1081 1247 1141 1267 ero-

291 1291 380 1325 getur.
404 1287 504 1315 Renuit
526 1287 608 1315 homo
629 1286 694 1320 Dei,
717 1288 903 1314 commentum
926 1286 1069 1314 affirmans
1083 1286 1142 1315 fore

291 1334 389 1363 diaboli
414 1333 439 1362 in
463 1333 549 1362 bursa
579 1333 707 1367 iuventa,
734 1336 760 1361 et
788 1333 911 1361 Fratrem
941 1341 996 1361 non
1025 1332 1142 1361 suadere

292 1389 350 1410 rem
374 1381 482 1414 meriti,
505 1380 551 1409 sed
574 1380 690 1416 peccati,
713 1380 801 1408 aliena
821 1379 925 1408 scilicet
946 1379 1090 1416 surripere
1111 1387 1142 1408 ac

291 1428 402 1456 donare.
434 1427 574 1455 Recedunt
601 1427 634 1455 de
666 1427 740 1461 loco,
769 1426 898 1455 festinant
926 1426 979 1454 iter
1008 1426 1142 1463 perlicere

292 1478 430 1511 coeptum.
453 1474 504 1502 Sed
527 1474 648 1502 nondum
671 1473 789 1510 quiescit
810 1473 905 1501 Frater
927 1481 1014 1501 vacua
1042 1473 1142 1510 pietate

291 1522 421 1555 delusus,
444 1521 535 1549 virum
559 1521 606 1549 Dei
639 1521 804 1554 molestans,
826 1520 904 1557 quasi
934 1520 982 1557 qui
1010 1520 1044 1549 de
1073 1520 1143 1548 rele-

291 1568 380 1597 vanda
401 1576 556 1605 pauperum
579 1568 696 1604 penuria
718 1576 772 1596 non
789 1570 909 1596 curaret.
925 1567 1068 1604 Acquievit
1083 1570 1142 1595 tan-

291 1616 352 1644 dem
376 1615 418 1644 vir
440 1615 513 1643 mitis
536 1615 627 1643 redire
648 1615 681 1643 ad
705 1615 811 1648 locum,
834 1623 888 1643 non
910 1617 942 1643 ut
963 1614 1067 1642 Fratris
1095 1622 1143 1642 vo-

292 1663 425 1691 luntatem
462 1662 623 1699 perficeret,
660 1662 706 1690 sed
739 1665 771 1690 ut
801 1661 943 1698 detegeret
979 1661 1141 1689 diabolicam

291 1710 426 1738 fraudem.
451 1710 587 1738 Reversus
602 1710 614 1725 4
635 1717 701 1746 ergo
722 1709 756 1737 ad
778 1708 890 1737 fundam
915 1716 977 1737 cum
1000 1709 1095 1736 Fratre
1116 1711 1143 1736 et

292 1758 392 1786 iuvene
413 1757 548 1794 quodam,
571 1757 618 1793 qui
641 1759 700 1785 erat
717 1756 742 1785 in
760 1756 818 1789 via,
834 1756 958 1784 oratione
974 1755 1142 1792 praemissa,

292 1804 369 1833 iubet
390 1804 464 1832 socio
485 1804 558 1832 illam
582 1804 682 1832 levare.
706 1803 895 1832 Tremefactns
924 1803 1018 1831 Frater
1047 1803 1143 1831 obstu—

292 1851 368 1889 puit,
384 1851 549 1880 diabolicum
568 1851 621 1879 iam
637 1850 825 1887 praesentiens
840 1853 1012 1884 inonstrum;
1028 1852 1143 1886 propter

293 1898 464 1927 obedientiae
486 1901 577 1926 tamen
599 1901 709 1926 sanctae
726 1897 885 1925 mandatum
901 1896 1071 1925 dubietatem
1086 1896 1143 1925 abi-

293 1953 360 1982 gens
382 1945 488 1979 cordis,
511 1953 623 1973 manum
646 1944 773 1973 extendit
793 1944 827 1972 ad
849 1944 972 1973 bursam.
1004 1944 1036 1972 Et
1064 1951 1142 1978 ecce,

292 2000 407 2029 serpens
421 2000 475 2020 nou
489 1992 621 2026 modicus,
633 1992 666 2020 de
678 1992 764 2020 bursa
778 1991 910 2020 exsiliens
924 1991 1065 2028 simulque
1080 1999 1142 2019 cun]

293 2040 351 2077 ipsa
366 2040 458 2068 subito
473 2047 652 2073 evanescens,
664 2039 825 2067 diabolicam
838 2038 1027 2075 deceptionem
1040 2038 1051 2055 ⁵
1067 2046 1143 2066 mon-

294 2087 399 2116 stravit.
423 2086 532 2115 Hostilis
553 2087 647 2123 itaque
669 2086 809 2115 versutiae
830 2086 1004 2122 deprehensa
1024 2085 1144 2119 fallacia,

293 2134 365 2162 dixit
386 2134 428 2161 vir
451 2136 563 2162 sanctus
584 2133 617 2161 ad
638 2133 760 2162 socium:
787 2144 800 2157 «
813 2132 929 2161 Pecunia
960 2133 1048 2161 servis
1079 2132 1143 2166 Dei,

293 2189 309 2209 0
330 2181 441 2214 Frater,
464 2180 534 2208 nihil
555 2180 630 2208 aliud
652 2184 693 2208 est
714 2188 797 2216 quam
820 2179 946 2208 diabolus
973 2182 1000 2208 et
1030 2179 1144 2208 coluber

294 2235 450 2255 venenosus
464 2238 491 2254 ».

375 2275 399 2302 6,
433 2274 535 2302 ‚xceidit
563 2276 625 2310 post
656 2274 723 2301 haec
755 2273 893 2310 quoddam
926 2273 1052 2301 mirabile
1084 2273 1144 2301 viro

295 2324 404 2356 sancto,
426 2321 492 2349 dum
516 2329 544 2349 se
566 2321 599 2349 ad
621 2321 760 2349 civitatem
782 2321 947 2354 Senensem,
976 2328 1059 2349 causa
1084 2320 1145 2348 exi—

295 2371 390 2406 gente,
414 2368 577 2396 transferret
592 2367 611 2395 ⁶.
634 2368 701 2396 Tres
723 2367 833 2404 quidem
863 2367 994 2395 mulieres
1025 2375 1145 2404 pauper-

296 2416 390 2448 culae,
414 2418 536 2449 statura,
559 2417 699 2443 aetate-ac
721 2414 789 2443 facie
811 2422 860 2450 per
882 2414 973 2442 omnia
995 2414 1099 2442 similes
1116 2413 1144 2441 in

296 2463 413 2500 quadam
437 2462 459 2490 ei
483 2470 582 2499 magna
603 2462 715 2498 planitie
738 2462 809 2490 inter
831 2461 995 2497 Campilium
1027 2464 1054 2490 et
1083 2469 1144 2489 san-

296 2513 371 2539 ctum
394 2510 537 2546 Quiricum
560 2512 761 2543 occurrerunt,
778 2517 880 2537 novum
896 2508 1069 2537 salutationis
1084 2516 1144 2537 mu-

296 2557 446 2585 nusculum
469 2556 630 2585 offerentes:
658 2556 757 2585 «Bene
785 2556 892 2590 veniat,
922 2556 1067 2592 inquiunt,
1097 2555 1144 2584 do-

676 223 874 251 OPUSCULUM
896 222 983 250 XXIll.
1006 221 1156 250 LEGENDA
1180 222 1295 250 SANCTI
1316 221 1493 250 FRANCISCI.
1514 221 1582 250 CAP.
1605 221 1657 249 Vll.

1194 300 1268 328 mina
1299 303 1449 337 paupertas
1464 302 1496 328 »t
1524 300 1583 336 Quo
1614 300 1724 333 audite,
1756 307 1840 328 verus
1872 301 2041 337 paupertatis

1194 349 1301 375 amator
1316 346 1446 375 indicibili
1463 346 1586 383 repletus
1600 349 1641 375 est
1656 346 1771 383 gaudio,
1794 349 1889 383 utpote
1909 346 1956 383 qui
1973 347 2042 376 nihil

1195 394 1222 422 in
1245 401 1273 422 se
1295 393 1470 422 salutandum
1493 393 1651 422 hominibus
1667 393 1677 409 ⁷
1700 396 1754 421 tam
1777 393 1895 422 libenter
1910 393 2039 429 haberet,

1196 448 1279 477 quam
1303 440 1375 477 quod
1401 440 1464 468 illae
1492 440 1682 468 decreverant.
1712 440 1808 468 Subito
1835 440 2039 476 disparentibus

1196 487 1265 521 illis,
1288 487 1493 515 considerantes
1513 487 1623 515 Fratres
1637 487 1717 521 socii,
1733 489 1787 515 tam
1810 486 1999 515 admirabilem
2015 484 2040 516 in

1195 534 1235 563 eis
1256 529 1479 567 similitudinem,
1502 533 1689 566 salutationis,
1712 541 1846 562 occursus
1861 537 1887 562 et
1901 533 2043 570 disparen-

1196 581 1249 609 tiae
1271 581 1419 609 novitatem
1441 580 1590 617 mysticum
1612 580 1715 616 aliquid
1738 580 1875 617 designari
1903 581 1976 609 circa
2005 581 2042 609 vi-

1196 636 1260 656 rum
1275 630 1416 661 sanctum,
1432 636 1485 655 non
1501 627 1728 655 irrationabiliter
1743 627 1959 664 perpenderunt.
1976 628 2044 657 Sane

1196 682 1245 711 per
1268 675 1328 703 illas
1351 677 1422 708 tres,
1448 677 1480 702 ut
1509 673 1670 707 videbatur,
1699 673 1832 702 mulieres
1861 674 2044 710 pauperculas

1196 722 1235 750 sic
1257 721 1386 750 uniformi
1406 721 1475 749 facie
1490 723 1685 754 occurrentes,
1701 720 1739 749 sic
1754 720 1906 749 salutantes
1921 721 2043 756 insolite,

1197 769 1235 798 sic
1267 769 1359 797 subito
1387 768 1559 804 disparentes
1588 767 1760 804 evangelicae
1788 767 1964 804 perfectionis
1990 767 2046 796 for-

1197 815 1326 848 mositas,
1348 817 1484 852 quantum
1507 814 1541 842 ad
1559 814 1711 843 castitatem
1727 814 1846 848 scilicet,
1861 814 2044 843 obedientiam

1197 866 1224 891 et
1246 864 1454 899 paupertatem,
1477 862 1542 890 satis
1557 861 1752 890 convenienter
1774 861 1929 890 ostenditur
1944 862 1971 890 in
1988 862 2045 891 viro

1197 909 1244 937 Dei
1268 909 1327 945 pari
1349 908 1439 936 forma
1460 907 1580 945 perfecte
1601 908 1726 942 fulsisse,
1748 908 1812 937 licet
1832 908 1944 945 gloriari
1966 916 2045 945 prae-

1198 956 1312 993 elegerit
1334 955 1359 983 in
1383 955 1527 992 privilegio
1550 955 1737 992 paupertatis,
1769 963 1852 992 quam
1875 955 1955 983 modo
1982 964 2045 984 ma—
2057 963 2132 1011 „Rffll

1199 1007 1288 1037 trem,
1320 1002 1401 1031 modo
1433 1011 1588 1039 sponsam,
1619 1002 1699 1030 modo
1724 1002 1875 1031 dominam
1903 1002 2046 1031 nominare

1199 1049 1312 1078 solebat.
1337 1050 1363 1077 ln
1386 1050 1438 1078 hac
1464 1052 1570 1078 ceteros
1598 1049 1726 1086 cupiebat
1754 1049 1906 1083 excedere,
1934 1049 1981 1086 qui
2010 1056 2046 1078 ex

1199 1097 1258 1133 ipsa
1286 1096 1420 1125 didicerat
1448 1096 1606 1125 inferiorem
1635 1104 1664 1125 se
1692 1096 1821 1125 omnibus
1850 1095 1989 1133 reputare.
2019 1096 2044 1125 Si

1199 1142 1310 1180 quando
1332 1142 1417 1180 igitur
1432 1142 1443 1159 ⁸
1464 1142 1658 1179 pauperiorem
1675 1150 1703 1171 se
1718 1143 1877 1179 quempiam
1893 1142 2046 1171 secundum

1199 1190 1369 1218 exteriorem
1391 1189 1517 1218 habitum
1538 1193 1680 1223 cerneret,
1713 1190 1892 1227 semetipsum
1921 1189 2048 1226 protinus

1199 1244 1319 1274 arguens
1340 1236 1480 1265 excitabat
1501 1236 1532 1265 ad
1549 1237 1652 1271 simile,
1668 1239 1799 1274 tanquam
1815 1237 1836 1265 si
1856 1237 1964 1266 aemula
1978 1245 2047 1274 pau-

1199 1286 1306 1321 pertate
1328 1286 1503 1318 concertans,
1525 1284 1597 1312 vinci
1619 1291 1648 1312 se
1669 1283 1780 1312 timeret
1800 1284 1827 1312 in
1849 1284 1904 1313 illo.
1934 1301 1970 1305 —
1999 1285 2046 1313 Ac-
2062 1289 2132 1310 Dictum

1199 1330 1265 1359 cidit
1286 1330 1376 1365 enim,
1398 1333 1429 1359 ut
1458 1330 1659 1367 pauperculum
1689 1330 1827 1367 quendam
1855 1331 1968 1359 obvium
1998 1332 2046 1360 ha-

1199 1379 1277 1407 beret
1299 1378 1325 1406 in
1348 1378 1407 1412 via,
1430 1378 1511 1406 cuius
1531 1385 1595 1406 cum
1616 1378 1769 1406 nuditatem
1800 1378 1949 1415 aspiceret,
1973 1386 2046 1408 com-

1200 1428 1322 1462 punctus
1350 1425 1448 1459 corde,
1477 1425 1643 1454 lamentabili
1673 1433 1740 1454 voce
1768 1425 1840 1454 dixit
1867 1425 1901 1454 ad
1926 1426 2045 1455 socium:

1205 1473 1356 1509 «Magnam
1378 1472 1574 1501 verecundiam
1600 1472 1693 1500 intulit
1721 1472 1800 1501 nobis
1828 1473 1913 1501 huius
1940 1473 2046 1509 inopia,

1199 1519 1265 1556 quia
1286 1527 1336 1548 nos
1358 1527 1408 1556 pro
1430 1519 1536 1556 magnis
1557 1519 1659 1548 divitiis
1680 1522 1872 1556 paupertatem
1897 1520 2047 1557 elegimus,

1199 1569 1227 1595 et
1248 1574 1326 1601 ecce,
1350 1567 1436 1604 magis
1458 1567 1564 1595 relucet
1585 1567 1612 1594 in
1634 1567 1686 1595 isto
1702 1579 1728 1594 ».

1279 1615 1305 1641 7.
1330 1614 1444 1650 Propter
1473 1616 1582 1641 sanctae
1610 1613 1783 1650 paupertatis
1811 1621 1932 1643 amorem
1960 1613 2048 1642 omni-
2060 1620 2133 1668 gfff

1200 1661 1320 1697 potentis
1342 1661 1389 1689 Dei
1412 1660 1535 1689 famulus
1556 1660 1737 1697 eleemosynis
1767 1661 1886 1689 ostiatim
1917 1661 2048 1698 quaesitis

1200 1707 1332 1736 utebatur
1364 1707 1452 1735 multo
1481 1706 1612 1736 libentius
1637 1715 1721 1744 quam
1750 1707 1857 1736 oblatis.
1884 1707 1910 1736 Si
1939 1707 2048 1745 quando

1200 1755 1287 1789 enim,
1311 1755 1443 1783 invitatus
1464 1762 1480 1782 a
1501 1754 1608 1791 magnis
1623 1754 1763 1791 personis,
1779 1755 1882 1783 mensis
1903 1757 1975 1784 esset
1989 1763 2049 1792 pro-

1201 1802 1354 1831 fusioribus
1376 1801 1571 1836 honorandus3
1600 1802 1678 1838 prius
1707 1809 1756 1838 per
1786 1802 1956 1839 propinquas
1983 1801 2049 1830 vici-

1201 1857 1301 1877 norum
1324 1849 1421 1877 domos
1443 1856 1544 1885 panum
1567 1848 1721 1885 fragmenta
1743 1848 1853 1885 petebat
1880 1856 1911 1877 ac
1935 1848 2048 1883 deinde,

1201 1896 1239 1925 sic
1261 1896 1365 1924 ditatus
1386 1896 1492 1932 inopia,
1521 1895 1720 1924 discumbebat.
1751 1896 1782 1924 Et
1810 1903 1874 1924 cum
1902 1895 2049 1932 aliquando

1201 1943 1228 1972 id
1249 1943 1374 1978 fecisset,
1397 1943 1530 1972 invitatus
1549 1951 1565 1971 a
1586 1942 1696 1971 domino
1717 1942 1852 1977 Ostiensi,
1874 1943 1922 1980 qui
1944 1950 2049 1980 paupe-

1202 1998 1261 2019 rem
1284 1990 1385 2019 Christi
1408 1990 1558 2027 praecipuo
1589 1990 1819 2027 complexabatur
1841 1990 1957 2025 affectu,
1986 1998 2049 2019 con-

1202 2038 1329 2075 querenti
1353 2038 1497 2074 episcopo‚
1519 2037 1594 2074 quod
1615 2045 1665 2066 suo
1686 2037 1845 2074 derogasset
1873 2038 1984 2072 honori,
2006 2040 2050 2066 ut-

1202 2088 1266 2122 pote
1287 2085 1334 2122 qui
1357 2085 1384 2113 iu
1407 2085 1466 2113 eius
1487 2087 1663 2113 comesturus
1684 2085 1804 2121 hospitio
1819 2085 1830 2101 ⁹
1854 2093 1906 2121 pro
1934 2084 2049 2114 eleemo-

1202 2132 1277 2168 synis
1308 2132 1387 2165 isset;
1421 2139 1519 2160 servus
1547 2131 1594 2160 Dei
1625 2131 1782 2168 respondit:
1814 2132 1986 2169 «Magnum,
2013 2131 2050 2160 mi

1201 2178 1326 2212 domine,
1349 2178 1427 2206 vobis
1448 2178 1582 2207 honorem
1604 2178 1737 2213 exhibui,
1759 2178 1826 2207 dum
1847 2179 1980 2207 maiorem
2002 2178 2050 2207 Do-

1201 2225 1309 2253 minum
1331 2225 1474 2253 honoravi.
1497 2224 1637 2262 Siquidem
1660 2225 1863 2262 beneplacitum
1878 2228 1920 2254 est
1934 2225 2050 2254 Domino

1202 2273 1229 2300 in
1252 2275 1431 2309 paupertate,
1453 2275 1480 2301 et
1501 2280 1532 2301 ea
1553 2272 1690 2306 maxime,
1713 2280 1784 2309 quae
1816 2272 1972 2301 voluntaria
2000 2280 2050 2309 pro

1202 2319 1311 2348 Christo
1327 2319 1488 2348 mendicitas
1502 2322 1551 2348 est.
1565 2319 1638 2348 Hanc
1653 2319 1812 2356 dignitatem
1825 2320 1955 2356 regalem,
1967 2327 2050 2357 quam

1202 2375 1253 2403 pro
1274 2366 1354 2395 nobis
1373 2366 1507 2395 Dominus
1528 2366 1619 2400 lesus,
1641 2375 1746 2403 eyenus
1766 2365 1883 2404 factus,
1904 2366 2049 2400 assumsit,

1202 2416 1234 2442 ut
1255 2421 1306 2442 sua
1327 2421 1376 2442 nos
1397 2413 1497 2442 ditaret
1518 2413 1645 2450 inopia10
1666 2421 1698 2442 ae
1719 2421 1784 2442 vere
1800 2421 1936 2450 pauperes
1950 2413 2049 2450 spiritu

1203 2461 1279 2498 regni
1303 2461 1443 2489 caelorum
1466 2468 1544 2497 reges
1564 2460 1722 2489 institueret
1737 2463 1764 2489 et
1779 2460 1911 2495 heredes,
1926 2460 1990 2489 nolo
2004 2468 2048 2489 re-

1202 2508 1329 2544 linquere
1350 2515 1401 2544 pro
1422 2507 1504 2536 feudo
1525 2507 1685 2536 divitiarum
1707 2507 1839 2536 falsarum
1861 2507 1939 2536 vobis
1953 2507 1985 2536 ad
2001 2507 2049 2536 ho-

1202 2562 1261 2583 ram
1284 2562 1414 2583 concesso
1429 2566 1454 2582 ».

360 2750 367 2762 ¹
387 2752 466 2773 Petrus
488 2751 603 2777 Cathanii,
621 2752 662 2772 cfr.
680 2751 814 2778 Wadding.,
833 2751 873 2773 loe.
893 2751 937 2777 cit„
959 2751 988 2773 ad
1011 2757 1047 2773 an.
1072 2751 1145 2779 4220,

297 2797 318 2812 n.
337 2790 374 2812 24..
392 2803 422 2806 ff
439 2790 534 2812 lnferius
551 2793 604 2818 post
622 2789 657 2812 Ad
675 2796 744 2819 quem
761 2789 798 2813 vir
816 2790 869 2812 edd.
888 2790 976 2813 addunt
992 2791 1098 2813 sanctus,

360 2828 368 2840 ²
387 2829 444 2851 Edd.
464 2829 539 2851 ulturi
554 2835 597 2851 suo
616 2830 709 2852 ornato.

361 2867 369 2879 ³
388 2868 446 2890 Vide
463 2868 597 2895 Waclding„
616 2868 657 2889 loc.
675 2868 712 2889 cit.
729 2867 758 2889 ad
771 2874 806 2889 an.
821 2868 927 2896 =1222,n.
942 2868 978 2889 46.
995 2880 1026 2883 —
1043 2866 1145 2889 Vocibus

298 2912 352 2929 cum
369 2906 431 2929 socio
449 2907 503 2929 edd.
520 2907 657 2929 interserunt
673 2912 724 2929 sno.
870 2905 880 2918 ⁴³
898 2906 955 2929 Edd.
973 2907 1087 2929 Reversus
1104 2908 1144 2929 est.

362 2944 370 2957 ⁵
388 2946 444 2968 Edd.
463 2952 515 2968 cum
534 2946 582 2968 aliis
599 2946 667 2968 codd.
686 2946 713 2974 (A
731 2946 835 2974 excepto)
853 2945 942 2968 addunt
960 2945 1050 2968 Fratri.

362 2983 371 2996 ὖ
388 2984 433 3006 Csr.
454 2985 588 3013 Waduing„
605 2985 646 3007 loc.
664 2985 708 3012 cic,
726 2985 754 3007 ad
773 2991 808 3007 an.
826 2985 894 3012 1216,
907 2985 979 3006 1118.
997 2991 1045 3013 seq.
1063 2997 1094 3001 —-
1112 2985 1145 3006 ln-

301 3023 369 3045 l'erius
387 3023 436 3045 voci
456 3023 578 3052 offerentes
595 3024 647 3046 edd.
665 3024 797 3052 praefigunt
814 3023 841 3046 ei.

1267 2749 1275 2762 ⁷
1292 2750 1347 2772 Arta
1365 2750 1403 2772 SS.
1422 2748 1451 2772 ab
1469 2748 1609 2772 hominibus.

1266 2788 1275 2801 Β
1294 2789 1344 2811 Vat.
1362 2792 1384 2810 et
1401 2789 1437 2810 ed.
1456 2789 1464 2809 1
1487 2788 1594 2810 omittunt
1609 2787 1691 2816 iqil‘mu

1265 2827 1274 2840 ⁹
1292 2828 1349 2850 Edd.
1366 2827 1443 2850 (107110.

1265 2867 1284 2879 ¹⁰
1301 2867 1372 2895 Epist.
1389 2867 1413 2889 ll.
1430 2866 1481 2889 Cor.
1500 2867 1525 2893 8,
1544 2867 1569 2888 9:
1587 2866 1701 2894 Quoniam
1717 2868 1813 2893 propter
1825 2871 1867 2887 vos
1879 2871 1966 2893 egenus
1978 2866 2049 2887 sactus

1202 2909 1236 2928 est
1254 2905 1388 2935 [ChristusL
1407 2911 1459 2927 cum
1478 2908 1537 2927 esset
1554 2905 1632 2932 (liveS,
1650 2908 1674 2927 ut
1690 2905 1747 2927 illius
1765 2905 1840 2933 inopia
1859 2910 1901 2926 vos
1918 2904 2001 2926 divites
2017 2909 2048 2925 es-

1201 2945 1263 2967 setis.
1282 2957 1310 2960 —
1328 2945 1405 2967 Matth.
1423 2945 1448 2972 5,
1467 2944 1493 2966 3:
1511 2944 1573 2966 Beati
1585 2950 1699 2972 pauperes
1711 2944 1805 2971 spiritu,
1823 2944 1933 2972 quoniam
1945 2943 2047 2971 ipsorum

1201 2986 1235 3006 est
1252 2990 1351 3011 regnum
1368 2983 1493 3005 caelorum.
