<?xml version="1.0" encoding="UTF-8"?>
<!DOCTYPE html PUBLIC "-//W3C//DTD XHTML 1.0 Transitional//EN"
    "http://www.w3.org/TR/xhtml1/DTD/xhtml1-transitional.dtd">
<html xmlns="http://www.w3.org/1999/xhtml" xml:lang="en" lang="en">
 <head>
  <title>
</title>
<meta http-equiv="Content-Type" content="text/html;charset=utf-8" />
  <meta name='ocr-system' content='tesseract 3.04.00' />
  <meta name='ocr-capabilities' content='ocr_page ocr_carea ocr_par ocr_line ocrx_word'/>
</head>
<body>
  <div class='ocr_page' id='page_1' title='image "./doctorisseraphic08bona_0524.png"; bbox 0 0 2133 3317; ppageno 0'>
   <div class='ocr_carea' id='block_1_1' title="bbox 138 740 259 763">
    <p class='ocr_par' dir='ltr' id='par_1_1' title="bbox 138 740 259 763">
     <span class='ocr_line' id='line_1_1' title="bbox 138 740 259 763; baseline -0.008 -4"><span class='ocrx_word' id='word_1_1' title='bbox 138 740 180 759; x_wconf 78' lang='lat' dir='ltr'>Alia</span> <span class='ocrx_word' id='word_1_2' title='bbox 194 740 259 763; x_wconf 79' lang='lat' dir='ltr'>figura.</span> 
     </span>
    </p>
   </div>
   <div class='ocr_carea' id='block_1_2' title="bbox 142 880 262 922">
    <p class='ocr_par' dir='ltr' id='par_1_2' title="bbox 142 880 262 922">
     <span class='ocr_line' id='line_1_2' title="bbox 142 880 262 899; baseline -0.008 0"><span class='ocrx_word' id='word_1_3' title='bbox 142 880 196 899; x_wconf 82' lang='lat' dir='ltr'>Ratio</span> <span class='ocrx_word' id='word_1_4' title='bbox 209 881 262 899; x_wconf 79' lang='lat' dir='ltr'>nota-</span> 
     </span>
     <span class='ocr_line' id='line_1_3' title="bbox 177 903 227 922; baseline 0 0"><span class='ocrx_word' id='word_1_5' title='bbox 177 903 227 922; x_wconf 78' lang='lat' dir='ltr'>bitis.</span> 
     </span>
    </p>
   </div>
   <div class='ocr_carea' id='block_1_3' title="bbox 155 1255 249 1303">
    <p class='ocr_par' dir='ltr' id='par_1_3' title="bbox 155 1255 249 1303">
     <span class='ocr_line' id='line_1_4' title="bbox 155 1255 249 1275; baseline 0 -1"><span class='ocrx_word' id='word_1_6' title='bbox 155 1256 182 1275; x_wconf 80' lang='lat' dir='ltr'>De</span> <span class='ocrx_word' id='word_1_7' title='bbox 195 1255 249 1274; x_wconf 83' lang='lat' dir='ltr'>titulo</span> 
     </span>
     <span class='ocr_line' id='line_1_5' title="bbox 167 1280 236 1303; baseline 0 -5"><span class='ocrx_word' id='word_1_8' title='bbox 167 1280 236 1303; x_wconf 83' lang='lat' dir='ltr'>Papae.</span> 
     </span>
    </p>
   </div>
   <div class='ocr_carea' id='block_1_4' title="bbox 138 1584 261 1626">
    <p class='ocr_par' dir='ltr' id='par_1_4' title="bbox 138 1584 261 1626">
     <span class='ocr_line' id='line_1_6' title="bbox 138 1584 261 1611; baseline -0.008 -9"><span class='ocrx_word' id='word_1_9' title='bbox 138 1584 201 1610; x_wconf 69' lang='lat' dir='ltr'>Verba</span> <span class='ocrx_word' id='word_1_10' title='bbox 214 1584 261 1611; x_wconf 71' lang='lat' dir='ltr'>salu-</span> 
     </span>
     <span class='ocr_line' id='line_1_7' title="bbox 160 1609 243 1626; baseline -0.012 0"><span class='ocrx_word' id='word_1_11' title='bbox 160 1609 243 1626; x_wconf 70' lang='lat' dir='ltr'>tatioms.</span> 
     </span>
    </p>
   </div>
   <div class='ocr_carea' id='block_1_5' title="bbox 131 1911 264 1978">
    <p class='ocr_par' dir='ltr' id='par_1_5' title="bbox 131 1911 264 1978">
     <span class='ocr_line' id='line_1_8' title="bbox 131 1911 262 1938; baseline -0.015 -6"><span class='ocrx_word' id='word_1_12' title='bbox 131 1912 224 1934; x_wconf 73' lang='lat' dir='ltr'>Secundo,</span> <span class='ocrx_word' id='word_1_13' title='bbox 238 1911 262 1938; x_wconf 72' lang='lat' dir='ltr'>de</span> 
     </span>
     <span class='ocr_line' id='line_1_9' title="bbox 138 1936 264 1955; baseline -0.016 0"><span class='ocrx_word' id='word_1_14' title='bbox 138 1936 264 1955; x_wconf 84' lang='lat' dir='ltr'>confirmatio-</span> 
     </span>
     <span class='ocr_line' id='line_1_10' title="bbox 137 1964 168 1978; baseline 0 0"><span class='ocrx_word' id='word_1_15' title='bbox 137 1964 168 1978; x_wconf 87' lang='lat' dir='ltr'>ne.</span> 
     </span>
    </p>
   </div>
   <div class='ocr_carea' id='block_1_6' title="bbox 141 2006 262 2031">
    <p class='ocr_par' dir='ltr' id='par_1_6' title="bbox 141 2006 262 2031">
     <span class='ocr_line' id='line_1_11' title="bbox 141 2006 262 2031; baseline -0.017 -5"><span class='ocrx_word' id='word_1_16' title='bbox 141 2007 191 2031; x_wconf 85' lang='lat' dir='ltr'>Quid</span> <span class='ocrx_word' id='word_1_17' title='bbox 203 2006 262 2030; x_wconf 85' lang='lat' dir='ltr'>pium.</span> 
     </span>
    </p>
   </div>
   <div class='ocr_carea' id='block_1_7' title="bbox 274 235 331 265">
    <p class='ocr_par' dir='ltr' id='par_1_7' title="bbox 274 235 331 265">
     <span class='ocr_line' id='line_1_12' title="bbox 274 235 331 265; baseline -0.018 0"><span class='ocrx_word' id='word_1_18' title='bbox 274 235 331 265; x_wconf 70' lang='lat'>392</span> 
     </span>
    </p>
   </div>
   <div class='ocr_carea' id='block_1_8' title="bbox 273 306 1131 2129">
    <p class='ocr_par' dir='ltr' id='par_1_8' title="bbox 273 306 1128 1191">
     <span class='ocr_line' id='line_1_13' title="bbox 273 306 1125 350; baseline -0.009 -8"><span class='ocrx_word' id='word_1_19' title='bbox 273 314 380 350; x_wconf 86' lang='lat' dir='ltr'>positus</span> <span class='ocrx_word' id='word_1_20' title='bbox 402 315 443 341; x_wconf 88' lang='lat' dir='ltr'>est</span> <span class='ocrx_word' id='word_1_21' title='bbox 464 310 599 339; x_wconf 78' lang='lat' dir='ltr'>Ecclesiae</span> <span class='ocrx_word' id='word_1_22' title='bbox 620 309 847 342; x_wconf 87' lang='lat' dir='ltr'>fundamentum,</span> <span class='ocrx_word' id='word_1_23' title='bbox 869 306 997 336; x_wconf 78' lang='lat' dir='ltr'>Matthaei</span> <span class='ocrx_word' id='word_1_24' title='bbox 1019 306 1125 335; x_wconf 91' lang='lat' dir='ltr'>decimo</span> 
     </span>
     <span class='ocr_line' id='line_1_14' title="bbox 274 353 1125 391; baseline -0.009 -2"><span class='ocrx_word' id='word_1_25' title='bbox 274 363 354 389; x_wconf 84' lang='lat' dir='ltr'>sexto</span> <span class='ocrx_word' id='word_1_26' title='bbox 367 360 391 387; x_wconf 90' lang='lat'>¹:</span> <span class='ocrx_word' id='word_1_27' title='bbox 422 359 463 386; x_wconf 86' lang='lat' dir='ltr'>Tu</span> <span class='ocrx_word' id='word_1_28' title='bbox 485 366 513 385; x_wconf 83' lang='lat' dir='ltr'>es</span> <span class='ocrx_word' id='word_1_29' title='bbox 535 357 659 389; x_wconf 79' lang='lat' dir='ltr'>Petrus,</span> <span class='ocrx_word' id='word_1_30' title='bbox 681 358 707 383; x_wconf 88' lang='lat' dir='ltr'>et</span> <span class='ocrx_word' id='word_1_31' title='bbox 726 363 816 391; x_wconf 81' lang='lat' dir='ltr'>super</span> <span class='ocrx_word' id='word_1_32' title='bbox 838 353 914 382; x_wconf 74' lang='lat' dir='ltr'>lianc</span> <span class='ocrx_word' id='word_1_33' title='bbox 939 357 1056 391; x_wconf 81' lang='lat' dir='ltr'>petram.</span> <span class='ocrx_word' id='word_1_34' title='bbox 1078 362 1125 381; x_wconf 86' lang='lat' dir='ltr'>ae-</span> 
     </span>
     <span class='ocr_line' id='line_1_15' title="bbox 274 401 1125 443; baseline -0.007 -8"><span class='ocrx_word' id='word_1_35' title='bbox 274 405 398 443; x_wconf 78' lang='lat' dir='ltr'>dificabo</span> <span class='ocrx_word' id='word_1_36' title='bbox 422 404 580 433; x_wconf 73' lang='lat' dir='ltr'><em>Ecclesiam</em></span> <span class='ocrx_word' id='word_1_37' title='bbox 595 411 704 436; x_wconf 86' lang='lat' dir='ltr'>meam,</span> <span class='ocrx_word' id='word_1_38' title='bbox 726 402 775 430; x_wconf 89' lang='lat' dir='ltr'>ubi</span> <span class='ocrx_word' id='word_1_39' title='bbox 791 401 933 430; x_wconf 84' lang='lat' dir='ltr'>Rabanus:</span> <span class='ocrx_word' id='word_1_40' title='bbox 957 401 1016 429; x_wconf 85' lang='lat' dir='ltr'>«Ut</span> <span class='ocrx_word' id='word_1_41' title='bbox 1030 408 1125 429; x_wconf 90' lang='lat' dir='ltr'>omnes</span> 
     </span>
     <span class='ocr_line' id='line_1_16' title="bbox 273 447 1125 490; baseline -0.008 -8"><span class='ocrx_word' id='word_1_42' title='bbox 273 461 323 490; x_wconf 89' lang='lat' dir='ltr'>per</span> <span class='ocrx_word' id='word_1_43' title='bbox 345 452 441 481; x_wconf 87' lang='lat' dir='ltr'>orbem</span> <span class='ocrx_word' id='word_1_44' title='bbox 456 451 599 480; x_wconf 85' lang='lat' dir='ltr'>credentes</span> <span class='ocrx_word' id='word_1_45' title='bbox 614 449 780 486; x_wconf 79' lang='lat' dir='ltr'>intelligant,</span> <span class='ocrx_word' id='word_1_46' title='bbox 801 448 879 485; x_wconf 86' lang='lat' dir='ltr'>quia,</span> <span class='ocrx_word' id='word_1_47' title='bbox 902 448 1072 485; x_wconf 80' lang='lat' dir='ltr'>quicumque</span> <span class='ocrx_word' id='word_1_48' title='bbox 1091 447 1125 475; x_wconf 90' lang='lat' dir='ltr'>ab</span> 
     </span>
     <span class='ocr_line' id='line_1_17' title="bbox 275 494 1125 532; baseline -0.006 -5"><span class='ocrx_word' id='word_1_49' title='bbox 275 499 381 527; x_wconf 88' lang='lat' dir='ltr'>unitate</span> <span class='ocrx_word' id='word_1_50' title='bbox 403 497 465 526; x_wconf 87' lang='lat' dir='ltr'>fidei</span> <span class='ocrx_word' id='word_1_51' title='bbox 490 497 531 525; x_wconf 91' lang='lat' dir='ltr'>vel</span> <span class='ocrx_word' id='word_1_52' title='bbox 553 496 683 525; x_wconf 89' lang='lat' dir='ltr'>societate</span> <span class='ocrx_word' id='word_1_53' title='bbox 697 495 771 523; x_wconf 89' lang='lat' dir='ltr'>illius</span> <span class='ocrx_word' id='word_1_54' title='bbox 792 494 916 532; x_wconf 88' lang='lat' dir='ltr'>quolibet</span> <span class='ocrx_word' id='word_1_55' title='bbox 936 494 1018 523; x_wconf 90' lang='lat' dir='ltr'>modo</span> <span class='ocrx_word' id='word_1_56' title='bbox 1033 501 1125 531; x_wconf 79' lang='lat' dir='ltr'>segre—</span> 
     </span>
     <span class='ocr_line' id='line_1_18' title="bbox 275 541 1126 582; baseline -0.005 -9"><span class='ocrx_word' id='word_1_57' title='bbox 275 548 341 582; x_wconf 83' lang='lat' dir='ltr'>gant</span> <span class='ocrx_word' id='word_1_58' title='bbox 362 552 391 573; x_wconf 90' lang='lat' dir='ltr'>se</span> <span class='ocrx_word' id='word_1_59' title='bbox 412 545 501 581; x_wconf 86' lang='lat' dir='ltr'>ipsos,</span> <span class='ocrx_word' id='word_1_60' title='bbox 523 551 573 572; x_wconf 90' lang='lat' dir='ltr'>nec</span> <span class='ocrx_word' id='word_1_61' title='bbox 588 551 604 571; x_wconf 90' lang='lat' dir='ltr'>a</span> <span class='ocrx_word' id='word_1_62' title='bbox 624 542 743 571; x_wconf 87' lang='lat' dir='ltr'>vinculis</span> <span class='ocrx_word' id='word_1_63' title='bbox 758 544 935 578; x_wconf 87' lang='lat' dir='ltr'>peccatorum</span> <span class='ocrx_word' id='word_1_64' title='bbox 956 541 1059 570; x_wconf 85' lang='lat' dir='ltr'>absolvi</span> <span class='ocrx_word' id='word_1_65' title='bbox 1075 548 1126 569; x_wconf 88' lang='lat' dir='ltr'>nec</span> 
     </span>
     <span class='ocr_line' id='line_1_19' title="bbox 274 588 1126 628; baseline -0.005 -8"><span class='ocrx_word' id='word_1_66' title='bbox 274 592 384 620; x_wconf 90' lang='lat' dir='ltr'>ianuam</span> <span class='ocrx_word' id='word_1_67' title='bbox 407 593 523 628; x_wconf 80' lang='lat' dir='ltr'>possunt</span> <span class='ocrx_word' id='word_1_68' title='bbox 545 590 622 627; x_wconf 77' lang='lat' dir='ltr'>regni</span> <span class='ocrx_word' id='word_1_69' title='bbox 644 589 768 618; x_wconf 89' lang='lat' dir='ltr'>caelestis</span> <span class='ocrx_word' id='word_1_70' title='bbox 790 589 895 617; x_wconf 88' lang='lat' dir='ltr'>intrare</span> <span class='ocrx_word' id='word_1_71' title='bbox 910 600 936 616; x_wconf 68' lang='lat' dir='ltr'>n.</span> <span class='ocrx_word' id='word_1_72' title='bbox 959 588 1025 617; x_wconf 90' lang='lat' dir='ltr'>Hinc</span> <span class='ocrx_word' id='word_1_73' title='bbox 1046 588 1126 616; x_wconf 88' lang='lat' dir='ltr'>Petro</span> 
     </span>
     <span class='ocr_line' id='line_1_20' title="bbox 275 635 1126 674; baseline -0.006 -7"><span class='ocrx_word' id='word_1_74' title='bbox 275 639 409 667; x_wconf 87' lang='lat' dir='ltr'>Dominus</span> <span class='ocrx_word' id='word_1_75' title='bbox 431 637 507 666; x_wconf 84' lang='lat' dir='ltr'>dedit</span> <span class='ocrx_word' id='word_1_76' title='bbox 528 645 613 674; x_wconf 87' lang='lat' dir='ltr'>super</span> <span class='ocrx_word' id='word_1_77' title='bbox 634 637 702 665; x_wconf 89' lang='lat' dir='ltr'>alios</span> <span class='ocrx_word' id='word_1_78' title='bbox 722 636 864 672; x_wconf 83' lang='lat' dir='ltr'>Apostolos</span> <span class='ocrx_word' id='word_1_79' title='bbox 884 635 1053 664; x_wconf 83' lang='lat' dir='ltr'>ordinariam</span> <span class='ocrx_word' id='word_1_80' title='bbox 1078 643 1126 671; x_wconf 91' lang='lat' dir='ltr'>po-</span> 
     </span>
     <span class='ocr_line' id='line_1_21' title="bbox 275 681 1126 721; baseline -0.006 -7"><span class='ocrx_word' id='word_1_81' title='bbox 275 689 418 719; x_wconf 81' lang='lat' dir='ltr'>testatem;</span> <span class='ocrx_word' id='word_1_82' title='bbox 440 685 530 713; x_wconf 90' lang='lat' dir='ltr'>Lucae</span> <span class='ocrx_word' id='word_1_83' title='bbox 544 684 676 721; x_wconf 82' lang='lat' dir='ltr'>vigesimo</span> <span class='ocrx_word' id='word_1_84' title='bbox 698 683 819 712; x_wconf 89' lang='lat' dir='ltr'>secundo</span> <span class='ocrx_word' id='word_1_85' title='bbox 831 683 853 710; x_wconf 79' lang='lat'>2:</span> <span class='ocrx_word' id='word_1_86' title='bbox 871 683 906 711; x_wconf 87' lang='lat' dir='ltr'>Et</span> <span class='ocrx_word' id='word_1_87' title='bbox 920 686 951 710; x_wconf 90' lang='lat' dir='ltr'>tu</span> <span class='ocrx_word' id='word_1_88' title='bbox 966 681 1126 719; x_wconf 82' lang='lat' dir='ltr'>aliquando</span> 
     </span>
     <span class='ocr_line' id='line_1_22' title="bbox 277 728 1128 768; baseline -0.006 -7"><span class='ocrx_word' id='word_1_89' title='bbox 277 740 434 761; x_wconf 78' lang='lat' dir='ltr'>conversus</span> <span class='ocrx_word' id='word_1_90' title='bbox 445 731 590 768; x_wconf 72' lang='lat' dir='ltr'>confirma</span> <span class='ocrx_word' id='word_1_91' title='bbox 604 729 716 767; x_wconf 78' lang='lat' dir='ltr'>fratres</span> <span class='ocrx_word' id='word_1_92' title='bbox 729 734 801 758; x_wconf 78' lang='lat' dir='ltr'>tuos.</span> <span class='ocrx_word' id='word_1_93' title='bbox 813 745 852 749; x_wconf 87' lang='lat'>-—</span> <span class='ocrx_word' id='word_1_94' title='bbox 864 730 891 757; x_wconf 92' lang='lat' dir='ltr'>ln</span> <span class='ocrx_word' id='word_1_95' title='bbox 904 729 989 758; x_wconf 92' lang='lat' dir='ltr'>huius</span> <span class='ocrx_word' id='word_1_96' title='bbox 1001 728 1041 757; x_wconf 90' lang='lat' dir='ltr'>rei</span> <span class='ocrx_word' id='word_1_97' title='bbox 1056 728 1128 765; x_wconf 83' lang='lat' dir='ltr'>figu-</span> 
     </span>
     <span class='ocr_line' id='line_1_23' title="bbox 277 775 1128 815; baseline -0.005 -8"><span class='ocrx_word' id='word_1_98' title='bbox 277 787 337 807; x_wconf 89' lang='lat' dir='ltr'>ram</span> <span class='ocrx_word' id='word_1_99' title='bbox 358 778 461 807; x_wconf 89' lang='lat' dir='ltr'>dicitur</span> <span class='ocrx_word' id='word_1_100' title='bbox 483 777 637 815; x_wconf 84' lang='lat' dir='ltr'>Sapientiae</span> <span class='ocrx_word' id='word_1_101' title='bbox 658 777 764 805; x_wconf 90' lang='lat' dir='ltr'>decimo</span> <span class='ocrx_word' id='word_1_102' title='bbox 785 779 894 810; x_wconf 83' lang='lat' dir='ltr'>octavo,</span> <span class='ocrx_word' id='word_1_103' title='bbox 916 775 991 813; x_wconf 89' lang='lat' dir='ltr'>quod</span> <span class='ocrx_word' id='word_1_104' title='bbox 1005 775 1037 803; x_wconf 88' lang='lat' dir='ltr'>in</span> <span class='ocrx_word' id='word_1_105' title='bbox 1054 779 1128 803; x_wconf 79' lang='lat' dir='ltr'>veste</span> 
     </span>
     <span class='ocr_line' id='line_1_24' title="bbox 275 821 1127 863; baseline -0.005 -9"><span class='ocrx_word' id='word_1_106' title='bbox 275 826 410 863; x_wconf 80' lang='lat' dir='ltr'>poderis,</span> <span class='ocrx_word' id='word_1_107' title='bbox 438 833 528 863; x_wconf 85' lang='lat' dir='ltr'>quam</span> <span class='ocrx_word' id='word_1_108' title='bbox 558 823 681 853; x_wconf 76' lang='lat' dir='ltr'>babebat</span> <span class='ocrx_word' id='word_1_109' title='bbox 701 825 822 858; x_wconf 86' lang='lat' dir='ltr'>Aaron,</span> <span class='ocrx_word' id='word_1_110' title='bbox 852 826 928 851; x_wconf 83' lang='lat' dir='ltr'>totus</span> <span class='ocrx_word' id='word_1_111' title='bbox 956 826 1022 851; x_wconf 86' lang='lat' dir='ltr'>erat</span> <span class='ocrx_word' id='word_1_112' title='bbox 1048 821 1127 850; x_wconf 83' lang='lat' dir='ltr'>orbis</span> 
     </span>
     <span class='ocr_line' id='line_1_25' title="bbox 278 870 1128 908; baseline -0.005 -7"><span class='ocrx_word' id='word_1_113' title='bbox 278 876 439 901; x_wconf 77' lang='lat' dir='ltr'>terrarum.</span> <span class='ocrx_word' id='word_1_114' title='bbox 455 889 494 892; x_wconf 97' lang='lat'><strong>—</strong></span> <span class='ocrx_word' id='word_1_115' title='bbox 509 871 611 908; x_wconf 85' lang='lat' dir='ltr'>Quodsi</span> <span class='ocrx_word' id='word_1_116' title='bbox 632 879 707 900; x_wconf 91' lang='lat' dir='ltr'>unus</span> <span class='ocrx_word' id='word_1_117' title='bbox 728 879 782 899; x_wconf 92' lang='lat' dir='ltr'>non</span> <span class='ocrx_word' id='word_1_118' title='bbox 804 873 891 904; x_wconf 90' lang='lat' dir='ltr'>esset,</span> <span class='ocrx_word' id='word_1_119' title='bbox 914 870 962 907; x_wconf 90' lang='lat' dir='ltr'>qui</span> <span class='ocrx_word' id='word_1_120' title='bbox 983 870 1010 898; x_wconf 93' lang='lat' dir='ltr'>in</span> <span class='ocrx_word' id='word_1_121' title='bbox 1032 876 1128 897; x_wconf 90' lang='lat' dir='ltr'>omnes</span> 
     </span>
     <span class='ocr_line' id='line_1_26' title="bbox 277 917 1128 956; baseline -0.005 -7"><span class='ocrx_word' id='word_1_122' title='bbox 277 928 411 949; x_wconf 87' lang='lat' dir='ltr'>exercere</span> <span class='ocrx_word' id='word_1_123' title='bbox 433 920 651 949; x_wconf 85' lang='lat' dir='ltr'>iurisdictionem</span> <span class='ocrx_word' id='word_1_124' title='bbox 672 922 779 956; x_wconf 86' lang='lat' dir='ltr'>posset,</span> <span class='ocrx_word' id='word_1_125' title='bbox 801 921 913 947; x_wconf 85' lang='lat' dir='ltr'>nutaret</span> <span class='ocrx_word' id='word_1_126' title='bbox 928 920 1016 946; x_wconf 84' lang='lat' dir='ltr'>status</span> <span class='ocrx_word' id='word_1_127' title='bbox 1038 917 1128 945; x_wconf 88' lang='lat' dir='ltr'>Eccle-</span> 
     </span>
     <span class='ocr_line' id='line_1_27' title="bbox 277 964 1127 1004; baseline -0.004 -9"><span class='ocrx_word' id='word_1_128' title='bbox 277 967 341 996; x_wconf 88' lang='lat' dir='ltr'>siae.</span> <span class='ocrx_word' id='word_1_129' title='bbox 371 967 396 995; x_wconf 92' lang='lat' dir='ltr'>Si</span> <span class='ocrx_word' id='word_1_130' title='bbox 419 966 546 1004; x_wconf 88' lang='lat' dir='ltr'>partibus</span> <span class='ocrx_word' id='word_1_131' title='bbox 573 965 811 1000; x_wconf 88' lang='lat' dir='ltr'>discordantibus,</span> <span class='ocrx_word' id='word_1_132' title='bbox 833 973 887 993; x_wconf 94' lang='lat' dir='ltr'>non</span> <span class='ocrx_word' id='word_1_133' title='bbox 909 967 981 993; x_wconf 89' lang='lat' dir='ltr'>esset</span> <span class='ocrx_word' id='word_1_134' title='bbox 996 964 1044 1001; x_wconf 89' lang='lat' dir='ltr'>qui</span> <span class='ocrx_word' id='word_1_135' title='bbox 1066 971 1127 1001; x_wconf 85' lang='lat' dir='ltr'>pos-</span> 
     </span>
     <span class='ocr_line' id='line_1_28' title="bbox 277 1010 1127 1048; baseline -0.004 -6"><span class='ocrx_word' id='word_1_136' title='bbox 277 1017 318 1043; x_wconf 89' lang='lat' dir='ltr'>set</span> <span class='ocrx_word' id='word_1_137' title='bbox 339 1022 451 1042; x_wconf 82' lang='lat' dir='ltr'>manum</span> <span class='ocrx_word' id='word_1_138' title='bbox 475 1013 584 1042; x_wconf 88' lang='lat' dir='ltr'>mittere</span> <span class='ocrx_word' id='word_1_139' title='bbox 606 1013 633 1041; x_wconf 93' lang='lat' dir='ltr'>in</span> <span class='ocrx_word' id='word_1_140' title='bbox 648 1012 796 1047; x_wconf 86' lang='lat' dir='ltr'>ambabus,</span> <span class='ocrx_word' id='word_1_141' title='bbox 819 1012 916 1040; x_wconf 87' lang='lat' dir='ltr'>fuisset</span> <span class='ocrx_word' id='word_1_142' title='bbox 937 1019 1074 1048; x_wconf 80' lang='lat' dir='ltr'>synagoga</span> <span class='ocrx_word' id='word_1_143' title='bbox 1089 1010 1127 1039; x_wconf 82' lang='lat' dir='ltr'>fe-</span> 
     </span>
     <span class='ocr_line' id='line_1_29' title="bbox 276 1059 1128 1097; baseline -0.004 -8"><span class='ocrx_word' id='word_1_144' title='bbox 276 1061 354 1090; x_wconf 90' lang='lat' dir='ltr'>licior</span> <span class='ocrx_word' id='word_1_145' title='bbox 376 1068 459 1097; x_wconf 90' lang='lat' dir='ltr'>quam</span> <span class='ocrx_word' id='word_1_146' title='bbox 483 1060 613 1094; x_wconf 84' lang='lat' dir='ltr'>Ecclesia,</span> <span class='ocrx_word' id='word_1_147' title='bbox 635 1060 701 1097; x_wconf 86' lang='lat' dir='ltr'>quia</span> <span class='ocrx_word' id='word_1_148' title='bbox 722 1059 768 1088; x_wconf 88' lang='lat' dir='ltr'>illa</span> <span class='ocrx_word' id='word_1_149' title='bbox 790 1059 909 1088; x_wconf 88' lang='lat' dir='ltr'>habebat</span> <span class='ocrx_word' id='word_1_150' title='bbox 936 1066 1024 1087; x_wconf 92' lang='lat' dir='ltr'>unum</span> <span class='ocrx_word' id='word_1_151' title='bbox 1053 1065 1128 1087; x_wconf 88' lang='lat' dir='ltr'>sum-</span> 
     </span>
     <span class='ocr_line' id='line_1_30' title="bbox 276 1106 1128 1144; baseline -0.005 -7"><span class='ocrx_word' id='word_1_152' title='bbox 276 1116 353 1137; x_wconf 89' lang='lat' dir='ltr'>mum</span> <span class='ocrx_word' id='word_1_153' title='bbox 383 1107 556 1144; x_wconf 84' lang='lat' dir='ltr'>pontificem,</span> <span class='ocrx_word' id='word_1_154' title='bbox 579 1107 626 1144; x_wconf 88' lang='lat' dir='ltr'>qui</span> <span class='ocrx_word' id='word_1_155' title='bbox 651 1114 747 1135; x_wconf 88' lang='lat' dir='ltr'>omnes</span> <span class='ocrx_word' id='word_1_156' title='bbox 771 1106 922 1135; x_wconf 80' lang='lat' dir='ltr'>discordias</span> <span class='ocrx_word' id='word_1_157' title='bbox 944 1108 1052 1142; x_wconf 86' lang='lat' dir='ltr'>poterat</span> <span class='ocrx_word' id='word_1_158' title='bbox 1073 1107 1128 1134; x_wconf 87' lang='lat' dir='ltr'>ter-</span> 
     </span>
     <span class='ocr_line' id='line_1_31' title="bbox 276 1152 1074 1191; baseline -0.004 -8"><span class='ocrx_word' id='word_1_159' title='bbox 276 1155 398 1189; x_wconf 91' lang='lat' dir='ltr'>minare,</span> <span class='ocrx_word' id='word_1_160' title='bbox 420 1157 452 1183; x_wconf 91' lang='lat' dir='ltr'>ut</span> <span class='ocrx_word' id='word_1_161' title='bbox 472 1157 547 1191; x_wconf 87' lang='lat' dir='ltr'>patet</span> <span class='ocrx_word' id='word_1_162' title='bbox 569 1153 775 1182; x_wconf 86' lang='lat' dir='ltr'>Deuteronomii</span> <span class='ocrx_word' id='word_1_163' title='bbox 796 1153 902 1182; x_wconf 90' lang='lat' dir='ltr'>decimo</span> <span class='ocrx_word' id='word_1_164' title='bbox 923 1153 1040 1189; x_wconf 75' lang='lat' dir='ltr'>septImo</span> <span class='ocrx_word' id='word_1_165' title='bbox 1054 1152 1074 1180; x_wconf 72' lang='lat'>3.</span> 
     </span>
    </p>

    <p class='ocr_par' dir='ltr' id='par_1_9' title="bbox 277 1199 1129 1518">
     <span class='ocr_line' id='line_1_32' title="bbox 355 1199 1129 1237; baseline -0.004 -7"><span class='ocrx_word' id='word_1_166' title='bbox 355 1203 457 1230; x_wconf 81' lang='lat' dir='ltr'>Tantae</span> <span class='ocrx_word' id='word_1_167' title='bbox 468 1204 561 1230; x_wconf 86' lang='lat' dir='ltr'>autem</span> <span class='ocrx_word' id='word_1_168' title='bbox 576 1201 733 1229; x_wconf 86' lang='lat' dir='ltr'>auctoritati</span> <span class='ocrx_word' id='word_1_169' title='bbox 745 1203 819 1229; x_wconf 86' lang='lat' dir='ltr'>recte</span> <span class='ocrx_word' id='word_1_170' title='bbox 828 1200 839 1216; x_wconf 69' lang='lat'>4</span> <span class='ocrx_word' id='word_1_171' title='bbox 851 1199 1065 1237; x_wconf 85' lang='lat' dir='ltr'>profundissima</span> <span class='ocrx_word' id='word_1_172' title='bbox 1076 1199 1129 1227; x_wconf 92' lang='lat' dir='ltr'>hu-</span> 
     </span>
     <span class='ocr_line' id='line_1_33' title="bbox 278 1246 1128 1282; baseline -0.004 -5"><span class='ocrx_word' id='word_1_173' title='bbox 278 1249 380 1278; x_wconf 84' lang='lat' dir='ltr'>militas</span> <span class='ocrx_word' id='word_1_174' title='bbox 401 1248 535 1282; x_wconf 89' lang='lat' dir='ltr'>sociatur,</span> <span class='ocrx_word' id='word_1_175' title='bbox 551 1256 613 1276; x_wconf 89' lang='lat' dir='ltr'>cum</span> <span class='ocrx_word' id='word_1_176' title='bbox 633 1247 750 1276; x_wconf 87' lang='lat' dir='ltr'>dicitur:</span> <span class='ocrx_word' id='word_1_177' title='bbox 767 1247 875 1275; x_wconf 75' lang='lat' dir='ltr'>Seruus</span> <span class='ocrx_word' id='word_1_178' title='bbox 890 1255 1044 1275; x_wconf 80' lang='lat' dir='ltr'>servorum</span> <span class='ocrx_word' id='word_1_179' title='bbox 1060 1246 1128 1280; x_wconf 89' lang='lat' dir='ltr'>Dei,</span> 
     </span>
     <span class='ocr_line' id='line_1_34' title="bbox 277 1293 1129 1331; baseline -0.004 -7"><span class='ocrx_word' id='word_1_180' title='bbox 277 1304 332 1325; x_wconf 94' lang='lat' dir='ltr'>non</span> <span class='ocrx_word' id='word_1_181' title='bbox 350 1295 468 1324; x_wconf 89' lang='lat' dir='ltr'>istorum</span> <span class='ocrx_word' id='word_1_182' title='bbox 483 1295 526 1323; x_wconf 90' lang='lat' dir='ltr'>vel</span> <span class='ocrx_word' id='word_1_183' title='bbox 548 1295 675 1328; x_wconf 86' lang='lat' dir='ltr'>illorum,</span> <span class='ocrx_word' id='word_1_184' title='bbox 697 1294 744 1323; x_wconf 89' lang='lat' dir='ltr'>sed</span> <span class='ocrx_word' id='word_1_185' title='bbox 763 1294 929 1331; x_wconf 84' lang='lat' dir='ltr'>sapientium</span> <span class='ocrx_word' id='word_1_186' title='bbox 951 1297 978 1322; x_wconf 88' lang='lat' dir='ltr'>et</span> <span class='ocrx_word' id='word_1_187' title='bbox 999 1293 1129 1330; x_wconf 88' lang='lat' dir='ltr'>insipien-</span> 
     </span>
     <span class='ocr_line' id='line_1_35' title="bbox 277 1340 1129 1379; baseline -0.004 -8"><span class='ocrx_word' id='word_1_188' title='bbox 277 1343 357 1377; x_wconf 88' lang='lat' dir='ltr'>tium,</span> <span class='ocrx_word' id='word_1_189' title='bbox 372 1342 496 1371; x_wconf 89' lang='lat' dir='ltr'>omnium</span> <span class='ocrx_word' id='word_1_190' title='bbox 511 1345 538 1371; x_wconf 88' lang='lat' dir='ltr'>et</span> <span class='ocrx_word' id='word_1_191' title='bbox 553 1342 736 1379; x_wconf 77' lang='lat' dir='ltr'>singulorum.</span> <span class='ocrx_word' id='word_1_192' title='bbox 750 1341 792 1370; x_wconf 86' lang='lat' dir='ltr'>Sic</span> <span class='ocrx_word' id='word_1_193' title='bbox 807 1344 891 1375; x_wconf 91' lang='lat' dir='ltr'>certe,</span> <span class='ocrx_word' id='word_1_194' title='bbox 906 1344 938 1369; x_wconf 88' lang='lat' dir='ltr'>ut</span> <span class='ocrx_word' id='word_1_195' title='bbox 952 1340 1053 1377; x_wconf 83' lang='lat' dir='ltr'>legitur</span> <span class='ocrx_word' id='word_1_196' title='bbox 1066 1341 1129 1368; x_wconf 86' lang='lat' dir='ltr'>Eze-</span> 
     </span>
     <span class='ocr_line' id='line_1_36' title="bbox 277 1387 1128 1426; baseline -0.004 -8"><span class='ocrx_word' id='word_1_197' title='bbox 277 1390 375 1419; x_wconf 88' lang='lat' dir='ltr'>chielis</span> <span class='ocrx_word' id='word_1_198' title='bbox 389 1388 601 1426; x_wconf 80' lang='lat' dir='ltr'>quadragesimo</span> <span class='ocrx_word' id='word_1_199' title='bbox 616 1388 737 1417; x_wconf 87' lang='lat' dir='ltr'>secundo</span> <span class='ocrx_word' id='word_1_200' title='bbox 748 1388 774 1416; x_wconf 83' lang='lat'>⁵:</span> <span class='ocrx_word' id='word_1_201' title='bbox 795 1387 1019 1426; x_wconf 77' lang='lat' dir='ltr'>Gazopbytaeia</span> <span class='ocrx_word' id='word_1_202' title='bbox 1033 1387 1128 1424; x_wconf 90' lang='lat' dir='ltr'>templi</span> 
     </span>
     <span class='ocr_line' id='line_1_37' title="bbox 277 1434 1128 1474; baseline -0.004 -9"><span class='ocrx_word' id='word_1_203' title='bbox 277 1436 402 1474; x_wconf 82' lang='lat' dir='ltr'>fuerunt</span> <span class='ocrx_word' id='word_1_204' title='bbox 419 1436 450 1464; x_wconf 89' lang='lat' dir='ltr'>in</span> <span class='ocrx_word' id='word_1_205' title='bbox 471 1435 675 1473; x_wconf 80' lang='lat' dir='ltr'>superioribus</span> <span class='ocrx_word' id='word_1_206' title='bbox 698 1434 867 1463; x_wconf 74' lang='lat' dir='ltr'>humiliora.</span> <span class='ocrx_word' id='word_1_207' title='bbox 897 1435 925 1463; x_wconf 88' lang='lat' dir='ltr'>In</span> <span class='ocrx_word' id='word_1_208' title='bbox 954 1437 1028 1463; x_wconf 90' lang='lat' dir='ltr'>statu</span> <span class='ocrx_word' id='word_1_209' title='bbox 1056 1434 1128 1462; x_wconf 85' lang='lat' dir='ltr'>enim</span> 
     </span>
     <span class='ocr_line' id='line_1_38' title="bbox 277 1480 1109 1518; baseline -0.004 -7"><span class='ocrx_word' id='word_1_210' title='bbox 277 1483 389 1512; x_wconf 85' lang='lat' dir='ltr'>sublimi</span> <span class='ocrx_word' id='word_1_211' title='bbox 411 1485 453 1511; x_wconf 89' lang='lat' dir='ltr'>est</span> <span class='ocrx_word' id='word_1_212' title='bbox 473 1484 668 1511; x_wconf 88' lang='lat' dir='ltr'>ornamentum</span> <span class='ocrx_word' id='word_1_213' title='bbox 691 1481 782 1510; x_wconf 86' lang='lat' dir='ltr'>nobile</span> <span class='ocrx_word' id='word_1_214' title='bbox 801 1481 943 1510; x_wconf 87' lang='lat' dir='ltr'>humilitas</span> <span class='ocrx_word' id='word_1_215' title='bbox 964 1480 1109 1518; x_wconf 88' lang='lat' dir='ltr'>profunda.</span> 
     </span>
    </p>

    <p class='ocr_par' dir='ltr' id='par_1_10' title="bbox 277 1527 1130 1840">
     <span class='ocr_line' id='line_1_39' title="bbox 357 1527 1128 1567; baseline -0.003 -9"><span class='ocrx_word' id='word_1_216' title='bbox 357 1529 503 1567; x_wconf 85' lang='lat' dir='ltr'>Sequitur:</span> <span class='ocrx_word' id='word_1_217' title='bbox 521 1529 636 1557; x_wconf 83' lang='lat' dir='ltr'>Diieetis</span> <span class='ocrx_word' id='word_1_218' title='bbox 650 1528 721 1566; x_wconf 78' lang='lat' dir='ltr'>filiis</span> <span class='ocrx_word' id='word_1_219' title='bbox 735 1527 830 1566; x_wconf 67' lang='lat' dir='ltr'>fiatri</span> <span class='ocrx_word' id='word_1_220' title='bbox 840 1529 1001 1557; x_wconf 82' lang='lat' dir='ltr'>Franciseo</span> <span class='ocrx_word' id='word_1_221' title='bbox 1019 1531 1045 1556; x_wconf 93' lang='lat' dir='ltr'>et</span> <span class='ocrx_word' id='word_1_222' title='bbox 1059 1527 1128 1556; x_wconf 84' lang='lat' dir='ltr'>aliis</span> 
     </span>
     <span class='ocr_line' id='line_1_40' title="bbox 277 1575 1129 1615; baseline -0.004 -9"><span class='ocrx_word' id='word_1_223' title='bbox 277 1576 428 1615; x_wconf 84' lang='lat' dir='ltr'>fratribus</span> <span class='ocrx_word' id='word_1_224' title='bbox 446 1576 480 1605; x_wconf 93' lang='lat' dir='ltr'>de</span> <span class='ocrx_word' id='word_1_225' title='bbox 503 1576 612 1605; x_wconf 85' lang='lat' dir='ltr'>Ordine</span> <span class='ocrx_word' id='word_1_226' title='bbox 626 1576 773 1604; x_wconf 76' lang='lat' dir='ltr'>Fratrum</span> <span class='ocrx_word' id='word_1_227' title='bbox 794 1576 944 1604; x_wconf 84' lang='lat' dir='ltr'>Minorum</span> <span class='ocrx_word' id='word_1_228' title='bbox 964 1575 1089 1603; x_wconf 80' lang='lat' dir='ltr'>satutem</span> <span class='ocrx_word' id='word_1_229' title='bbox 1105 1578 1129 1603; x_wconf 88' lang='lat' dir='ltr'>et</span> 
     </span>
     <span class='ocr_line' id='line_1_41' title="bbox 278 1622 1129 1661; baseline -0.004 -9"><span class='ocrx_word' id='word_1_230' title='bbox 278 1623 468 1661; x_wconf 80' lang='lat' dir='ltr'>apostolicam</span> <span class='ocrx_word' id='word_1_231' title='bbox 485 1622 714 1651; x_wconf 70' lang='lat' dir='ltr'>benedictionem</span> <span class='ocrx_word' id='word_1_232' title='bbox 737 1622 917 1651; x_wconf 90' lang='lat' dir='ltr'>Ecclesiastici</span> <span class='ocrx_word' id='word_1_233' title='bbox 940 1622 1060 1650; x_wconf 78' lang='lat' dir='ltr'>tertio⁶:</span> <span class='ocrx_word' id='word_1_234' title='bbox 1077 1622 1129 1649; x_wconf 86' lang='lat' dir='ltr'>Be-</span> 
     </span>
     <span class='ocr_line' id='line_1_42' title="bbox 277 1668 1129 1707; baseline -0.004 -8"><span class='ocrx_word' id='word_1_235' title='bbox 277 1670 401 1699; x_wconf 81' lang='lat' dir='ltr'>nedictio</span> <span class='ocrx_word' id='word_1_236' title='bbox 419 1669 518 1707; x_wconf 79' lang='lat' dir='ltr'>patris</span> <span class='ocrx_word' id='word_1_237' title='bbox 546 1669 649 1706; x_wconf 79' lang='lat' dir='ltr'>firmat</span> <span class='ocrx_word' id='word_1_238' title='bbox 671 1669 772 1698; x_wconf 85' lang='lat' dir='ltr'>domos</span> <span class='ocrx_word' id='word_1_239' title='bbox 798 1668 938 1706; x_wconf 74' lang='lat' dir='ltr'>filiorum.</span> <span class='ocrx_word' id='word_1_240' title='bbox 966 1669 994 1697; x_wconf 85' lang='lat' dir='ltr'>ln</span> <span class='ocrx_word' id='word_1_241' title='bbox 1022 1668 1129 1697; x_wconf 90' lang='lat' dir='ltr'>hierar-</span> 
     </span>
     <span class='ocr_line' id='line_1_43' title="bbox 278 1715 1129 1754; baseline -0.002 -9"><span class='ocrx_word' id='word_1_242' title='bbox 278 1717 364 1746; x_wconf 90' lang='lat' dir='ltr'>chicis</span> <span class='ocrx_word' id='word_1_243' title='bbox 379 1716 495 1754; x_wconf 86' lang='lat' dir='ltr'>eloquiis</span> <span class='ocrx_word' id='word_1_244' title='bbox 513 1716 616 1753; x_wconf 90' lang='lat' dir='ltr'>optime</span> <span class='ocrx_word' id='word_1_245' title='bbox 632 1719 710 1745; x_wconf 87' lang='lat' dir='ltr'>sonat</span> <span class='ocrx_word' id='word_1_246' title='bbox 732 1724 831 1745; x_wconf 89' lang='lat' dir='ltr'>nomen</span> <span class='ocrx_word' id='word_1_247' title='bbox 852 1715 1027 1749; x_wconf 81' lang='lat' dir='ltr'>dilectionis,</span> <span class='ocrx_word' id='word_1_248' title='bbox 1050 1715 1129 1752; x_wconf 91' lang='lat' dir='ltr'>quia,</span> 
     </span>
     <span class='ocr_line' id='line_1_44' title="bbox 277 1763 1130 1800; baseline -0.002 -7"><span class='ocrx_word' id='word_1_249' title='bbox 277 1767 310 1793; x_wconf 88' lang='lat' dir='ltr'>ut</span> <span class='ocrx_word' id='word_1_250' title='bbox 330 1764 396 1793; x_wconf 91' lang='lat' dir='ltr'>dicit</span> <span class='ocrx_word' id='word_1_251' title='bbox 410 1763 594 1800; x_wconf 82' lang='lat' dir='ltr'>Dionysius⁷,</span> <span class='ocrx_word' id='word_1_252' title='bbox 615 1763 725 1792; x_wconf 87' lang='lat' dir='ltr'>«totius</span> <span class='ocrx_word' id='word_1_253' title='bbox 739 1763 913 1792; x_wconf 79' lang='lat' dir='ltr'>hierarchiae</span> <span class='ocrx_word' id='word_1_254' title='bbox 933 1763 996 1792; x_wconf 88' lang='lat' dir='ltr'>finis</span> <span class='ocrx_word' id='word_1_255' title='bbox 1017 1766 1044 1791; x_wconf 94' lang='lat' dir='ltr'>et</span> <span class='ocrx_word' id='word_1_256' title='bbox 1065 1771 1130 1791; x_wconf 86' lang='lat' dir='ltr'>con—</span> 
     </span>
     <span class='ocr_line' id='line_1_45' title="bbox 278 1810 792 1840; baseline -0.002 0"><span class='ocrx_word' id='word_1_257' title='bbox 278 1811 428 1840; x_wconf 90' lang='lat' dir='ltr'>summatio</span> <span class='ocrx_word' id='word_1_258' title='bbox 449 1814 490 1839; x_wconf 86' lang='lat' dir='ltr'>est</span> <span class='ocrx_word' id='word_1_259' title='bbox 512 1811 618 1839; x_wconf 85' lang='lat' dir='ltr'>unitiva</span> <span class='ocrx_word' id='word_1_260' title='bbox 642 1810 751 1840; x_wconf 88' lang='lat' dir='ltr'>dilectio</span> <span class='ocrx_word' id='word_1_261' title='bbox 766 1822 792 1839; x_wconf 90' lang='lat'>».</span> 
     </span>
    </p>

    <p class='ocr_par' dir='ltr' id='par_1_11' title="bbox 278 1857 1131 2129">
     <span class='ocr_line' id='line_1_46' title="bbox 358 1857 1130 1894; baseline -0.001 -8"><span class='ocrx_word' id='word_1_262' title='bbox 358 1857 384 1886; x_wconf 83' lang='lat'>3.</span> <span class='ocrx_word' id='word_1_263' title='bbox 406 1857 539 1894; x_wconf 84' lang='lat' dir='ltr'>Sequitur</span> <span class='ocrx_word' id='word_1_264' title='bbox 554 1857 675 1886; x_wconf 87' lang='lat' dir='ltr'>secunda</span> <span class='ocrx_word' id='word_1_265' title='bbox 690 1857 827 1894; x_wconf 84' lang='lat' dir='ltr'>particula</span> <span class='ocrx_word' id='word_1_266' title='bbox 848 1857 992 1886; x_wconf 88' lang='lat' dir='ltr'>continens</span> <span class='ocrx_word' id='word_1_267' title='bbox 1011 1864 1130 1894; x_wconf 89' lang='lat' dir='ltr'>sequen-</span> 
     </span>
     <span class='ocr_line' id='line_1_47' title="bbox 279 1903 1130 1941; baseline -0.001 -8"><span class='ocrx_word' id='word_1_268' title='bbox 279 1905 350 1933; x_wconf 90' lang='lat' dir='ltr'>tium</span> <span class='ocrx_word' id='word_1_269' title='bbox 372 1904 631 1941; x_wconf 76' lang='lat' dir='ltr'>confirmationem.</span> <span class='ocrx_word' id='word_1_270' title='bbox 653 1904 729 1933; x_wconf 89' lang='lat' dir='ltr'>Unde</span> <span class='ocrx_word' id='word_1_271' title='bbox 744 1904 824 1932; x_wconf 90' lang='lat' dir='ltr'>dicit:</span> <span class='ocrx_word' id='word_1_272' title='bbox 845 1903 919 1932; x_wconf 83' lang='lat' dir='ltr'>Solet</span> <span class='ocrx_word' id='word_1_273' title='bbox 936 1912 1067 1932; x_wconf 86' lang='lat' dir='ltr'>annuere</span> <span class='ocrx_word' id='word_1_274' title='bbox 1083 1904 1130 1932; x_wconf 83' lang='lat' dir='ltr'>Se-</span> 
     </span>
     <span class='ocr_line' id='line_1_48' title="bbox 279 1950 1130 1988; baseline 0.001 -9"><span class='ocrx_word' id='word_1_275' title='bbox 279 1951 328 1980; x_wconf 88' lang='lat' dir='ltr'>des</span> <span class='ocrx_word' id='word_1_276' title='bbox 349 1951 509 1988; x_wconf 85' lang='lat' dir='ltr'>apostolica</span> <span class='ocrx_word' id='word_1_277' title='bbox 526 1951 587 1988; x_wconf 78' lang='lat' dir='ltr'>piis</span> <span class='ocrx_word' id='word_1_278' title='bbox 608 1951 681 1979; x_wconf 84' lang='lat' dir='ltr'>votis</span> <span class='ocrx_word' id='word_1_279' title='bbox 702 1954 728 1979; x_wconf 88' lang='lat' dir='ltr'>et</span> <span class='ocrx_word' id='word_1_280' title='bbox 755 1950 880 1979; x_wconf 73' lang='lat' dir='ltr'>honestis</span> <span class='ocrx_word' id='word_1_281' title='bbox 901 1951 1059 1988; x_wconf 79' lang='lat' dir='ltr'>petentium</span> <span class='ocrx_word' id='word_1_282' title='bbox 1083 1952 1130 1980; x_wconf 83' lang='lat' dir='ltr'>de-</span> 
     </span>
     <span class='ocr_line' id='line_1_49' title="bbox 278 1997 1131 2035; baseline 0 -9"><span class='ocrx_word' id='word_1_283' title='bbox 278 1998 397 2027; x_wconf 75' lang='lat' dir='ltr'>sideriis</span> <span class='ocrx_word' id='word_1_284' title='bbox 411 1997 544 2035; x_wconf 75' lang='lat' dir='ltr'>favorem</span> <span class='ocrx_word' id='word_1_285' title='bbox 560 1998 724 2027; x_wconf 79' lang='lat' dir='ltr'>benevolum</span> <span class='ocrx_word' id='word_1_286' title='bbox 743 1998 897 2035; x_wconf 77' lang='lat' dir='ltr'>impertiri.</span> <span class='ocrx_word' id='word_1_287' title='bbox 922 2015 959 2019; x_wconf 71' lang='lat'>—</span> <span class='ocrx_word' id='word_1_288' title='bbox 981 1998 1071 2026; x_wconf 85' lang='lat' dir='ltr'>Pium</span> <span class='ocrx_word' id='word_1_289' title='bbox 1089 2001 1131 2027; x_wconf 92' lang='lat' dir='ltr'>est</span> 
     </span>
     <span class='ocr_line' id='line_1_50' title="bbox 279 2045 1130 2082; baseline 0.001 -9"><span class='ocrx_word' id='word_1_290' title='bbox 279 2045 354 2082; x_wconf 90' lang='lat' dir='ltr'>quod</span> <span class='ocrx_word' id='word_1_291' title='bbox 375 2045 409 2073; x_wconf 86' lang='lat' dir='ltr'>ad</span> <span class='ocrx_word' id='word_1_292' title='bbox 430 2045 478 2074; x_wconf 90' lang='lat' dir='ltr'>Dei</span> <span class='ocrx_word' id='word_1_293' title='bbox 500 2045 616 2082; x_wconf 86' lang='lat' dir='ltr'>gloriam</span> <span class='ocrx_word' id='word_1_294' title='bbox 637 2048 678 2074; x_wconf 88' lang='lat' dir='ltr'>est</span> <span class='ocrx_word' id='word_1_295' title='bbox 692 2045 871 2079; x_wconf 87' lang='lat' dir='ltr'>directivum‚</span> <span class='ocrx_word' id='word_1_296' title='bbox 893 2045 959 2082; x_wconf 87' lang='lat' dir='ltr'>quia</span> <span class='ocrx_word' id='word_1_297' title='bbox 980 2045 1067 2082; x_wconf 87' lang='lat' dir='ltr'>pietas</span> <span class='ocrx_word' id='word_1_298' title='bbox 1088 2048 1130 2074; x_wconf 89' lang='lat' dir='ltr'>est</span> 
     </span>
     <span class='ocr_line' id='line_1_51' title="bbox 280 2091 1130 2129; baseline 0.002 -10"><span class='ocrx_word' id='word_1_299' title='bbox 280 2091 373 2120; x_wconf 89' lang='lat' dir='ltr'>cultus</span> <span class='ocrx_word' id='word_1_300' title='bbox 393 2091 458 2126; x_wconf 92' lang='lat' dir='ltr'>Dei;</span> <span class='ocrx_word' id='word_1_301' title='bbox 474 2091 611 2121; x_wconf 90' lang='lat' dir='ltr'>secundae</span> <span class='ocrx_word' id='word_1_302' title='bbox 625 2092 659 2120; x_wconf 89' lang='lat' dir='ltr'>ad</span> <span class='ocrx_word' id='word_1_303' title='bbox 674 2092 850 2121; x_wconf 89' lang='lat' dir='ltr'>Timotheum</span> <span class='ocrx_word' id='word_1_304' title='bbox 872 2092 954 2121; x_wconf 90' lang='lat' dir='ltr'>tertio</span> <span class='ocrx_word' id='word_1_305' title='bbox 965 2092 990 2120; x_wconf 73' lang='lat'>⁸:</span> <span class='ocrx_word' id='word_1_306' title='bbox 1014 2092 1073 2128; x_wconf 85' lang='lat' dir='ltr'>Qui</span> <span class='ocrx_word' id='word_1_307' title='bbox 1082 2092 1130 2129; x_wconf 80' lang='lat' dir='ltr'>pie</span> 
     </span>
    </p>
   </div>
   <div class='ocr_carea' id='block_1_9' title="bbox 519 225 1791 261">
    <p class='ocr_par' dir='ltr' id='par_1_12' title="bbox 519 225 1791 261">
     <span class='ocr_line' id='line_1_52' title="bbox 519 225 1791 261; baseline -0.006 0"><span class='ocrx_word' id='word_1_308' title='bbox 519 231 717 261; x_wconf 89' lang='lat' dir='ltr'>OPUSCULUM</span> <span class='ocrx_word' id='word_1_309' title='bbox 739 230 804 258; x_wconf 85' lang='lat' dir='ltr'>XVI.</span> <span class='ocrx_word' id='word_1_310' title='bbox 830 228 1002 258; x_wconf 86' lang='lat' dir='ltr'>EXPOSlTIO</span> <span class='ocrx_word' id='word_1_311' title='bbox 1024 228 1127 257; x_wconf 86' lang='lat' dir='ltr'>SUPER</span> <span class='ocrx_word' id='word_1_312' title='bbox 1148 227 1302 256; x_wconf 72' lang='lat' dir='ltr'>REGULAM</span> <span class='ocrx_word' id='word_1_313' title='bbox 1323 226 1478 256; x_wconf 76' lang='lat' dir='ltr'>FRATRUM</span> <span class='ocrx_word' id='word_1_314' title='bbox 1499 225 1661 255; x_wconf 84' lang='lat' dir='ltr'>MlNORUM.</span> <span class='ocrx_word' id='word_1_315' title='bbox 1683 225 1751 254; x_wconf 73' lang='lat' dir='ltr'>CAP.</span> <span class='ocrx_word' id='word_1_316' title='bbox 1774 226 1791 253; x_wconf 92' lang='lat' dir='ltr'>l.</span> 
     </span>
    </p>
   </div>
   <div class='ocr_carea' id='block_1_10' title="bbox 1180 303 2037 1654">
    <p class='ocr_par' dir='ltr' id='par_1_13' title="bbox 1180 303 2031 667">
     <span class='ocr_line' id='line_1_53' title="bbox 1180 303 2030 341; baseline -0.004 -7"><span class='ocrx_word' id='word_1_317' title='bbox 1180 305 1281 334; x_wconf 82' lang='lat' dir='ltr'>volunt</span> <span class='ocrx_word' id='word_1_318' title='bbox 1297 305 1392 334; x_wconf 79' lang='lat' dir='ltr'>vivere</span> <span class='ocrx_word' id='word_1_319' title='bbox 1406 305 1438 333; x_wconf 87' lang='lat' dir='ltr'>in</span> <span class='ocrx_word' id='word_1_320' title='bbox 1454 303 1568 333; x_wconf 75' lang='lat' dir='ltr'>Christo</span> <span class='ocrx_word' id='word_1_321' title='bbox 1585 304 1663 338; x_wconf 86' lang='lat' dir='ltr'>Iesu,</span> <span class='ocrx_word' id='word_1_322' title='bbox 1676 303 1904 340; x_wconf 75' lang='lat' dir='ltr'>persecutionem</span> <span class='ocrx_word' id='word_1_323' title='bbox 1916 303 2030 341; x_wconf 79' lang='lat' dir='ltr'>patien-</span> 
     </span>
     <span class='ocr_line' id='line_1_54' title="bbox 1182 350 2030 388; baseline -0.004 -7"><span class='ocrx_word' id='word_1_324' title='bbox 1182 356 1239 381; x_wconf 86' lang='lat' dir='ltr'>tur.</span> <span class='ocrx_word' id='word_1_325' title='bbox 1263 369 1300 372; x_wconf 97' lang='lat'><strong>—</strong></span> <span class='ocrx_word' id='word_1_326' title='bbox 1322 352 1480 380; x_wconf 88' lang='lat' dir='ltr'>Honestum</span> <span class='ocrx_word' id='word_1_327' title='bbox 1501 354 1543 379; x_wconf 88' lang='lat' dir='ltr'>est</span> <span class='ocrx_word' id='word_1_328' title='bbox 1567 351 1641 388; x_wconf 90' lang='lat' dir='ltr'>quod</span> <span class='ocrx_word' id='word_1_329' title='bbox 1670 350 1702 379; x_wconf 87' lang='lat' dir='ltr'>ad</span> <span class='ocrx_word' id='word_1_330' title='bbox 1728 350 1944 379; x_wconf 88' lang='lat' dir='ltr'>aedificationem</span> <span class='ocrx_word' id='word_1_331' title='bbox 1966 358 2030 386; x_wconf 92' lang='lat' dir='ltr'>pro-</span> 
     </span>
     <span class='ocr_line' id='line_1_55' title="bbox 1182 396 2030 432; baseline -0.002 -5"><span class='ocrx_word' id='word_1_332' title='bbox 1182 399 1251 427; x_wconf 77' lang='lat' dir='ltr'>ximi</span> <span class='ocrx_word' id='word_1_333' title='bbox 1272 399 1434 432; x_wconf 87' lang='lat' dir='ltr'>ordinatur;</span> <span class='ocrx_word' id='word_1_334' title='bbox 1457 398 1490 426; x_wconf 91' lang='lat' dir='ltr'>ad</span> <span class='ocrx_word' id='word_1_335' title='bbox 1519 398 1655 426; x_wconf 85' lang='lat' dir='ltr'>Romanos</span> <span class='ocrx_word' id='word_1_336' title='bbox 1676 397 1782 425; x_wconf 90' lang='lat' dir='ltr'>decimo</span> <span class='ocrx_word' id='word_1_337' title='bbox 1804 396 1924 425; x_wconf 72' lang='lat' dir='ltr'>terti09:</span> <span class='ocrx_word' id='word_1_338' title='bbox 1948 396 2030 425; x_wconf 83' lang='lat' dir='ltr'>Sicut</span> 
     </span>
     <span class='ocr_line' id='line_1_56' title="bbox 1182 443 2030 474; baseline -0.002 0"><span class='ocrx_word' id='word_1_339' title='bbox 1182 446 1213 474; x_wconf 91' lang='lat' dir='ltr'>in</span> <span class='ocrx_word' id='word_1_340' title='bbox 1240 446 1286 474; x_wconf 86' lang='lat' dir='ltr'>die</span> <span class='ocrx_word' id='word_1_341' title='bbox 1307 445 1419 473; x_wconf 75' lang='lat' dir='ltr'>honeste</span> <span class='ocrx_word' id='word_1_342' title='bbox 1447 444 1637 473; x_wconf 84' lang='lat' dir='ltr'>ambutemus.</span> <span class='ocrx_word' id='word_1_343' title='bbox 1667 444 1737 472; x_wconf 89' lang='lat' dir='ltr'>Haec</span> <span class='ocrx_word' id='word_1_344' title='bbox 1766 444 1895 472; x_wconf 88' lang='lat' dir='ltr'>honestas</span> <span class='ocrx_word' id='word_1_345' title='bbox 1923 452 1939 472; x_wconf 90' lang='lat' dir='ltr'>a</span> <span class='ocrx_word' id='word_1_346' title='bbox 1962 443 2030 472; x_wconf 89' lang='lat' dir='ltr'>divi-</span> 
     </span>
     <span class='ocr_line' id='line_1_57' title="bbox 1182 490 2030 529; baseline -0.002 -8"><span class='ocrx_word' id='word_1_347' title='bbox 1182 493 1224 521; x_wconf 90' lang='lat' dir='ltr'>nis</span> <span class='ocrx_word' id='word_1_348' title='bbox 1245 495 1287 521; x_wconf 92' lang='lat' dir='ltr'>est</span> <span class='ocrx_word' id='word_1_349' title='bbox 1308 492 1457 529; x_wconf 80' lang='lat' dir='ltr'>praecipue</span> <span class='ocrx_word' id='word_1_350' title='bbox 1484 491 1663 527; x_wconf 85' lang='lat' dir='ltr'>beneplacitis</span> <span class='ocrx_word' id='word_1_351' title='bbox 1684 494 1711 519; x_wconf 94' lang='lat' dir='ltr'>et</span> <span class='ocrx_word' id='word_1_352' title='bbox 1733 498 1787 519; x_wconf 91' lang='lat' dir='ltr'>non</span> <span class='ocrx_word' id='word_1_353' title='bbox 1808 490 1956 519; x_wconf 89' lang='lat' dir='ltr'>mundanis</span> <span class='ocrx_word' id='word_1_354' title='bbox 1984 499 2030 519; x_wconf 89' lang='lat' dir='ltr'>va—</span> 
     </span>
     <span class='ocr_line' id='line_1_58' title="bbox 1182 537 2031 576; baseline -0.002 -8"><span class='ocrx_word' id='word_1_355' title='bbox 1182 539 1316 568; x_wconf 79' lang='lat' dir='ltr'>nitatibus</span> <span class='ocrx_word' id='word_1_356' title='bbox 1337 538 1497 576; x_wconf 83' lang='lat' dir='ltr'>regulanda.</span> <span class='ocrx_word' id='word_1_357' title='bbox 1523 537 1599 566; x_wconf 87' lang='lat' dir='ltr'>Unde</span> <span class='ocrx_word' id='word_1_358' title='bbox 1626 537 1809 574; x_wconf 88' lang='lat' dir='ltr'>Hieronymus</span> <span class='ocrx_word' id='word_1_359' title='bbox 1835 545 1919 574; x_wconf 87' lang='lat' dir='ltr'>super</span> <span class='ocrx_word' id='word_1_360' title='bbox 1947 537 2031 566; x_wconf 82' lang='lat' dir='ltr'>Isaiae</span> 
     </span>
     <span class='ocr_line' id='line_1_59' title="bbox 1183 584 2030 623; baseline -0.004 -8"><span class='ocrx_word' id='word_1_361' title='bbox 1183 586 1315 623; x_wconf 83' lang='lat' dir='ltr'>vigesimo</span> <span class='ocrx_word' id='word_1_362' title='bbox 1328 586 1366 613; x_wconf 89' lang='lat'>¹⁰:</span> <span class='ocrx_word' id='word_1_363' title='bbox 1394 597 1407 610; x_wconf 87' lang='lat'>«</span> <span class='ocrx_word' id='word_1_364' title='bbox 1422 585 1479 613; x_wconf 91' lang='lat' dir='ltr'>Non</span> <span class='ocrx_word' id='word_1_365' title='bbox 1495 584 1609 613; x_wconf 88' lang='lat' dir='ltr'>erubuit</span> <span class='ocrx_word' id='word_1_366' title='bbox 1630 584 1711 613; x_wconf 89' lang='lat' dir='ltr'>Isaias</span> <span class='ocrx_word' id='word_1_367' title='bbox 1725 584 1818 613; x_wconf 89' lang='lat' dir='ltr'>nudus</span> <span class='ocrx_word' id='word_1_368' title='bbox 1832 584 1974 618; x_wconf 87' lang='lat' dir='ltr'>incedere,</span> <span class='ocrx_word' id='word_1_369' title='bbox 1989 584 2030 612; x_wconf 94' lang='lat' dir='ltr'>ni-</span> 
     </span>
     <span class='ocr_line' id='line_1_60' title="bbox 1182 630 1966 667; baseline -0.003 -6"><span class='ocrx_word' id='word_1_370' title='bbox 1182 633 1221 662; x_wconf 89' lang='lat' dir='ltr'>hil</span> <span class='ocrx_word' id='word_1_371' title='bbox 1243 632 1387 661; x_wconf 86' lang='lat' dir='ltr'>honestius</span> <span class='ocrx_word' id='word_1_372' title='bbox 1408 631 1547 665; x_wconf 89' lang='lat' dir='ltr'>iudicans‚</span> <span class='ocrx_word' id='word_1_373' title='bbox 1570 639 1653 667; x_wconf 89' lang='lat' dir='ltr'>quam</span> <span class='ocrx_word' id='word_1_374' title='bbox 1675 630 1791 659; x_wconf 88' lang='lat' dir='ltr'>Domino</span> <span class='ocrx_word' id='word_1_375' title='bbox 1813 630 1925 659; x_wconf 85' lang='lat' dir='ltr'>obedire</span> <span class='ocrx_word' id='word_1_376' title='bbox 1939 642 1966 658; x_wconf 82' lang='lat'>».</span> 
     </span>
    </p>

    <p class='ocr_par' dir='ltr' id='par_1_14' title="bbox 1181 677 2037 1654">
     <span class='ocr_line' id='line_1_61' title="bbox 1262 677 2029 716; baseline -0.004 -8"><span class='ocrx_word' id='word_1_377' title='bbox 1262 679 1409 716; x_wconf 88' lang='lat' dir='ltr'>Sequitur:</span> <span class='ocrx_word' id='word_1_378' title='bbox 1434 679 1597 715; x_wconf 81' lang='lat' dir='ltr'>Eapropter</span> <span class='ocrx_word' id='word_1_379' title='bbox 1625 677 1722 706; x_wconf 83' lang='lat' dir='ltr'>dilecti</span> <span class='ocrx_word' id='word_1_380' title='bbox 1748 677 1780 705; x_wconf 90' lang='lat' dir='ltr'>in</span> <span class='ocrx_word' id='word_1_381' title='bbox 1809 677 1930 706; x_wconf 89' lang='lat' dir='ltr'>Domino</span> <span class='ocrx_word' id='word_1_382' title='bbox 1958 677 2029 714; x_wconf 78' lang='lat' dir='ltr'>filii,</span> 
     </span>
     <span class='ocr_line' id='line_1_62' title="bbox 1183 724 2032 763; baseline -0.002 -8"><span class='ocrx_word' id='word_1_383' title='bbox 1183 727 1286 755; x_wconf 84' lang='lat' dir='ltr'>vestris</span> <span class='ocrx_word' id='word_1_384' title='bbox 1312 726 1372 763; x_wconf 79' lang='lat' dir='ltr'>piis</span> <span class='ocrx_word' id='word_1_385' title='bbox 1391 725 1527 762; x_wconf 79' lang='lat' dir='ltr'>precibus</span> <span class='ocrx_word' id='word_1_386' title='bbox 1555 724 1703 758; x_wconf 80' lang='lat' dir='ltr'>inclinati,</span> <span class='ocrx_word' id='word_1_387' title='bbox 1728 724 1849 753; x_wconf 82' lang='lat' dir='ltr'>Ordinis</span> <span class='ocrx_word' id='word_1_388' title='bbox 1870 724 1959 753; x_wconf 86' lang='lat' dir='ltr'>vestri</span> <span class='ocrx_word' id='word_1_389' title='bbox 1979 725 2032 753; x_wconf 87' lang='lat' dir='ltr'>Re-</span> 
     </span>
     <span class='ocr_line' id='line_1_63' title="bbox 1182 771 2032 811; baseline -0.002 -10"><span class='ocrx_word' id='word_1_390' title='bbox 1182 773 1285 811; x_wconf 63' lang='lat' dir='ltr'>putam</span> <span class='ocrx_word' id='word_1_391' title='bbox 1307 782 1326 801; x_wconf 85' lang='lat' dir='ltr'>a</span> <span class='ocrx_word' id='word_1_392' title='bbox 1348 772 1438 801; x_wconf 85' lang='lat' dir='ltr'>bonae</span> <span class='ocrx_word' id='word_1_393' title='bbox 1458 771 1616 800; x_wconf 80' lang='lat' dir='ltr'>memoriae</span> <span class='ocrx_word' id='word_1_394' title='bbox 1637 771 1802 799; x_wconf 81' lang='lat' dir='ltr'>Innocentio</span> <span class='ocrx_word' id='word_1_395' title='bbox 1825 771 1925 808; x_wconf 82' lang='lat' dir='ltr'>Papa,</span> <span class='ocrx_word' id='word_1_396' title='bbox 1945 779 2032 808; x_wconf 77' lang='lat' dir='ltr'>prae-</span> 
     </span>
     <span class='ocr_line' id='line_1_64' title="bbox 1183 818 2033 855; baseline -0.004 -6"><span class='ocrx_word' id='word_1_397' title='bbox 1183 821 1328 849; x_wconf 75' lang='lat' dir='ltr'>decessore</span> <span class='ocrx_word' id='word_1_398' title='bbox 1349 823 1448 847; x_wconf 87' lang='lat' dir='ltr'>nostro</span> <span class='ocrx_word' id='word_1_399' title='bbox 1470 818 1684 855; x_wconf 77' lang='lat' dir='ltr'>approbatam,</span> <span class='ocrx_word' id='word_1_400' title='bbox 1707 822 1881 846; x_wconf 82' lang='lat' dir='ltr'>annotatam</span> <span class='ocrx_word' id='word_1_401' title='bbox 1896 826 2033 855; x_wconf 84' lang='lat' dir='ltr'>praesen-</span> 
     </span>
     <span class='ocr_line' id='line_1_65' title="bbox 1185 865 2035 902; baseline -0.004 -6"><span class='ocrx_word' id='word_1_402' title='bbox 1185 867 1275 901; x_wconf 84' lang='lat' dir='ltr'>tibus,</span> <span class='ocrx_word' id='word_1_403' title='bbox 1297 866 1472 895; x_wconf 83' lang='lat' dir='ltr'>auctoritate</span> <span class='ocrx_word' id='word_1_404' title='bbox 1492 865 1572 894; x_wconf 78' lang='lat' dir='ltr'>vobis</span> <span class='ocrx_word' id='word_1_405' title='bbox 1594 865 1753 902; x_wconf 79' lang='lat' dir='ltr'>apostolica</span> <span class='ocrx_word' id='word_1_406' title='bbox 1778 865 1990 902; x_wconf 77' lang='lat' dir='ltr'>confirmamus</span> <span class='ocrx_word' id='word_1_407' title='bbox 2010 868 2035 894; x_wconf 86' lang='lat' dir='ltr'>et</span> 
     </span>
     <span class='ocr_line' id='line_1_66' title="bbox 1181 912 2033 951; baseline -0.002 -9"><span class='ocrx_word' id='word_1_408' title='bbox 1181 913 1345 951; x_wconf 81' lang='lat' dir='ltr'>praesentis</span> <span class='ocrx_word' id='word_1_409' title='bbox 1359 912 1464 949; x_wconf 79' lang='lat' dir='ltr'>scripti</span> <span class='ocrx_word' id='word_1_410' title='bbox 1475 912 1642 949; x_wconf 80' lang='lat' dir='ltr'>patrocinio</span> <span class='ocrx_word' id='word_1_411' title='bbox 1659 912 1885 945; x_wconf 85' lang='lat' dir='ltr'>communimus,</span> <span class='ocrx_word' id='word_1_412' title='bbox 1901 920 1975 950; x_wconf 85' lang='lat' dir='ltr'>quae</span> <span class='ocrx_word' id='word_1_413' title='bbox 1990 914 2033 940; x_wconf 87' lang='lat' dir='ltr'>ta-</span> 
     </span>
     <span class='ocr_line' id='line_1_67' title="bbox 1185 957 2033 996; baseline -0.001 -7"><span class='ocrx_word' id='word_1_414' title='bbox 1185 961 1220 989; x_wconf 82' lang='lat' dir='ltr'>tis</span> <span class='ocrx_word' id='word_1_415' title='bbox 1235 964 1283 989; x_wconf 91' lang='lat' dir='ltr'>est.</span> <span class='ocrx_word' id='word_1_416' title='bbox 1299 977 1338 980; x_wconf 87' lang='lat'>—-</span> <span class='ocrx_word' id='word_1_417' title='bbox 1352 960 1421 988; x_wconf 85' lang='lat' dir='ltr'>Cum</span> <span class='ocrx_word' id='word_1_418' title='bbox 1436 959 1542 988; x_wconf 89' lang='lat' dir='ltr'>ratione</span> <span class='ocrx_word' id='word_1_419' title='bbox 1560 959 1679 996; x_wconf 79' lang='lat' dir='ltr'>pietatis</span> <span class='ocrx_word' id='word_1_420' title='bbox 1693 962 1720 987; x_wconf 93' lang='lat' dir='ltr'>et</span> <span class='ocrx_word' id='word_1_421' title='bbox 1741 957 1897 987; x_wconf 77' lang='lat' dir='ltr'>honestatis</span> <span class='ocrx_word' id='word_1_422' title='bbox 1918 958 1990 987; x_wconf 89' lang='lat' dir='ltr'>dicat</span> <span class='ocrx_word' id='word_1_423' title='bbox 2004 966 2033 988; x_wconf 87' lang='lat' dir='ltr'>se</span> 
     </span>
     <span class='ocr_line' id='line_1_68' title="bbox 1185 1005 2035 1043; baseline -0.002 -7"><span class='ocrx_word' id='word_1_424' title='bbox 1185 1008 1315 1036; x_wconf 86' lang='lat' dir='ltr'>Summus</span> <span class='ocrx_word' id='word_1_425' title='bbox 1336 1006 1461 1035; x_wconf 82' lang='lat' dir='ltr'>Pontifex</span> <span class='ocrx_word' id='word_1_426' title='bbox 1484 1006 1555 1035; x_wconf 89' lang='lat' dir='ltr'>hanc</span> <span class='ocrx_word' id='word_1_427' title='bbox 1579 1006 1710 1043; x_wconf 84' lang='lat' dir='ltr'>Regulam</span> <span class='ocrx_word' id='word_1_428' title='bbox 1733 1006 1923 1040; x_wconf 85' lang='lat' dir='ltr'>confirmasse,</span> <span class='ocrx_word' id='word_1_429' title='bbox 1948 1005 2035 1043; x_wconf 80' lang='lat' dir='ltr'>impii</span> 
     </span>
     <span class='ocr_line' id='line_1_69' title="bbox 1185 1052 2033 1091; baseline -0.002 -8"><span class='ocrx_word' id='word_1_430' title='bbox 1185 1057 1265 1088; x_wconf 86' lang='lat' dir='ltr'>sunt,</span> <span class='ocrx_word' id='word_1_431' title='bbox 1287 1054 1334 1091; x_wconf 91' lang='lat' dir='ltr'>qui</span> <span class='ocrx_word' id='word_1_432' title='bbox 1360 1062 1376 1082; x_wconf 91' lang='lat' dir='ltr'>a</span> <span class='ocrx_word' id='word_1_433' title='bbox 1403 1054 1471 1082; x_wconf 87' lang='lat' dir='ltr'>Sede</span> <span class='ocrx_word' id='word_1_434' title='bbox 1492 1053 1641 1090; x_wconf 85' lang='lat' dir='ltr'>apostolica</span> <span class='ocrx_word' id='word_1_435' title='bbox 1668 1052 1873 1087; x_wconf 85' lang='lat' dir='ltr'>discordantes,</span> <span class='ocrx_word' id='word_1_436' title='bbox 1902 1053 2033 1090; x_wconf 85' lang='lat' dir='ltr'>Regulam</span> 
     </span>
     <span class='ocr_line' id='line_1_70' title="bbox 1184 1095 2034 1138; baseline -0.001 -8"><span class='ocrx_word' id='word_1_437' title='bbox 1184 1102 1264 1130; x_wconf 82' lang='lat' dir='ltr'>istam</span> <span class='ocrx_word' id='word_1_438' title='bbox 1286 1101 1379 1130; x_wconf 89' lang='lat' dir='ltr'>dicant</span> <span class='ocrx_word' id='word_1_439' title='bbox 1399 1101 1504 1130; x_wconf 86' lang='lat' dir='ltr'>servari</span> <span class='ocrx_word' id='word_1_440' title='bbox 1533 1109 1587 1129; x_wconf 92' lang='lat' dir='ltr'>non</span> <span class='ocrx_word' id='word_1_441' title='bbox 1609 1108 1705 1138; x_wconf 87' lang='lat' dir='ltr'>posse,</span> <span class='ocrx_word' id='word_1_442' title='bbox 1727 1104 1754 1129; x_wconf 89' lang='lat' dir='ltr'>et</span> <span class='ocrx_word' id='word_1_443' title='bbox 1782 1108 1831 1137; x_wconf 89' lang='lat' dir='ltr'>per</span> <span class='ocrx_word' id='word_1_444' title='bbox 1862 1095 2034 1137; x_wconf 88' lang='lat' dir='ltr'>consequens</span> 
     </span>
     <span class='ocr_line' id='line_1_71' title="bbox 1185 1147 2036 1185; baseline -0.001 -8"><span class='ocrx_word' id='word_1_445' title='bbox 1185 1149 1289 1185; x_wconf 90' lang='lat' dir='ltr'>aliquid</span> <span class='ocrx_word' id='word_1_446' title='bbox 1311 1149 1426 1185; x_wconf 89' lang='lat' dir='ltr'>impium</span> <span class='ocrx_word' id='word_1_447' title='bbox 1449 1149 1599 1177; x_wconf 88' lang='lat' dir='ltr'>continere.</span> <span class='ocrx_word' id='word_1_448' title='bbox 1622 1148 1700 1177; x_wconf 90' lang='lat' dir='ltr'>Tales</span> <span class='ocrx_word' id='word_1_449' title='bbox 1722 1148 1795 1176; x_wconf 88' lang='lat' dir='ltr'>enim</span> <span class='ocrx_word' id='word_1_450' title='bbox 1817 1147 1948 1176; x_wconf 85' lang='lat' dir='ltr'>haeretici</span> <span class='ocrx_word' id='word_1_451' title='bbox 1970 1150 2036 1176; x_wconf 89' lang='lat' dir='ltr'>sunt</span> 
     </span>
     <span class='ocr_line' id='line_1_72' title="bbox 1186 1193 2035 1232; baseline -0.002 -8"><span class='ocrx_word' id='word_1_452' title='bbox 1186 1198 1213 1224; x_wconf 90' lang='lat' dir='ltr'>et</span> <span class='ocrx_word' id='word_1_453' title='bbox 1234 1195 1413 1229; x_wconf 87' lang='lat' dir='ltr'>schismatici,</span> <span class='ocrx_word' id='word_1_454' title='bbox 1429 1198 1461 1224; x_wconf 89' lang='lat' dir='ltr'>ut</span> <span class='ocrx_word' id='word_1_455' title='bbox 1475 1198 1550 1232; x_wconf 84' lang='lat' dir='ltr'>patet</span> <span class='ocrx_word' id='word_1_456' title='bbox 1565 1195 1697 1232; x_wconf 82' lang='lat' dir='ltr'>vigesima</span> <span class='ocrx_word' id='word_1_457' title='bbox 1712 1194 1833 1223; x_wconf 87' lang='lat' dir='ltr'>secunda</span> <span class='ocrx_word' id='word_1_458' title='bbox 1847 1193 2035 1228; x_wconf 88' lang='lat' dir='ltr'>distinctione,</span> 
     </span>
     <span class='ocr_line' id='line_1_73' title="bbox 1186 1240 2036 1278; baseline -0.001 -8"><span class='ocrx_word' id='word_1_459' title='bbox 1186 1250 1290 1271; x_wconf 89' lang='lat' dir='ltr'>canone</span> <span class='ocrx_word' id='word_1_460' title='bbox 1303 1243 1338 1269; x_wconf 90' lang='lat'>¹¹:</span> <span class='ocrx_word' id='word_1_461' title='bbox 1357 1242 1461 1270; x_wconf 82' lang='lat' dir='ltr'>Omnes</span> <span class='ocrx_word' id='word_1_462' title='bbox 1475 1242 1534 1270; x_wconf 80' lang='lat' dir='ltr'>sive</span> <span class='ocrx_word' id='word_1_463' title='bbox 1546 1240 1746 1278; x_wconf 76' lang='lat' dir='ltr'>patriarchici</span> <span class='ocrx_word' id='word_1_464' title='bbox 1749 1252 1759 1275; x_wconf 91' lang='lat'><em>;</em></span> <span class='ocrx_word' id='word_1_465' title='bbox 1774 1241 1849 1275; x_wconf 85' lang='lat' dir='ltr'>item,</span> <span class='ocrx_word' id='word_1_466' title='bbox 1865 1241 2036 1270; x_wconf 89' lang='lat' dir='ltr'>Deuterono-</span> 
     </span>
     <span class='ocr_line' id='line_1_74' title="bbox 1185 1288 2036 1326; baseline -0.001 -9"><span class='ocrx_word' id='word_1_467' title='bbox 1185 1289 1233 1317; x_wconf 87' lang='lat' dir='ltr'>mii</span> <span class='ocrx_word' id='word_1_468' title='bbox 1247 1288 1354 1317; x_wconf 86' lang='lat' dir='ltr'>decimo</span> <span class='ocrx_word' id='word_1_469' title='bbox 1371 1289 1503 1325; x_wconf 90' lang='lat' dir='ltr'>septimo:</span> <span class='ocrx_word' id='word_1_470' title='bbox 1526 1288 1660 1326; x_wconf 86' lang='lat' dir='ltr'>Sequeris</span> <span class='ocrx_word' id='word_1_471' title='bbox 1674 1288 1845 1316; x_wconf 83' lang='lat' dir='ltr'>sententiam</span> <span class='ocrx_word' id='word_1_472' title='bbox 1863 1296 1965 1316; x_wconf 85' lang='lat' dir='ltr'>eorum</span> <span class='ocrx_word' id='word_1_473' title='bbox 1985 1296 2036 1316; x_wconf 86' lang='lat' dir='ltr'>nee</span> 
     </span>
     <span class='ocr_line' id='line_1_75' title="bbox 1187 1335 2036 1371; baseline -0.001 -7"><span class='ocrx_word' id='word_1_474' title='bbox 1187 1335 1346 1364; x_wconf 82' lang='lat' dir='ltr'>declinabis</span> <span class='ocrx_word' id='word_1_475' title='bbox 1361 1336 1401 1364; x_wconf 87' lang='lat' dir='ltr'>ad</span> <span class='ocrx_word' id='word_1_476' title='bbox 1415 1335 1582 1369; x_wconf 75' lang='lat' dir='ltr'>deoeteram,</span> <span class='ocrx_word' id='word_1_477' title='bbox 1604 1335 1648 1363; x_wconf 85' lang='lat' dir='ltr'>vet</span> <span class='ocrx_word' id='word_1_478' title='bbox 1668 1335 1708 1363; x_wconf 85' lang='lat' dir='ltr'>ad</span> <span class='ocrx_word' id='word_1_479' title='bbox 1728 1335 1892 1363; x_wconf 79' lang='lat' dir='ltr'>sinistram.</span> <span class='ocrx_word' id='word_1_480' title='bbox 1910 1335 1968 1371; x_wconf 82' lang='lat' dir='ltr'>Qui</span> <span class='ocrx_word' id='word_1_481' title='bbox 1981 1343 2036 1363; x_wconf 86' lang='lat' dir='ltr'>au-</span> 
     </span>
     <span class='ocr_line' id='line_1_76' title="bbox 1188 1381 2035 1419; baseline 0 -9"><span class='ocrx_word' id='word_1_482' title='bbox 1188 1386 1242 1411; x_wconf 91' lang='lat' dir='ltr'>tem</span> <span class='ocrx_word' id='word_1_483' title='bbox 1263 1382 1438 1419; x_wconf 83' lang='lat' dir='ltr'>superbierit</span> <span class='ocrx_word' id='word_1_484' title='bbox 1445 1405 1454 1416; x_wconf 93' lang='lat'>,</span> <span class='ocrx_word' id='word_1_485' title='bbox 1476 1382 1575 1410; x_wconf 80' lang='lat' dir='ltr'>nolens</span> <span class='ocrx_word' id='word_1_486' title='bbox 1600 1381 1714 1410; x_wconf 87' lang='lat' dir='ltr'>obedire</span> <span class='ocrx_word' id='word_1_487' title='bbox 1731 1381 1892 1410; x_wconf 83' lang='lat' dir='ltr'>sacerdotis</span> <span class='ocrx_word' id='word_1_488' title='bbox 1912 1381 2035 1419; x_wconf 80' lang='lat' dir='ltr'>imperio</span> 
     </span>
     <span class='ocr_line' id='line_1_77' title="bbox 1186 1428 2037 1465; baseline 0 -8"><span class='ocrx_word' id='word_1_489' title='bbox 1186 1432 1212 1458; x_wconf 89' lang='lat' dir='ltr'>et</span> <span class='ocrx_word' id='word_1_490' title='bbox 1231 1430 1342 1458; x_wconf 86' lang='lat' dir='ltr'>decreto</span> <span class='ocrx_word' id='word_1_491' title='bbox 1364 1429 1484 1463; x_wconf 85' lang='lat' dir='ltr'>iudicis,</span> <span class='ocrx_word' id='word_1_492' title='bbox 1506 1429 1650 1458; x_wconf 86' lang='lat' dir='ltr'>morietur</span> <span class='ocrx_word' id='word_1_493' title='bbox 1665 1428 1749 1457; x_wconf 72' lang='lat' dir='ltr'>homo</span> <span class='ocrx_word' id='word_1_494' title='bbox 1771 1429 1824 1457; x_wconf 84' lang='lat' dir='ltr'>ille.</span> <span class='ocrx_word' id='word_1_495' title='bbox 1840 1446 1879 1449; x_wconf 92' lang='lat'>—</span> <span class='ocrx_word' id='word_1_496' title='bbox 1894 1429 1935 1457; x_wconf 79' lang='lat' dir='ltr'>Ex</span> <span class='ocrx_word' id='word_1_497' title='bbox 1955 1436 2037 1465; x_wconf 87' lang='lat' dir='ltr'>prae-</span> 
     </span>
     <span class='ocr_line' id='line_1_78' title="bbox 1186 1476 2036 1513; baseline -0.001 -8"><span class='ocrx_word' id='word_1_498' title='bbox 1186 1476 1266 1505; x_wconf 88' lang='lat' dir='ltr'>dictis</span> <span class='ocrx_word' id='word_1_499' title='bbox 1287 1476 1369 1505; x_wconf 86' lang='lat' dir='ltr'>etiam</span> <span class='ocrx_word' id='word_1_500' title='bbox 1387 1476 1480 1505; x_wconf 86' lang='lat' dir='ltr'>verbis</span> <span class='ocrx_word' id='word_1_501' title='bbox 1501 1479 1589 1513; x_wconf 86' lang='lat' dir='ltr'>patet,</span> <span class='ocrx_word' id='word_1_502' title='bbox 1611 1476 1685 1513; x_wconf 88' lang='lat' dir='ltr'>quod</span> <span class='ocrx_word' id='word_1_503' title='bbox 1706 1478 1763 1504; x_wconf 82' lang='lat' dir='ltr'>tota</span> <span class='ocrx_word' id='word_1_504' title='bbox 1784 1476 1887 1513; x_wconf 84' lang='lat' dir='ltr'>Regula</span> <span class='ocrx_word' id='word_1_505' title='bbox 1907 1476 2036 1504; x_wconf 85' lang='lat' dir='ltr'>Fratrum</span> 
     </span>
     <span class='ocr_line' id='line_1_79' title="bbox 1186 1523 2037 1560; baseline 0.001 -9"><span class='ocrx_word' id='word_1_506' title='bbox 1186 1523 1324 1552; x_wconf 84' lang='lat' dir='ltr'>Minorum</span> <span class='ocrx_word' id='word_1_507' title='bbox 1346 1527 1387 1552; x_wconf 87' lang='lat' dir='ltr'>est</span> <span class='ocrx_word' id='word_1_508' title='bbox 1410 1523 1570 1552; x_wconf 84' lang='lat' dir='ltr'>mandatum</span> <span class='ocrx_word' id='word_1_509' title='bbox 1591 1523 1791 1560; x_wconf 85' lang='lat' dir='ltr'>apostolicum,</span> <span class='ocrx_word' id='word_1_510' title='bbox 1816 1526 1843 1552; x_wconf 88' lang='lat' dir='ltr'>et</span> <span class='ocrx_word' id='word_1_511' title='bbox 1871 1531 1921 1560; x_wconf 87' lang='lat' dir='ltr'>per</span> <span class='ocrx_word' id='word_1_512' title='bbox 1942 1531 2037 1552; x_wconf 87' lang='lat' dir='ltr'>conse-</span> 
     </span>
     <span class='ocr_line' id='line_1_80' title="bbox 1187 1569 2036 1607; baseline 0 -9"><span class='ocrx_word' id='word_1_513' title='bbox 1187 1578 1275 1607; x_wconf 91' lang='lat' dir='ltr'>quens</span> <span class='ocrx_word' id='word_1_514' title='bbox 1297 1572 1385 1598; x_wconf 90' lang='lat' dir='ltr'>totum</span> <span class='ocrx_word' id='word_1_515' title='bbox 1407 1572 1448 1599; x_wconf 90' lang='lat' dir='ltr'>est</span> <span class='ocrx_word' id='word_1_516' title='bbox 1469 1570 1678 1604; x_wconf 87' lang='lat' dir='ltr'>authenticum,</span> <span class='ocrx_word' id='word_1_517' title='bbox 1701 1569 1837 1607; x_wconf 89' lang='lat' dir='ltr'>quidquid</span> <span class='ocrx_word' id='word_1_518' title='bbox 1857 1569 1885 1598; x_wconf 91' lang='lat' dir='ltr'>in</span> <span class='ocrx_word' id='word_1_519' title='bbox 1913 1570 1974 1599; x_wconf 90' lang='lat' dir='ltr'>eius</span> <span class='ocrx_word' id='word_1_520' title='bbox 1994 1577 2036 1598; x_wconf 89' lang='lat' dir='ltr'>se-</span> 
     </span>
     <span class='ocr_line' id='line_1_81' title="bbox 1187 1617 1794 1654; baseline -0.002 -8"><span class='ocrx_word' id='word_1_521' title='bbox 1187 1618 1227 1646; x_wconf 91' lang='lat' dir='ltr'>rie</span> <span class='ocrx_word' id='word_1_522' title='bbox 1249 1617 1415 1646; x_wconf 88' lang='lat' dir='ltr'>continetur.</span> <span class='ocrx_word' id='word_1_523' title='bbox 1438 1633 1476 1637; x_wconf 84' lang='lat'>-—</span> <span class='ocrx_word' id='word_1_524' title='bbox 1497 1617 1629 1654; x_wconf 89' lang='lat' dir='ltr'>Sequitur</span> <span class='ocrx_word' id='word_1_525' title='bbox 1654 1620 1750 1646; x_wconf 83' lang='lat' dir='ltr'>textus</span> <span class='ocrx_word' id='word_1_526' title='bbox 1762 1617 1794 1644; x_wconf 83' lang='lat'>¹2.</span> 
     </span>
    </p>
   </div>
   <div class='ocr_carea' id='block_1_11' title="bbox 1208 1692 2015 1721">
    <p class='ocr_par' dir='ltr' id='par_1_15' title="bbox 1208 1692 2015 1721">
     <span class='ocr_line' id='line_1_82' title="bbox 1208 1692 2015 1721; baseline 0 -1"><span class='ocrx_word' id='word_1_527' title='bbox 1208 1693 1237 1720; x_wconf 82' lang='lat' dir='ltr'>IN</span> <span class='ocrx_word' id='word_1_528' title='bbox 1259 1700 1366 1721; x_wconf 67' lang='lat' dir='ltr'>nonnus</span> <span class='ocrx_word' id='word_1_529' title='bbox 1387 1692 1490 1721; x_wconf 67' lang='lat' dir='ltr'>Donum</span> <span class='ocrx_word' id='word_1_530' title='bbox 1511 1700 1611 1720; x_wconf 76' lang='lat' dir='ltr'>meirir</span> <span class='ocrx_word' id='word_1_531' title='bbox 1631 1692 1701 1720; x_wconf 79' lang='lat' dir='ltr'>Ver</span> <span class='ocrx_word' id='word_1_532' title='bbox 1722 1692 1854 1721; x_wconf 77' lang='lat' dir='ltr'>Mmonum</span> <span class='ocrx_word' id='word_1_533' title='bbox 1875 1692 2015 1721; x_wconf 75' lang='lat' dir='ltr'>FRATRUM.</span> 
     </span>
    </p>
   </div>
   <div class='ocr_carea' id='block_1_12' title="bbox 1484 1771 1743 1803">
    <p class='ocr_par' dir='ltr' id='par_1_16' title="bbox 1484 1771 1743 1803">
     <span class='ocr_line' id='line_1_83' title="bbox 1484 1771 1743 1803; baseline -0.004 -7"><span class='ocrx_word' id='word_1_534' title='bbox 1484 1771 1690 1803; x_wconf 80' lang='lat' dir='ltr'>(OAPITULUM</span> <span class='ocrx_word' id='word_1_535' title='bbox 1709 1771 1743 1803; x_wconf 90' lang='lat'>1.)</span> 
     </span>
    </p>
   </div>
   <div class='ocr_carea' id='block_1_13' title="bbox 1186 1837 2037 2122">
    <p class='ocr_par' dir='ltr' id='par_1_17' title="bbox 1186 1837 2037 2122">
     <span class='ocr_line' id='line_1_84' title="bbox 1257 1837 2036 1869; baseline -0.001 -7"><span class='ocrx_word' id='word_1_536' title='bbox 1257 1838 1354 1869; x_wconf 79' lang='lat' dir='ltr'>Regula</span> <span class='ocrx_word' id='word_1_537' title='bbox 1373 1838 1399 1862; x_wconf 86' lang='lat' dir='ltr'>et</span> <span class='ocrx_word' id='word_1_538' title='bbox 1423 1837 1476 1862; x_wconf 86' lang='lat' dir='ltr'>vita</span> <span class='ocrx_word' id='word_1_539' title='bbox 1494 1837 1620 1863; x_wconf 87' lang='lat' dir='ltr'>Minorum</span> <span class='ocrx_word' id='word_1_540' title='bbox 1642 1837 1762 1862; x_wconf 85' lang='lat' dir='ltr'>Fratrum</span> <span class='ocrx_word' id='word_1_541' title='bbox 1786 1837 1847 1862; x_wconf 87' lang='lat' dir='ltr'>haec</span> <span class='ocrx_word' id='word_1_542' title='bbox 1872 1837 1924 1867; x_wconf 87' lang='lat' dir='ltr'>est,</span> <span class='ocrx_word' id='word_1_543' title='bbox 1944 1837 2036 1863; x_wconf 85' lang='lat' dir='ltr'>scilicet</span> 
     </span>
     <span class='ocr_line' id='line_1_85' title="bbox 1187 1880 2035 1912; baseline 0 -7"><span class='ocrx_word' id='word_1_544' title='bbox 1187 1880 1286 1906; x_wconf 88' lang='lat' dir='ltr'>Domini</span> <span class='ocrx_word' id='word_1_545' title='bbox 1298 1880 1379 1906; x_wconf 89' lang='lat' dir='ltr'>nostri</span> <span class='ocrx_word' id='word_1_546' title='bbox 1398 1880 1457 1905; x_wconf 90' lang='lat' dir='ltr'>Iesn</span> <span class='ocrx_word' id='word_1_547' title='bbox 1471 1880 1565 1905; x_wconf 84' lang='lat' dir='ltr'>Christi</span> <span class='ocrx_word' id='word_1_548' title='bbox 1584 1880 1698 1906; x_wconf 87' lang='lat' dir='ltr'>sanctum</span> <span class='ocrx_word' id='word_1_549' title='bbox 1711 1880 1876 1912; x_wconf 84' lang='lat' dir='ltr'>Evangelium</span> <span class='ocrx_word' id='word_1_550' title='bbox 1892 1880 2035 1911; x_wconf 86' lang='lat' dir='ltr'>observare,</span> 
     </span>
     <span class='ocr_line' id='line_1_86' title="bbox 1186 1923 2036 1955; baseline -0.001 -6"><span class='ocrx_word' id='word_1_551' title='bbox 1186 1924 1291 1949; x_wconf 87' lang='lat' dir='ltr'>vivendo</span> <span class='ocrx_word' id='word_1_552' title='bbox 1310 1925 1336 1949; x_wconf 80' lang='lat' dir='ltr'>in</span> <span class='ocrx_word' id='word_1_553' title='bbox 1355 1924 1505 1953; x_wconf 78' lang='lat' dir='ltr'>obedientia,</span> <span class='ocrx_word' id='word_1_554' title='bbox 1523 1924 1576 1949; x_wconf 87' lang='lat' dir='ltr'>sine</span> <span class='ocrx_word' id='word_1_555' title='bbox 1595 1924 1696 1955; x_wconf 86' lang='lat' dir='ltr'>proprio</span> <span class='ocrx_word' id='word_1_556' title='bbox 1715 1923 1740 1949; x_wconf 89' lang='lat' dir='ltr'>et</span> <span class='ocrx_word' id='word_1_557' title='bbox 1758 1924 1785 1948; x_wconf 89' lang='lat' dir='ltr'>in</span> <span class='ocrx_word' id='word_1_558' title='bbox 1803 1923 1929 1949; x_wconf 87' lang='lat' dir='ltr'>castitate.</span> <span class='ocrx_word' id='word_1_559' title='bbox 1946 1923 2036 1948; x_wconf 84' lang='lat' dir='ltr'>Frater</span> 
     </span>
     <span class='ocr_line' id='line_1_87' title="bbox 1186 1966 2035 1999; baseline 0 -7"><span class='ocrx_word' id='word_1_560' title='bbox 1186 1967 1335 1992; x_wconf 87' lang='lat' dir='ltr'>Frauciscus</span> <span class='ocrx_word' id='word_1_561' title='bbox 1360 1966 1487 1999; x_wconf 86' lang='lat' dir='ltr'>promittit</span> <span class='ocrx_word' id='word_1_562' title='bbox 1511 1967 1675 1992; x_wconf 77' lang='lat' dir='ltr'>obedientiam</span> <span class='ocrx_word' id='word_1_563' title='bbox 1698 1967 1724 1992; x_wconf 84' lang='lat' dir='ltr'>et</span> <span class='ocrx_word' id='word_1_564' title='bbox 1748 1967 1914 1992; x_wconf 87' lang='lat' dir='ltr'>reverentiam</span> <span class='ocrx_word' id='word_1_565' title='bbox 1938 1967 2035 1992; x_wconf 82' lang='lat' dir='ltr'>domino</span> 
     </span>
     <span class='ocr_line' id='line_1_88' title="bbox 1186 2010 2037 2042; baseline -0.001 -7"><span class='ocrx_word' id='word_1_566' title='bbox 1186 2010 1271 2042; x_wconf 82' lang='lat' dir='ltr'>Papae</span> <span class='ocrx_word' id='word_1_567' title='bbox 1293 2010 1403 2035; x_wconf 87' lang='lat' dir='ltr'>Honorio</span> <span class='ocrx_word' id='word_1_568' title='bbox 1421 2018 1450 2035; x_wconf 87' lang='lat' dir='ltr'>ac</span> <span class='ocrx_word' id='word_1_569' title='bbox 1471 2010 1653 2035; x_wconf 85' lang='lat' dir='ltr'>successoribus</span> <span class='ocrx_word' id='word_1_570' title='bbox 1672 2011 1724 2035; x_wconf 88' lang='lat' dir='ltr'>eius</span> <span class='ocrx_word' id='word_1_571' title='bbox 1749 2011 1865 2036; x_wconf 86' lang='lat' dir='ltr'>canonice</span> <span class='ocrx_word' id='word_1_572' title='bbox 1882 2010 2037 2035; x_wconf 76' lang='lat' dir='ltr'>intrantibus</span> 
     </span>
     <span class='ocr_line' id='line_1_89' title="bbox 1187 2053 2036 2083; baseline 0 -5"><span class='ocrx_word' id='word_1_573' title='bbox 1187 2053 1212 2078; x_wconf 87' lang='lat' dir='ltr'>et</span> <span class='ocrx_word' id='word_1_574' title='bbox 1224 2053 1348 2078; x_wconf 83' lang='lat' dir='ltr'>Ecclesiae</span> <span class='ocrx_word' id='word_1_575' title='bbox 1361 2053 1498 2083; x_wconf 79' lang='lat' dir='ltr'>Romanae3</span> <span class='ocrx_word' id='word_1_576' title='bbox 1510 2053 1536 2078; x_wconf 82' lang='lat' dir='ltr'>et</span> <span class='ocrx_word' id='word_1_577' title='bbox 1548 2053 1591 2078; x_wconf 85' lang='lat' dir='ltr'>alii</span> <span class='ocrx_word' id='word_1_578' title='bbox 1603 2053 1707 2078; x_wconf 77' lang='lat' dir='ltr'>Fratres</span> <span class='ocrx_word' id='word_1_579' title='bbox 1719 2053 1853 2078; x_wconf 85' lang='lat' dir='ltr'>teneantur</span> <span class='ocrx_word' id='word_1_580' title='bbox 1864 2053 1950 2078; x_wconf 86' lang='lat' dir='ltr'>Fratri</span> <span class='ocrx_word' id='word_1_581' title='bbox 1959 2053 2036 2078; x_wconf 86' lang='lat' dir='ltr'>Fran-</span> 
     </span>
     <span class='ocr_line' id='line_1_90' title="bbox 1186 2096 1690 2122; baseline -0.002 -1"><span class='ocrx_word' id='word_1_582' title='bbox 1186 2097 1249 2122; x_wconf 88' lang='lat' dir='ltr'>cisco</span> <span class='ocrx_word' id='word_1_583' title='bbox 1268 2096 1294 2121; x_wconf 87' lang='lat' dir='ltr'>et</span> <span class='ocrx_word' id='word_1_584' title='bbox 1312 2097 1365 2121; x_wconf 86' lang='lat' dir='ltr'>eius</span> <span class='ocrx_word' id='word_1_585' title='bbox 1384 2096 1567 2121; x_wconf 85' lang='lat' dir='ltr'>successoribus</span> <span class='ocrx_word' id='word_1_586' title='bbox 1585 2096 1690 2121; x_wconf 79' lang='lat' dir='ltr'>obedire.</span> 
     </span>
    </p>
   </div>
   <div class='ocr_carea' id='block_1_14' title="bbox 902 2184 1416 2187">
    <p class='ocr_par' dir='ltr' id='par_1_18' title="bbox 902 2184 1416 2187">
     <span class='ocr_line' id='line_1_91' title="bbox 902 2184 1416 2187; baseline 0 0"><span class='ocrx_word' id='word_1_587' title='bbox 902 2184 1416 2187; x_wconf 95' lang='lat' dir='ltr'> </span> 
     </span>
    </p>
   </div>
   <div class='ocr_carea' id='block_1_15' title="bbox 278 2248 1129 2904">
    <p class='ocr_par' dir='ltr' id='par_1_19' title="bbox 280 2248 1129 2467">
     <span class='ocr_line' id='line_1_92' title="bbox 346 2248 1129 2272; baseline 0.001 -1"><span class='ocrx_word' id='word_1_588' title='bbox 346 2248 354 2261; x_wconf 93' lang='lat'>¹</span> <span class='ocrx_word' id='word_1_589' title='bbox 373 2249 439 2271; x_wconf 87' lang='lat' dir='ltr'>Vers.</span> <span class='ocrx_word' id='word_1_590' title='bbox 461 2250 495 2271; x_wconf 90' lang='grc'>18.</span> <span class='ocrx_word' id='word_1_591' title='bbox 513 2262 542 2265; x_wconf 85' lang='lat'>—</span> <span class='ocrx_word' id='word_1_592' title='bbox 560 2249 676 2271; x_wconf 83' lang='lat' dir='ltr'>Sententia</span> <span class='ocrx_word' id='word_1_593' title='bbox 694 2249 783 2272; x_wconf 83' lang='lat' dir='ltr'>Rabani</span> <span class='ocrx_word' id='word_1_594' title='bbox 801 2249 899 2272; x_wconf 86' lang='lat' dir='ltr'>habetur</span> <span class='ocrx_word' id='word_1_595' title='bbox 916 2250 944 2272; x_wconf 98' lang='lat' dir='ltr'>V.</span> <span class='ocrx_word' id='word_1_596' title='bbox 961 2249 1089 2272; x_wconf 87' lang='lat' dir='ltr'>Comment.</span> <span class='ocrx_word' id='word_1_597' title='bbox 1107 2251 1129 2272; x_wconf 91' lang='lat' dir='ltr'>in</span> 
     </span>
     <span class='ocr_line' id='line_1_93' title="bbox 281 2288 1129 2315; baseline 0.001 -5"><span class='ocrx_word' id='word_1_598' title='bbox 281 2288 357 2310; x_wconf 87' lang='lat' dir='ltr'>Matth.</span> <span class='ocrx_word' id='word_1_599' title='bbox 377 2288 417 2315; x_wconf 73' lang='lat' dir='ltr'>tc,</span> <span class='ocrx_word' id='word_1_600' title='bbox 444 2288 484 2315; x_wconf 63' lang='grc'>19,</span> <span class='ocrx_word' id='word_1_601' title='bbox 502 2288 543 2310; x_wconf 88' lang='lat' dir='ltr'>ubi</span> <span class='ocrx_word' id='word_1_602' title='bbox 567 2288 636 2311; x_wconf 87' lang='lat' dir='ltr'>etiam</span> <span class='ocrx_word' id='word_1_603' title='bbox 663 2288 784 2311; x_wconf 79' lang='lat' dir='ltr'>exhibetur</span> <span class='ocrx_word' id='word_1_604' title='bbox 801 2295 813 2311; x_wconf 84' lang='lat' dir='ltr'>a</span> <span class='ocrx_word' id='word_1_605' title='bbox 838 2289 917 2312; x_wconf 90' lang='lat' dir='ltr'>Glossa</span> <span class='ocrx_word' id='word_1_606' title='bbox 934 2288 1066 2312; x_wconf 77' lang='lat' dir='ltr'>ordinaria.</span> <span class='ocrx_word' id='word_1_607' title='bbox 1086 2290 1129 2311; x_wconf 85' lang='lat' dir='ltr'>Pro</span> 
     </span>
     <span class='ocr_line' id='line_1_94' title="bbox 280 2326 1129 2355; baseline 0.002 -6"><span class='ocrx_word' id='word_1_608' title='bbox 280 2326 389 2350; x_wconf 82' lang='lat' dir='ltr'>societate</span> <span class='ocrx_word' id='word_1_609' title='bbox 405 2326 470 2350; x_wconf 82' lang='lat' dir='ltr'>illius</span> <span class='ocrx_word' id='word_1_610' title='bbox 488 2327 504 2350; x_wconf 95' lang='lat' dir='ltr'>C</span> <span class='ocrx_word' id='word_1_611' title='bbox 522 2330 544 2349; x_wconf 84' lang='lat' dir='ltr'>et</span> <span class='ocrx_word' id='word_1_612' title='bbox 560 2327 597 2350; x_wconf 89' lang='lat' dir='ltr'>ed.</span> <span class='ocrx_word' id='word_1_613' title='bbox 616 2328 624 2349; x_wconf 76' lang='lat'>,1</span> <span class='ocrx_word' id='word_1_614' title='bbox 646 2333 700 2349; x_wconf 81' lang='lat' dir='ltr'>cuin</span> <span class='ocrx_word' id='word_1_615' title='bbox 723 2330 784 2350; x_wconf 84' lang='lat' dir='ltr'>textu</span> <span class='ocrx_word' id='word_1_616' title='bbox 802 2328 907 2355; x_wconf 79' lang='lat' dir='ltr'>originali</span> <span class='ocrx_word' id='word_1_617' title='bbox 924 2328 1041 2351; x_wconf 82' lang='lat' dir='ltr'>societatis</span> <span class='ocrx_word' id='word_1_618' title='bbox 1063 2328 1129 2351; x_wconf 81' lang='lat' dir='ltr'>illius</span> 
     </span>
     <span class='ocr_line' id='line_1_95' title="bbox 281 2366 1128 2395; baseline 0.001 -7"><span class='ocrx_word' id='word_1_619' title='bbox 281 2366 370 2395; x_wconf 84' lang='lat' dir='ltr'>(Glossa</span> <span class='ocrx_word' id='word_1_620' title='bbox 387 2366 496 2389; x_wconf 80' lang='lat' dir='ltr'>societate</span> <span class='ocrx_word' id='word_1_621' title='bbox 512 2366 580 2394; x_wconf 82' lang='lat' dir='ltr'>eius),</span> <span class='ocrx_word' id='word_1_622' title='bbox 601 2369 622 2388; x_wconf 88' lang='lat' dir='ltr'>et</span> <span class='ocrx_word' id='word_1_623' title='bbox 634 2372 677 2394; x_wconf 87' lang='lat' dir='ltr'>pro</span> <span class='ocrx_word' id='word_1_624' title='bbox 695 2366 787 2389; x_wconf 78' lang='lat' dir='ltr'>intrare</span> <span class='ocrx_word' id='word_1_625' title='bbox 799 2367 817 2389; x_wconf 92' lang='lat' dir='ltr'><strong>G</strong></span> <span class='ocrx_word' id='word_1_626' title='bbox 829 2370 851 2389; x_wconf 92' lang='lat' dir='ltr'>et</span> <span class='ocrx_word' id='word_1_627' title='bbox 863 2367 899 2389; x_wconf 89' lang='lat' dir='ltr'>ed.</span> <span class='ocrx_word' id='word_1_628' title='bbox 914 2367 921 2389; x_wconf 81' lang='lat' dir='ltr'>l</span> <span class='ocrx_word' id='word_1_629' title='bbox 944 2373 997 2390; x_wconf 89' lang='lat' dir='ltr'>cum</span> <span class='ocrx_word' id='word_1_630' title='bbox 1012 2370 1072 2389; x_wconf 75' lang='lat' dir='ltr'>textu</span> <span class='ocrx_word' id='word_1_631' title='bbox 1086 2367 1128 2390; x_wconf 89' lang='lat' dir='ltr'>ori·</span> 
     </span>
     <span class='ocr_line' id='line_1_96' title="bbox 281 2404 1123 2435; baseline 0.002 -8"><span class='ocrx_word' id='word_1_632' title='bbox 281 2405 351 2433; x_wconf 82' lang='lat' dir='ltr'>ginali</span> <span class='ocrx_word' id='word_1_633' title='bbox 368 2407 390 2427; x_wconf 87' lang='lat' dir='ltr'>et</span> <span class='ocrx_word' id='word_1_634' title='bbox 406 2405 485 2427; x_wconf 87' lang='lat' dir='ltr'>Glossa</span> <span class='ocrx_word' id='word_1_635' title='bbox 502 2404 603 2435; x_wconf 61' lang='lat' dir='ltr'>inm-edi.</span> <span class='ocrx_word' id='word_1_636' title='bbox 620 2418 651 2422; x_wconf 97' lang='lat'><strong>—</strong></span> <span class='ocrx_word' id='word_1_637' title='bbox 668 2405 773 2428; x_wconf 85' lang='lat' dir='ltr'>Vocibus</span> <span class='ocrx_word' id='word_1_638' title='bbox 790 2405 831 2428; x_wconf 77' lang='lat' dir='ltr'>ubi</span> <span class='ocrx_word' id='word_1_639' title='bbox 847 2405 960 2429; x_wconf 80' lang='lat' dir='ltr'>Rabanus</span> <span class='ocrx_word' id='word_1_640' title='bbox 979 2407 998 2429; x_wconf 91' lang='lat' dir='ltr'><strong>G</strong></span> <span class='ocrx_word' id='word_1_641' title='bbox 1021 2409 1043 2429; x_wconf 90' lang='lat' dir='ltr'>et</span> <span class='ocrx_word' id='word_1_642' title='bbox 1059 2407 1096 2429; x_wconf 89' lang='lat' dir='ltr'>ed.</span> <span class='ocrx_word' id='word_1_643' title='bbox 1115 2407 1123 2429; x_wconf 72' lang='lat'>4</span> 
     </span>
     <span class='ocr_line' id='line_1_97' title="bbox 280 2443 499 2467; baseline 0.005 -1"><span class='ocrx_word' id='word_1_644' title='bbox 280 2444 420 2466; x_wconf 87' lang='lat' dir='ltr'>interserunt</span> <span class='ocrx_word' id='word_1_645' title='bbox 436 2443 499 2467; x_wconf 75' lang='lat' dir='ltr'>dicit.</span> 
     </span>
    </p>

    <p class='ocr_par' dir='ltr' id='par_1_20' title="bbox 278 2482 1129 2590">
     <span class='ocr_line' id='line_1_98' title="bbox 342 2482 1129 2512; baseline 0.003 -7"><span class='ocrx_word' id='word_1_646' title='bbox 342 2482 351 2496; x_wconf 75' lang='lat'>2</span> <span class='ocrx_word' id='word_1_647' title='bbox 371 2484 434 2506; x_wconf 90' lang='lat' dir='ltr'>Vers.</span> <span class='ocrx_word' id='word_1_648' title='bbox 453 2483 491 2505; x_wconf 78' lang='lat'>32.</span> <span class='ocrx_word' id='word_1_649' title='bbox 504 2496 533 2499; x_wconf 83' lang='lat'>-</span> <span class='ocrx_word' id='word_1_650' title='bbox 547 2484 655 2512; x_wconf 84' lang='lat' dir='ltr'>Sequitur</span> <span class='ocrx_word' id='word_1_651' title='bbox 668 2484 723 2512; x_wconf 84' lang='lat' dir='ltr'>Sap.</span> <span class='ocrx_word' id='word_1_652' title='bbox 741 2484 780 2511; x_wconf 68' lang='lat' dir='ltr'>r18,</span> <span class='ocrx_word' id='word_1_653' title='bbox 799 2484 837 2506; x_wconf 81' lang='lat'>24.</span> <span class='ocrx_word' id='word_1_654' title='bbox 854 2484 914 2507; x_wconf 85' lang='lat' dir='ltr'>Vide</span> <span class='ocrx_word' id='word_1_655' title='bbox 926 2485 1013 2507; x_wconf 84' lang='lat' dir='ltr'>Bonav.</span> <span class='ocrx_word' id='word_1_656' title='bbox 1031 2485 1053 2506; x_wconf 88' lang='lat' dir='ltr'>in</span> <span class='ocrx_word' id='word_1_657' title='bbox 1069 2486 1129 2508; x_wconf 90' lang='lat' dir='ltr'>hunc</span> 
     </span>
     <span class='ocr_line' id='line_1_99' title="bbox 278 2522 1128 2553; baseline 0.004 -9"><span class='ocrx_word' id='word_1_658' title='bbox 278 2523 362 2545; x_wconf 87' lang='lat' dir='ltr'>locum.</span> <span class='ocrx_word' id='word_1_659' title='bbox 379 2535 411 2539; x_wconf 91' lang='lat'><strong>—</strong></span> <span class='ocrx_word' id='word_1_660' title='bbox 428 2523 523 2545; x_wconf 84' lang='lat' dir='ltr'>lnserius</span> <span class='ocrx_word' id='word_1_661' title='bbox 545 2529 587 2551; x_wconf 83' lang='lat' dir='ltr'>pro</span> <span class='ocrx_word' id='word_1_662' title='bbox 608 2522 715 2553; x_wconf 69' lang='lat' dir='ltr'>fiquram</span> <span class='ocrx_word' id='word_1_663' title='bbox 732 2523 751 2545; x_wconf 91' lang='lat' dir='ltr'><strong>D</strong></span> <span class='ocrx_word' id='word_1_664' title='bbox 762 2523 851 2553; x_wconf 75' lang='lat' dir='ltr'>fiqura,</span> <span class='ocrx_word' id='word_1_665' title='bbox 871 2526 892 2546; x_wconf 81' lang='lat' dir='ltr'>et</span> <span class='ocrx_word' id='word_1_666' title='bbox 910 2530 952 2552; x_wconf 88' lang='lat' dir='ltr'>pro</span> <span class='ocrx_word' id='word_1_667' title='bbox 969 2525 1067 2547; x_wconf 79' lang='lat' dir='ltr'>nutaret</span> <span class='ocrx_word' id='word_1_668' title='bbox 1086 2525 1128 2552; x_wconf 82' lang='lat' dir='ltr'>(ita</span> 
     </span>
     <span class='ocr_line' id='line_1_100' title="bbox 278 2560 866 2590; baseline 0.003 -7"><span class='ocrx_word' id='word_1_669' title='bbox 278 2560 359 2590; x_wconf 90' lang='lat' dir='ltr'>BCG)</span> <span class='ocrx_word' id='word_1_670' title='bbox 377 2561 414 2584; x_wconf 86' lang='lat' dir='ltr'>ed.</span> <span class='ocrx_word' id='word_1_671' title='bbox 433 2562 441 2583; x_wconf 77' lang='lat' dir='ltr'>‘l</span> <span class='ocrx_word' id='word_1_672' title='bbox 463 2563 608 2590; x_wconf 80' lang='lat' dir='ltr'>mutaretur,</span> <span class='ocrx_word' id='word_1_673' title='bbox 626 2562 677 2584; x_wconf 84' lang='lat' dir='ltr'>Vat.</span> <span class='ocrx_word' id='word_1_674' title='bbox 695 2561 737 2585; x_wconf 84' lang='lat' dir='ltr'>ubi</span> <span class='ocrx_word' id='word_1_675' title='bbox 752 2564 866 2585; x_wconf 84' lang='lat' dir='ltr'>maneret.</span> 
     </span>
    </p>

    <p class='ocr_par' dir='ltr' id='par_1_21' title="bbox 279 2599 1128 2824">
     <span class='ocr_line' id='line_1_101' title="bbox 341 2599 1128 2629; baseline 0.003 -7"><span class='ocrx_word' id='word_1_676' title='bbox 341 2599 350 2612; x_wconf 76' lang='lat'>³</span> <span class='ocrx_word' id='word_1_677' title='bbox 368 2600 433 2623; x_wconf 88' lang='lat' dir='ltr'>Vers.</span> <span class='ocrx_word' id='word_1_678' title='bbox 452 2600 474 2623; x_wconf 78' lang='lat'>8.</span> <span class='ocrx_word' id='word_1_679' title='bbox 491 2607 550 2629; x_wconf 88' lang='lat' dir='ltr'>seq.:</span> <span class='ocrx_word' id='word_1_680' title='bbox 570 2601 591 2622; x_wconf 85' lang='lat' dir='ltr'>Si</span> <span class='ocrx_word' id='word_1_681' title='bbox 604 2601 696 2623; x_wconf 85' lang='lat' dir='ltr'>difficile</span> <span class='ocrx_word' id='word_1_682' title='bbox 713 2604 734 2623; x_wconf 88' lang='lat' dir='ltr'>et</span> <span class='ocrx_word' id='word_1_683' title='bbox 747 2600 884 2629; x_wconf 79' lang='lat' dir='ltr'>ambiguum</span> <span class='ocrx_word' id='word_1_684' title='bbox 902 2602 966 2629; x_wconf 88' lang='lat' dir='ltr'>apud</span> <span class='ocrx_word' id='word_1_685' title='bbox 978 2604 1000 2624; x_wconf 89' lang='lat' dir='ltr'>te</span> <span class='ocrx_word' id='word_1_686' title='bbox 1016 2602 1128 2624; x_wconf 86' lang='lat' dir='ltr'>iudicium</span> 
     </span>
     <span class='ocr_line' id='line_1_102' title="bbox 280 2640 1127 2670; baseline 0.004 -9"><span class='ocrx_word' id='word_1_687' title='bbox 280 2645 331 2661; x_wconf 87' lang='lat' dir='ltr'>esse</span> <span class='ocrx_word' id='word_1_688' title='bbox 348 2640 518 2667; x_wconf 83' lang='lat' dir='ltr'>perspexeris...</span> <span class='ocrx_word' id='word_1_689' title='bbox 534 2646 604 2668; x_wconf 79' lang='lat' dir='ltr'>surge</span> <span class='ocrx_word' id='word_1_690' title='bbox 621 2642 644 2662; x_wconf 90' lang='lat' dir='ltr'>et</span> <span class='ocrx_word' id='word_1_691' title='bbox 661 2641 784 2663; x_wconf 81' lang='lat' dir='ltr'>ascende...</span> <span class='ocrx_word' id='word_1_692' title='bbox 801 2641 928 2670; x_wconf 82' lang='lat' dir='ltr'>veniesque</span> <span class='ocrx_word' id='word_1_693' title='bbox 949 2641 978 2664; x_wconf 90' lang='lat' dir='ltr'>ad</span> <span class='ocrx_word' id='word_1_694' title='bbox 995 2642 1127 2664; x_wconf 77' lang='lat' dir='ltr'>sacerdotes</span> 
     </span>
     <span class='ocr_line' id='line_1_103' title="bbox 279 2678 1127 2709; baseline 0.004 -9"><span class='ocrx_word' id='word_1_695' title='bbox 279 2678 363 2700; x_wconf 84' lang='lat' dir='ltr'>levitici</span> <span class='ocrx_word' id='word_1_696' title='bbox 381 2679 472 2706; x_wconf 77' lang='lat' dir='ltr'>generis</span> <span class='ocrx_word' id='word_1_697' title='bbox 488 2681 510 2701; x_wconf 91' lang='lat' dir='ltr'>et</span> <span class='ocrx_word' id='word_1_698' title='bbox 526 2679 556 2701; x_wconf 90' lang='lat' dir='ltr'>ad</span> <span class='ocrx_word' id='word_1_699' title='bbox 573 2679 686 2706; x_wconf 79' lang='lat' dir='ltr'>iudicem,</span> <span class='ocrx_word' id='word_1_700' title='bbox 700 2680 740 2708; x_wconf 89' lang='lat' dir='ltr'>qui</span> <span class='ocrx_word' id='word_1_701' title='bbox 753 2680 820 2702; x_wconf 86' lang='lat' dir='ltr'>suerit</span> <span class='ocrx_word' id='word_1_702' title='bbox 837 2680 874 2702; x_wconf 92' lang='lat' dir='ltr'>illo</span> <span class='ocrx_word' id='word_1_703' title='bbox 891 2683 1003 2709; x_wconf 84' lang='lat' dir='ltr'>tempore,</span> <span class='ocrx_word' id='word_1_704' title='bbox 1021 2686 1127 2709; x_wconf 87' lang='lat' dir='ltr'>quaeres-</span> 
     </span>
     <span class='ocr_line' id='line_1_104' title="bbox 279 2717 1126 2747; baseline 0.004 -8"><span class='ocrx_word' id='word_1_705' title='bbox 279 2723 325 2746; x_wconf 86' lang='lat' dir='ltr'>que</span> <span class='ocrx_word' id='word_1_706' title='bbox 348 2717 377 2739; x_wconf 87' lang='lat' dir='ltr'>ab</span> <span class='ocrx_word' id='word_1_707' title='bbox 402 2718 435 2740; x_wconf 87' lang='lat' dir='ltr'>eis</span> <span class='ocrx_word' id='word_1_708' title='bbox 460 2718 499 2747; x_wconf 90' lang='lat' dir='ltr'>qui</span> <span class='ocrx_word' id='word_1_709' title='bbox 522 2718 657 2741; x_wconf 87' lang='lat' dir='ltr'>indicabunt</span> <span class='ocrx_word' id='word_1_710' title='bbox 679 2718 720 2741; x_wconf 90' lang='lat' dir='ltr'>tibi</span> <span class='ocrx_word' id='word_1_711' title='bbox 743 2718 821 2741; x_wconf 87' lang='lat' dir='ltr'>iudicii</span> <span class='ocrx_word' id='word_1_712' title='bbox 844 2719 971 2742; x_wconf 83' lang='lat' dir='ltr'>veritatem.</span> <span class='ocrx_word' id='word_1_713' title='bbox 998 2719 1044 2742; x_wconf 80' lang='lat' dir='ltr'>Csr.</span> <span class='ocrx_word' id='word_1_714' title='bbox 1068 2720 1126 2742; x_wconf 84' lang='lat' dir='ltr'>infra</span> 
     </span>
     <span class='ocr_line' id='line_1_105' title="bbox 279 2756 1126 2787; baseline 0.004 -9"><span class='ocrx_word' id='word_1_715' title='bbox 279 2762 301 2778; x_wconf 88' lang='lat' dir='ltr'>n.</span> <span class='ocrx_word' id='word_1_716' title='bbox 319 2756 340 2778; x_wconf 86' lang='lat'>3.</span> <span class='ocrx_word' id='word_1_717' title='bbox 358 2769 388 2772; x_wconf 97' lang='lat'><strong>—</strong></span> <span class='ocrx_word' id='word_1_718' title='bbox 406 2757 518 2785; x_wconf 84' lang='lat' dir='ltr'>Superius</span> <span class='ocrx_word' id='word_1_719' title='bbox 533 2757 656 2785; x_wconf 87' lang='lat' dir='ltr'>respicitur</span> <span class='ocrx_word' id='word_1_720' title='bbox 668 2757 707 2780; x_wconf 91' lang='lat' dir='ltr'>lob</span> <span class='ocrx_word' id='word_1_721' title='bbox 725 2757 750 2785; x_wconf 81' lang='lat'>9,</span> <span class='ocrx_word' id='word_1_722' title='bbox 769 2758 811 2780; x_wconf 82' lang='lat'>33:</span> <span class='ocrx_word' id='word_1_723' title='bbox 829 2758 877 2781; x_wconf 90' lang='lat' dir='ltr'>Non</span> <span class='ocrx_word' id='word_1_724' title='bbox 894 2761 928 2781; x_wconf 84' lang='lat' dir='ltr'>est</span> <span class='ocrx_word' id='word_1_725' title='bbox 942 2758 983 2787; x_wconf 86' lang='lat' dir='ltr'>qui</span> <span class='ocrx_word' id='word_1_726' title='bbox 1001 2762 1126 2787; x_wconf 88' lang='lat' dir='ltr'>utrumque</span> 
     </span>
     <span class='ocr_line' id='line_1_106' title="bbox 279 2795 990 2824; baseline 0.004 -7"><span class='ocrx_word' id='word_1_727' title='bbox 279 2795 355 2817; x_wconf 83' lang='lat' dir='ltr'>valeat</span> <span class='ocrx_word' id='word_1_728' title='bbox 371 2801 469 2823; x_wconf 84' lang='lat' dir='ltr'>arguere</span> <span class='ocrx_word' id='word_1_729' title='bbox 486 2800 507 2818; x_wconf 88' lang='lat' dir='ltr'>et</span> <span class='ocrx_word' id='word_1_730' title='bbox 524 2802 612 2824; x_wconf 86' lang='lat' dir='ltr'>ponere</span> <span class='ocrx_word' id='word_1_731' title='bbox 629 2803 725 2819; x_wconf 86' lang='lat' dir='ltr'>manum</span> <span class='ocrx_word' id='word_1_732' title='bbox 742 2803 809 2819; x_wconf 87' lang='lat' dir='ltr'>suam</span> <span class='ocrx_word' id='word_1_733' title='bbox 827 2797 849 2820; x_wconf 87' lang='lat' dir='ltr'>in</span> <span class='ocrx_word' id='word_1_734' title='bbox 866 2797 990 2820; x_wconf 86' lang='lat' dir='ltr'>ambobus.</span> 
     </span>
    </p>

    <p class='ocr_par' dir='ltr' id='par_1_22' title="bbox 342 2833 1101 2862">
     <span class='ocr_line' id='line_1_107' title="bbox 342 2833 1101 2862; baseline 0.005 -6"><span class='ocrx_word' id='word_1_735' title='bbox 342 2833 351 2846; x_wconf 76' lang='lat'>&#39;¹</span> <span class='ocrx_word' id='word_1_736' title='bbox 369 2835 399 2856; x_wconf 89' lang='lat' dir='ltr'>lta</span> <span class='ocrx_word' id='word_1_737' title='bbox 417 2834 511 2857; x_wconf 90' lang='lat' dir='ltr'>BCFG</span> <span class='ocrx_word' id='word_1_738' title='bbox 528 2838 550 2857; x_wconf 89' lang='lat' dir='ltr'>et</span> <span class='ocrx_word' id='word_1_739' title='bbox 567 2835 604 2858; x_wconf 85' lang='lat' dir='ltr'>ed.</span> <span class='ocrx_word' id='word_1_740' title='bbox 623 2836 648 2862; x_wconf 68' lang='lat' dir='ltr'>=t;</span> <span class='ocrx_word' id='word_1_741' title='bbox 668 2836 718 2858; x_wconf 88' lang='lat' dir='ltr'>Vat.</span> <span class='ocrx_word' id='word_1_742' title='bbox 738 2836 826 2859; x_wconf 80' lang='lat' dir='ltr'>Tantae</span> <span class='ocrx_word' id='word_1_743' title='bbox 843 2836 982 2860; x_wconf 77' lang='lat' dir='ltr'>auctoritati</span> <span class='ocrx_word' id='word_1_744' title='bbox 997 2838 1101 2860; x_wconf 85' lang='lat' dir='ltr'>nostrae.</span> 
     </span>
    </p>

    <p class='ocr_par' dir='ltr' id='par_1_23' title="bbox 343 2871 1125 2904">
     <span class='ocr_line' id='line_1_108' title="bbox 343 2871 1125 2904; baseline 0.006 -10"><span class='ocrx_word' id='word_1_745' title='bbox 343 2871 352 2884; x_wconf 77' lang='lat'>⁵</span> <span class='ocrx_word' id='word_1_746' title='bbox 370 2872 435 2895; x_wconf 88' lang='lat' dir='ltr'>Vers.</span> <span class='ocrx_word' id='word_1_747' title='bbox 453 2873 474 2895; x_wconf 87' lang='lat'>5.</span> <span class='ocrx_word' id='word_1_748' title='bbox 492 2886 522 2890; x_wconf 97' lang='lat'><strong>—</strong></span> <span class='ocrx_word' id='word_1_749' title='bbox 539 2874 572 2896; x_wconf 90' lang='lat' dir='ltr'>De</span> <span class='ocrx_word' id='word_1_750' title='bbox 594 2874 657 2896; x_wconf 92' lang='lat' dir='ltr'>titulo</span> <span class='ocrx_word' id='word_1_751' title='bbox 681 2880 765 2897; x_wconf 78' lang='lat' dir='ltr'>servus</span> <span class='ocrx_word' id='word_1_752' title='bbox 781 2881 907 2898; x_wconf 76' lang='lat' dir='ltr'>seruorum</span> <span class='ocrx_word' id='word_1_753' title='bbox 929 2875 972 2898; x_wconf 89' lang='lat' dir='ltr'>Dei</span> <span class='ocrx_word' id='word_1_754' title='bbox 993 2876 1034 2898; x_wconf 80' lang='lat' dir='ltr'>cfr.</span> <span class='ocrx_word' id='word_1_755' title='bbox 1054 2882 1125 2904; x_wconf 87' lang='lat' dir='ltr'>supra</span> 
     </span>
    </p>
   </div>
   <div class='ocr_carea' id='block_1_16' title="bbox 280 2911 1125 2972">
    <p class='ocr_par' dir='ltr' id='par_1_24' title="bbox 280 2911 1125 2972">
     <span class='ocr_line' id='line_1_109' title="bbox 280 2911 1125 2972; baseline 0.006 -40"><span class='ocrx_word' id='word_1_756' title='bbox 280 2911 393 2972; x_wconf 48' lang='lat' dir='ltr'>pag.bsll2l</span> <span class='ocrx_word' id='word_1_757' title='bbox 405 2928 411 2938; x_wconf 94' lang='lat'>,</span> <span class='ocrx_word' id='word_1_758' title='bbox 422 2914 476 2934; x_wconf 88' lang='lat' dir='ltr'>nota</span> <span class='ocrx_word' id='word_1_759' title='bbox 493 2912 516 2934; x_wconf 87' lang='lat'>7.</span> <span class='ocrx_word' id='word_1_760' title='bbox 527 2925 558 2928; x_wconf 83' lang='lat'><em>-</em></span> <span class='ocrx_word' id='word_1_761' title='bbox 571 2912 665 2935; x_wconf 79' lang='lat' dir='ltr'>inferius</span> <span class='ocrx_word' id='word_1_762' title='bbox 677 2919 720 2941; x_wconf 88' lang='lat' dir='ltr'>pro</span> <span class='ocrx_word' id='word_1_763' title='bbox 732 2912 809 2936; x_wconf 82' lang='lat' dir='ltr'>nobile</span> <span class='ocrx_word' id='word_1_764' title='bbox 827 2914 869 2943; x_wconf 88' lang='lat' dir='ltr'>(ita</span> <span class='ocrx_word' id='word_1_765' title='bbox 886 2914 902 2936; x_wconf 94' lang='lat' dir='ltr'>F</span> <span class='ocrx_word' id='word_1_766' title='bbox 911 2914 929 2936; x_wconf 91' lang='lat' dir='ltr'>G</span> <span class='ocrx_word' id='word_1_767' title='bbox 947 2916 969 2936; x_wconf 89' lang='lat' dir='ltr'>et</span> <span class='ocrx_word' id='word_1_768' title='bbox 983 2914 1020 2937; x_wconf 91' lang='lat' dir='ltr'>ed.</span> <span class='ocrx_word' id='word_1_769' title='bbox 1038 2914 1061 2943; x_wconf 74' lang='lat'>4)</span> <span class='ocrx_word' id='word_1_770' title='bbox 1074 2914 1125 2937; x_wconf 82' lang='lat' dir='ltr'>Vat.</span> 
     </span>
     <span class='ocr_line' id='line_1_110' title="bbox 280 2949 390 2972; baseline 0 0"><span class='ocrx_word' id='word_1_771' title='bbox 280 2950 337 2972; x_wconf 85' lang='lat' dir='ltr'>nota</span> <span class='ocrx_word' id='word_1_772' title='bbox 353 2949 390 2972; x_wconf 83' lang='lat' dir='ltr'>ie.</span> 
     </span>
    </p>
   </div>
   <div class='ocr_carea' id='block_1_17' title="bbox 343 2987 1126 3058">
    <p class='ocr_par' dir='ltr' id='par_1_25' title="bbox 343 2987 1126 3058">
     <span class='ocr_line' id='line_1_111' title="bbox 343 2987 871 3021; baseline 0.008 -11"><span class='ocrx_word' id='word_1_773' title='bbox 343 2987 352 3000; x_wconf 58' lang='grc' dir='ltr'>Β</span> <span class='ocrx_word' id='word_1_774' title='bbox 372 2988 438 3011; x_wconf 85' lang='lat' dir='ltr'>Vers.</span> <span class='ocrx_word' id='word_1_775' title='bbox 456 2989 493 3011; x_wconf 80' lang='grc' dir='ltr'>Μ.</span> <span class='ocrx_word' id='word_1_776' title='bbox 510 2990 553 3011; x_wconf 84' lang='lat' dir='ltr'>Pro</span> <span class='ocrx_word' id='word_1_777' title='bbox 569 2990 653 3019; x_wconf 75' lang='lat' dir='ltr'>firmat</span> <span class='ocrx_word' id='word_1_778' title='bbox 670 2991 720 3013; x_wconf 86' lang='lat' dir='ltr'>Vat.</span> <span class='ocrx_word' id='word_1_779' title='bbox 738 2990 871 3021; x_wconf 83' lang='lat' dir='ltr'>coufirmat.</span> 
     </span>
     <span class='ocr_line' id='line_1_112' title="bbox 343 3025 1126 3058; baseline 0.006 -10"><span class='ocrx_word' id='word_1_780' title='bbox 343 3025 352 3038; x_wconf 93' lang='lat'>⁷</span> <span class='ocrx_word' id='word_1_781' title='bbox 370 3027 402 3049; x_wconf 89' lang='lat' dir='ltr'>De</span> <span class='ocrx_word' id='word_1_782' title='bbox 418 3026 515 3050; x_wconf 87' lang='lat' dir='ltr'>Caelesti</span> <span class='ocrx_word' id='word_1_783' title='bbox 531 3028 675 3056; x_wconf 87' lang='lat' dir='ltr'>Hierarchia‚</span> <span class='ocrx_word' id='word_1_784' title='bbox 693 3035 713 3051; x_wconf 88' lang='lat' dir='ltr'>c.</span> <span class='ocrx_word' id='word_1_785' title='bbox 731 3030 752 3051; x_wconf 86' lang='lat'>3.</span> <span class='ocrx_word' id='word_1_786' title='bbox 769 3030 783 3058; x_wconf 67' lang='lat' dir='ltr'>S</span> <span class='ocrx_word' id='word_1_787' title='bbox 801 3031 826 3052; x_wconf 90' lang='lat'>2:</span> <span class='ocrx_word' id='word_1_788' title='bbox 844 3031 933 3058; x_wconf 85' lang='lat' dir='ltr'>Scopus</span> <span class='ocrx_word' id='word_1_789' title='bbox 956 3031 1025 3058; x_wconf 85' lang='lat' dir='ltr'>igitur</span> <span class='ocrx_word' id='word_1_790' title='bbox 1042 3031 1126 3053; x_wconf 87' lang='lat' dir='ltr'>hierar-</span> 
     </span>
    </p>
   </div>
   <div class='ocr_carea' id='block_1_18' title="bbox 1153 2043 1161 3015">
    <p class='ocr_par' dir='ltr' id='par_1_26' title="bbox 1153 2043 1161 3015">
     <span class='ocr_line' id='line_1_113' title="bbox 1153 2043 1161 3015; baseline 0 0"><span class='ocrx_word' id='word_1_791' title='bbox 1153 2043 1161 3015; x_wconf 95' lang='lat' dir='ltr'> </span> 
     </span>
    </p>
   </div>
   <div class='ocr_carea' id='block_1_19' title="bbox 1182 2249 2037 3060">
    <p class='ocr_par' dir='ltr' id='par_1_27' title="bbox 1186 2249 2037 2396">
     <span class='ocr_line' id='line_1_114' title="bbox 1187 2249 2036 2279; baseline -0.001 -7"><span class='ocrx_word' id='word_1_792' title='bbox 1187 2251 1252 2272; x_wconf 86' lang='lat' dir='ltr'>chiae</span> <span class='ocrx_word' id='word_1_793' title='bbox 1269 2253 1303 2272; x_wconf 87' lang='lat' dir='ltr'>est</span> <span class='ocrx_word' id='word_1_794' title='bbox 1321 2250 1371 2276; x_wconf 85' lang='lat' dir='ltr'>Dei,</span> <span class='ocrx_word' id='word_1_795' title='bbox 1384 2253 1469 2279; x_wconf 83' lang='lat' dir='ltr'>quanta</span> <span class='ocrx_word' id='word_1_796' title='bbox 1487 2249 1536 2272; x_wconf 82' lang='lat' dir='ltr'>fieri</span> <span class='ocrx_word' id='word_1_797' title='bbox 1554 2252 1641 2278; x_wconf 81' lang='lat' dir='ltr'>potest,</span> <span class='ocrx_word' id='word_1_798' title='bbox 1654 2249 1786 2272; x_wconf 80' lang='lat' dir='ltr'>assimilatio</span> <span class='ocrx_word' id='word_1_799' title='bbox 1799 2249 1979 2278; x_wconf 85' lang='lat' dir='ltr'>coniunctioque</span> <span class='ocrx_word' id='word_1_800' title='bbox 1991 2249 2036 2278; x_wconf 89' lang='lat' dir='ltr'>(re-</span> 
     </span>
     <span class='ocr_line' id='line_1_115' title="bbox 1187 2287 2035 2318; baseline -0.001 -7"><span class='ocrx_word' id='word_1_801' title='bbox 1187 2295 1240 2311; x_wconf 90' lang='lat' dir='ltr'>cens</span> <span class='ocrx_word' id='word_1_802' title='bbox 1258 2289 1358 2318; x_wconf 70' lang='lat' dir='ltr'>versio);</span> <span class='ocrx_word' id='word_1_803' title='bbox 1376 2292 1398 2311; x_wconf 87' lang='lat' dir='ltr'>et</span> <span class='ocrx_word' id='word_1_804' title='bbox 1415 2289 1445 2311; x_wconf 90' lang='lat' dir='ltr'>de</span> <span class='ocrx_word' id='word_1_805' title='bbox 1461 2288 1618 2311; x_wconf 80' lang='lat' dir='ltr'>Ecclesiastica</span> <span class='ocrx_word' id='word_1_806' title='bbox 1636 2288 1779 2315; x_wconf 74' lang='lat' dir='ltr'>Hierarcffla,</span> <span class='ocrx_word' id='word_1_807' title='bbox 1794 2294 1813 2310; x_wconf 89' lang='lat' dir='ltr'>c.</span> <span class='ocrx_word' id='word_1_808' title='bbox 1832 2288 1849 2310; x_wconf 94' lang='grc'>1.</span> <span class='ocrx_word' id='word_1_809' title='bbox 1867 2287 1881 2316; x_wconf 66' lang='lat' dir='ltr'>S</span> <span class='ocrx_word' id='word_1_810' title='bbox 1898 2288 1924 2310; x_wconf 86' lang='lat'>3:</span> <span class='ocrx_word' id='word_1_811' title='bbox 1941 2288 2035 2310; x_wconf 88' lang='lat' dir='ltr'>Univer-</span> 
     </span>
     <span class='ocr_line' id='line_1_116' title="bbox 1186 2327 2037 2351; baseline 0 -1"><span class='ocrx_word' id='word_1_812' title='bbox 1186 2334 1225 2351; x_wconf 88' lang='lat' dir='ltr'>sae</span> <span class='ocrx_word' id='word_1_813' title='bbox 1244 2331 1322 2350; x_wconf 84' lang='lat' dir='ltr'>autem</span> <span class='ocrx_word' id='word_1_814' title='bbox 1347 2328 1489 2351; x_wconf 79' lang='lat' dir='ltr'>hierarchiae</span> <span class='ocrx_word' id='word_1_815' title='bbox 1512 2328 1563 2350; x_wconf 84' lang='lat' dir='ltr'>finis</span> <span class='ocrx_word' id='word_1_816' title='bbox 1587 2330 1610 2350; x_wconf 85' lang='lat' dir='ltr'>et</span> <span class='ocrx_word' id='word_1_817' title='bbox 1632 2328 1801 2350; x_wconf 85' lang='lat' dir='ltr'>consummatio</span> <span class='ocrx_word' id='word_1_818' title='bbox 1824 2329 1858 2350; x_wconf 88' lang='lat' dir='ltr'>est</span> <span class='ocrx_word' id='word_1_819' title='bbox 1879 2327 1969 2350; x_wconf 88' lang='lat' dir='ltr'>dilectio</span> <span class='ocrx_word' id='word_1_820' title='bbox 1992 2329 2037 2350; x_wconf 90' lang='lat' dir='ltr'>etc.</span> 
     </span>
     <span class='ocr_line' id='line_1_117' title="bbox 1187 2367 1461 2396; baseline 0 -7"><span class='ocrx_word' id='word_1_821' title='bbox 1187 2367 1272 2396; x_wconf 87' lang='lat' dir='ltr'>(versio</span> <span class='ocrx_word' id='word_1_822' title='bbox 1291 2367 1461 2396; x_wconf 88' lang='lat' dir='ltr'>Vercellensis).</span> 
     </span>
    </p>

    <p class='ocr_par' dir='ltr' id='par_1_28' title="bbox 1186 2404 2035 2585">
     <span class='ocr_line' id='line_1_118' title="bbox 1250 2404 2035 2435; baseline 0 -7"><span class='ocrx_word' id='word_1_823' title='bbox 1250 2405 1258 2418; x_wconf 64' lang='grc' dir='ltr'>Β</span> <span class='ocrx_word' id='word_1_824' title='bbox 1276 2406 1342 2428; x_wconf 89' lang='lat' dir='ltr'>Vers.</span> <span class='ocrx_word' id='word_1_825' title='bbox 1360 2406 1396 2428; x_wconf 76' lang='lat'>¹12.</span> <span class='ocrx_word' id='word_1_826' title='bbox 1414 2419 1445 2422; x_wconf 86' lang='lat'>—-</span> <span class='ocrx_word' id='word_1_827' title='bbox 1462 2408 1573 2434; x_wconf 67' lang='lat' dir='ltr'>August,</span> <span class='ocrx_word' id='word_1_828' title='bbox 1590 2406 1705 2428; x_wconf 89' lang='lat' dir='ltr'>Enchirid.</span> <span class='ocrx_word' id='word_1_829' title='bbox 1722 2412 1741 2428; x_wconf 81' lang='lat' dir='ltr'>c.</span> <span class='ocrx_word' id='word_1_830' title='bbox 1760 2407 1782 2428; x_wconf 83' lang='lat'>2.</span> <span class='ocrx_word' id='word_1_831' title='bbox 1794 2412 1815 2428; x_wconf 90' lang='lat' dir='ltr'>n.</span> <span class='ocrx_word' id='word_1_832' title='bbox 1830 2406 1855 2428; x_wconf 49' lang='lat' dir='ltr'>sl:</span> <span class='ocrx_word' id='word_1_833' title='bbox 1873 2405 1939 2434; x_wconf 83' lang='lat' dir='ltr'>Ecce,</span> <span class='ocrx_word' id='word_1_834' title='bbox 1955 2404 2035 2435; x_wconf 76' lang='lat' dir='ltr'>pictas</span> 
     </span>
     <span class='ocr_line' id='line_1_119' title="bbox 1186 2444 2035 2474; baseline 0 -7"><span class='ocrx_word' id='word_1_835' title='bbox 1186 2446 1220 2468; x_wconf 81' lang='lat' dir='ltr'>est</span> <span class='ocrx_word' id='word_1_836' title='bbox 1236 2444 1354 2474; x_wconf 73' lang='lat' dir='ltr'>supientia</span> <span class='ocrx_word' id='word_1_837' title='bbox 1371 2444 1423 2474; x_wconf 88' lang='lat' dir='ltr'>[lob</span> <span class='ocrx_word' id='word_1_838' title='bbox 1441 2445 1481 2472; x_wconf 80' lang='lat'>28,</span> <span class='ocrx_word' id='word_1_839' title='bbox 1501 2445 1558 2474; x_wconf 84' lang='lat'>28.].</span> <span class='ocrx_word' id='word_1_840' title='bbox 1575 2445 1597 2468; x_wconf 88' lang='lat' dir='ltr'>Si</span> <span class='ocrx_word' id='word_1_841' title='bbox 1615 2448 1692 2468; x_wconf 85' lang='lat' dir='ltr'>autem</span> <span class='ocrx_word' id='word_1_842' title='bbox 1704 2451 1813 2474; x_wconf 75' lang='lat' dir='ltr'>quaeras,</span> <span class='ocrx_word' id='word_1_843' title='bbox 1826 2451 1897 2473; x_wconf 85' lang='lat' dir='ltr'>quam</span> <span class='ocrx_word' id='word_1_844' title='bbox 1909 2445 1990 2467; x_wconf 79' lang='lat' dir='ltr'>dixerit</span> <span class='ocrx_word' id='word_1_845' title='bbox 2006 2450 2035 2467; x_wconf 88' lang='lat' dir='ltr'>eo</span> 
     </span>
     <span class='ocr_line' id='line_1_120' title="bbox 1186 2482 2033 2513; baseline 0 -7"><span class='ocrx_word' id='word_1_846' title='bbox 1186 2485 1236 2506; x_wconf 89' lang='lat' dir='ltr'>loco</span> <span class='ocrx_word' id='word_1_847' title='bbox 1254 2485 1375 2513; x_wconf 74' lang='lat' dir='ltr'>pietatem,</span> <span class='ocrx_word' id='word_1_848' title='bbox 1392 2484 1520 2507; x_wconf 84' lang='lat' dir='ltr'>distinctius</span> <span class='ocrx_word' id='word_1_849' title='bbox 1533 2484 1556 2506; x_wconf 87' lang='lat' dir='ltr'>in</span> <span class='ocrx_word' id='word_1_850' title='bbox 1568 2484 1654 2507; x_wconf 88' lang='lat' dir='ltr'>Graeco</span> <span class='ocrx_word' id='word_1_851' title='bbox 1672 2484 1773 2512; x_wconf 87' lang='lat' dir='ltr'>reperies</span> <span class='ocrx_word' id='word_1_852' title='bbox 1791 2482 1926 2513; x_wconf 75' lang='grc' dir='ltr'>θεοσέῧειαν,</span> <span class='ocrx_word' id='word_1_853' title='bbox 1944 2484 1984 2513; x_wconf 90' lang='lat' dir='ltr'>qui</span> <span class='ocrx_word' id='word_1_854' title='bbox 2000 2485 2033 2506; x_wconf 86' lang='lat' dir='ltr'>est</span> 
     </span>
     <span class='ocr_line' id='line_1_121' title="bbox 1186 2521 2035 2553; baseline -0.001 -8"><span class='ocrx_word' id='word_1_855' title='bbox 1186 2522 1226 2545; x_wconf 86' lang='lat' dir='ltr'>Dei</span> <span class='ocrx_word' id='word_1_856' title='bbox 1244 2523 1320 2546; x_wconf 79' lang='lat' dir='ltr'>cultus</span> <span class='ocrx_word' id='word_1_857' title='bbox 1343 2522 1516 2552; x_wconf 63' lang='lat' dir='ltr'>[Septuagintm</span> <span class='ocrx_word' id='word_1_858' title='bbox 1534 2524 1605 2552; x_wconf 82' lang='lat' dir='ltr'>Ecce,</span> <span class='ocrx_word' id='word_1_859' title='bbox 1625 2523 1703 2546; x_wconf 79' lang='lat' dir='ltr'>cultus</span> <span class='ocrx_word' id='word_1_860' title='bbox 1720 2523 1764 2546; x_wconf 88' lang='lat' dir='ltr'>Dei</span> <span class='ocrx_word' id='word_1_861' title='bbox 1783 2525 1819 2546; x_wconf 81' lang='lat' dir='ltr'>est</span> <span class='ocrx_word' id='word_1_862' title='bbox 1833 2522 1968 2553; x_wconf 67' lang='lat' dir='ltr'>sapientia]</span> <span class='ocrx_word' id='word_1_863' title='bbox 1988 2521 2035 2545; x_wconf 75' lang='lat' dir='ltr'>Csr.</span> 
     </span>
     <span class='ocr_line' id='line_1_122' title="bbox 1186 2562 1821 2585; baseline 0 -1"><span class='ocrx_word' id='word_1_864' title='bbox 1186 2562 1233 2584; x_wconf 87' lang='lat' dir='ltr'>Xll.</span> <span class='ocrx_word' id='word_1_865' title='bbox 1251 2562 1280 2585; x_wconf 89' lang='lat' dir='ltr'>de</span> <span class='ocrx_word' id='word_1_866' title='bbox 1298 2563 1360 2584; x_wconf 89' lang='lat' dir='ltr'>Trin.</span> <span class='ocrx_word' id='word_1_867' title='bbox 1377 2568 1396 2585; x_wconf 88' lang='lat' dir='ltr'>c.</span> <span class='ocrx_word' id='word_1_868' title='bbox 1416 2562 1451 2584; x_wconf 72' lang='lat' dir='ltr'>it.</span> <span class='ocrx_word' id='word_1_869' title='bbox 1469 2569 1491 2584; x_wconf 87' lang='lat' dir='ltr'>n.</span> <span class='ocrx_word' id='word_1_870' title='bbox 1510 2563 1546 2585; x_wconf 86' lang='lat'>22.</span> <span class='ocrx_word' id='word_1_871' title='bbox 1565 2566 1586 2584; x_wconf 84' lang='lat' dir='ltr'>et</span> <span class='ocrx_word' id='word_1_872' title='bbox 1604 2563 1664 2585; x_wconf 87' lang='lat' dir='ltr'>XlV.</span> <span class='ocrx_word' id='word_1_873' title='bbox 1682 2569 1701 2585; x_wconf 87' lang='lat' dir='ltr'>c.</span> <span class='ocrx_word' id='word_1_874' title='bbox 1723 2563 1741 2585; x_wconf 91' lang='lat' dir='ltr'>l.</span> <span class='ocrx_word' id='word_1_875' title='bbox 1759 2569 1780 2584; x_wconf 92' lang='lat' dir='ltr'>n.</span> <span class='ocrx_word' id='word_1_876' title='bbox 1799 2563 1821 2584; x_wconf 81' lang='grc'>·1.</span> 
     </span>
    </p>

    <p class='ocr_par' dir='ltr' id='par_1_29' title="bbox 1184 2600 2036 2748">
     <span class='ocr_line' id='line_1_123' title="bbox 1248 2600 2036 2630; baseline 0 -7"><span class='ocrx_word' id='word_1_877' title='bbox 1248 2600 1258 2613; x_wconf 80' lang='lat'>⁹</span> <span class='ocrx_word' id='word_1_878' title='bbox 1275 2601 1341 2624; x_wconf 85' lang='lat' dir='ltr'>Vers.</span> <span class='ocrx_word' id='word_1_879' title='bbox 1360 2601 1396 2624; x_wconf 67' lang='lat'>⁴3.</span> <span class='ocrx_word' id='word_1_880' title='bbox 1414 2601 1543 2624; x_wconf 87' lang='lat' dir='ltr'>Comment.</span> <span class='ocrx_word' id='word_1_881' title='bbox 1560 2602 1583 2624; x_wconf 90' lang='lat' dir='ltr'>in</span> <span class='ocrx_word' id='word_1_882' title='bbox 1601 2602 1670 2630; x_wconf 86' lang='lat' dir='ltr'>Epist.</span> <span class='ocrx_word' id='word_1_883' title='bbox 1688 2602 1702 2624; x_wconf 92' lang='grc'>1.</span> <span class='ocrx_word' id='word_1_884' title='bbox 1719 2601 1771 2625; x_wconf 89' lang='lat' dir='ltr'>Cor.</span> <span class='ocrx_word' id='word_1_885' title='bbox 1784 2601 1824 2630; x_wconf 70' lang='lat'>114,</span> <span class='ocrx_word' id='word_1_886' title='bbox 1838 2601 1879 2629; x_wconf 80' lang='lat'>40,</span> <span class='ocrx_word' id='word_1_887' title='bbox 1896 2601 1960 2630; x_wconf 90' lang='lat' dir='ltr'>quod</span> <span class='ocrx_word' id='word_1_888' title='bbox 1976 2601 2036 2624; x_wconf 78' lang='lat' dir='ltr'>inter</span> 
     </span>
     <span class='ocr_line' id='line_1_124' title="bbox 1185 2640 2033 2669; baseline 0 -6"><span class='ocrx_word' id='word_1_889' title='bbox 1185 2646 1257 2668; x_wconf 81' lang='lat' dir='ltr'>opera</span> <span class='ocrx_word' id='word_1_890' title='bbox 1274 2640 1391 2663; x_wconf 84' lang='lat' dir='ltr'>Ambrosii</span> <span class='ocrx_word' id='word_1_891' title='bbox 1413 2640 1526 2663; x_wconf 87' lang='lat' dir='ltr'>hahetur:</span> <span class='ocrx_word' id='word_1_892' title='bbox 1547 2641 1647 2664; x_wconf 82' lang='lat' dir='ltr'>Honeste</span> <span class='ocrx_word' id='word_1_893' title='bbox 1669 2644 1746 2663; x_wconf 83' lang='lat' dir='ltr'>autem</span> <span class='ocrx_word' id='word_1_894' title='bbox 1770 2640 1823 2663; x_wconf 86' lang='lat' dir='ltr'>illud</span> <span class='ocrx_word' id='word_1_895' title='bbox 1845 2640 1881 2668; x_wconf 82' lang='lat' dir='ltr'>fit,</span> <span class='ocrx_word' id='word_1_896' title='bbox 1898 2640 1963 2669; x_wconf 89' lang='lat' dir='ltr'>quod</span> <span class='ocrx_word' id='word_1_897' title='bbox 1980 2645 2033 2663; x_wconf 86' lang='lat' dir='ltr'>cum</span> 
     </span>
     <span class='ocr_line' id='line_1_125' title="bbox 1184 2679 2033 2708; baseline -0.002 -5"><span class='ocrx_word' id='word_1_898' title='bbox 1184 2686 1243 2708; x_wconf 83' lang='lat' dir='ltr'>pace</span> <span class='ocrx_word' id='word_1_899' title='bbox 1260 2683 1281 2703; x_wconf 85' lang='lat' dir='ltr'>et</span> <span class='ocrx_word' id='word_1_900' title='bbox 1299 2680 1418 2708; x_wconf 82' lang='lat' dir='ltr'>disciplina</span> <span class='ocrx_word' id='word_1_901' title='bbox 1437 2680 1468 2702; x_wconf 83' lang='lat' dir='ltr'>fit.</span> <span class='ocrx_word' id='word_1_902' title='bbox 1485 2680 1530 2703; x_wconf 78' lang='lat' dir='ltr'>Ctr.</span> <span class='ocrx_word' id='word_1_903' title='bbox 1548 2680 1670 2707; x_wconf 82' lang='lat' dir='ltr'>Ber1iard.,</span> <span class='ocrx_word' id='word_1_904' title='bbox 1689 2680 1761 2702; x_wconf 89' lang='lat' dir='ltr'>Serm.</span> <span class='ocrx_word' id='word_1_905' title='bbox 1780 2680 1817 2702; x_wconf 88' lang='lat'>85.</span> <span class='ocrx_word' id='word_1_906' title='bbox 1835 2680 1856 2702; x_wconf 93' lang='lat' dir='ltr'>in</span> <span class='ocrx_word' id='word_1_907' title='bbox 1874 2679 1938 2703; x_wconf 90' lang='lat' dir='ltr'>Cant.</span> <span class='ocrx_word' id='word_1_908' title='bbox 1954 2685 1977 2701; x_wconf 90' lang='lat' dir='ltr'>n.</span> <span class='ocrx_word' id='word_1_909' title='bbox 1996 2679 2033 2701; x_wconf 69' lang='lat' dir='ltr'>llO.</span> 
     </span>
     <span class='ocr_line' id='line_1_126' title="bbox 1184 2718 2014 2748; baseline -0.001 -6"><span class='ocrx_word' id='word_1_910' title='bbox 1184 2725 1233 2748; x_wconf 82' lang='lat' dir='ltr'>seq.</span> <span class='ocrx_word' id='word_1_911' title='bbox 1250 2733 1281 2736; x_wconf 85' lang='lat'>-</span> <span class='ocrx_word' id='word_1_912' title='bbox 1299 2720 1410 2748; x_wconf 83' lang='lat' dir='ltr'>Superius</span> <span class='ocrx_word' id='word_1_913' title='bbox 1426 2726 1469 2748; x_wconf 86' lang='lat' dir='ltr'>pro</span> <span class='ocrx_word' id='word_1_914' title='bbox 1486 2719 1614 2742; x_wconf 85' lang='lat' dir='ltr'>ordinatur</span> <span class='ocrx_word' id='word_1_915' title='bbox 1631 2720 1677 2742; x_wconf 89' lang='lat' dir='ltr'>AG</span> <span class='ocrx_word' id='word_1_916' title='bbox 1694 2722 1716 2742; x_wconf 89' lang='lat' dir='ltr'>et</span> <span class='ocrx_word' id='word_1_917' title='bbox 1733 2719 1770 2742; x_wconf 88' lang='lat' dir='ltr'>ed.</span> <span class='ocrx_word' id='word_1_918' title='bbox 1789 2720 1796 2741; x_wconf 82' lang='lat' dir='ltr'>l</span> <span class='ocrx_word' id='word_1_919' title='bbox 1818 2721 1852 2742; x_wconf 86' lang='lat' dir='ltr'>est</span> <span class='ocrx_word' id='word_1_920' title='bbox 1868 2718 2014 2742; x_wconf 78' lang='lat' dir='ltr'>ordinatum.</span> 
     </span>
    </p>

    <p class='ocr_par' dir='ltr' id='par_1_30' title="bbox 1248 2757 1714 2787">
     <span class='ocr_line' id='line_1_127' title="bbox 1248 2757 1714 2787; baseline 0 -6"><span class='ocrx_word' id='word_1_921' title='bbox 1248 2757 1268 2771; x_wconf 83' lang='lat'>¹⁰</span> <span class='ocrx_word' id='word_1_922' title='bbox 1285 2759 1345 2781; x_wconf 91' lang='lat' dir='ltr'>Vide</span> <span class='ocrx_word' id='word_1_923' title='bbox 1361 2765 1431 2787; x_wconf 87' lang='lat' dir='ltr'>supra</span> <span class='ocrx_word' id='word_1_924' title='bbox 1449 2765 1504 2787; x_wconf 84' lang='lat' dir='ltr'>pag.</span> <span class='ocrx_word' id='word_1_925' title='bbox 1522 2759 1578 2787; x_wconf 84' lang='lat'>307,</span> <span class='ocrx_word' id='word_1_926' title='bbox 1596 2761 1674 2781; x_wconf 84' lang='lat' dir='ltr'>notam</span> <span class='ocrx_word' id='word_1_927' title='bbox 1692 2759 1714 2781; x_wconf 87' lang='lat'>5.</span> 
     </span>
    </p>

    <p class='ocr_par' dir='ltr' id='par_1_31' title="bbox 1246 2796 1815 2826">
     <span class='ocr_line' id='line_1_128' title="bbox 1246 2796 1815 2826; baseline 0 -6"><span class='ocrx_word' id='word_1_928' title='bbox 1246 2796 1265 2810; x_wconf 87' lang='lat'>¹²</span> <span class='ocrx_word' id='word_1_929' title='bbox 1283 2797 1339 2820; x_wconf 80' lang='lat' dir='ltr'>Can.</span> <span class='ocrx_word' id='word_1_930' title='bbox 1357 2798 1377 2820; x_wconf 79' lang='lat' dir='ltr'>l.</span> <span class='ocrx_word' id='word_1_931' title='bbox 1394 2810 1426 2814; x_wconf 97' lang='lat'><strong>—</strong></span> <span class='ocrx_word' id='word_1_932' title='bbox 1444 2798 1551 2826; x_wconf 85' lang='lat' dir='ltr'>Sequitur</span> <span class='ocrx_word' id='word_1_933' title='bbox 1569 2798 1634 2820; x_wconf 88' lang='lat' dir='ltr'>Deut.</span> <span class='ocrx_word' id='word_1_934' title='bbox 1653 2798 1693 2826; x_wconf 54' lang='lat'>117,</span> <span class='ocrx_word' id='word_1_935' title='bbox 1712 2798 1748 2820; x_wconf 82' lang='lat' dir='ltr'>ll.</span> <span class='ocrx_word' id='word_1_936' title='bbox 1766 2803 1815 2826; x_wconf 87' lang='lat' dir='ltr'>seq.</span> 
     </span>
    </p>

    <p class='ocr_par' dir='ltr' id='par_1_32' title="bbox 1182 2834 2032 3060">
     <span class='ocr_line' id='line_1_129' title="bbox 1246 2834 2032 2866; baseline -0.001 -8"><span class='ocrx_word' id='word_1_937' title='bbox 1246 2834 1265 2848; x_wconf 76' lang='lat'>¹²</span> <span class='ocrx_word' id='word_1_938' title='bbox 1283 2835 1338 2859; x_wconf 91' lang='lat' dir='ltr'>Cod.</span> <span class='ocrx_word' id='word_1_939' title='bbox 1351 2836 1369 2858; x_wconf 94' lang='lat' dir='ltr'>D</span> <span class='ocrx_word' id='word_1_940' title='bbox 1381 2837 1445 2859; x_wconf 86' lang='lat' dir='ltr'>addit</span> <span class='ocrx_word' id='word_1_941' title='bbox 1457 2836 1567 2866; x_wconf 69' lang='lat' dir='ltr'>Requiae.</span> <span class='ocrx_word' id='word_1_942' title='bbox 1579 2836 1688 2860; x_wconf 81' lang='lat' dir='ltr'>Primum</span> <span class='ocrx_word' id='word_1_943' title='bbox 1700 2836 1840 2866; x_wconf 81' lang='lat' dir='ltr'>capitulum,</span> <span class='ocrx_word' id='word_1_944' title='bbox 1855 2836 1872 2858; x_wconf 90' lang='grc' dir='ltr'>Β</span> <span class='ocrx_word' id='word_1_945' title='bbox 1881 2835 1897 2859; x_wconf 92' lang='lat' dir='ltr'>C</span> <span class='ocrx_word' id='word_1_946' title='bbox 1907 2836 1922 2858; x_wconf 87' lang='lat' dir='ltr'><strong><em>F</em></strong></span> <span class='ocrx_word' id='word_1_947' title='bbox 1932 2836 1950 2857; x_wconf 93' lang='lat' dir='ltr'>G</span> <span class='ocrx_word' id='word_1_948' title='bbox 1962 2837 1984 2857; x_wconf 93' lang='lat' dir='ltr'>et</span> <span class='ocrx_word' id='word_1_949' title='bbox 1994 2835 2032 2858; x_wconf 88' lang='lat' dir='ltr'>ed.</span> 
     </span>
     <span class='ocr_line' id='line_1_130' title="bbox 1184 2873 2032 2905; baseline -0.001 -8"><span class='ocrx_word' id='word_1_950' title='bbox 1184 2875 1192 2897; x_wconf 73' lang='lat'>¹¹</span> <span class='ocrx_word' id='word_1_951' title='bbox 1214 2874 1356 2898; x_wconf 87' lang='lat' dir='ltr'>substituunt</span> <span class='ocrx_word' id='word_1_952' title='bbox 1367 2875 1469 2899; x_wconf 88' lang='lat' dir='ltr'>Rubrica</span> <span class='ocrx_word' id='word_1_953' title='bbox 1482 2875 1577 2905; x_wconf 79' lang='lat' dir='ltr'>prima,</span> <span class='ocrx_word' id='word_1_954' title='bbox 1595 2876 1632 2898; x_wconf 89' lang='lat' dir='ltr'>cui</span> <span class='ocrx_word' id='word_1_955' title='bbox 1649 2876 1713 2898; x_wconf 84' lang='lat' dir='ltr'>addit</span> <span class='ocrx_word' id='word_1_956' title='bbox 1729 2876 1747 2898; x_wconf 90' lang='lat' dir='ltr'>G</span> <span class='ocrx_word' id='word_1_957' title='bbox 1765 2874 1875 2898; x_wconf 78' lang='lat' dir='ltr'>Primum</span> <span class='ocrx_word' id='word_1_958' title='bbox 1891 2873 2032 2904; x_wconf 82' lang='lat' dir='ltr'>capitulum.</span> 
     </span>
     <span class='ocr_line' id='line_1_131' title="bbox 1182 2913 2030 2943; baseline 0 -7"><span class='ocrx_word' id='word_1_959' title='bbox 1182 2914 1313 2937; x_wconf 84' lang='lat' dir='ltr'>Notandum</span> <span class='ocrx_word' id='word_1_960' title='bbox 1326 2917 1372 2943; x_wconf 87' lang='lat' dir='ltr'>est,</span> <span class='ocrx_word' id='word_1_961' title='bbox 1385 2915 1461 2943; x_wconf 91' lang='lat' dir='ltr'>ipsum</span> <span class='ocrx_word' id='word_1_962' title='bbox 1473 2915 1586 2943; x_wconf 85' lang='lat' dir='ltr'>originale</span> <span class='ocrx_word' id='word_1_963' title='bbox 1597 2921 1643 2938; x_wconf 93' lang='lat' dir='ltr'>non</span> <span class='ocrx_word' id='word_1_964' title='bbox 1655 2915 1740 2938; x_wconf 87' lang='lat' dir='ltr'>habere</span> <span class='ocrx_word' id='word_1_965' title='bbox 1755 2915 1924 2938; x_wconf 87' lang='lat' dir='ltr'>distinctionem</span> <span class='ocrx_word' id='word_1_966' title='bbox 1940 2913 2030 2943; x_wconf 80' lang='lat' dir='ltr'>capitu-</span> 
     </span>
     <span class='ocr_line' id='line_1_132' title="bbox 1183 2952 2030 2982; baseline -0.001 -7"><span class='ocrx_word' id='word_1_967' title='bbox 1183 2952 1271 2982; x_wconf 81' lang='lat' dir='ltr'>lorum,</span> <span class='ocrx_word' id='word_1_968' title='bbox 1286 2956 1308 2976; x_wconf 85' lang='lat' dir='ltr'>et</span> <span class='ocrx_word' id='word_1_969' title='bbox 1319 2954 1387 2976; x_wconf 84' lang='lat' dir='ltr'>etiarn</span> <span class='ocrx_word' id='word_1_970' title='bbox 1399 2954 1486 2976; x_wconf 86' lang='lat' dir='ltr'>Bonav.</span> <span class='ocrx_word' id='word_1_971' title='bbox 1502 2954 1534 2976; x_wconf 87' lang='lat' dir='ltr'>uti</span> <span class='ocrx_word' id='word_1_972' title='bbox 1552 2960 1645 2982; x_wconf 86' lang='lat' dir='ltr'>semper</span> <span class='ocrx_word' id='word_1_973' title='bbox 1661 2954 1754 2977; x_wconf 87' lang='lat' dir='ltr'>nomine</span> <span class='ocrx_word' id='word_1_974' title='bbox 1767 2953 1929 2977; x_wconf 80' lang='lat' dir='ltr'>rubricarum.</span> <span class='ocrx_word' id='word_1_975' title='bbox 1942 2953 2030 2974; x_wconf 87' lang='lat' dir='ltr'>Tamen</span> 
     </span>
     <span class='ocr_line' id='line_1_133' title="bbox 1182 2992 2031 3021; baseline -0.001 -7"><span class='ocrx_word' id='word_1_976' title='bbox 1182 2992 1311 3014; x_wconf 89' lang='lat' dir='ltr'>secundum</span> <span class='ocrx_word' id='word_1_977' title='bbox 1329 2999 1397 3015; x_wconf 89' lang='lat' dir='ltr'>usum</span> <span class='ocrx_word' id='word_1_978' title='bbox 1414 2999 1564 3016; x_wconf 86' lang='lat' dir='ltr'>communem</span> <span class='ocrx_word' id='word_1_979' title='bbox 1579 2993 1729 3016; x_wconf 82' lang='lat' dir='ltr'>adhibuimus</span> <span class='ocrx_word' id='word_1_980' title='bbox 1745 2993 1767 3015; x_wconf 90' lang='lat' dir='ltr'>in</span> <span class='ocrx_word' id='word_1_981' title='bbox 1785 2992 1980 3021; x_wconf 86' lang='lat' dir='ltr'>superscriptione</span> <span class='ocrx_word' id='word_1_982' title='bbox 1990 2996 2031 3013; x_wconf 79' lang='lat' dir='ltr'>vo-</span> 
     </span>
     <span class='ocr_line' id='line_1_134' title="bbox 1182 3030 1604 3060; baseline 0.002 -7"><span class='ocrx_word' id='word_1_983' title='bbox 1182 3036 1233 3053; x_wconf 90' lang='lat' dir='ltr'>cem</span> <span class='ocrx_word' id='word_1_984' title='bbox 1250 3030 1349 3060; x_wconf 75' lang='lat' dir='ltr'>capituli</span> <span class='ocrx_word' id='word_1_985' title='bbox 1365 3032 1422 3054; x_wconf 87' lang='lat' dir='ltr'>intra</span> <span class='ocrx_word' id='word_1_986' title='bbox 1440 3032 1604 3060; x_wconf 84' lang='lat' dir='ltr'>parenthesim.</span> 
     </span>
    </p>
   </div>
   <div class='ocr_carea' id='block_1_20' title="bbox 2046 357 2131 402">
    <p class='ocr_par' dir='ltr' id='par_1_33' title="bbox 2046 357 2131 402">
     <span class='ocr_line' id='line_1_135' title="bbox 2046 357 2131 381; baseline 0.035 -5"><span class='ocrx_word' id='word_1_987' title='bbox 2046 357 2092 381; x_wconf 84' lang='lat' dir='ltr'>Quid</span> <span class='ocrx_word' id='word_1_988' title='bbox 2102 359 2131 379; x_wconf 77' lang='lat' dir='ltr'>lion</span> 
     </span>
     <span class='ocr_line' id='line_1_136' title="bbox 2076 383 2125 402; baseline 0.041 -2"><span class='ocrx_word' id='word_1_989' title='bbox 2076 383 2125 402; x_wconf 72' lang='lat' dir='ltr'>stum.</span> 
     </span>
    </p>
   </div>
   <div class='ocr_carea' id='block_1_21' title="bbox 2047 684 2131 728">
    <p class='ocr_par' dir='ltr' id='par_1_34' title="bbox 2047 684 2131 728">
     <span class='ocr_line' id='line_1_137' title="bbox 2047 684 2131 706; baseline 0.024 -4"><span class='ocrx_word' id='word_1_990' title='bbox 2047 684 2106 704; x_wconf 83' lang='lat' dir='ltr'>Verba</span> <span class='ocrx_word' id='word_1_991' title='bbox 2116 691 2131 706; x_wconf 76' lang='lat' dir='ltr'>ct</span> 
     </span>
     <span class='ocr_line' id='line_1_138' title="bbox 2048 707 2130 728; baseline 0.024 -2"><span class='ocrx_word' id='word_1_992' title='bbox 2048 707 2130 728; x_wconf 68' lang='lat' dir='ltr'>firmatim:</span> 
     </span>
    </p>
   </div>
   <div class='ocr_carea' id='block_1_22' title="bbox 2052 964 2130 1036">
    <p class='ocr_par' dir='ltr' id='par_1_35' title="bbox 2052 964 2130 1036">
     <span class='ocr_line' id='line_1_139' title="bbox 2056 964 2130 988; baseline 0.014 -5"><span class='ocrx_word' id='word_1_993' title='bbox 2056 964 2130 988; x_wconf 79' lang='lat' dir='ltr'>Arguunt</span> 
     </span>
     <span class='ocr_line' id='line_1_140' title="bbox 2052 988 2130 1008; baseline 0.013 -2"><span class='ocrx_word' id='word_1_994' title='bbox 2052 988 2130 1008; x_wconf 67' lang='lat' dir='ltr'>detracto}</span> 
     </span>
     <span class='ocr_line' id='line_1_141' title="bbox 2066 1011 2130 1036; baseline 0.016 -6"><span class='ocrx_word' id='word_1_995' title='bbox 2066 1011 2130 1036; x_wconf 60' lang='lat' dir='ltr'>Regula«</span> 
     </span>
    </p>
   </div>
   <div class='ocr_carea' id='block_1_23' title="bbox 2131 1122 2133 1165">
    <p class='ocr_par' dir='ltr' id='par_1_36' title="bbox 2131 1122 2133 1165">
     <span class='ocr_line' id='line_1_142' title="bbox 2131 1122 2133 1146; baseline 0 0"><span class='ocrx_word' id='word_1_996' title='bbox 2131 1122 2133 1146; x_wconf 76' lang='lat' dir='ltr'>l</span> 
     </span>
     <span class='ocr_line' id='line_1_143' title="bbox 2131 1147 2133 1165; baseline 0 0"><span class='ocrx_word' id='word_1_997' title='bbox 2131 1147 2133 1165; x_wconf 65' lang='grc' dir='ltr'><strong>ε</strong></span> 
     </span>
    </p>
   </div>
   <div class='ocr_carea' id='block_1_24' title="bbox 2131 1170 2133 1188">
    <p class='ocr_par' dir='ltr' id='par_1_37' title="bbox 2131 1170 2133 1188">
     <span class='ocr_line' id='line_1_144' title="bbox 2131 1170 2133 1188; baseline 0 0"><span class='ocrx_word' id='word_1_998' title='bbox 2131 1170 2133 1188; x_wconf 79' lang='lat'>1</span> 
     </span>
    </p>
   </div>
  </div>
 </body>
</html>
