2133 3317
163 555 218 575 Ratio
231 556 249 574 ⁶3.

266 236 323 265 “296

266 314 331 352 quia
352 314 385 342 de
414 312 565 349 Scripturis
596 311 789 340 auctoritatem
820 310 995 344 nonhabet,
1024 309 1046 338 si
1075 317 1117 338 sa-

266 361 369 398 pientia
390 359 510 388 Danielis
531 359 627 387 fuisset
656 358 796 392 imbutus,
825 365 1002 394 nequaquam
1031 357 1117 385 addu-

268 408 356 437 xisset
377 407 404 435 in
426 406 565 439 medium,
587 405 654 442 quia
685 404 852 441 prudentius
873 404 982 433 silentio
1013 404 1117 441 tegitur

267 454 341 491 quod
363 453 572 490 Scripturarum
593 451 759 480 testimoniis
779 459 834 479 non
856 451 1023 487 probatur¹.

348 502 373 528 6.
396 499 522 529 Secunda
543 494 614 527 ratio
635 501 692 533 est,
721 506 809 535 quare
837 498 975 526 dictorum
1004 498 1117 526 Patrum

267 548 396 584 exempla
417 555 472 575 non
494 549 668 583 congruunt,
691 546 757 583 quia
789 553 851 574 cum
874 545 1040 582 perfectione
1061 545 1117 573 vir-

267 595 334 624 tutis
355 595 463 631 aliquos
486 594 648 622 habuerunt
668 596 747 622 actus
772 593 945 622 extrinsecos
964 592 1117 621 secundum

267 642 434 679 exigentiam
456 641 605 678 temporis,
627 640 675 677 qui
691 640 764 668 trahi
780 648 833 668 non
850 642 966 676 possunt
980 639 1008 668 in
1023 647 1118 668 exem-

266 690 343 726 plum
368 688 558 726 perfectionis,
575 687 647 716 sicut
661 687 688 715 in
705 687 872 715 Patriarcliis
887 686 1032 723 pluralitas
1046 694 1118 714 uxo-

266 744 344 770 rum,
367 736 395 764 in
416 735 502 764 David
531 735 683 764 strenuitas
714 734 747 762 ad
779 734 938 763 bellandum
963 736 991 763 et
1012 733 1040 762 in
1062 734 1119 762 Elia

266 783 366 812 occisio
387 783 588 820 prophetarum
611 782 706 815 Baal2,
728 784 755 810 et
770 781 791 810 si
808 789 872 809 cum
892 781 952 810 istis
973 780 1118 817 perfectio-

266 838 329 859 nem
352 833 551 863 servaverunt‚
574 829 661 866 magis
682 828 859 857 admirabiles
873 836 956 865 quam
973 828 1119 856 imitabiles

266 878 334 907 viris
357 877 485 914 perfectis
507 879 713 913 proponuntur.
734 875 809 904 Unde
831 875 1001 912 Augustinus
1015 875 1049 903 de
1063 875 1118 903 Mo-

268 925 347 954 ribus
369 924 542 953 Ecclesiae3:
569 923 694 952 «Amisit
716 923 761 952 Iob
783 931 879 952 omnes
900 922 1009 951 divitias
1031 925 1058 951 et
1080 922 1118 950 fa-

268 975 330 1001 ctus
351 975 392 1001 est
414 974 528 1008 repente
549 971 763 1008 pauperrimus,
786 970 833 999 sed
859 970 1055 998 inconcussum
1080 972 1118 997 te-

267 1020 329 1049 nuit
360 1019 504 1053 animum,
537 1027 592 1056 quo
624 1018 716 1046 animo
748 1018 769 1046 si
798 1025 857 1046 esse
888 1019 1000 1054 possent
1032 1016 1118 1045 nostri

747 232 945 261 OPUSCULUM
966 231 1008 260 XI.
1030 230 1193 260 APOLOGIA
1214 231 1396 260 PAUPERUM.
1418 231 1486 260 CAP.
1509 231 1550 260 IX.

1174 309 1247 338 enim
1276 318 1374 339 sumus
1405 318 1455 338 nos
1485 309 1613 346 patribus
1641 309 1769 338 meliores
1781 309 1800 337 8.
1823 309 1850 338 Si
1878 310 2022 346 culpabilis

1174 360 1245 386 esset
1266 357 1403 394 possessio
1423 356 1600 391 divitiarum,
1622 364 1765 393 nunquam
1797 356 1835 384 illi
1864 356 1892 385 in
1921 357 2022 386 divitiis

1174 407 1277 433 tantam
1299 413 1315 432 a
1336 404 1452 432 Domino
1479 404 1596 440 gratiam
1622 403 1787 432 obtinerent.
1821 404 1892 440 Quid
1913 412 2023 441 respon-

1174 451 1302 480 debimus
1322 451 1400 479 novis
1422 450 1609 479 imitatoribus
1630 451 1794 479 Sanctorum
1809 453 1957 479 veterum?
1973 451 2023 479 lm-

1174 501 1278 535 ponant
1299 500 1374 526 certe
1396 497 1498 525 vitulos
1519 504 1604 533 super
1635 497 1723 525 altare
1755 497 1880 531 Domini,
1902 500 2022 526 mactent

1174 545 1291 579 arietes,
1314 545 1407 573 hircos
1427 544 1587 578 immolent,
1609 543 1675 581 quia
1695 546 1722 572 et
1743 544 1796 572 1106
1825 544 1963 573 Abraham
1984 545 2024 573 fe-

1175 592 1211 621 611
1223 592 1242 620 ⁰.
1266 608 1302 613 -
1324 592 1376 620 Sed
1397 592 1481 625 haec,
1503 591 1650 628 inquiunt,
1672 593 1775 619 statum
1798 591 1872 619 ultra
1893 599 1948 620 non
1975 592 2025 621 ha-

1174 640 1256 674 bent;
1278 639 1325 667 ubi
1345 639 1466 667 revelata
1480 641 1521 667 est
1536 638 1654 672 veritas,
1670 638 1813 667 transiere.
1830 638 1900 675 Quid
1916 639 1937 667 si
1953 639 2025 676 ipsas

1175 694 1287 723 quoque
1302 687 1466 714 Sanctorum
1481 685 1591 713 divitias
1605 685 1771 722 temporales
1786 685 1925 714 umbram
1940 685 2025 715 fuisse

1174 733 1331 762 dixerimus
1362 732 1538 770 futurorum
1551 732 1596 760 ¹⁰?
1618 732 1653 760 1η
1683 731 1785 769 (iqui-ct
1819 732 1956 769 siquidem
1987 734 2026 763 eis

1175 780 1267 808 onmia
1287 780 1406 817 legimus
1434 779 1588 815 contigisse.
1618 778 1761 815 Denique,
1782 778 1878 816 quidni
1901 782 2026 808 terrenas

1175 827 1265 864 palam
1286 827 1396 855 divitias
1418 826 1591 863 possiderent
1611 825 1697 854 sancti
1712 829 1739 854 et
1754 825 1868 862 perfecti
1884 826 1945 860 viri,
1961 834 2024 855 cum

1176 875 1233 903 sola
1261 878 1373 903 terrena
1398 874 1487 910 palam
1514 873 1744 910 promitterentur
1773 881 1789 901 a
1813 873 1954 902 Domino?
1976 874 2026 903 Ubi

1176 930 1241 950 sane
1263 921 1387 950 caelestis
1409 920 1555 957 promissio
1587 920 1696 955 sonuit,
1718 928 1830 949 necesse
1855 923 1909 955 est,
1937 921 2026 958 spiri-

1176 968 1272 997 tztatt'ct
1287 968 1496 1006 spiritualibus
1517 967 1692 1005 comparari
1703 968 1727 984 ¹¹
1748 970 1775 996 et
1796 968 1898 996 mutari
1921 968 2025 997 sacrifi-

1176 1016 1267 1050 cium,
1291 1023 1338 1052 spe
1362 1018 1505 1043 mutata».

269 1067 402 1104 temporis
433 1066 575 1100 homines,
604 1073 659 1093 non
688 1072 856 1101 magnopere
876 1064 904 1092 in
933 1072 1004 1092 novo
1036 1066 1119 1092 testa-

268 1116 361 1142 mento
382 1113 416 1141 ab
438 1112 556 1141 istorum
578 1111 751 1148 possessione
765 1111 995 1148 prohiberemur,
1010 1113 1042 1138 ut
1056 1117 1119 1146 per-

268 1161 330 1190 fecti
354 1168 413 1189 esse
435 1167 621 1196 possemus».
645 1159 714 1187 Haec
743 1158 921 1195 Augustinus.
951 1157 1000 1186 Cui
1022 1165 1119 1186 conso-

1255 1063 1281 1091 8.
1305 1063 1361 1091 Νο11
1378 1065 1443 1091 511111
1457 1062 1543 1099 igitur
1560 1061 1718 1090 huiusmodi
1735 1061 1864 1098 exempla
1878 1070 1928 1091 nec
1943 1062 2025 1091 etiam
2039 1067 2095 1109 Etiam
2106 1076 2133 1089 ‹ut

1173 1110 1394 1147 praelatorum,
1416 1117 1488 1146 quae
1519 1112 1722 1146 consequenter
1750 1109 1884 1143 annectit,
1907 1116 1970 1138 611111
1992 1109 2026 1138 de
2042 1095 2133 1149 l'ssip'}‚'ssl

1177 1157 1348 1194 paupertatis
1364 1156 1531 1193 perfectione
1545 1156 1652 1193 agitur,
1668 1156 1829 1185 adducenda
1846 1156 1874 1184 in
1889 1156 2025 1191 medium,
2042 1139 2133 1182 fflfaatim-

168 1825 223 1844 Ratio
236 1826 254 1845 3.

268 1211 316 1237 nat
341 1207 492 1244 Gregorius
517 1206 609 1244 primo
637 1206 822 1234 Moralium4:
850 1205 999 1233 «Necdum
1029 1204 1120 1232 virtus

268 1255 409 1292 praecepti
431 1254 596 1287 emicuerat,
617 1261 689 1290 quae
718 1252 809 1281 omnia
836 1252 954 1289 relinqui
979 1251 1120 1288 praecipe-

270 1305 327 1337 ret,
349 1302 396 1331 sed
419 1305 511 1330 tamen
533 1301 632 1330 beatus
654 1300 700 1329 [ob
715 1300 828 1329 eandem
845 1298 1048 1336 praeceptionis
1063 1298 1118 1326 vim

269 1350 296 1379 in
319 1349 401 1378 corde
422 1349 567 1382 servabat,
588 1348 654 1385 quia
676 1347 810 1376 nimirum
832 1346 1016 1375 substantiam
1041 1353 1120 1374 suam

269 1398 322 1426 iam
345 1400 436 1426 mente
459 1397 623 1433 reliquerat,
645 1403 729 1432 quam
752 1395 810 1424 sine
832 1394 977 1423 dilectione
999 1393 1121 1430 posside-

269 1444 357 1473 bat».
380 1444 420 1472 Ex
443 1443 546 1480 quibus
568 1442 710 1471 evidenter
732 1444 863 1479 apparet,
886 1441 959 1478 quod
983 1440 1041 1475 lob,
1065 1443 1121 1468 ter-

269 1499 336 1520 rena
358 1490 534 1528 possidendo,
556 1490 696 1527 perfectus
717 1489 769 1517 fuit
791 1489 848 1517 solo
870 1491 1030 1524 contemptu
1045 1495 1122 1515 men-

270 1538 321 1572 tis,
343 1538 409 1575 quia
430 1537 553 1566 nondum
583 1537 736 1565 emicuerat
765 1536 909 1565 consilium
933 1535 1120 1572 paupertatis;

270 1594 302 1614 ac
323 1593 372 1622 per
394 1585 456 1619 hoc,
479 1585 550 1614 sicut
572 1584 731 1621 coniugium
755 1583 895 1617 Abrahae,
911 1583 954 1611 cui
972 1590 1026 1611 non
1042 1590 1121 1619 prae-

270 1632 361 1661 fertur
384 1632 536 1661 caelibatus
558 1631 665 1660 Ioannis
676 1631 697 1665 ⁵,
721 1639 774 1659 non
797 1633 838 1659 est
862 1629 1028 1658 trahendum
1053 1632 1122 1657 tem-

270 1688 337 1717 pore
359 1680 463 1717 gratiae
485 1679 512 1707 in
534 1679 694 1715 exemplum
727 1677 919 1715 perfectionis,
942 1676 980 1705 sic
1001 1684 1052 1705 nec
1075 1676 1122 1704 Pa-

271 1730 347 1755 trum
369 1729 528 1755 sanctorum
551 1725 688 1763 possessio
711 1724 878 1761 temporalis.

350 1775 376 1802 7.
399 1774 491 1802 Tertia
512 1781 624 1810 quoque
646 1772 716 1801 ratio
737 1771 771 1800 ad
793 1772 845 1799 hoc
867 1771 958 1807 ipsum
980 1773 1034 1804 est,
1057 1770 1122 1807 quia

273 1821 361 1850 multa
382 1821 509 1850 Patribus
530 1821 563 1849 itt
582 1820 685 1858 siqui-ct
713 1818 937 1856 eontatyebantss
960 1821 987 1846 61
1008 1817 1122 1852 umbra,

271 1876 342 1905 quae
364 1871 488 1905 tempore
510 1867 648 1896 revelatae
671 1866 795 1895 veritatis
810 1865 971 1903 perfectioni
987 1873 1041 1893 non
1058 1872 1123 1893 con-

272 1918 384 1950 sonant3
407 1919 434 1944 et
455 1915 516 1944 ideo
537 1915 583 1943 illa
605 1922 679 1943 nunc
701 1914 727 1942 in
750 1912 912 1950 exemplum
937 1912 1047 1940 trahere
1067 1920 1122 1940 non

272 1963 407 1991 modicam
428 1965 542 2000 generat
563 1961 773 1990 absurditatem.
796 1960 871 1989 Unde
903 1959 1061 1988 Bernardus
1089 1959 1122 1988 de

272 2009 415 2046 Colloquio
443 2008 561 2037 Simonis
592 2011 619 2037 et
651 2007 751 2036 lesu⁷:
777 2007 948 2035 «Excusant
976 2013 1005 2034 se
1036 2005 1122 2042 aliqui

273 2056 389 2085 fortasse
411 2056 545 2084 dicentes:
568 2055 721 2088 Abraham,
744 2054 817 2083 Isaac
838 2057 865 2082 et
887 2053 966 2082 iacob
980 2052 1123 2089 ceterique

273 2103 363 2131 Sancti
391 2102 518 2139 nunquid
546 2110 601 2130 non
633 2105 759 2130 terrenas
790 2100 900 2129 divitias
932 2100 1062 2128 habuisse
1084 2100 1122 2128 16-

274 2152 400 2187 guntur?
423 2149 530 2178 Sufficit
550 2149 629 2177 nohis
644 2156 720 2183 esse,
735 2148 807 2177 sicut
827 2148 864 2176 illi
879 2147 1010 2181 fuerunt3
1032 2154 1123 2184 neque

1177 1212 1211 1233 ne
1233 1204 1285 1233 sub
1300 1204 1390 1241 specie
1405 1204 1557 1232 sanctitatis
1572 1203 1736 1240 pontificalis
1751 1203 1849 1238 officii,
1868 1203 1943 1240 quod
1958 1212 2027 1241 opu-

1177 1252 1261 1280 lentia
1282 1251 1467 1279 601111111111112
1490 1254 1516 1279 et
1538 1251 1643 1285 honor,
1665 1250 1883 1287 parvipendatur
1910 1259 2029 1288 pauper-

1178 1302 1232 1332 tas,
1255 1298 1404 1326 vilificetur
1425 1297 1583 1331 humilitas,
1605 1297 1744 1326 excitetur
1766 1297 1903 1334 cupiditas
1923 1300 1951 1327 et
1971 1306 2028 1326 am-

1178 1346 1245 1374 bitio
1266 1345 1408 1379 foveatur,
1430 1344 1463 1373 ad
1485 1352 1557 1381 quae
1588 1344 1681 1372 omnia
1709 1344 1731 1373 is
1760 1344 1804 1373 cui
1827 1345 2027 1382 respondemus

1178 1400 1335 1430 pauperum
1356 1392 1444 1421 hostis
1465 1392 1539 1420 omni
1572 1400 1628 1429 qua
1658 1394 1749 1428 potest
1777 1391 1881 1421 virtute
1902 1395 2027 1421 conatur.

1178 1440 1244 1468 Nam
1268 1447 1366 1468 verum
1389 1439 1519 1467 iustitiae
1535 1438 1627 1467 Solem
1640 1438 1672 1473 ¹3,
1688 1439 1735 1475 qui
1752 1446 1801 1475 per
1817 1439 1987 1476 paupertatis
2002 1442 2029 1468 et

1178 1487 1343 1516 humilitatis
1358 1487 1487 1523 exempla
1508 1486 1535 1514 in
1558 1486 1721 1515 universum
1744 1486 1840 1515 orbem
1856 1486 1948 1515 radios
1963 1494 2029 1515 suae

1179 1534 1249 1563 lucis
1269 1534 1375 1567 emisit,
1398 1533 1588 1570 phantasticae
1609 1532 1754 1561 cuiusdam
1775 1533 1967 1562 nebulositatis
1981 1533 2029 1562 ob-

1179 1581 1253 1610 iectu
1274 1581 1426 1610 obscurare
1448 1580 1596 1609 contendit.
1630 1580 1745 1616 Quaerit
1766 1580 1852 1609 enim:
1879 1592 1892 1606 «
1908 1581 1941 1609 Ut
1962 1580 2029 1618 quid

1179 1628 1308 1657 Christus
1330 1636 1436 1665 pauper
1458 1635 1517 1656 esse
1548 1627 1658 1656 voluit?
1679 1627 1712 1656 Ut
1740 1628 1807 1664 quid
1828 1636 1881 1657 rex
1903 1628 1963 1657 fieri
1985 1636 2028 1657 re-

1180 1676 1365 1704 ansavit14nt
1388 1675 1420 1703 Et
1441 1674 1604 1712 respondet,
1633 1677 1664 1703 ut
1689 1674 1782 1703 verbis
1813 1675 1873 1704 eius
1899 1678 2028 1704 utamur:

1185 1723 1274 1751 «Ideo
1296 1730 1402 1759 pauper
1424 1730 1483 1751 esse
1505 1721 1615 1755 debuit,
1637 1724 1669 1750 ut
1697 1729 1760 1750 eum
1783 1725 1886 1751 statum
1907 1725 2029 1757 teneret,

1180 1770 1228 1807 qui
1249 1770 1283 1798 ab
1304 1769 1434 1798 omnibus
1456 1769 1558 1798 imitari
1587 1769 1700 1798 valeret.
1722 1769 1816 1806 Neque
1838 1769 1912 1798 6111111
1933 1777 2030 1799 01111165

1179 1817 1278 1846 divites
1300 1816 1360 1845 fieri
1384 1819 1512 1853 possunt,
1534 1816 1581 1845 sed
1612 1816 1634 1845 si
1664 1816 1819 1851 voluerint,
1842 1824 1938 1846 omnes
1960 1825 2029 1854 pau-

1181 1872 1261 1901 peres
1289 1865 1392 1893 fient».
1416 1864 1478 1892 Post
1498 1872 1571 1901 quae
1601 1864 1760 1901 subiungit:
1787 1864 1889 1900 «Quod
1919 1867 2028 1899 autem,

1179 1920 1214 1940 ne
1236 1920 1288 1940 rex
1320 1911 1414 1945 fieret,
1440 1911 1525 1948 fugit,
1557 1911 1730 1940 mundanas
1756 1911 1903 1948 dignitates
1931 1911 2028 1948 fugere

1179 1958 1281 1987 docuit.
1304 1958 1378 1987 Alius
1410 1961 1451 1987 est
1482 1958 1557 1987 enim
1589 1958 1678 1986 honor
1710 1957 1799 1994 regis,
1820 1957 1892 1986 alius
1913 1957 2030 1994 praelati

1180 2006 1237 2035 sive
1259 2005 1447 2034 sacerdotis».

1260 2053 1285 2081 9.
1308 2053 1378 2081 Haec
1400 2056 1466 2081 sunt
1486 2052 1572 2081 verba
1593 2052 1695 2089 ipsius,
1717 2052 1745 2080 in
1767 2052 1870 2089 quibus
1891 2055 1947 2081 tam
1969 2051 2029 2080 vili—

1180 2103 1222 2129 ter
1236 2100 1258 2117 15
1273 2102 1300 2128 61
1314 2099 1422 2128 indocte
1437 2099 1520 2128 sentit
1534 2101 1561 2128 et
1575 2099 1700 2136 loquitur
1714 2099 1747 2128 de
1762 2099 1845 2127 nobili
1862 2102 1889 2128 et
1903 2099 1958 2127 alta
1972 2107 2029 2127 ma-

1180 2146 1262 2180 teria,
1284 2149 1315 2174 ut
1336 2154 1386 2174 nos
1408 2145 1488 2174 etiam
1512 2145 1613 2182 pudeat
1639 2145 1726 2182 ipsius
1747 2145 1882 2182 replicare
1903 2145 2028 2182 ineptias.

337 2338 345 2351 ¹
364 2339 477 2361 Alluditur
494 2339 522 2361 ad
542 2338 613 2361 verba
632 2339 724 2361 Hieron.
742 2345 812 2366 supra
830 2344 884 2366 pag.
902 2339 959 2365 256,
976 2341 1030 2360 nota
1052 2338 1073 2360 8.
1096 2338 1125 2360 111-

274 2378 355 2406 legata.

337 2416 346 2429 2
363 2416 425 2440 Libr.
442 2418 474 2440 lll.
493 2418 549 2445 Reg.
572 2417 610 2445 18,
630 2417 671 2439 4οι
690 2417 757 2439 Duxit
775 2422 815 2438 eos
832 2415 970 2446 [prophetas
988 2415 1048 2445 Rani]
1066 2416 1124 2438 Elias

274 2457 303 2480 ad
321 2459 445 2479 torrentem
463 2457 530 2479 Cison
548 2459 570 2478 et
587 2457 700 2478 interfecit
716 2462 756 2478 eos
775 2455 813 2478 ibi.

337 2495 346 2508 ³
363 2496 424 2519 Libr.
444 2496 456 2518 l.
475 2502 495 2518 6.
513 2496 549 2518 23.
567 2502 590 2518 11.
610 2495 654 2518 42:
672 2495 754 2517 Amisit
778 2501 879 2524 namque
902 2495 938 2517 illc
965 2494 1013 2524 [lob
1043 2495 1061 2521 l,
1091 2494 1125 2516 14.

275 2535 350 2564 seqq.]
368 2542 450 2557 omnes
475 2535 568 2557 divitias
588 2538 610 2557 et
630 2536 702 2557 sactus
719 2538 814 2562 repente
837 2534 1013 2562 pauperrimus,
1030 2538 1076 2556 lam
1096 2533 1125 2556 in-

275 2581 413 2597 concussum
431 2575 535 2597 animum
554 2574 626 2597 tenuit
643 2577 663 2597 et
681 2574 776 2596 infixum
795 2575 853 2600 Deo,
872 2577 895 2596 ut
912 2574 966 2596 satis
984 2573 1126 2596 demonstra-

275 2617 319 2641 ret,
337 2620 382 2636 nou
399 2614 448 2636 illas
465 2614 509 2636 sibi
528 2614 597 2636 fuisse
615 2619 725 2641 magnas,
738 2613 779 2635 sed
791 2619 816 2635 se
829 2613 882 2641 11115,
896 2612 939 2635 sibi
952 2616 1029 2635 autem
1040 2613 1122 2635 Deum.

276 2654 326 2682 Quo
343 2654 419 2675 ammo
437 2656 479 2675 etc.

338 2692 347 2704 ‘¹
365 2692 419 2721 Cap.
439 2692 460 2714 ὅ.
478 2699 500 2714 n.
518 2692 545 2714 7:
566 2701 577 2711 «
590 2692 718 2714 Necdum...
735 2691 776 2713 sed
803 2694 878 2713 [auten
904 2690 986 2713 beatus
1012 2690 1050 2713 lob
1068 2690 1125 2713 61115-

277 2732 329 2754 dem
354 2732 397 2753 iam
424 2731 594 2760 praeceptiOnis
618 2731 667 2753 vim
693 2731 764 2753 corde
789 2730 909 2757 servabat,
935 2730 989 2759 quia
1015 2730 1124 2752 nimirum

276 2770 427 2793 substantiam
453 2777 518 2793 snam
543 2773 619 2793 mente
645 2771 781 2799 reliquerat,
805 2776 876 2798 quam
899 2769 948 2792 51116
973 2769 1125 2791 delectatione

277 2809 443 2837 possidebat».
461 2811 504 2832 Pro
521 2809 643 2832 [litet-tione
662 2809 700 2838 (ita
719 2809 762 2831 AB
773 2808 798 2837 C)
817 2808 870 2831 edd.
888 2814 979 2831 amore.

340 2847 349 2860 ⁵
366 2848 538 2871 Considerando
556 2848 650 2872 diver-sci
662 2852 775 2876 tempora,
788 2848 873 2871 scilicet
885 2848 953 2876 Legis
965 2851 987 2870 et
999 2848 1125 2876 Evangelii.

278 2887 342 2915 Nam,
360 2890 383 2910 ut
400 2888 431 2910 ait
448 2888 552 2916 August,
570 2888 599 2910 de
617 2889 679 2910 Bono
696 2888 820 2916 coniugali,
838 2894 858 2910 c.
875 2888 912 2910 21.
930 2894 952 2910 n.
970 2888 1011 2910 26:
1024 2888 1049 2909 Et
1065 2887 1126 2909 illius

278 2927 338 2949 enim
351 2926 488 2953 caelibatus,
500 2930 522 2949 et
534 2927 592 2949 illius
604 2926 746 2949 connubium
758 2932 803 2956 pro
815 2928 949 2956 temporum
962 2925 1126 2950 distributione

277 2965 367 2988 ChrIsto
384 2965 508 2987 militarunt
525 2969 568 2988 etc.
585 2966 629 2988 Cir.
648 2966 742 2992 Bonav„
761 2966 797 2988 IV.
816 2967 878 2988 Sent.
893 2966 916 2988 d.
929 2966 966 2988 33.
984 2972 1004 2988 a.
1022 2966 1044 2988 2.
1062 2972 1085 2994 q.
1104 2966 1124 2987 2.

340 3003 349 3016 ‘³
367 3004 436 3032 Epist.
453 3004 467 3026 l.
485 3004 537 3026 Cor.
556 3005 592 3031 40,
615 3005 649 3026 ll.
667 3005 711 3027 Cir.
729 3011 800 3032 supra
818 3011 871 3032 pag.
891 3005 944 3031 287,
963 3008 1016 3027 nota
1035 3005 1056 3026 8.

342 3042 350 3055 ⁷
368 3043 422 3065 Sive
439 3043 602 3065 Declamation.
621 3044 670 3069 (cir.
687 3050 758 3071 supra
775 3050 829 3071 pag.
848 3043 884 3070 45,
902 3046 956 3066 nota
974 3043 1004 3072 8.)
1018 3044 1056 3066 Vi.
1068 3050 1090 3065 n.
1104 3043 1124 3064 6.

1245 2336 1254 2349 ³
1272 2337 1334 2359 Libr.
1351 2337 1383 2359 lll.
1402 2337 1458 2364 fleg.
1490 2337 1527 2363 19,
1553 2335 1577 2357 4:
1596 2336 1675 2364 Neque
1700 2335 1761 2357 euim
1785 2335 1865 2357 melior
1887 2341 1938 2357 sum
1959 2341 2029 2364 quam

1182 2379 1258 2404 patres
1277 2376 1329 2398 mei.
1347 2388 1377 2392 —
1394 2375 1498 2398 Subinde
1516 2382 1558 2403 pro
1576 2374 1705 2398 obtinerent
1724 2377 1797 2397 textus
1814 2374 1931 2402 originalis
1946 2373 2031 2396 substi-

1183 2416 1224 2438 tuit
1241 2415 1396 2438 obtinuissent
1412 2418 1434 2437 ct
1450 2415 1527 2437 addit:
1545 2417 1584 2436 aut
1609 2417 1694 2436 tantam
1716 2414 1813 2442 gratiam
1836 2413 1953 2436 consecuti
1974 2413 2031 2436 divi-

1183 2455 1224 2477 tias
1242 2455 1390 2477 nihilominus
1407 2454 1572 2482 possedissent.

1245 2492 1255 2506 ⁹
1273 2494 1317 2517 Cir.
1334 2494 1391 2516 Gen.
1411 2494 1446 2521 15,
1465 2493 1486 2515 9.
1504 2499 1552 2522 seq.
1571 2497 1592 2515 et
1610 2493 1647 2520 22,
1670 2493 1702 2515 13.
1725 2493 1810 2514 Textus
1834 2492 1952 2520 originalis
1975 2498 2032 2514 non-

1183 2534 1243 2556 nulla
1261 2533 1298 2555 hic
1315 2533 1387 2555 addit.

1247 2571 1266 2584 ¹⁰
1283 2572 1352 2595 Ilebr.
1374 2573 1411 2599 10,
1433 2572 1454 2599 1;
1472 2573 1512 2594 cfr.
1529 2571 1577 2594 Col.
1595 2572 1616 2598 2,
1639 2571 1672 2593 17.
1691 2571 1823 2593 lininediale
1840 2573 1892 2599 post
1909 2570 2030 2598 respicitur

1183 2612 1196 2634 1.
1214 2611 1266 2635 Cor.
1289 2612 1321 2640 10,
1343 2612 1376 2633 11.
1394 2623 1425 2627 -
1442 2611 1536 2633 inferius
1553 2613 1605 2638 post
1624 2610 1722 2633 Domino
1741 2612 1813 2632 textus
1830 2609 1948 2637 originalis
1965 2610 2030 2637 plura

1183 2651 1253 2673 addit.

1246 2689 1264 2701 ¹¹
1284 2689 1353 2717 Epist.
1371 2690 1385 2711 l.
1403 2689 1454 2712 Cor.
1474 2690 1501 2716 2,
1531 2689 1564 2711 13,
1581 2688 1627 2711 Csr.
1643 2694 1713 2716 supra
1732 2694 1785 2716 pag.
1804 2687 1856 2714 287,
1875 2690 1927 2709 nota
1950 2687 1983 2709 10.
2001 2698 2031 2703 —

1183 2729 1286 2752 Subinde
1304 2735 1345 2757 pro
1362 2735 1403 2758 spe
1420 2729 1472 2751 Vat.
1489 2731 1511 2751 et
1528 2728 1565 2750 ed.
1583 2729 1596 2750 2
1614 2734 1737 2756 perperam
1755 2727 1836 2757 specie.

1246 2767 1265 2780 ¹²
1284 2769 1332 2791 Vat.
1350 2774 1403 2790 cum
1422 2768 1458 2790 ed.
1481 2768 1485 2789 l
1504 2768 1559 2790 salso
1571 2768 1740 2790 commutatur.
1752 2767 1847 2789 interius
1859 2773 1901 2795 pro
1914 2766 2032 2790 bonorum

1182 2814 1209 2830 ex
1226 2807 1242 2830 C
1253 2808 1268 2829 E
1285 2807 1448 2830 substituimus
1465 2806 1550 2830 ltonor.

1246 2846 1265 2860 ¹³
1282 2847 1327 2870 Csr.
1345 2848 1394 2869 Mal.
1412 2847 1437 2875 4,
1461 2848 1483 2869 2.
1501 2859 1530 2862 —-
1549 2846 1651 2868 Subinde
1677 2848 1729 2874 post
1752 2845 1794 2875 qui
1817 2845 1979 2873 supplevimus
2004 2851 2030 2867 ex

1182 2886 1225 2909 BC
1236 2887 1251 2908 E
1266 2892 1323 2916 per,
1339 2892 1387 2915 quo
1405 2886 1504 2913 omisso,
1517 2885 1553 2908 ed.
1571 2886 1583 2907 2
1601 2885 1652 2907 voci
1670 2884 1751 2907 radios
1770 2884 1948 2912 praefigendum
1966 2885 2031 2911 putat

1184 2925 1261 2949 relati.

1246 2964 1266 2977 ¹4
1283 2965 1413 2993 Respicitur
1431 2965 1491 2987 loan.
1508 2964 1530 2991 6,
1550 2963 1587 2986 l5.
1603 2976 1635 2980 —
1651 2963 1747 2986 Inferius
1764 2969 1806 2991 pro
1824 2964 1852 2986 nt
1870 2969 1924 2986 eum
1942 2963 1993 2985 Vat.
2010 2964 2032 2984 et

1183 3004 1220 3026 ed.
1238 3005 1251 3026 2
1270 3005 1297 3026 ut
1312 3003 1395 3026 (zizimi.

1246 3041 1265 3054 ¹⁵
1285 3042 1342 3070 Vat.,
1360 3044 1465 3064 contextu
1484 3044 1642 3069 repugnante,
1661 3040 1767 3064 viriliter.

2048 1585 2104 1604 Verbi
2114 1585 2126 1605 Ι-

2060 1614 2103 1628 vers:
2114 1623 2116 1628 .

2053 2060 2101 2102 liora]
2109 2054 2128 2078 ln-
