2133 3317
142 731 196 757 Aqua
209 736 251 757 cou-

134 756 214 781 vertitur
233 759 252 772 in

133 783 204 796 vinum.

131 1438 189 1457 Aliud
203 1437 257 1456 mira·

160 1462 228 1480 culum.

165 2428 255 2447 Tertium.

267 224 324 252 {in
675 221 871 250 OPUSCULUM
894 220 983 249 xxiv.
1005 220 1155 249 LEGENDA
1176 220 1280 250 MlNOR
1303 220 1416 250 SANCTI
1437 220 1611 250 FRANClSCl.

267 302 419 339 crepitante
440 301 515 330 ferro
536 301 563 328 in
587 303 681 328 tenera
703 307 801 333 carne,
823 302 850 327 et
871 299 905 327 ab
927 307 996 328 aure
1026 306 1117 336 usque

267 350 300 378 ad
323 348 503 386 supercilium
526 350 640 376 coctura
655 349 809 384 protracta,
826 346 868 374 vir
884 346 940 374 Deo
954 346 1053 382 plenus
1067 353 1116 375 ex-

267 396 373 425 sultans
395 395 421 423 in
444 394 560 431 spiritu:
587 405 600 418 «
616 393 751 427 Laudate,
773 393 864 430 inquit
885 392 919 421 ad
934 393 1059 427 Fratres,
1074 393 1117 421 Al-

270 443 420 475 tissimum,
443 441 524 478 quia,
546 444 577 469 ut
599 448 696 469 verum
719 440 819 473 fatear,
852 447 901 468 nec
934 439 1003 476 ignis
1034 439 1116 468 ardor

268 489 420 517 molestiam
443 488 536 517 intulit
557 496 608 516 1160
629 488 720 516 carnis
742 487 820 516 dolor
842 495 885 516 me
906 487 1047 515 afflixit».

558 582 650 610 Lectio
672 581 801 610 secunda
815 582 832 609 1.

347 677 424 713 Apud
446 684 571 705 eremum
594 676 678 705 sancti
701 676 802 704 Urbani
825 683 906 704 servo
927 676 975 704 Dei
996 676 1118 713 aegritu-

269 723 333 752 dine
353 723 515 760 gravissima
547 723 705 756 laborante,
728 730 791 751 cum
826 722 883 759 ipse
906 726 1022 752 naturae
1043 723 1118 752 defe-

269 774 344 799 ctum
368 771 504 804 sentiens,
534 771 588 799 vini
619 770 749 807 poculum
780 773 898 807 peteret,
931 770 1056 807 nihilque
1084 771 1118 800 de

269 818 348 852 vino,
371 818 445 855 quod
467 818 517 846 sibi
540 818 598 847 dari
632 817 732 854 possit,
759 817 975 854 responderetur
1006 818 1117 852 adesse;

270 866 364 899 iussit,
387 874 486 903 aquam
515 865 607 894 afferri
638 869 665 893 et
693 865 802 893 allatam
832 865 909 901 signo
932 865 1025 894 crucis
1045 865 1118 894 edito

269 913 419 942 benedixit.
442 914 504 941 Mox
527 913 622 941 vinum
645 912 764 941 efficitur
787 912 921 949 optimum
938 912 1011 949 quod
1027 912 1118 941 suerat

269 969 338 998 aqua
362 969 448 997 pura,
470 963 497 989 et
519 960 592 997 quod
608 959 708 988 deserti
725 960 774 988 loci
791 963 940 996 paupertas
955 968 1009 988 11011
1029 960 1119 996 11011111

269 1008 354 1036 sancti
377 1008 427 1035 viri
451 1007 559 1044 puritas
580 1007 746 1043 impetravit.
769 1006 806 1035 Ad
828 1007 887 1035 eius
900 1007 911 1023 2
926 1010 1038 1043 gustum
1055 1015 1120 1044 pro-

269 1055 344 1084 tinus
366 1058 441 1083 tanta
462 1054 592 1083 facilitate
621 1054 775 1088 convaluit,
800 1057 830 1083 ut
862 1053 1003 1082 evidenter
1032 1054 1119 1083 clare-

270 1106 371 1136 sceret,
394 1102 467 1139 quod
489 1105 614 1138 optatum
638 1102 768 1138 poculum
790 1101 857 1130 illud
873 1109 888 1129 a
909 1101 987 1138 largo
1002 1101 1051 1130 sibi
1070 1101 1121 1129 fuit

269 1150 370 1178 Datore
392 1157 568 1183 concessum,
592 1157 644 1177 non
669 1152 722 1177 tam
746 1152 776 1177 ut
799 1149 922 1178 afficiens
936 1149 969 1177 ad
992 1156 1119 1185 saporem

270 1205 352 1233 quam
378 1200 408 1224 ut
430 1196 529 1225 efficax
551 1196 584 1224 ad
607 1196 733 1225 salutem.

580 1292 672 1320 Lectio
694 1292 780 1320 tertia
792 1292 811 1320 3.

349 1387 405 1415 Alio
427 1394 539 1423 quoqne
562 1389 684 1423 tempore
707 1386 748 1415 vir
771 1387 831 1421 Dei,
846 1386 878 1415 ad
902 1387 1039 1423 quandam
1061 1394 1122 1416 ere-

270 1442 347 1462 mum
371 1433 523 1462 transferre
551 1441 579 1462 se
612 1434 723 1467 volens,
745 1436 777 1462 ut
803 1434 837 1461 1111
863 1434 977 1462 liberius
999 1437 1120 1463 contem-

269 1481 382 1517 plationi
406 1483 528 1515 vacaret,
550 1480 616 1517 quia
637 1480 734 1509 debilis
755 1484 829 1515 erat,
851 1481 994 1509 cuiusdam
1018 1489 1121 1518 paupe-

270 1528 309 1556 ris
332 1527 450 1556 bominis
472 1528 634 1556 vectabatur
649 1528 741 1556 asello.
758 1528 883 1564 Cumque
898 1527 996 1556 diebus
1010 1528 1122 1557 aestivis

270 1575 404 1603 famulum
427 1575 475 1603 Dei
497 1574 638 1611 sequendo
659 1575 701 1603 vir
735 1575 780 1603 ille
802 1577 932 1603 montana
954 1575 1120 1604 conscende-

271 1625 328 1655 ret,
350 1621 499 1658 asperioris
521 1624 547 1650 et
576 1622 707 1658 longioris
729 1622 788 1650 viae
809 1622 908 1650 itinere
929 1622 1059 1659 fatigatus
1081 1623 1121 1651 ni-

270 1669 382 1706 mioque
404 1669 463 1697 sitis
495 1669 595 1697 ardore
627 1668 772 1702 deficiens,
795 1669 929 1698 instanter
956 1670 1045 1706 coepit
1066 1670 1121 1698 cla-

271 1723 347 1744 mare
358 1723 389 1744 ac
404 1715 511 1747 dicere,
528 1715 601 1752 quod
617 1715 668 1744 nisi
685 1716 829 1752 paululum
846 1715 962 1750 biberet,
978 1716 1120 1745 confestim

271 1762 399 1799 spiritum
428 1762 581 1790 exhalaret.
612 1762 720 1799 Absque
742 1770 820 1790 mora
850 1762 892 1790 vir
914 1762 961 1790 Dei
984 1762 1121 1799 prosilivit

271 1809 304 1837 de
326 1809 415 1842 asino,
439 1812 465 1837 et
486 1809 551 1837 lixis
573 1809 599 1837 111
617 1811 692 1837 terra
706 1809 870 1845 poplitibus,
887 1809 991 1845 palmas
1006 1809 1121 1837 tetendit

273 1856 305 1884 ad
328 1856 452 1890 caelum,
475 1864 556 1885 orare
582 1864 636 1885 non
668 1864 793 1890 cessans,
816 1856 903 1885 donec
934 1864 962 1885 se
984 1856 1121 1885 intellexit

272 1903 407 1932 auditum.
440 1903 570 1932 Oratione
600 1903 708 1932 tandem
738 1904 829 1932 linita:
857 1904 1008 1937 «Festina,
1031 1903 1121 1940 inquit

276 1951 351 1985 viro,
383 1951 417 1979 ad
445 1954 568 1988 petram,
591 1954 617 1979 et
645 1951 699 1979 illic
727 1959 828 1988 aquam
858 1951 948 1980 vivam
981 1951 1121 1988 reperies,

273 2006 355 2035 quam
381 1998 427 2027 tibi
460 1999 511 2027 bac
544 1998 613 2027 hora
641 1998 857 2027 misericorditer
879 1998 1007 2027 Christus
1028 1998 1061 2026 de
1084 1998 1122 2026 la-

272 2046 334 2082 pide
356 2046 500 2075 bibendam
525 2045 699 2082 produxit».
716 2045 847 2074 Cucurrit
868 2046 963 2074 sitiens
984 2046 1068 2074 1101110
1089 2046 1122 2074 ad

273 2093 363 2122 locum
385 2097 526 2122 ostensum
558 2093 684 2130 bibitque
712 2101 812 2130 aquam
847 2094 880 2121 de
913 2096 991 2130 petra
1018 2093 1123 2122 orantis

274 2140 376 2168 virtute
398 2140 560 2176 productam
583 2143 610 2168 et
631 2140 762 2176 poculum
784 2140 877 2168 bausit
899 2148 914 2168 a
935 2140 991 2168 Deo
1012 2140 1063 2168 sibi
1089 2140 1123 2168 de

274 2194 343 2215 saxo
364 2187 513 2215 durissimo
536 2187 721 2223 propinatum.

570 2280 663 2309 Lectio
684 2284 795 2318 quarta
806 2281 825 2308 4.

355 2375 491 2411 Tempore
512 2374 725 2412 quoda1]],quo
756 2374 877 2403 famulus
907 2374 1013 2402 Domini
1043 2382 1124 2403 secus

274 2430 351 2451 mare
373 2421 570 2458 praedicabat⁵
592 2422 714 2455 Caietae,
738 2429 801 2450 cum
824 2421 971 2449 turbarum
1002 2421 1029 2449 in
1059 2429 1122 2449 eum

274 2478 340 2507 prae
361 2469 507 2498 devotione
529 2469 670 2498 ruentium
692 2469 831 2498 declinare
852 2468 933 2497 vellet
948 2469 1123 2505 applausum,

274 2516 302 2544 in
324 2524 407 2545 unam
430 2516 515 2544 littori
538 2516 698 2544 haerentem
720 2515 876 2544 naviculam
897 2515 1016 2551 prosiliit
1038 2515 1122 2543 solus.

276 2563 321 2592 Illa
342 2571 425 2597 vero,
447 2566 579 2599 tanquam
611 2563 632 2591 si
664 2562 779 2591 motoris
802 2562 826 2590 vi
853 2561 1061 2599 gubernaretur
1080 2561 1124 2589 in-

275 2610 410 2644 trinseca,
433 2610 612 2639 cernentibus
632 2613 660 2638 et
680 2609 846 2638 mirantibus
868 2609 990 2643 cunctis,
1013 2609 1060 2646 qui
1076 2609 1123 2637 ad-

275 2660 369 2691 erant,
401 2657 460 2686 sine
491 2657 583 2694 aliquo
615 2657 720 2694 remige
751 2657 859 2693 longius
886 2665 916 2685 se
947 2656 1086 2693 protraxit
1106 2665 1122 2685 a

1173 302 1256 328 terra,
1280 300 1347 328 Cum
1370 303 1462 329 autem
1484 300 1626 337 aliquanto
1648 300 1736 336 spatio
1758 301 1842 329 maris
1863 302 2019 331 secessisset

1173 346 1200 374 in
1222 347 1322 381 altum,
1344 347 1419 375 stetit
1440 347 1512 375 inter
1544 347 1647 376 fluctus
1679 347 1843 381 immobilis,
1870 348 2019 384 quamdiu,

1173 394 1400 430 exspectantibus
1422 394 1512 422 turbis
1533 394 1559 422 in
1582 394 1688 428 littore,
1710 394 1771 423 viro
1792 394 1839 423 Dei
1862 395 2021 432 praedicare

1174 440 1347 477 complacuit.
1369 440 1510 477 Cumque,
1532 441 1626 469 audito
1647 449 1775 470 sermone
1802 442 1917 479 visoque
1939 442 2021 471 mira-

1175 487 1238 515 culo
1258 495 1290 516 ac
1305 487 1495 516 benedictione
1509 491 1636 524 accepta,
1651 488 1710 525 ipso
1725 493 1855 525 rogante,
1871 489 2020 518 multitudo

1174 534 1331 568 recederet,
1354 542 1408 562 non
1429 534 1545 563 alterius
1567 543 1650 571 quam
1672 536 1796 564 caelestis
1817 536 1947 565 iussionis
1972 537 2022 565 im-

1174 581 1257 617 pulsu
1280 581 1357 610 navis
1378 581 1525 618 applicuit:
1549 584 1681 618 tanquam
1703 582 1724 610 si
1747 586 1887 611 ereatura
1904 584 2024 612 Facturi

1174 627 1335 657 deserviens
1347 629 1368 662 ⁶,
1390 628 1528 657 Creatoris
1550 629 1672 665 perfecto
1692 630 1791 658 cultori
1814 633 1841 659 et
1861 631 1919 660 sine
1934 632 2023 661 rebel-

1174 675 1246 703 lione
1268 683 1296 703 se
1318 675 1450 704 subderet
1471 678 1498 703 et
1518 676 1576 704 sine
1598 676 1783 706 retardatione
1805 681 1923 714 pareret.

1477 770 1570 798 Lectio
1592 770 1695 808 quinta
1707 771 1726 799 ⁷.

1254 863 1355 891 Moram
1376 871 1409 892 eo
1429 863 1545 893 faciente
1568 868 1690 901 tempore
1711 866 1831 902 quodam
1846 866 1873 894 in
1895 867 2024 896 eremito-

1175 909 1216 937 rio
1238 909 1360 944 Graecii,
1383 910 1433 938 loci
1457 910 1531 938 illius
1554 910 1696 947 indigenae
1728 912 1807 941 malis
1835 912 1903 941 adeo
1930 914 2024 942 multi-

1175 956 1294 993 plicibus
1315 957 1520 993 gravabantur,
1543 957 1616 993 quod
1639 961 1665 986 et
1686 958 1791 995 grando
1813 967 1906 988 annua
1921 962 2025 997 tempe-

1175 1006 1245 1031 state
1268 1003 1347 1031 blada
1370 1004 1515 1032 vastabat8
1538 1007 1565 1033 et
1586 1004 1696 1039 vineas,
1718 1008 1745 1033 et
1777 1006 1908 1042 luporum
1930 1007 2025 1036 multi-

1176 1050 1243 1079 tudo
1271 1051 1412 1087 rapacium
1443 1059 1496 1080 non
1529 1052 1617 1080 solum
1647 1052 1746 1086 bruta,
1768 1053 1815 1082 sed
1844 1056 1871 1082 et
1899 1046 2037 1083 homines

1176 1098 1366 1126 consumebat.
1389 1098 1432 1126 Sic
1453 1098 1539 1135 igitur
1572 1099 1750 1128 vehementer
1771 1099 1880 1129 afflictis
1900 1101 2025 1138 omnipo-

1178 1145 1259 1173 tentis
1282 1145 1387 1173 Domini
1410 1146 1531 1174 famulus
1546 1146 1663 1183 benigne
1678 1147 1856 1184 compatiens,
1873 1148 1899 1176 in
1916 1149 2026 1185 publica

1178 1191 1231 1220 illis
1262 1192 1465 1228 praedicatione
1494 1193 1620 1229 promisit
1648 1202 1732 1230 seque
1765 1194 1954 1224 fideiussorem
1987 1196 2027 1225 eis

1178 1238 1309 1273 instituit,
1331 1239 1405 1276 quod
1429 1240 1583 1276 pestilentia
1608 1240 1654 1269 illa
1679 1242 1768 1270 omnis
1788 1242 1965 1276 abscederet,
1987 1243 2025 1277 si,

1178 1286 1347 1315 confessione
1368 1287 1534 1323 praemissa,
1549 1287 1645 1324 dignos
1660 1289 1843 1325 poenitentiae
1864 1289 1974 1319 fructus
1988 1290 2026 1319 fa-

1177 1341 1240 1362 cere
1262 1334 1371 1362 vellent.
1393 1334 1432 1363 Ab
1453 1334 1499 1363 illa
1514 1335 1607 1372 itaque
1622 1335 1703 1369 liora,
1719 1336 1913 1372 poenitentiam
1929 1337 1963 1366 ad
1977 1345 2027 1367 ex-

1178 1381 1362 1410 hortationem
1393 1382 1479 1418 ipsius
1507 1382 1653 1419 agentibus
1673 1383 1742 1417 illis,
1765 1388 1944 1413 cessaverunt
1972 1385 2028 1413 cla-

1178 1428 1241 1462 des,
1264 1429 1372 1465 11611616
1394 1429 1533 1466 pericula,
1555 1437 1605 1458 nec
1628 1430 1768 1459 molestiae
1784 1431 1936 1468 quidquam
1952 1432 2026 1461 intu-

1179 1476 1236 1504 lere
1258 1476 1315 1512 lupi
1337 1476 1379 1504 vel
1406 1476 1566 1513 grandines3
1588 1477 1690 1511 11111110,
1719 1477 1792 1514 quod
1815 1478 1904 1507 maius
1925 1482 1980 1513 est,
2002 1479 2024 1508 si

1178 1522 1289 1559 quando
1312 1523 1466 1551 vicinorum
1488 1532 1556 1552 arva
1577 1524 1682 1561 grando
1704 1525 1883 1561 pervaderet,
1906 1526 2027 1555 istorum

1178 1570 1303 1599 terminis
1324 1570 1550 1608 appropinquans
1564 1575 1612 1600 aut
1628 1572 1829 1601 terminabatur
1850 1573 1964 1608 ibidem,
1980 1578 2027 1603 aut

1178 1617 1204 1645 in
1227 1621 1333 1654 partem
1356 1618 1437 1646 aliam
1458 1618 1649 1647 divertebatur
1661 1619 1680 1646 9.

1482 1713 1575 1741 Lectio
1595 1716 1679 1741 sexta
1692 1714 1722 1741 ¹⁰.

1257 1806 1313 1835 Alio
1335 1814 1447 1843 quoque
1470 1810 1609 1843 tempore,
1631 1815 1694 1836 cum
1717 1808 1929 1844 praedicationis
1945 1817 2028 1839 causa

1179 1852 1221 1881 vir
1243 1853 1290 1881 Dei
1308 1853 1404 1881 vallem
1422 1853 1595 1890 Spoletanam
1611 1854 1794 1889 circumiens,
1809 1856 2034 1893 appropinquas*

1179 1903 1220 1929 set
1241 1900 1403 1934 Bevanioss,
1426 1900 1458 1929 ad
1488 1901 1625 1938 quendam
1658 1901 1749 1930 locum
1778 1902 1900 1937 devenit,
1922 1903 1951 1932 in
1973 1912 2028 1941 quo

1179 1948 1279 1976 diversi
1301 1948 1411 1984 generis
1431 1948 1524 1976 avium
1547 1948 1668 1977 maxima
1689 1949 1837 1978 multitudo
1853 1954 2027 1980 convenerat.

1180 1995 1253 2031 Quas
1275 1995 1355 2023 oculo
1384 1995 1428 2032 pio
1460 1995 1647 2031 conspiciens,
1676 1996 1802 2025 irruente
1823 1997 1850 2025 in
1872 2005 1901 2026 se
1922 1997 2028 2035 Spiritu

1180 2042 1304 2076 Domini,
1327 2042 1457 2071 velociter
1479 2042 1605 2071 cucurrit
1633 2042 1665 2071 ad
1689 2043 1795 2077 locum,
1821 2044 1931 2081 illisque
1953 2045 2027 2073 salu-

1180 2089 1244 2117 tatis
1265 2089 1409 2123 alacriter,
1433 2092 1463 2118 ut
1479 2089 1595 2118 verbum
1616 2090 1661 2118 Dei
1676 2093 1779 2119 attente
1794 2091 1931 2125 audirent,
1948 2092 2030 2120 silen-

1181 2136 1250 2164 tium
1274 2136 1428 2173 imperavit.
1450 2136 1518 2164 Cum
1540 2139 1633 2165 autem
1660 2137 1742 2173 plura
1762 2137 1795 2166 de
1818 2138 1959 2167 beneficiis
1980 2139 2029 2167 Dei

1180 2183 1317 2211 creaturis
1338 2183 1443 2212 collatis
1475 2186 1502 2211 et
1532 2183 1662 2212 laudibus
1692 2184 1715 2212 ei
1738 2184 1774 2213 ab
1794 2185 1861 2221 ipsis
1883 2185 2035 2214 reddendis

1180 2230 1344 2266 loqueretur
1374 2230 1504 2264 aviculis,
1527 2230 1589 2258 illae
1618 2231 1699 2259 modo
1732 2231 1849 2260 mirabili
1882 2233 2031 2269 gestientes

1181 2280 1332 2314 coeperunt
1354 2277 1505 2306 extendere
1527 2278 1611 2311 colla,
1635 2278 1801 2314 protendere
1822 2279 1894 2313 alas,
1920 2280 2030 2316 aperire

1181 2328 1271 2353 rostra
1302 2328 1329 2353 et
1357 2324 1384 2352 in
1416 2325 1506 2361 ipsum
1537 2328 1640 2354 attente
1672 2326 1826 2362 respicere,
1854 2329 1984 2363 tanquam
2007 2327 2028 2356 si

1180 2372 1354 2409 eloquiorum
1377 2372 1437 2401 eius
1457 2372 1646 2401 admirabilem
1668 2376 1837 2402 conarentur
1856 2374 1959 2402 sentire
1974 2374 2030 2402 vir—

1181 2422 1277 2448 tutem.
1307 2419 1380 2448 Iuste
1410 2419 1521 2456 quidem
1553 2419 1596 2447 vir
1624 2420 1680 2448 Deo
1701 2420 1800 2457 plenus
1827 2420 1861 2449 ad
1886 2423 2030 2449 creaturas

1158 2469 1160 2472 ⁴
1182 2466 1342 2495 huiusmodi
1364 2467 1470 2495 ratione
1485 2469 1611 2495 carentes
1626 2467 1670 2503 pio
1685 2466 1826 2496 serebatur
1849 2468 2029 2497 humanitatis

1181 2514 1290 2547 affectu,
1302 2521 1365 2542 cum
1381 2517 1408 2542 et
1422 2513 1484 2542 illae
1496 2521 1575 2542 versa
1587 2514 1647 2544 vice
1662 2518 1715 2542 tam
1732 2514 1803 2543 miro
1818 2514 1899 2543 modo
1914 2514 2029 2543 inclina-

1181 2564 1280 2589 rentur
1301 2561 1335 2589 ad
1357 2561 1463 2597 ipsum,
1479 2563 1511 2589 ut
1525 2561 1673 2590 instruenti
1695 2561 1869 2590 attenderent
1882 2564 1909 2590 et
1926 2561 2028 2598 praeci-

1181 2608 1265 2645 pienti
1280 2611 1410 2645 parerent
1425 2611 1452 2636 et
1466 2608 1500 2636 ad
1515 2608 1709 2645 suscipientem
1726 2616 1789 2637 cum
1805 2608 1953 2637 securitate
1968 2616 2030 2637 con-

1182 2655 1309 2692 fugerent
1323 2658 1350 2684 et
1364 2655 1438 2692 apud
1451 2655 1613 2684 retinentem
1629 2655 1687 2684 sine
1698 2655 1861 2684 difficultate
1875 2658 2028 2684 manerent.

341 2874 346 2888 ¹
367 2874 423 2896 lbid.
440 2881 459 2897 0,
478 2875 498 2897 5.
517 2882 538 2897 11.
561 2876 595 2897 10.

340 2912 348 2925 ²
366 2912 423 2935 Cod.
441 2914 459 2935 M
477 2919 552 2936 citius.
571 2914 665 2936 luserius
683 2920 725 2942 pro
742 2913 788 2943 suit
806 2914 844 2941 (ita
862 2914 891 2942 M)
910 2914 952 2936 611.»
964 2913 1044 2943 suerit.

340 2951 349 2963 ³
368 2951 423 2974 lbid.
442 2959 460 2975 c.
478 2953 500 2975 7.
519 2959 540 2975 n.
563 2954 597 2975 ie.

339 2991 348 3003 ⁴
367 2991 423 3013 lbid.
443 2997 462 3013 c.
484 2993 518 3015 12,
536 2999 558 3014 11.
578 2992 599 3014 6.

342 3029 350 3042 ⁵
367 3030 424 3053 Cod.
441 3031 458 3052 Α
475 3030 632 3059 praedicaret.
928 3030 937 3043 ⁶
955 3032 1006 3060 Sap.
1026 3032 1068 3058 116,
1086 3031 1122 3053 24.

1246 2874 1254 2886 ⁷
1272 2874 1329 2897 lbid.
1346 2881 1366 2897 c.
1384 2876 1405 2896 S.
1424 2881 1444 2896 n.
1468 2875 1501 2896 11.

1245 2912 1254 2925 Β
1272 2914 1311 2936 Ε11.
1331 2915 1440 2936 vastaret.

1244 2952 1253 2965 ⁹
1271 2952 1326 2975 Cod.
1345 2954 1362 2975 Α
1380 2951 1515 2975 divertebat.

1245 2990 1264 3003 ¹⁰
1282 2992 1337 3014 lbid.
1355 2998 1374 3014 c.
1397 2992 1429 3013 12.
1447 2998 1470 3013 11.
1488 2992 1509 3013 3.

1246 3030 1263 3042 ¹¹
1282 3030 1354 3053 Codd.
1373 3030 1509 3053 Becaizz'um.

2041 871 2117 895 Quat-tun

2056 1811 2111 1831 111-11611
2121 1813 2126 1830 l

2066 1835 2111 1854 avnb:
2118 1846 2119 1850 .
