2133 3317
512 221 709 250 OPUSCULUM
731 221 748 248 l.
771 220 941 249 SPECULUM
962 221 1170 249 DISCIPLINAE.
1195 221 1274 250 PARS
1296 222 1403 250 PRIMA.

87 301 116 327 ut
133 301 201 326 solus
224 301 281 325 «ab
308 301 416 326 omnium
445 299 568 325 consortio
595 299 767 330 sequestratus
794 299 933 328 reficiatur,

88 351 132 369 sua
151 344 172 369 ei
191 344 219 369 de
242 344 313 373 vino,
339 344 360 369 si
385 343 461 368 fuerit
485 342 632 373 habiturus,
658 342 772 373 portione
798 342 934 366 sublata».

87 387 167 418 Digne
186 386 283 418 quidem
302 394 317 411 a
336 386 459 411 communi
478 385 609 410 refectione
629 385 760 416 repellitur
779 386 820 416 qui
840 392 865 409 se
890 392 934 416 per

87 429 175 454 vitium
195 437 210 454 a
228 429 351 454 communi
369 428 480 454 oratione
500 428 612 453 secludit.
631 427 706 452 Absit
723 435 738 452 a
751 428 830 453 servis
843 427 887 452 Dei
901 428 934 452 vi-

87 472 165 498 tiosae
178 472 251 497 huius
264 471 449 497 consuetudinis
462 471 600 502 turpitudo,
612 470 641 495 ut
650 470 812 496 conventuale
825 470 932 501 aliquod,

87 515 197 539 divinum
217 514 364 546 praesertim
383 513 502 543 officium,
523 514 627 538 alterius
646 513 777 544 praetextu
802 513 934 538 cuiuslibet

87 558 158 583 tardo
176 565 290 586 accessu,
309 557 349 582 vel
367 556 470 582 citiore¹
491 557 608 581 abscessu
632 556 736 587 propter
763 563 838 587 opera
862 556 932 581 deho-

86 601 194 626 nestent.
214 601 248 625 Ut
266 601 330 625 enim
350 600 438 625 tardus
456 607 583 629 accessus,
604 600 638 624 sic
663 600 721 624 ante
746 599 832 624 horam
858 606 933 624 reces—

87 651 130 669 sus
149 644 201 668 siue
219 644 291 675 gravi
312 643 471 674 praesumtus
490 642 638 668 necessitate
661 642 785 674 arguitur.
798 642 934 673 Impatien-

88 686 122 712 tis
140 687 165 712 et
184 688 241 711 vani
261 687 360 718 signum
379 687 418 711 est
436 686 544 711 hominis
562 686 588 710 in
606 685 777 711 communibus
795 685 932 716 anticipare

88 737 210 755 recessum
229 737 273 755 nec
292 737 355 761 opus
373 729 418 754 Dei
438 737 509 760 posse
527 730 553 753 in
572 729 646 754 choro
665 736 742 760 usque
761 729 792 753 ad
805 728 879 753 finem
892 736 933 753 ex-

87 773 207 804 spectare.
226 772 251 797 Si
270 772 431 801 monachum,
451 772 538 797 sancto
556 771 677 796 narrante
700 771 818 803 Gregorio
832 770 850 800 ²,
877 771 933 802 post

87 816 237 847 completum
256 815 362 840 officium
382 816 498 840 continuo
518 815 671 840 recedentem
690 815 759 839 visus
772 814 810 839 est
829 814 932 839 daemon

86 859 118 884 ab
136 859 245 884 oratorio
265 859 376 888 trahere3
396 858 455 890 quid
474 858 503 883 de
521 858 561 882 his
584 858 626 889 qui
654 865 699 882 nec
717 857 796 888 ipsius
814 857 934 888 expletio-

87 910 142 927 nem
162 902 235 927 officii
253 902 460 933 praestolantur?
478 901 553 926 Haud
571 901 672 925 dubium
691 900 863 925 conventualis
882 900 933 924 ubi-

87 944 149 970 libet
166 945 277 970 decorem
304 944 459 975 integritatis
487 944 612 975 negligere
641 943 806 968 inexcusabile
830 950 932 974 prorsus

88 988 240 1013 remissionis
259 987 297 1012 est
316 987 418 1016 vitium;
438 986 470 1011 ad
488 987 577 1011 vitium
602 986 686 1010 autem
705 986 747 1010 vix
765 986 858 1011 occasio
878 985 933 1010 dee-

87 1029 136 1060 rit,
155 1031 176 1055 si
194 1030 319 1062 quaelibet
337 1029 495 1054 admittatur.

157 1073 183 1098 4.
202 1072 293 1098 Omnes
311 1072 415 1104 denique
434 1072 537 1097 Fratres
561 1071 660 1096 labores
678 1078 728 1096 non
747 1078 776 1096 ex
804 1071 857 1096 sola
876 1077 934 1096 con-

59 1141 63 1144 ,
88 1116 231 1146 suetudine,
251 1116 280 1141 ut
298 1115 381 1141 vitula
409 1115 541 1146 Ephraim
560 1115 635 1140 docta
654 1115 761 1146 diliyere
781 1115 903 1139 trituram
914 1113 933 1145 ³,

65 1150 73 1155 ”
91 1159 133 1184 sed
151 1167 180 1184 ex
199 1159 282 1184 animi
300 1158 430 1183 devotione
459 1157 599 1187 sectentur,
619 1157 648 1182 ut
666 1158 692 1182 in
711 1157 881 1182 communibus
901 1157 934 1181 sit

54 1201 59 1206 '
87 1202 192 1227 fervoris
210 1201 307 1227 affectio
326 1201 450 1232 specialis.
469 1200 664 1226 conventualem
683 1200 762 1225 vitam
780 1200 810 1224 ut
828 1200 934 1224 sanctis-

90 1246 191 1274 simam,
209 1246 284 1270 immo
303 1244 453 1276 angelicam,
473 1243 526 1269 toto
545 1243 636 1268 affectu
654 1243 730 1268 animi
749 1242 932 1274 amplexantes,

88 1289 110 1313 ei
128 1287 180 1313 tam
208 1287 326 1313 continua
353 1294 428 1318 quam
455 1286 545 1312 devota
573 1286 745 1317 prosecutione
772 1285 933 1311 adhaereant.

90 1331 215 1361 Quantum
235 1331 267 1356 ad
284 1330 406 1360 officium,
426 1337 537 1355 mensam
565 1330 591 1354 et
618 1330 668 1354 alia
696 1330 738 1354 vix
755 1329 804 1354 nisi
823 1329 900 1354 eoacti
919 1336 934 1353 a

88 1374 225 1400 conventus
244 1373 435 1405 congregatione
453 1373 577 1398 recedant.
596 1372 702 1397 Tantam
716 1372 783 1397 Deus
801 1371 934 1397 conventui

89 1417 222 1442 efficaciam
241 1416 348 1442 contulit
366 1416 500 1445 bonitatis,
520 1415 550 1440 ut
574 1416 607 1440 ibi
633 1415 794 1447 augmentum
814 1415 934 1446 suscipiat

89 1460 147 1486 boni
174 1460 267 1489 bonus,
296 1460 409 1484 levamen
435 1466 507 1490 saepe
518 1458 535 1489 ⁴,
564 1458 609 1483 aut
636 1459 734 1483 veniam
759 1458 819 1482 mali
843 1457 933 1483 malus.

88 1503 170 1528 Multa
187 1504 213 1528 in
233 1503 356 1528 conventu
375 1502 439 1528 bona
458 1502 632 1534 praesentibus
651 1501 829 1531 conferuntur,
849 1501 934 1526 absen-

88 1546 156 1571 tibus
175 1545 368 1571 subtrahuntur.
387 1545 454 1574 Saul,
474 1545 505 1569 ad
523 1544 671 1570 conventum
697 1544 858 1575 psallentium
876 1544 934 1569 Pro-

90 1588 222 1620 phetarum
241 1588 372 1618 accedens,
391 1588 519 1619 Propheta
546 1587 667 1617 efficitur,
686 1587 758 1612 extra
785 1587 933 1612 conventum

89 1632 184 1662 factus,
204 1632 357 1663 pervertitur
368 1630 386 1657 ⁶.
407 1631 514 1656 Thomas
533 1631 710 1662 discipulorum
729 1630 819 1655 absens
832 1637 934 1655 conven-

89 1675 127 1700 tui
153 1675 257 1700 visionis
281 1675 416 1700 dominicae
445 1674 612 1699 consolatione
637 1673 783 1703 fraudatur,
809 1681 882 1705 quam
902 1673 934 1698 ad

89 1719 219 1750 collegium
238 1725 353 1743 reversus
371 1718 522 1749 assequitur.
542 1717 663 1748 Discipuli
682 1716 777 1748 pariter
789 1717 934 1748 congregati

90 1761 210 1793 Spiritum
223 1761 337 1786 sanctum
355 1760 488 1791 accipiunt.
502 1760 534 1785 In
553 1760 676 1785 conventu
696 1760 816 1785 Dominus
834 1759 934 1784 habitat

89 1803 115 1829 et
132 1804 274 1835 requiescit3
289 1803 323 1828 ibi
336 1803 438 1828 devotos
450 1810 560 1834 quosque
569 1801 579 1814 ὃ
593 1803 714 1828 uberioris
726 1802 823 1834 gratiae
842 1802 934 1833 pabulo

89 1847 225 1876 refocillat;
244 1847 278 1871 ibi
297 1854 372 1878 quam
391 1846 476 1877 plures
494 1845 661 1877 negligentiae
680 1845 837 1876 personales,
856 1846 881 1869 in
901 1845 934 1870 di-

90 1890 147 1915 vino
165 1890 270 1914 maxime
298 1889 377 1914 officio
405 1889 582 1920 subrepentes,
602 1888 801 1920 congregationis
829 1895 934 1913 commu-

90 1933 163 1958 nione
181 1932 345 1964 supplentur-3
364 1931 398 1956 ibi
418 1931 483 1963 quod
502 1932 553 1956 suis
569 1931 672 1962 quisque
690 1938 740 1956 non
759 1931 854 1962 potest,
874 1931 935 1955 alio-

92 1983 148 2000 rum
166 1975 262 2000 meritis
280 1975 391 2000 obtinere
410 1974 527 1999 meretur.

160 2018 185 2042 5.
205 2018 328 2047 Ceterum,
347 2017 405 2042 licet
425 2017 457 2042 ad
476 2017 570 2042 maiora
594 2017 681 2042 domus
700 2016 792 2046 officia,
821 2016 935 2041 videlicet

91 2061 227 2092 refectorii,
246 2061 439 2092 hospitalariae,
459 2060 623 2090 infirmariae,
642 2059 755 2085 lectionis
773 2059 805 2084 ad
823 2067 934 2084 mensam

90 2104 116 2129 et
133 2104 274 2129 huiusmodi
293 2103 465 2135 principaliter
485 2103 510 2128 et
529 2103 644 2128 continue
663 2103 774 2128 facienda
785 2102 802 2132 ⁷,
827 2103 934 2128 novitios

91 2147 194 2172 Fratres
212 2154 338 2172 assumere
357 2147 461 2178 provida
486 2146 622 2178 Relig10nis
646 2146 796 2171 consuetudo
821 2153 870 2171 non
893 2145 934 2170 ha-

92 2190 164 2221 beat3
183 2191 205 2215 si
222 2190 307 2215 tamen
335 2189 433 2221 quando
452 2189 590 2221 contingat,
609 2189 645 2214 eis
667 2189 767 2220 aliquod
794 2188 935 2214 huiusmodi

71 2245 78 2249 ·
91 2233 226 2259 officiorum
244 2233 284 2258 vel
302 2233 334 2257 ad
352 2232 439 2257 horam
458 2232 587 2262 committi,
599 2239 691 2263 magna
703 2231 793 2256 debent
806 2231 935 2256 devotione

73 2277 215 2308 .suscipere
237 2276 262 2301 et
290 2276 321 2300 ad
339 2275 478 2300 faciendum
503 2282 531 2300 ea
555 2275 701 2306 mansuete,
719 2274 848 2305 velociter,
868 2281 934 2299 acce-

152 2484 158 2497 ¹
178 2484 250 2507 Codd.
268 2484 338 2506 CDE
355 2487 376 2506 el
394 2484 447 2506 edd.
470 2484 492 2510 1,
511 2484 523 2505 2
541 2484 614 2510 cerie,
633 2482 672 2511 qui
685 2483 753 2504 eiiam
766 2483 859 2505 inferius
870 2483 934 2504 011111-

91 2519 140 2538 tunt
156 2516 225 2538 enim..
244 2515 346 2537 Subinde
364 2516 380 2537 B
397 2519 419 2537 et
437 2515 474 2537 ed.
493 2515 505 2536 2
523 2514 599 2536 animi
610 2520 653 2542 pro
668 2513 783 2542 hominis,
798 2514 834 2535 eni
846 2514 934 2535 addunt

90 2554 142 2569 cum
161 2547 230 2569 (ῑΟΕ
248 2552 409 2573 rovumunem,
428 2549 450 2568 ct
469 2552 510 2574 pro
527 2551 601 2575 usque
618 2545 650 2567 ad
665 2545 735 2575 finem
753 2545 769 2567 C
780 2545 822 2567 DE
839 2548 861 2567 et
878 2545 932 2567 edd.

92 2578 116 2606 1,
134 2579 146 2600 2
164 2578 284 2608 finetenus.

153 2608 162 2621 ²
180 2609 241 2631 Libr.
259 2609 281 2630 11.
301 2609 386 2636 Dialog.
405 2614 425 2630 c.
444 2608 465 2630 4.
481 2620 511 2624 -
531 2608 626 2630 {userius
643 2614 686 2636 pro
703 2606 849 2630 remissionis
866 2608 883 2628 Α
900 2613 934 2629 re·

90 2639 264 2670 protensionis,
282 2640 311 2662 ed
328 2640 349 2662 2.
368 2639 498 2668 reliyz'onis.

152 2670 162 2683 ⁸
179 2671 237 2693 Osee
256 2671 297 2697 10,
314 2672 318 2692 1
331 2672 347 2692 Ι.
360 2671 433 2693 (lond.
445 2670 461 2692 C
472 2671 489 2692 D
499 2671 515 2692 Ε
527 2674 548 2692 et
560 2670 613 2692 edd.
627 2670 647 2696 i,
660 2671 673 2691 2
691 2669 799 2691 omittunt
810 2668 934 2698 Ephraim.

90 2714 120 2719 —
138 2703 179 2725 Pro
196 2703 295 2726 Fratres
313 2703 330 2724 Α
347 2704 370 2724 et
387 2702 422 2724 cd.
441 2702 454 2723 2
473 2701 597 2724 Fratrum.

153 2733 162 2745 ⁴
180 2733 252 2755 Cndd.
269 2733 286 2755 C
297 2733 314 2756 D
324 2734 340 2755 E
357 2733 466 2755 omittunt
480 2738 556 2761 saepe,
570 2732 620 2754 vat.
633 2734 655 2754 et
667 2731 702 2753 ed.
716 2732 724 2753 11
742 2730 847 2754 levamen
858 2737 933 2760 saepe.

152 2764 239 2787 ⁵1.ibr.
258 2765 271 2786 l.
298 2765 353 2791 fleg.
384 2765 421 2791 10,
446 2764 482 2785 40.
507 2770 572 2792 seqq.
597 2775 627 2779 —
653 2762 755 2785 Subinde
780 2763 933 2790 respiciuntur

92 2796 152 2818 ioan.
170 2797 211 2823 20,
228 2795 265 2818 24.
282 2802 347 2824 seqq.
367 2795 404 2821 (de
421 2795 520 2823 Tborna)
539 2798 561 2816 et
585 2794 634 2816 Act.
651 2795 672 2820 2,
693 2795 711 2816 1,
728 2800 794 2822 seqq.
814 2793 851 2821 (de
869 2793 933 2815 [lisci-

93 2827 229 2880 pmlsg'wn.
247 2863 347 2887 quoque.
581 2887 584 2890 Ι

154 2888 162 2901 ⁷
181 2889 233 2911 Vm.
249 2888 334 2919 fienda.
361 2889 455 2910 inferius
481 2894 523 2916 pro
549 2887 647 2916 aliquod
663 2887 732 2909 CDE
757 2890 779 2909 et
803 2887 855 2909 edd.
875 2887 900 2913 11,
919 2887 932 2908 2

93 2919 195 2973 “hq'tuff-
204 2924 285 2973 011111ᾆο
302 2919 411 2972 qrgociler
430 2920 480 2941 Vut.
499 2918 610 2941 volenter.

188 2957 245 2973 2cc1.
263 2966 267 2972 .
287 2969 291 2978 ,
341 2968 346 2973 .

154 2981 164 2994 ⁹
181 2983 246 3004 [ζει-11.
265 2982 289 3004 31
301 2999 307 3009 ,
326 2982 362 3004 27.
379 2994 410 2998 —
427 2981 522 3004 inferius
539 2987 581 3008 pro
602 2979 715 3003 Velocitas
732 2980 789 3003 haec
807 2980 933 3003 nzalnrila-

92 3012 120 3036 lis
138 3013 187 3035 Vnt.
210 3012 323 3036 Velocitas
341 3018 369 3036 ac
385 3012 522 3036 maturitas.

1779 223 1834 251 605

986 299 1136 330 ptabiliter,
1156 300 1253 331 integre
1271 307 1299 324 ac
1318 300 1496 331 circumspecte
1525 307 1641 332 magnam
1666 300 1756 325 debent
1783 300 1836 325 dili-

990 341 1100 373 gentiam
1120 342 1248 367 adhibere:
1276 344 1420 372 mansuete,
1440 342 1485 368 hoc
1513 343 1565 372 est,
1586 344 1638 368 sine
1663 350 1789 368 murmure
1809 342 1834 367 et
1853 348 1957 367 Mansuete.

990 385 1161 416 displicentiae
1180 386 1259 416 signo.
1278 386 1336 410 Fili
1343 405 1351 417 ,
1380 386 1417 410 ait
1443 386 1547 417 Sapiens
1558 384 1575 415 Β,
1595 386 1623 410 in
1641 386 1836 411 mansuetudine

990 435 1068 459 opera
1088 429 1133 452 tua
1146 428 1249 459 perfice.
1268 443 1303 446 -
1321 428 1369 453 Est
1386 429 1412 453 in
1432 436 1504 460 opere
1532 429 1594 454 bono
1614 429 1752 454 necessaria
1771 428 1836 453 stre·
1852 439 1955 458 venenet.

990 478 1040 495 nua
1058 470 1190 502 velocitas,
1210 471 1239 495 de
1259 479 1307 502 qua
1327 470 1450 503 Sapiens⁹
1470 471 1542 496 dicit:
1563 472 1599 496 In
1618 472 1732 497 ommibus
1756 472 1835 502 operi-

990 513 1037 538 bus
1056 514 1107 538 tuis
1126 515 1177 538 esto
1197 514 1275 538 velox.
1294 514 1419 539 Velocitas
1438 514 1498 539 haec
1516 515 1672 539 maturitatis
1691 522 1740 540 non
1760 521 1835 540 remo-

990 556 1031 581 vet
1055 557 1220 588 gravitatem,
1250 557 1292 581 sed
1318 557 1406 582 vitium
1435 557 1564 582 tarditatis
1592 558 1707 582 excludit.
1736 572 1771 575 —
1789 557 1835 582 Est
1848 563 1975 587 Acceptabili-

989 599 1064 624 etiam
1083 599 1272 630 acceptabiliter
1292 600 1455 631 operandum,
1475 601 1504 625 ut
1522 608 1639 631 prospere
1659 601 1748 632 quibus
1767 601 1836 625 mini-
1894 589 1929 606 ω’

990 642 1099 671 stratur,
1129 643 1203 673 prout
1230 642 1333 667 honeste
1361 643 1414 668 fieri
1440 643 1546 674 poterit,
1579 643 1696 668 satisfiat.
1725 643 1836 674 Optabat

990 685 1127 716 Apostolus
1139 684 1159 697 ¹⁰
1179 685 1204 709 et
1229 686 1295 710 orari
1315 686 1434 717 rogabat,
1454 686 1483 711 ut
1503 686 1598 710 oblatio
1617 693 1662 710 sua
1682 686 1752 710 fieret
1771 692 1836 710 acce-

985 728 1096 759 ptabilis
1116 729 1143 752 in
1168 728 1310 753 Ierusalem
1337 729 1440 754 sanctis.
1466 729 1573 760 Magnus
1602 729 1726 760 profectus
1755 729 1793 753 est
1815 729 1835 753 ei

989 771 1059 795 cuius
1078 771 1215 796 ministerio
1234 771 1307 796 multi
1326 771 1386 796 facti
1405 772 1472 801 laeti,
1488 772 1566 796 Deum
1580 771 1692 796 laudant.
1712 786 1747 788 —
1766 771 1833 795 Inte·
1852 778 1932 802 Integre.

987 814 1073 845 ⁸critas
1092 815 1117 838 in
1137 821 1209 845 opere
1228 814 1291 839 bono
1310 815 1454 845 requiritur,
1474 814 1503 838 ut
1520 821 1570 839 non
1589 814 1722 843 diminute,
1742 821 1791 839 non
1805 813 1836 838 ad

989 857 1142 886 evasionem,
1163 857 1202 881 vel
1221 857 1293 888 qnasi
1311 857 1343 881 ad
1362 857 1459 882 oculum
1471 856 1499 886 ¹¹,
1519 857 1561 882 sed
1575 857 1694 888 perfecte,
1709 857 1783 888 prout
1796 864 1835 881 res

990 900 1081 930 exigit,
1101 899 1154 924 fiat.

1060 942 1085 966 6.
1108 942 1305 973 circumspectio
1333 943 1359 967 111
1386 943 1523 974 obsequiis,
1543 943 1618 974 prout
1646 943 1781 968 officiorum
1800 950 1835 967 re·
1852 949 1972 973 Circumspe-

990 985 1067 1016 quirit
1086 985 1210 1014 varietas,
1230 985 1268 1010 est
1286 985 1412 1014 habenda,
1432 986 1495 1017 quod
1521 993 1565 1016 per
1584 986 1722 1017 exemplum
1742 986 1767 1010 in
1786 993 1835 1010 uno
1894 975 1930 992 Μ’

990 1028 1069 1053 officio
1088 1028 1176 1052 melius
1196 1028 1274 1059 patet.
1294 1028 1318 1053 Si
1337 1029 1435 1059 quando
1462 1029 1615 1054 refectorarii
1634 1029 1710 1054 vicem
1728 1029 1834 1060 gerant,

991 1078 1054 1102 quae
1073 1071 1239 1095 ministranda
1257 1071 1351 1095 fuerint
1370 1071 1480 1102 tempore
1499 1078 1607 1103 congruo
1626 1071 1651 1096 et
1670 1071 1740 1096 modo
1754 1071 1835 1096 debito

991 1113 1142 1144 praeparata
1161 1113 1306 1138 ministrent
1324 1113 1349 1138 et
1362 1114 1475 1145 religiose
1488 1113 1654 1143 distribuant,
1669 1122 1698 1139 ne
1711 1114 1737 1138 111
1750 1121 1835 1138 mensa

990 1155 1099 1181 defectus
1118 1156 1157 1180 vel
1176 1156 1241 1181 circa
1260 1156 1425 1181 ministerium
1444 1164 1517 1181 suum
1543 1157 1624 1181 minus
1644 1157 1773 1188 expediens
1792 1156 1838 1181 ali-

991 1200 1049 1231 quid
1079 1200 1187 1229 accidat,
1218 1200 1350 1231 provisuri.
1382 1200 1557 1225 Ministrentur
1587 1200 1671 1231 itaque
1699 1200 1838 1225 necessaria

991 1242 1146 1274 tempestive.
1166 1243 1248 1274 Turpe
1261 1243 1310 1272 est,
1325 1243 1345 1267 si
1365 1243 1467 1274 propter
1486 1244 1560 1268 unius
1578 1243 1699 1268 defectum
1719 1243 1773 1268 tota
1784 1250 1838 1268 con-

991 1285 1104 1316 gregatio
1123 1285 1257 1316 exspectet.
1276 1286 1314 1310 Sic
1333 1284 1389 1310 et¹²
1410 1286 1505 1314 omnia,
1526 1286 1577 1310 sive
1596 1285 1707 1314 fructus,
1727 1286 1778 1310 sive
1798 1293 1838 1310 sa-

991 1335 1075 1359 pores,
1095 1329 1147 1353 sive
1166 1329 1215 1353 alia
1234 1328 1417 1354 comedentibus
1445 1336 1552 1360 congrue
1577 1329 1737 1360 apponenda,
1758 1329 1836 1359 prius-

991 1378 1066 1402 quam
1084 1371 1187 1396 Fratres
1207 1372 1237 1396 ad
1251 1379 1361 1397 mensam
1375 1371 1539 1401 intraverint,
1554 1371 1655 1403 provide
1668 1372 1836 1402 apponantur.

991 1413 1200 1439 conferendorum
1219 1415 1319 1439 collatio
1338 1415 1476 1439 successiva
1494 1414 1643 1439 conventum
1657 1415 1756 1445 saepius
1775 1414 1837 1439 deti-

990 1457 1047 1486 net,
1066 1457 1214 1488 imputanda
1233 1458 1344 1489 quidem,
1365 1458 1385 1482 si
1404 1458 1520 1482 causetur
1547 1465 1576 1482 ex
1594 1457 1747 1489 negligentia
1766 1457 1838 1482 mini-

991 1500 1100 1525 strorum
1112 1499 1141 1524 ¹³.
1160 1500 1199 1524 Ad
1218 1508 1329 1525 mensam
1342 1507 1400 1525 vero
1413 1500 1531 1532 quidquid
1552 1500 1688 1531 apponitur
1707 1507 1838 1531 praepara-

991 1542 1059 1572 tum,
1079 1543 1108 1568 ut
1126 1543 1208 1572 decet,
1238 1543 1405 1568 reficientibus
1433 1543 1560 1568 offeratur.
1587 1543 1677 1572 Nuces,
1703 1544 1724 1568 si
1743 1543 1837 1568 dandae

991 1586 1095 1616 fuerint,
1116 1586 1186 1617 prius
1205 1586 1364 1617 frangantur.
1390 1586 1487 1611 Herbae
1512 1586 1616 1615 crudae,
1636 1587 1656 1610 si
1675 1586 1835 1617 apponendae

990 1629 1097 1658 fuerint,
1118 1630 1188 1660 prius
1206 1629 1370 1658 mundentur,
1390 1629 1416 1654 et
1434 1630 1468 1654 sic
1494 1629 1523 1654 de
1551 1629 1608 1654 aliis
1627 1629 1780 1654 observetur.
1800 1629 1836 1654 De

991 1672 1118 1702 omnibus,
1138 1680 1200 1704 quae
1228 1672 1404 1703 apponuntur,
1424 1680 1469 1697 sua
1487 1672 1599 1702 cuilibet,
1626 1672 1646 1696 si
1671 1672 1724 1697 fieri
1744 1672 1834 1703 potest,

992 1715 1072 1747 portio
1101 1715 1264 1747 singulariter
1293 1715 1428 1740 tribuatur.
1459 1715 1523 1740 Sunt
1551 1716 1695 1747 rurigenae,
1724 1716 1765 1746 qui
1792 1722 1837 1740 nec

991 1758 1164 1790 praelatum¹⁴¹
1183 1758 1291 1783 discreta
1310 1758 1348 1783 vel
1376 1758 1407 1783 ab
1431 1758 1555 1783 extraneis
1583 1758 1650 1783 sorte
1671 1757 1836 1790 distinguant.

991 1801 1136 1827 Communia
1154 1802 1272 1831 maxime,
1292 1801 1321 1826 ut
1340 1801 1377 1826 sal
1396 1801 1421 1826 et
1439 1809 1525 1833 aquae,
1553 1808 1652 1826 mensae
1673 1808 1721 1826 non
1741 1801 1836 1831 desint,

991 1852 1053 1876 quae
1080 1845 1202 1876 imprimis
1230 1845 1348 1876 providus
1375 1844 1532 1870 ministrator
1559 1844 1671 1876 apponit.
1691 1845 1763 1876 Aqua
1787 1852 1837 1870 non

991 1888 1070 1913 solum
1090 1895 1135 1919 pro
1154 1887 1314 1919 temperando
1334 1888 1391 1913 vino
1403 1887 1432 1918 ³⁵,
1452 1889 1526 1913 immo
1545 1895 1617 1919 saepe
1631 1895 1675 1919 pro
1688 1888 1744 1912 aliis
1757 1895 1837 1913 neces-

993 1931 1059 1955 saria
1078 1931 1117 1956 est
1134 1931 1160 1955 in
1179 1938 1273 1955 mensa.
1293 1931 1435 1956 Cochlearia
1453 1938 1549 1962 quoque
1578 1931 1638 1956 sunt
1656 1931 1688 1955 ad
1706 1938 1777 1956 omne
1796 1938 1837 1962 po-

991 1974 1087 2005 tagium
1101 1974 1255 2005 opportuna,
1269 1981 1299 1999 ne
1312 1974 1338 1999 in
1351 1974 1482 2005 paropside
1495 1981 1550 1999 cum
1563 1973 1648 2005 digitis
1662 1974 1752 2005 piscari
1765 1981 1834 2005 opor-

991 2017 1057 2046 teat,
1078 2017 1103 2041 et
1121 2024 1164 2046 ne,
1184 2017 1254 2041 iuxta
1268 2015 1439 2048 Hugonem¹⁶,
1463 2026 1475 2039 ιι
1488 2017 1513 2041 in
1532 2017 1614 2042 eodem
1633 2017 1686 2041 iure
1705 2016 1730 2041 et
1748 2024 1837 2041 manus

991 2060 1142 2085 ablutionem
1162 2060 1187 2085 et
1207 2059 1302 2084 ventris
1323 2059 1479 2085 refectionem
1496 2067 1613 2091 quaerere
1631 2059 1745 2084 videatur
1757 2069 1782 2083 ».
1801 2074 1836 2077 -
1957 2088 1963 2093 ὓ

991 2103 1126 2134 Murilegos
1139 2103 1178 2127 vel
1192 2110 1250 2127 aves
1259 2121 1265 2132 ,
1278 2110 1341 2134 quae
1353 2102 1471 2127 tenentur
1483 2102 1574 2127 alicubi
1587 2102 1674 2127 contra
1687 2109 1792 2127 araneas
1806 2101 1836 2132 ¹⁷,
1854 2103 1968 2122 Notandum.

991 2145 1135 2170 nullatenus
1154 2152 1207 2170 esse
1226 2146 1251 2170 in
1271 2145 1413 2176 refectorio,
1426 2145 1485 2170 dum
1501 2145 1604 2170 Fratres
1623 2144 1782 2174 reficiuntur,
1796 2152 1837 2176 pa-

991 2188 1102 2218 tiantur;
1122 2195 1166 2213 nec
1184 2188 1249 2213 enim
1267 2187 1313 2213 hoc
1331 2188 1370 2213 est
1389 2188 1531 2220 expediens,
1544 2189 1583 2213 vel
1599 2188 1739 2213 honestum.
1755 2188 1794 2213 Sic
1813 2188 1838 2213 et

991 2231 1017 2256 in
1035 2231 1091 2256 aliis
1110 2231 1174 2255 circa
1193 2230 1261 2255 istud
1279 2231 1319 2256 vel
1337 2231 1405 2256 aliud
1424 2231 1593 2262 quodcumque
1621 2231 1764 2262 impositum
1790 2231 1837 2256 sibi

991 2273 1097 2299 officium
1117 2274 1168 2298 sint
1187 2273 1286 2298 intenti.
1310 2273 1435 2305 Scriptum
1460 2273 1499 2299 est
1522 2274 1586 2299 enim
1598 2272 1632 2298 ¹⁸:
1662 2273 1761 2299 Cuncta
1780 2281 1838 2298 cwm

1055 2481 1074 2494 ¹⁰
1091 2483 1158 2504 Rom.
1175 2482 1213 2508 15,
1226 2482 1262 2504 30.
1278 2488 1326 2510 seq,
1339 2482 1381 2503 Pro
1399 2481 1468 2504 orari
1483 2480 1584 2510 roqabat
1595 2482 1610 2503 Α
1625 2482 1641 2503 Β
1654 2482 1722 2503 01011.
1735 2482 1748 2503 ‘2
1762 2487 1835 2504 orans

990 2512 1098 2542 ragyalmt.
1116 2525 1146 2529 -
1164 2513 1274 2540 Superius
1291 2513 1336 2535 fide
1353 2512 1397 2534 CD
1414 2513 1575 2540 supplevimus
1589 2518 1715 2542 prospere,
1734 2519 1776 2540 pro
1788 2519 1835 2541 quo

991 2546 1007 2567 E
1022 2545 1121 2573 propter
1136 2550 1313 2573 praeprospera

1056 2575 1071 2587 '¹
1091 2576 1147 2603 Epi).
1166 2575 1192 2601 6,
1210 2576 1236 2597 6:
1254 2575 1303 2597 Non
1321 2575 1351 2597 ud
1368 2575 1460 2597 oculum
1473 2575 1612 2601 servientes,
1625 2575 1689 2603 quasi
1703 2574 1834 2597 bominibus

991 2607 1108 2635 pincentes
1124 2609 1166 2628 etc.

1055 2636 1073 2650 ¹²
1093 2638 1142 2659 Vat.
1159 2637 1226 2660 Sicut
1243 2636 1316 2666 initur
1333 2640 1355 2658 et
1371 2636 1470 2659 subinde
1486 2636 1520 2660 sic
1537 2638 1559 2659 et
1574 2636 1624 2659 alia
1641 2643 1683 2664 pro
1700 2636 1747 2659 sine
1764 2636 1819 2659 alia.

1054 2667 1073 2681 ¹³
1087 2670 1136 2690 Vnt.
1146 2669 1166 2691 et
1176 2667 1200 2690 id
1209 2667 1301 2697 quidem
1314 2667 1480 2697 imputantium.
1492 2667 1647 2697 mqliyeutirm
1659 2667 1834 2691 ministrorum.

1054 2699 1073 2712 ¹⁴
1092 2701 1120 2721 113
1138 2699 1174 2721 cd.
1192 2700 1217 2725 2,
1235 2699 1270 2721 cd.
1291 2700 1298 2720 1
1320 2705 1373 2721 cuni
1396 2699 1411 2721 C
1423 2699 1465 2721 DE
1482 2705 1496 2721 a
1518 2698 1646 2728 praelatis,
1664 2699 1715 2721 Vul.
1742 2699 1795 2727 legit
1819 2705 1833 2722 a

987 2730 1105 2760 praelatis
1123 2729 1223 2753 discreta
1242 2729 1276 2753 vel
1294 2736 1308 2752 a
1326 2729 1457 2753 senioribus
1475 2731 1517 2752 aul
1534 2730 1656 2752 ewa-aneis
1673 2733 1715 2752 ete.

1054 2761 1073 2774 ¹⁶
1090 2761 1162 2783 codd,
1180 2761 1225 2783 CD
1242 2765 1263 2783 ct
1280 2761 1317 2783 ed.
1335 2762 1348 2783 2
1367 2761 1461 2788 riman,
1478 2762 1517 2790 qui
1541 2761 1609 2783 etiam
1627 2760 1725 2783 subinde
1747 2768 1800 2784 cuin
1818 2762 1834 2784 E

990 2796 1012 2815 ct
1029 2793 1066 2815 ed.
1085 2794 1092 2813 1
1114 2792 1211 2814 vocibus
1229 2792 1300 2815 immo
1317 2798 1385 2821 saepe
1402 2792 1541 2814 interserunt
1557 2793 1586 2815 el.

1054 2823 1073 2836 ¹⁶
1091 2824 1122 2846 Dc
1140 2824 1234 2845 institut.
1260 2824 1331 2846 novit.
1355 2829 1374 2845 c.
1396 2824 1433 2845 21.
1455 2824 1497 2845 Pro
1516 2822 1602 2846 naturis
1626 2826 1698 2846 textus
1717 2823 1834 2851 originalis

990 2856 1083 2879 furenter.
1101 2855 1170 2877 CDE
1187 2854 1269 2877 ventri.

1053 2884 1071 2898 ¹⁷
1089 2885 1161 2908 Codil.
1179 2885 1248 2907 CDE
1265 2888 1285 2908 ei
1303 2885 1355 2907 edd.
1378 2886 1395 2911 1,
1413 2887 1426 2907 2
1452 2892 1527 2908 ranas
1552 2888 1573 2907 et
1600 2885 1694 2907 inferius
1711 2885 1834 2909 cmm‘dunt

991 2924 1032 2944 pro
1059 2917 1206 2947 reficiantur.
1233 2916 1335 2939 Subinde
1361 2923 1402 2944 pro
1428 2916 1463 2939 vel
1492 2916 1614 2940 honestum
1643 2917 1692 2939 Vnt.
1719 2916 1754 2939 rel
1779 2916 1833 2939 bene

989 2948 1079 2977 sactum
1097 2948 1147 2975 (cfr.
1165 2954 1185 2970 c.
1203 2949 1239 2970 21.
1259 2955 1278 2970 n.
1296 2948 1319 2969 7.
1337 2948 1358 2969 in
1377 2948 1440 2976 fine).

1053 2978 1071 2991 ¹⁸
1090 2979 1150 3001 Libr.
1168 2980 1192 3001 ll.
1209 2980 1280 3001 Parni.
1302 2980 1338 3005 19,
1356 2979 1378 3001 7.
1397 2979 1433 3001 11.
1450 2981 1472 3001 et
1489 2980 1516 3005 9,
1535 2978 1573 3001 ubi
1592 2980 1635 3001 Cn
1657 2983 1679 3001 et
1696 2979 1732 3001 ed.
1755 2980 1777 3001 i:
1795 2978 1834 3002 stc

990 3010 1063 3039 ayelis
1081 3009 1104 3033 in
1122 3010 1205 3033 [imore
1222 3010 1264 3033 1)νὶ
1281 3010 1358 3039 [ctiam
1376 3010 1412 3033 ed.
1430 3010 1453 3038 2]
1470 3009 1571 3040 fideliter
1597 3010 1619 3033 in
1638 3010 1707 3033 corda
1722 3010 1832 3040 pei-secto.
