2133 3317
174 304 238 331 Ferba

173 333 239 352 ipsius.

147 724 173 742 De
186 722 268 741 silentio.

169 1285 261 1312 Discretio

180 1313 248 1332 11151115.

158 1378 274 1403 Exemplum.

159 1848 274 1867 Notandum.

280 220 337 248 518

282 297 358 326 Unde
379 303 480 332 corpus
499 302 581 323 suum
595 295 604 310 1
625 293 740 321 fratrem
761 292 870 320 asinum
891 290 1060 327 appellabat,
1075 293 1132 318 tan-

283 351 366 381 quam
388 341 532 371 laboriosis
547 339 759 377 supponendum
774 338 922 371 oneribus,
944 337 1050 366 crebris
1072 344 1132 365 cae—

282 390 404 419 dendum
436 387 551 424 flagellis
582 390 609 414 et
640 386 686 414 vili
718 385 820 422 pabulo
855 383 1076 413 sustentandum.
1105 383 1131 411 Si

282 444 365 473 quem
390 443 453 463 vero
475 434 606 462 cernebat
627 433 746 461 otiosum
761 435 788 460 et
806 439 907 468 vagum
928 430 1047 458 aliorum
1062 430 1133 458 velle

283 482 451 511 manducare
476 481 600 513 labores,
632 480 747 508 fratrem
778 485 903 506 muscam
934 477 1131 505 nominandum

283 528 428 562 censebat,
450 536 482 556 00
503 527 578 564 quod
606 526 668 555 talis
689 525 758 554 nihil
785 525 849 553 boni
871 524 989 558 faciens,
1018 524 1065 552 sed
1086 523 1133 552 be-

283 576 390 604 nefacta
410 574 551 608 inficiens,
573 573 654 602 vilem
677 576 704 601 et
725 571 936 600 abominabilem
958 579 987 599 se
1004 570 1133 599 omnibus

285 622 390 651 reddat.
414 622 528 657 Propter
550 620 624 657 quod
645 619 716 648 dixit
737 618 901 655 aliquando:
928 628 942 643 «
961 617 1041 651 Volo,
1069 617 1133 645 Fra-

286 673 343 698 tres
364 676 441 697 meos
463 668 589 696 laborare
610 671 637 695 et
658 665 824 699 exercitari,
839 673 874 693 ne
894 665 949 693 otio
970 664 1069 698 dediti,
1084 672 1134 700 per

285 716 380 745 illicita
394 715 476 744 corde
491 718 539 743 aut
554 714 648 751 lingna
663 715 797 750 vagentur
810 713 820 728 ²
832 724 858 739 n.
881 729 920 732 —
941 711 1133 748 Evangelicum

287 763 422 800 siquidem
444 762 553 790 volebat
574 769 590 789 a
610 760 753 789 Fratribus
771 758 913 788 observari
936 758 1088 792 silentium,
1103 760 1135 786 ut

288 810 413 839 videlicet
432 809 467 837 ab
488 808 561 837 omni
583 808 670 836 otioso
692 807 777 835 verbo
798 806 873 834 omni
898 808 1023 842 tempore
1051 805 1135 834 absti-

286 859 385 885 nerent
406 855 537 889 sollicite,
560 858 691 891 tanquam
707 853 842 882 reddituri
865 853 896 881 in
917 852 962 881 die
983 852 1088 880 iustiori
1102 852 1135 880 de

287 902 459 932 huiusmodi
486 901 660 930 rationem?
690 900 742 929 Sed
770 903 797 928 et
825 900 846 928 si
875 907 958 936 quem
986 899 1136 928 invenisset

287 951 411 979 Fratrem
434 949 526 978 verbis
540 951 682 977 assuetum
704 947 849 981 inanibus,
865 947 966 975 acriter
988 946 1134 983 arguebat3

288 997 504 1026 taciturnitatem
536 995 688 1024 modestam
720 997 747 1023 et
777 994 840 1031 puri
873 994 964 1022 cordis
994 994 1136 1022 affirmans

289 1044 441 1073 custodiam
473 1046 500 1072 et
521 1051 575 1071 non
604 1041 739 1070 modicam
769 1049 828 1069 esse
850 1041 996 1074 virtutem,
1025 1048 1076 1077 pro
1105 1048 1137 1068 00

289 1091 363 1128 qnod
384 1099 464 1119 mors
486 1093 511 1118 et
530 1090 593 1117 vila
614 1089 673 1117 fore
694 1088 850 1117 dicuntur4
872 1088 902 1116 111
923 1087 1061 1116 manibus
1083 1087 1137 1115 lin-

288 1147 381 1176 quae,
407 1146 462 1166 non
495 1140 551 1165 tam
583 1136 689 1164 ratione
720 1139 819 1172 gustus
850 1143 934 1172 quam
966 1135 1072 1163 ratione
1099 1135 1137 1163 10-

290 1185 396 1222 quelae.

370 1233 395 1259 7.
418 1231 492 1259 Licet
512 1233 605 1259 autem
628 1238 679 1267 pro
699 1229 808 1258 viribus
829 1229 863 1257 ad
884 1229 968 1258 vitam
997 1233 1138 1258 austeram

290 1279 400 1307 Fratres
422 1278 580 1311 induceret,
604 1285 657 1305 non
680 1279 771 1305 tamen
793 1276 817 1304 ei
839 1276 963 1312 placebat
990 1276 1138 1304 districtio-

291 1325 334 1354 nis
355 1325 503 1358 severitas,
525 1332 596 1361 quae
618 1324 727 1360 pietatis
748 1331 802 1351 non
824 1323 914 1351 induit
934 1323 1041 1351 viscera
1054 1323 1063 1335 ⁵
1089 1331 1139 1351 nec

292 1375 333 1401 est
347 1371 520 1400 discretionis
540 1371 596 1400 sale
611 1370 728 1399 condita.
750 1370 819 1398 Cum
835 1370 908 1398 enim
924 1370 1043 1406 quadam
1060 1372 1140 1398 nocte

291 1426 366 1447 unus
387 1426 423 1446 ex
454 1417 597 1446 Fratribus
626 1424 692 1453 prae
723 1416 863 1445 nimietate
891 1416 1072 1444 abstinentiae
1093 1415 1140 1444 ad·

292 1465 404 1494 modum
425 1465 497 1493 fame
518 1464 676 1497 cruciatus,
698 1463 802 1492 nullam
825 1466 916 1499 posset
938 1463 1041 1491 babere
1062 1462 1136 1499 quie-

294 1516 362 1546 tem,
385 1512 606 1548 intelligeretque
627 1511 690 1547 111115
711 1513 819 1547 pastor,
841 1510 885 1538 ovi
908 1518 974 1538 suae
995 1510 1140 1538 imminere

293 1559 465 1596 periculum,
488 1558 594 1587 vocavit
615 1558 754 1591 Fratrem,
777 1557 906 1593 apposuit
928 1564 1042 1593 panem,
1064 1560 1092 1585 et
1109 1560 1141 1585 01

292 1606 424 1634 ruborem
454 1605 493 1633 1111
526 1604 648 1638 10110101,
680 1603 770 1640 coepit
800 1603 858 1640 ipse
889 1603 966 1639 prior
997 1603 1141 1632 comedere

292 1660 413 1689 eumque
434 1652 468 1680 ad
483 1651 705 1680 manducandum
727 1650 846 1678 dulciter
864 1650 990 1678 invitare.
1010 1650 1142 1686 Deposuit

292 1700 387 1728 Frater
415 1698 627 1732 verecundiam,
653 1698 752 1726 sumsit
780 1697 889 1730 cibum,
918 1697 1030 1733 gavisus
1057 1704 1141 1733 quam

291 1747 462 1784 plurimum,
492 1745 567 1783 quod
596 1753 645 1782 per
669 1745 899 1781 circumspectam
934 1743 1142 1772 condescensio-

292 1801 355 1823 nem
377 1793 496 1830 pastoris
510 1796 537 1821 et
558 1792 683 1829 corporis
703 1791 835 1820 evasisset
856 1790 1030 1827 dispendium
1046 1793 1073 1819 et
1087 1798 1141 1819 000

293 1840 433 1869 modicum
461 1839 610 1876 accepisset
639 1837 836 1867 aedificationis
865 1837 1035 1874 exemplum.
1064 1838 1142 1866 Mane

294 1887 381 1921 facto,
407 1886 550 1915 Fratribus
572 1885 728 1915 convocatis
758 1884 785 1913 in
807 1892 912 1918 unum,
935 1884 978 1913 vir
1005 1884 1053 1913 Dei
1075 1884 1144 1913 refe-

295 1942 360 1963 rens
381 1933 455 1971 quod
487 1933 624 1962 acciderat
655 1935 751 1966 nocte,
784 1931 898 1968 provida
930 1931 1143 1960 commonitione

296 1981 457 2010 subiunxit:
485 1992 499 2006 «ε
513 1980 553 2009 Sit
575 1980 667 2013 vobis,
689 1979 814 2012 Fratres,
836 1986 892 2007 non
912 1978 1006 2012 cibus,
1029 1978 1076 2007 sed
1098 1986 1142 2007 ca-

294 2028 362 2057 ritas
383 2028 411 2056 in
438 2027 599 2064 exemplum
614 2038 641 2054 ».
664 2025 763 2054 Docuit
790 2025 905 2062 insuper
926 2033 973 2054 eos
1000 2024 1143 2054 discretio-

294 2083 357 2103 nem
380 2075 458 2112 sequi
487 2077 518 2103 ut
547 2074 673 2110 aurigam
695 2072 867 2106 1111010016,
890 2080 945 2100 non
960 2080 1036 2106 eam,
1058 2080 1142 2109 quam

295 2130 358 2150 caro
380 2121 492 2155 suadet,
515 2121 562 2149 sed
583 2128 667 2157 quam
696 2120 805 2148 edocuit
826 2119 969 2153 Christus,
999 2119 1079 2147 011105
1100 2126 1144 2147 sa-

295 2168 479 2197 cratissimam
503 2168 584 2196 vitam
608 2174 774 2203 expressum
790 2168 897 2195 constat
917 2173 977 2194 0550
998 2165 1143 2202 perfectio-

295 2215 338 2244 nis
359 2215 511 2251 exemplar.

374 2262 400 2290 8.
423 2262 456 2290 Et
476 2261 606 2298 quoniam
628 2261 735 2297 Agrium
756 2260 815 2288 sine
836 2259 945 2288 macula
972 2259 1142 2288 crucifixum

296 2317 350 2337 non
371 2311 413 2337 est
433 2308 562 2345 possibile
590 2307 694 2336 homini
716 2306 807 2335 carnis
834 2305 995 2334 infirmitate
1023 2305 1143 2334 circum-

360 2538 368 2551 1
386 2538 442 2561 Cod.
460 2539 477 2560 A
496 2538 579 2560 omittit
591 2543 672 2560 suum.

361 2576 369 2590 2
387 2577 431 2600 Csr.
449 2577 588 2605 Wadding„
606 2577 649 2599 loc.
666 2577 714 2605 cit.7
732 2576 760 2598 ad
780 2582 816 2598 an.
836 2576 908 2602 11210,
926 2581 948 2598 n.
966 2575 1003 2597 49.

360 2615 370 2628 ⁸
387 2617 465 2639 11101111.
481 2617 523 2644 42,
540 2617 578 2638 36.

361 2655 370 2668 *¹
388 2656 455 2678 Prov.
474 2656 514 2682 lg,
537 2656 579 2677 21:
598 2655 657 2677 Mors
678 2658 700 2677 ct
716 2655 763 2677 vita
784 2655 806 2676 in
825 2660 895 2676 manu
913 2654 1016 2682 linguae3
1039 2654 1079 2682 qui
1097 2654 1145 2676 dili·

299 2697 356 2723 gunt
372 2701 423 2717 enm
440 2694 563 2717 comedent
579 2695 666 2716 tructus
683 2694 740 2716 eius.

362 2732 371 2745 ⁵
388 2733 435 2757 Col.
453 2734 480 2761 3,
499 2734 543 2756 112;
560 2733 648 2756 lnduite
664 2739 720 2761 ergo
737 2739 781 2755 vos
797 2733 856 2755 sicut
872 2732 938 2754 electi
958 2732 1012 2761 Dei,
1029 2732 1102 2755 sancti
1124 2734 1147 2755 et

300 2773 385 2801 dilecti,
402 2773 492 2795 viscera
509 2772 694 2799 misericordiae,
712 2771 877 2799 benignitatem
895 2773 938 2793 etc.

362 2810 372 2824 ὕ
388 2812 510 2840 Bernard.,
531 2813 604 2834 Serm.
631 2811 668 2834 49.
694 2811 717 2833 in
741 2810 804 2834 Cant.
830 2817 852 2832 0.
869 2810 896 2832 5:
922 2810 1033 2832 Discretio
1058 2809 1146 2838 quippe

300 2851 363 2874 omni
379 2851 458 2874 virtuti
475 2851 580 2873 ordinem
598 2851 663 2879 ponit
669 2859 675 2878 3
693 2850 750 2873 ordo
776 2849 873 2872 modum
896 2848 976 2871 tribuit
996 2851 1018 2871 et
1037 2848 1146 2871 decorem

300 2890 368 2913 etIam
391 2892 414 2912 et
434 2890 636 2918 perpetuitatem...
659 2890 697 2912 Est
720 2895 777 2917 ergo
800 2888 909 2911 discretio
931 2894 976 2910 non
1001 2890 1048 2910 tam
1073 2888 1146 2910 virtus

300 2934 372 2957 (1110111
388 2929 504 2957 quaedam
526 2929 666 2952 moderatrix
688 2931 710 2951 et
734 2928 817 2956 auriga
837 2928 950 2950 virtutum
974 2927 1147 2955 ordinatrixque

300 2968 424 2990 affectuum
441 2970 463 2990 et
479 2974 571 2990 morum
588 2968 684 2990 doctrix.
697 2968 761 2990 Tolle
771 2968 843 2994 hanc,
860 2970 883 2989 et
898 2967 973 2989 virtus
993 2966 1075 2989 vitium
1092 2966 1147 2993 erit,

300 3008 399 3036 ipsaque
423 3007 511 3030 affectio
534 3008 643 3030 naturalis
665 3007 688 3029 in
711 3007 908 3036 perturbationem
930 3007 1005 3035 magis
1027 3008 1148 3029 converte-

680 213 881 243 OPUSCULUM
901 212 991 241 XXlll.
1014 211 1165 240 LEGENDA
1185 211 1300 240 SANCTI
1320 210 1494 239 FRANCISCI.
1517 209 1585 238 CAP.
1608 210 1638 238 V.

1188 289 1251 318 dato
1272 290 1310 318 510
1339 289 1459 326 perfecte
1487 288 1602 322 sectari,
1631 287 1720 325 quin⁷
1752 287 1859 324 aliquas
1890 289 2033 318 contrabat

1189 336 1299 370 sordes;
1321 336 1382 364 ideo
1402 336 1568 364 documento
1583 338 1659 363 certo
1680 334 1824 368 firmabat,
1847 342 1893 363 eos
1908 334 1955 371 qui
1971 343 2032 371 per-

1188 382 1297 411 fectioni
1320 382 1391 410 vitae
1413 382 1571 418 invigilant,
1593 381 1760 418 quotidianis
1780 380 1881 409 debere
1897 389 1926 409 se
1947 381 2034 418 lacry-

1189 437 1298 457 marum
1320 428 1471 457 emundare
1499 428 1619 456 fluentis.
1642 428 1715 456 Licet
1737 428 1809 456 enim
1839 427 1955 464 adeptus
1982 428 2035 457 iam

1189 479 1261 504 esset
1282 476 1373 504 cordis
1394 479 1421 504 et
1448 475 1573 511 corporis
1602 474 1751 510 puritatem
1782 475 1952 508 mirabilem,
1980 484 2034 504 000

1190 523 1313 552 cessabat
1335 526 1426 550 tamen
1448 522 1634 558 lacrymarum
1657 521 1794 550 imbribus
1820 522 1921 558 iugiter
1941 523 2036 552 000105

1190 570 1304 606 expiare
1326 568 1474 602 mentales,
1497 575 1695 604 corporeorum
1718 568 1854 596 luminum
1882 576 1937 596 11011
1968 577 2035 605 1100-

1190 616 1312 644 derando
1340 615 1483 643 iacturam.
1506 614 1575 642 Cum
1598 614 1671 642 enim
1692 622 1728 643 ex
1756 615 1887 643 continuo
1908 615 1976 644 ssetu
1997 616 2038 644 in-

1190 663 1350 691 firmitatem
1379 662 1525 690 oculorum
1554 661 1717 689 incurrisset
1744 661 1951 698 gravissimam,
1973 670 2036 691 sua-

1191 709 1272 738 dente
1293 709 1344 737 51111
1375 708 1492 741 medico,
1521 707 1595 744 quod
1620 708 1772 736 abstineret
1799 716 1815 736 a
1842 708 1986 745 lacrymis,
2015 710 2036 738 51

1192 756 1318 793 corporei
1340 756 1416 784 visus
1431 755 1589 783 caecitatem
1612 755 1695 783 vellet
1710 755 1846 792 effugere,
1868 755 1911 784 vir
1926 759 2037 786 sanctus

1192 803 1350 839 respondit:
1377 814 1390 827 «
1405 802 1462 830 Non
1484 804 1540 835 051,
1562 801 1648 830 frater
1670 802 1789 836 medice,
1810 802 1846 830 ob
1860 810 1982 831 amorem
1996 803 2038 832 lu-

1192 849 1289 883 minis,
1311 849 1384 886 quod
1412 848 1546 876 habemus
1573 855 1719 876 commune
1748 856 1811 877 cum
1833 849 1952 883 muscis,
1974 849 2039 878 visi-

1193 896 1258 925 tatio
1274 895 1343 924 lucis
1357 898 1486 923 aeternae
1501 894 1658 931 repellenda
1672 895 1715 923 vel
1730 895 1884 929 modicum,
1906 896 1971 933 quia
1985 905 2038 926 non

1193 943 1308 980 spiritus
1330 945 1442 979 propter
1465 949 1592 975 carnem,
1615 941 1662 970 sed
1683 950 1747 970 caro
1769 946 1882 979 propter
1911 943 2038 979 spiritum

1194 989 1358 1018 beneficium
1382 989 1450 1017 111015
1471 989 1617 1025 accepit».
1640 989 1758 1017 Malebat
1786 989 1921 1026 siquidem
1943 998 2040 1027 corpo-

1194 1037 1260 1065 ralis
1282 1037 1357 1065 visus
1380 1036 1472 1064 lumen
1498 1036 1624 1064 amittere
1649 1044 1732 1072 quam
1762 1036 1912 1073 lacrymas,
1939 1037 2040 1074 quibus

1194 1084 1292 1112 oculus
1320 1083 1471 1112 mundatur
1500 1083 1630 1117 interior,
1659 1086 1691 1111 ut
1710 1083 1798 1112 Deum
1825 1083 1918 1113 videre
1939 1085 2039 1119 valeat,

1195 1139 1322 1168 repressa
1343 1131 1487 1159 devotione
1508 1130 1623 1167 spiritus
1643 1130 1777 1167 impedire
1788 1131 1807 1159 Β.

1275 1178 1300 1206 11.
1313 1177 1381 1205 Cum
1395 1180 1487 1205 autem
1502 1177 1587 1205 semel
1599 1176 1713 1205 daretur
1728 1177 1873 1206 consilium
1885 1185 1901 1206 a
1917 1177 2040 1213 medicis,

1195 1229 1222 1254 et
1244 1225 1378 1253 instanter
1394 1224 1560 1253 suaderetur
1574 1232 1590 1252 a
1608 1224 1765 1258 Fratribus,
1787 1226 1819 1252 ut
1833 1227 1976 1261 pateretur
1991 1225 2041 1253 sibi

1196 1280 1245 1309 per
1261 1272 1413 1300 remedium
1436 1271 1578 1300 subveniri
1593 1274 1722 1299 cocturae
1734 1271 1754 1305 ⁹,
1777 1271 1920 1300 humiliter
1936 1272 1978 1300 vir
1994 1272 2041 1301 Dei

1196 1319 1327 1352 assensit,
1343 1318 1409 1355 quia
1430 1318 1604 1346 salutiferum
1620 1318 1672 1346 hoc
1693 1318 1775 1346 simul
1794 1322 1821 1346 et
1835 1326 1966 1355 asperum
1981 1326 2042 1348 esse

1196 1367 1335 1395 cernebat.
1360 1366 1478 1394 Vocatus
1506 1365 1599 1402 itaque
1622 1365 1696 1393 venit
1724 1365 1916 1402 chirurgicus,
1938 1366 2042 1394 instru-

1197 1416 1320 1442 mentum
1340 1413 1462 1441 ferreum
1477 1412 1532 1449 igni
1555 1412 1720 1440 submittens
1735 1412 1769 1440 ad
1783 1412 1937 1441 faciendum
1953 1416 2043 1442 coctu-

1198 1468 1265 1489 ram.
1289 1461 1319 1488 At
1340 1459 1441 1488 Christi
1464 1467 1563 1488 servus
1584 1467 1687 1495 corpus
1708 1459 1761 1487 iam
1784 1459 1901 1488 horrore
1929 1467 2044 1488 concus-

1197 1516 1258 1536 sum
1281 1507 1454 1540 confortans,
1476 1506 1548 1535 sicut
1569 1506 1688 1534 amicum
1710 1506 1800 1543 coepit
1820 1506 1910 1543 ignem
1925 1507 2043 1544 alloqui,

1197 1554 1304 1583 dicens:
1332 1565 1345 1578 (ε
1360 1554 1394 1581 Mi
1415 1553 1501 1581 frater
1516 1553 1599 1589 iguis,
1615 1560 1681 1589 prae
1696 1553 1718 1569 ¹⁰
1739 1553 1838 1582 ceteris
1852 1553 1937 1582 rebus
1951 1561 2044 1582 aemu-

1198 1601 1270 1630 landi
1292 1601 1399 1629 decoris
1414 1600 1585 1634 virtuosum,
1612 1600 1740 1636 pulcrum
1762 1602 1789 1628 et
1814 1600 1910 1629 utilem
1928 1603 1955 1629 te
1969 1608 2044 1629 crea-

1198 1648 1237 1677 vit
1258 1648 1420 1676 Altissimns.
1443 1647 1506 1675 Esto
1522 1647 1588 1675 mihi
1612 1647 1640 1675 in
1655 1647 1707 1675 bac
1729 1647 1797 1675 bora
1818 1647 1968 1684 propitius,
1988 1650 2045 1677 esto

1198 1695 1319 1724 curialis.
1342 1695 1442 1723 Precor
1464 1702 1595 1731 inagnum
1617 1694 1782 1728 Dominum,
1804 1695 1852 1732 qui
1878 1698 1905 1723 te
1926 1695 2044 1729 creavit,

1198 1746 1230 1771 01
1252 1745 1332 1771 tunm
1348 1742 1416 1770 101111
1431 1742 1549 1770 calorem
1573 1744 1725 1778 temperet,
1747 1749 1803 1778 quo
1818 1741 1940 1770 suaviter
1962 1749 2046 1771 uren-

1200 1792 1253 1818 tem
1276 1789 1381 1818 valeam
1403 1789 1542 1817 sustinere
1556 1800 1582 1816 ».
1604 1787 1734 1816 Oratione
1752 1788 1845 1822 finita,
1867 1791 1964 1817 contra
1984 1789 2046 1826 igne

1199 1836 1365 1865 candescens
1398 1835 1521 1864 ferreum
1556 1835 1775 1864 instrumentum
1810 1835 1920 1872 signum
1956 1836 2046 1865 010015

1200 1883 1298 1917 edidit,
1320 1890 1351 1911 ae
1373 1882 1501 1919 deinceps
1522 1882 1678 1919 intrepidus
1698 1882 1871 1919 persistebat.
1894 1882 2046 1911 Profunda-

1200 1934 1259 1959 tum
1282 1933 1323 1959 est
1354 1930 1493 1966 crepitans
1520 1929 1626 1958 ferrum
1652 1929 1679 1958 in
1709 1932 1804 1958 tenera
1832 1937 1930 1964 carne,
1959 1932 1986 1959 et
2012 1930 2046 1959 ab

1199 1985 1268 2006 aure
1289 1984 1379 2014 nsque
1400 1976 1434 2005 ad
1455 1976 1635 2013 supercilium
1658 1979 1772 2005 coctura
1792 1979 1941 2013 protracta.
1957 1977 2045 2013 Quan-

1201 2026 1259 2052 tum
1281 2023 1446 2060 irrogaverit
1467 2023 1538 2059 ignis
1558 2023 1604 2051 ille
1625 2022 1763 2057 dolorem,
1785 2023 1828 2051 vir
1849 2023 1908 2060 ipse
1935 2025 2046 2052 sanctus

1200 2071 1353 2107 expressit:
1373 2081 1387 2095 «
1402 2070 1537 2103 Laudate,
1559 2070 1650 2106 inquit
1664 2069 1698 2098 ad
1719 2070 1840 2104 Fratres,
1862 2070 2045 2105 Altissimum‚

1200 2118 1266 2155 quia
1287 2125 1352 2146 vere
1373 2117 1434 2145 dico
1455 2116 1548 2150 vobis,
1571 2124 1620 2145 000
1649 2116 1719 2153 ignis
1740 2116 1868 2145 ardorem
1896 2117 1969 2145 sensi
1997 2124 2047 2145 nec

1200 2164 1291 2193 carnis
1311 2164 1401 2192 ullum
1422 2163 1545 2192 dolorem
1559 2175 1586 2191 ».
1609 2163 1641 2191 Ε1
1662 2170 1813 2192 conversus
1834 2163 1868 2192 ad
1889 2163 2045 2192 medicum:

1204 2222 1217 2236 «
1233 2211 1258 2239 Si
1281 2219 1336 2239 non
1364 2213 1420 2244 est,
1441 2210 1548 2247 inquit,
1577 2218 1642 2238 caro
1663 2210 1732 2238 bene
1760 2209 1887 2244 decocta,
1919 2210 2046 2247 imprime

1200 2258 1301 2286 iterum
1317 2270 1343 2285 ».
1367 2257 1506 2293 Expertus
1527 2257 1650 2286 medicus
1672 2257 1700 2285 in
1720 2256 1840 2285 invalida
1861 2264 1944 2286 carne
1959 2257 2046 2286 virtu-

1201 2307 1255 2333 tem
1277 2304 1392 2341 spiritus
1413 2307 1467 2333 tam
1490 2307 1629 2341 potentem
1651 2304 1769 2333 miratus
1796 2307 1853 2338 est,
1874 2308 1902 2333 01
1922 2304 2045 2333 divinum

1202 2539 1239 2559 tur
1255 2536 1463 2564 exterminiumque
1481 2538 1583 2557 naturae.
1601 2534 1645 2557 Csr.
1664 2533 1720 2556 ibid.
1742 2534 1815 2556 Serm.
1834 2534 1870 2555 23.
1889 2540 1911 2556 11.
1931 2534 1956 2561 85
1973 2534 2046 2556 serm,

1203 2576 1225 2598 3.
1245 2576 1267 2598 in
1284 2575 1465 2598 Circumcisione
1490 2574 1595 2601 Domini,
1621 2580 1644 2595 n.
1672 2574 1704 2595 11.
1722 2576 1744 2595 01
1766 2573 1790 2595 ll.
1815 2573 1845 2595 de
1866 2572 2006 2596 Considerat.
2028 2578 2047 2594 c.

1204 2616 1239 2638 111.
1262 2622 1282 2637 11.
1303 2615 1340 2636 20.
1358 2614 1402 2637 Csr.
1421 2613 1559 2641 Wadding.‚
1576 2613 1618 2635 loc.
1637 2612 1685 2639 cit.‚
1705 2612 1732 2634 ad
1758 2618 1795 2634 an.
1817 2612 1886 2640 1210,
1904 2618 1927 2634 n.
1946 2611 1982 2634 47.
2000 2617 2048 2640 seq.

1266 2653 1275 2666 ⁷
1293 2654 1363 2681 Edd.,
1380 2652 1549 2681 refragantibus
1566 2652 1583 2674 A
1594 2651 1635 2674 BC
1646 2652 1759 2673 DEFlM
1777 2654 1799 2673 et
1815 2651 1876 2673 Actis
1894 2652 1944 2679 SS.,
1962 2651 2049 2674 addunt

1203 2692 1345 2722 aliquando,
1360 2695 1382 2720 et
1394 2692 1487 2714 inferius
1504 2698 1546 2719 pro
1564 2690 1690 2720 inviyilant
1708 2691 1750 2719 (ita
1767 2690 1837 2713 ABC
1848 2691 1936 2713 DElM
1954 2693 1976 2713 et
1992 2690 2046 2712 Acta

1204 2732 1253 2760 SS.)
1263 2732 1281 2754 G
1294 2731 1399 2761 vigyilant,
1410 2731 1462 2753 edd.
1475 2730 1602 2759 rz'qz'lanter
1614 2729 1745 2757 nztmzdzmt,
1756 2735 1816 2758 quae
1829 2730 1896 2751 etiam
1908 2735 1956 2758 seq.
1966 2734 2048 2757 propo-

1204 2771 1310 2793 sitionem
1328 2770 1360 2793 510
1377 2770 1502 2798 incipiunt:
1521 2768 1584 2792 Licet
1599 2768 1661 2792 enim
1674 2770 1723 2792 tam
1735 2770 1793 2792 esset
1806 2768 1904 2798 adeptus
1916 2767 1994 2791 cordis
2005 2770 2046 2790 etc.

1267 2808 1276 2822 Β
1293 2809 1338 2832 Csr.
1356 2809 1493 2837 Wadding.‚
1511 2808 1553 2830 loc.
1570 2808 1618 2836 cit.‚
1637 2808 1666 2830 ad
1683 2814 1719 2830 an.
1738 2807 1811 2835 1225,
1828 2814 1850 2830 n.
1868 2807 1889 2829 5.

1268 2847 1277 2860 ⁹
1293 2849 1329 2871 Du
1347 2848 1436 2876 Gange,
1462 2847 1603 2870 Glossarium
1625 2849 1681 2869 etc.:
1699 2846 1818 2874 Coctaria,
1844 2846 1915 2874 ustio,
1939 2851 1999 2875 quae
2023 2845 2048 2867 fit

1204 2887 1277 2910 calido
1295 2888 1379 2910 ferro...
1400 2887 1447 2909 Vox
1468 2886 1527 2909 male
1544 2888 1664 2914 compacta
1686 2891 1713 2907 ex
1732 2885 1851 2913 cauteria,
1873 2885 1909 2907 vel
1931 2883 2047 2912 molaria,

1204 2930 1244 2950 aut
1260 2929 1356 2951 coctura
1364 2935 1373 2955 ,·
1394 2933 1448 2949 nam
1470 2926 1585 2949 eiusmodi
1605 2925 1731 2948 1005110005
1751 2930 1849 2948 carnem
1870 2930 1969 2954 coquere
1991 2923 2048 2946 dice-

1205 2967 1296 2990 bantur.

1267 3004 1286 3017 ¹⁰
1303 3004 1376 3028 Codd.
1393 3005 1411 3027 A
1421 3005 1437 3027 B
1447 3004 1463 3027 C
1474 3004 1491 3026 D
1501 3004 1541 3026 EF
1551 3004 1558 3026 l
1568 3004 1587 3026 M
1605 3003 1713 3026 omittunt
1726 3008 1795 3032 prae.

2049 293 2112 313 Contu-i.
2117 298 2133 317 ti:

2058 317 2112 342 lacryr
2117 326 2127 340 ³.

2114 347 2116 365 1

2055 802 2132 829 01010110

2077 831 2116 850 tabil

2058 1181 2118 1200 Patien

2074 1205 2126 1224 ustio.

2060 1976 2119 1996 luit-ahi
2126 1977 2133 1995 ’1

2090 2002 2118 2019 ctu
