2133 3317
22 1761 108 1781 Tertiam.

752 224 951 254 OPUSCULUM
973 225 1026 254 VII.
1049 225 1247 254 RHYTHMICA.

147 301 190 327 27.
208 302 315 327 Plorans
334 310 393 334 ergo
411 302 536 328 clamitat:
556 302 576 327 O
594 302 650 328 fons
661 302 668 315 ¹
690 302 805 334 pietatis,

236 345 296 375 Quis
315 345 340 370 te
359 346 449 377 pannis
468 345 549 370 induit
568 345 635 370 dirae
655 346 832 376 paupertatis?

235 387 289 412 Tibi
309 389 365 420 quis
383 388 508 413 consuluit
527 388 561 412 sic
580 388 604 412 te
624 388 682 412 dare
701 389 782 419 gratis

235 430 314 456 Nobis
332 431 381 455 nisi
399 430 530 455 vehemens
549 430 623 456 ardor
641 431 773 456 caritatis?

209 473 290 505 Digne
309 474 376 498 zelus
394 473 526 498 vehemens
545 473 583 498 est
601 473 641 498 hic
659 474 733 499 ardor
751 474 844 503 dictus,

235 516 283 540 Per
302 523 374 547 quem
393 516 482 547 sponte
501 516 620 541 Dominus
640 517 678 541 est
690 517 814 541 caelorum
827 516 909 541 victus
920 515 937 547 ²,

236 558 311 583 Cuius
330 559 424 583 sanctis
443 559 549 583 vinculis
567 559 655 590 captus
674 559 699 583 et
718 559 884 589 constrictus,

234 600 357 632 Pauperis
374 601 492 626 infantuli
511 602 602 633 pannis
621 602 659 626 est
677 602 791 627 amictus.

207 643 227 669 O
247 644 386 675 praedulcis
406 644 522 675 parvule,
542 652 602 675 puer
621 645 674 669 sine
693 645 759 676 pari,

232 687 317 717 Felix,
337 687 376 712 0111
394 687 480 712 datum
500 687 553 716 est,
573 688 597 712 te
616 695 682 712 nunc
701 688 852 719 amplexari,

234 729 326 759 Pedes,
345 738 434 755 manus
453 730 575 760 lambere,
595 731 624 756 de
643 731 667 756 te
679 729 688 742 ³
707 731 844 760 consolari,

233 772 292 797 Tuis
310 773 335 797 111
355 773 478 804 obsequiis
496 774 588 805 iugiter
607 774 706 799 morari.

206 815 261 840 Heu
281 817 331 840 me!
352 823 396 840 cur
414 823 463 841 non
482 817 554 841 licuit
571 816 631 841 1111111
650 816 786 841 demulcere

231 858 379 890 Vagientem
399 859 531 890 parvulum
550 859 575 884 et
593 866 648 883 cum
666 858 741 883 flente
760 859 818 884 flere
829 858 853 889 ⁴,

231 901 294 927 Illos
312 902 385 926 artus
403 902 501 926 teneros
519 902 575 926 sinu
594 901 703 926 refovere

232 944 340 975 Eiusque
360 944 490 969 cunabulis
509 951 606 975 semper
624 944 751 968 assidere?

205 987 284 1016 Puto,
304 987 361 1018 pius
379 987 500 1017 parvulus
518 986 578 1011 haec
596 994 645 1011 non
667 986 812 1011 abhorreret

231 1029 283 1053 Nec
303 1036 328 1053 se
347 1036 362 1054 a
381 1029 532 1060 pauperculo
550 1029 621 1060 tangi
641 1028 817 1060 prohiberet⁵;

232 1072 311 1097 Immo
331 1079 398 1097 more
417 1072 516 1103 parvuli
535 1072 618 1097 forsan
638 1072 760 1096 arrideret

231 1114 265 1139 Et
284 1114 378 1146 petenti
397 1115 493 1139 veniam
513 1114 584 1139 facile
605 1115 742 1145 praeberet.

205 1157 288 1186 Felix,
308 1158 349 1188 qui
369 1157 428 1182 tunc
447 1157 567 1188 temporis
585 1158 662 1182 Matri
681 1158 803 1189 singulari

231 1200 359 1225 Potuisset
379 1200 492 1231 precibus
511 1201 547 1225 ita
566 1200 697 1230 famulari,

233 1242 267 1267 Ut
285 1243 311 1267 in
330 1243 367 1267 die
386 1243 479 1267 sineret
497 1243 571 1268 semel
590 1243 697 1268 osculari

233 1285 312 1310 Pedes
331 1286 368 1310 sui
388 1284 508 1317 0111111111ὅ
527 1287 595 1317 eique
614 1287 697 1311 iocari.

205 1328 226 1353 Ο
246 1336 320 1360 quam
338 1329 418 1353 libens
438 1329 553 1353 balneum
572 1330 593 1354 ei
613 1331 814 1360 praeparassem!

230 1371 250 1397 O
269 1379 343 1403 quam
362 1372 442 1397 libens
461 1372 571 1397 humeris
589 1380 678 1404 aquam
698 1373 885 1404 apportassem,

229 1415 262 1440 In
280 1415 326 1440 hoc
344 1415 424 1440 libens
442 1414 540 1446 Virgini
559 1422 656 1446 semper
675 1416 870 1445 ministrassem,

229 1457 398 1489 Pauperisqne
418 1458 517 1489 parvuli
536 1459 659 1489 pannulos
677 1459 800 1483 lavassem
812 1457 834 1482 ⁷!

203 1500 242 1526 Sic
262 1501 364 1530 affecta,
384 1502 426 1533 pia
444 1509 513 1526 1110115
533 1501 587 1526 51111
606 1501 795 1532 paupertatem,

229 1543 283 1568 Cibi
302 1545 493 1575 parsimoniam,
513 1545 590 1569 vestis
608 1544 742 1573 vilitatem,

231 1586 312 1612 Labor
331 1587 351 1612 ei
370 1586 478 1612 vertitur
496 1588 521 1612 in
541 1587 719 1612 iucunditatem
730 1586 747 1616 ⁸,

229 1629 310 1654 Vilem
329 1637 382 1654 esse
402 1630 493 1654 saeculi
511 1630 571 1655 dicit
589 1630 754 1654 venustatem,

203 1672 271 1704 Ergo
292 1673 326 1697 sic
344 1673 476 1698 infantiam
495 1673 589 1698 Christi
609 1673 752 1702 retexendo,

229 1715 312 1741 Horae
331 1716 430 1740 Primae
448 1715 572 1741 canticum
592 1716 692 1740 strenue
712 1715 860 1747 psallend0⁹

229 1759 373 1784 Transitum
391 1759 423 1784 ad
441 1759 551 1784 Tertiam
569 1759 641 1788 facit,
661 1759 802 1789 recolendo,

231 1801 357 1831 Quantum
376 1802 492 1827 Christus
510 1809 601 1833 passus
620 1802 666 1831 est,
686 1802 797 1827 homines
816 1802 930 1828 docendo.

202 1845 271 1870 Tunc
289 1852 344 1870 cum
362 1845 423 1870 fletu
441 1845 547 1876 replicat
558 1844 578 1857 ¹⁰
598 1845 666 1870 illius
684 1845 796 1875 labores,

228 1888 342 1918 Famem,
361 1888 441 1917 sitim,
461 1888 568 1920 frigora,
588 1888 673 1913 aestus
692 1888 717 1913 et
736 1888 848 1917 sudores,

228 1931 295 1960 Quae
313 1931 446 1963 dignanter
465 1931 571 1962 pertulit
589 1931 691 1962 propter
710 1931 865 1962 peccatores,

229 1974 293 1999 Dum
312 1974 412 1999 illorum
430 1974 510 1999 voluit
528 1975 646 1999 innovare
665 1981 754 1999 mores.

202 2016 255 2042 Vox
273 2017 365 2042 amoris
384 2017 478 2042 facibus
490 2016 509 2029 ¹¹
530 2017 584 2042 tota
602 2017 771 2046 concremata,

232 2059 290 2090 Oct,
310 2060 348 2084 occ*
366 2060 480 2084 clamitat
498 2060 552 2084 avis
570 2059 630 2085 haee
649 2060 735 2089 beata,

146 472 190 497 28.

146 643 188 668 29.

144 814 186 840 30.

144 985 186 1012 31.

142 1156 185 1181 32.

142 1328 186 1353 33.

141 1500 184 1525 34.

141 1671 183 1696 35.

140 1843 182 1870 36.

140 2016 183 2041 37.

1822 229 1874 257 671

1137 304 1229 329 Mundo
1249 305 1310 330 mori
1329 305 1443 336 cupiens,
1463 306 1521 337 quia
1539 306 1580 331 via
1598 306 1651 331 lata

1138 346 1167 371 Ei
1186 346 1262 371 foetet
1281 348 1385 377 saeculi,
1405 348 1440 373 sic
1459 349 1497 373 est
1515 349 1629 374 delicata.

1049 388 1092 413 38.
1112 388 1210 413 Clamas
1229 397 1301 421 ergo,
1321 390 1424 416 Domine
1436 390 1464 420 ¹²,
1485 391 1563 416 dulcis
1577 392 1742 422 praedicator,

1137 431 1258 456 Exsulum
1277 432 1412 464 refugium,
1434 441 1571 465 pauperum
1590 434 1695 464 amator,

1137 474 1183 503 Qui
1202 481 1228 498 es
1246 475 1425 505 poenitentium
1445 477 1500 507 pius
1519 477 1673 505 consolator,

1136 516 1199 542 Post
1218 518 1241 542 te
1260 518 1350 543 debent
1368 526 1466 544 currere
1485 520 1567 544 iustus
1586 521 1611 544 et
1630 520 1751 551 peccator.

1049 558 1091 583 39.
1110 559 1176 583 Iusti
1195 560 1285 591 quippe
1305 561 1407 592 regula,
1427 562 1493 586 vitae
1512 569 1538 586 es
1557 562 1684 593 doctrina,

1136 602 1295 628 Peccatorum
1316 604 1455 634 speculum,
1475 605 1538 629 mira
1557 605 1688 636 disciplina
1701 604 1731 635 ¹⁸,

1135 645 1219 670 Fessis
1238 646 1262 670 et
1281 646 1402 671 debilibus
1421 647 1506 672 efficax
1526 649 1620 677 resina,

1136 688 1226 720 Aegris
1245 689 1271 713 et
1289 689 1467 721 languentibus
1487 691 1575 721 potens
1594 691 1721 716 medicina.

1048 731 1091 756 40.
1111 730 1211 756 Primus
1230 733 1254 756 in
1274 732 1319 757 hoc
1339 733 1435 758 saeculo
1456 734 1569 758 caritatis
1589 734 1698 759 scholam

1135 774 1304 804 Iustam-asti,
1324 783 1441 807 quaerere
1460 776 1549 801 docens
1568 776 1613 801 Dei
1631 777 1709 802 solam

1136 817 1258 846 Gloriam,
1278 818 1399 849 deponere
1416 826 1519 850 gravem
1539 819 1624 844 mundi
1643 820 1750 851 molam,

1135 859 1168 884 Et
1187 861 1222 885 510
1241 868 1312 891 posse
1331 861 1453 892 perditam
1472 862 1590 887 rehabere
1610 863 1708 887 stolam.

1049 901 1090 926 41.
1111 902 1157 927 Sed
1175 902 1239 928 hauc
1258 903 1366 928 scholam
1387 904 1478 929 temere
1498 905 1605 929 mundus
1623 905 1756 935 irridebat,

1134 945 1258 976 Spernens
1277 947 1302 970 et
1319 947 1474 976 annihilans,
1495 947 1613 978 quidquid
1632 948 1802 979 promittebat,

1134 987 1186 1012 Tua
1205 995 1263 1013 vero
1283 988 1381 1014 bonitas
1400 990 1465 1014 vices
1485 997 1534 1014 non
1554 990 1685 1020 reddebat,

1134 1030 1214 1056 Immo
1233 1032 1418 1062 poenitentibus
1437 1032 1517 1057 totum
1536 1033 1689 1064 ignoscebat.

1045 1072 1088 1097 42.
1108 1073 1203 1104 Quippe
1222 1074 1260 1098 cui
1280 1075 1408 1105 proprium
1428 1075 1482 1099 erat
1501 1076 1624 1104 misereri,

1134 1116 1210 1147 Diligi
1229 1116 1372 1141 desiderans
1392 1118 1485 1149 magis,
1505 1125 1579 1149 quam
1598 1118 1691 1147 timeri,

1133 1158 1223 1187 Verba,
1243 1159 1285 1183 sed
1305 1166 1353 1184 11011
1373 1160 1476 1184 verbera
1494 1160 1635 1191 proferens,
1656 1162 1750 1186 austeri

1133 1201 1306 1232 Praeceptoris
1324 1203 1405 1227 noluit
1417 1202 1436 1215 ¹⁴
1456 1210 1522 1228 more
1542 1205 1656 1229 revereri.

1044 1243 1087 1268 43.
1106 1244 1159 1269 Hoc
1171 1243 1190 1256 ¹⁵
1209 1245 1234 1269 111
1253 1245 1375 1270 adulterio
1395 1247 1465 1271 novit
1483 1246 1650 1277 deprehensa,

1133 1287 1212 1316 Quam
1232 1287 1265 1312 sit
1284 1288 1328 1312 tua
1347 1289 1427 1319 pietas
1445 1289 1524 1313 dulcis
1543 1289 1568 1314 01
1586 1290 1714 1315 immensa.

1132 1330 1281 1362 Magdalena
1300 1332 1378 1355 sensit
1397 1331 1454 1360 hoc,
1475 1332 1496 1356 ei
1516 1340 1571 1357 cum
1591 1333 1682 1358 offensa

1132 1373 1178 1398 Est
1197 1373 1312 1404 dimissa,
1331 1374 1415 1405 gratia
1435 1375 1565 1406 multiplex
1583 1376 1702 1406 impensa.

1043 1416 1085 1440 44.
1105 1416 1138 1440 Et
1157 1416 1215 1448 quid
1234 1417 1314 1441 multa
1333 1417 1460 1442 referam?
1479 1418 1605 1450 Quotquot
1624 1420 1683 1443 sunt
1703 1420 1780 1445 secuti
1792 1419 1812 1432 ¹⁵

1132 1459 1211 1484 Tuum
1232 1460 1416 1491 magisterium,
1437 1468 1452 1485 a
1471 1461 1522 1485 suis
1541 1461 1620 1486 abluti

1131 1502 1219 1532 vitiis,
1241 1504 1300 1527 sunt
1319 1503 1428 1528 moribus
1447 1504 1548 1535 optimis
1568 1505 1664 1535 imbuti,

1130 1545 1164 1570 Et
1183 1545 1215 1570 ab
1233 1545 1313 1571 hostis
1333 1547 1409 1571 invidi
1429 1546 1515 1571 fraude
1535 1547 1593 1572 faeti
1612 1548 1670 1572 tuti.

1042 1588 1085 1612 45.
1105 1588 1173 1613 Felix
1186 1588 1215 1618 ¹⁷,
1234 1589 1273 1613 cui
1292 1589 1374 1619 licuit,
1394 1589 1440 1614 sub
1458 1589 1504 1614 1100
1523 1590 1682 1621 praeceptore

1131 1631 1278 1656 Conversari
1297 1632 1388 1663 iugiter
1407 1633 1432 1657 01
1451 1632 1482 1657 ab
1501 1633 1553 1657 eius
1572 1640 1612 1658 ore

1129 1675 1179 1699 Mel
1197 1675 1302 1699 caeleste
1321 1682 1421 1706 sugere,
1442 1676 1511 1700 cuius
1530 1683 1589 1706 prae
1609 1676 1706 1701 dulcore

1130 1717 1297 1742 ΔΝΜ-05011111
1316 1718 1411 1747 cetera,
1432 1719 1505 1749 plena
1524 1719 1584 1743 sunt
1602 1719 1703 1744 foetore.

1041 1760 1084 1785 46.
1104 1760 1171 1785 Haec
1190 1761 1215 1785 et
1235 1761 1316 1785 multa
1335 1761 1397 1785 talia
1415 1761 1472 1785 dum
1485 1760 1505 1773 ¹²³
1525 1769 1594 1786 mens
1614 1762 1761 1792 meditatur,

1129 1803 1169 1828 Ad
1188 1804 1325 1828 reddendas
1343 1804 1440 1835 gratias
1459 1804 1513 1829 tota
1532 1805 1706 1836 praeparatur,

1131 1846 1170 1870 Ad
1189 1846 1341 1871 laudandum
1361 1846 1492 1871 Dominum
1512 1848 1592 1879 magis
1611 1848 1793 1878 inflammatur,

1130 1889 1215 1920 Sicque
1235 1889 1317 1914 Horae
1336 1889 1424 1914 tertiae
1443 1890 1532 1914 cautus
1550 1890 1708 1916 terminatur.

1041 1931 1083 1956 47.
1107 1930 1164 1963 Oct,
1185 1932 1223 1956 oct*
1242 1933 1324 1956 anima
1341 1932 1434 1956 clamat
1452 1933 1476 1957 in
1495 1932 1541 1958 hoc
1560 1933 1642 1962 statu,

1131 1974 1222 1999 Crebro
1241 1974 1347 1999 fundens
1366 1975 1488 2007 lacrymas
1508 1976 1554 2000 sub
1572 1976 1617 2001 1100
1637 1976 1760 2006 incolatu,

1129 2017 1246 2042 Laudans
1265 2018 1290 2042 et
1308 2018 1451 2049 glorificans
1471 2026 1561 2050 magno
1579 2026 1634 2044 cum
1653 2020 1744 2045 conatu

1130 2059 1257 2084 Christum
1270 2059 1298 2090 ¹⁹,
1318 2061 1359 2092 qui
1378 2061 1417 2086 tot
1436 2061 1540 2092 pertulit
1559 2069 1603 2087 suo
1623 2069 1667 2093 pro
1687 2063 1764 2088 reatu.

185 2263 193 2276 ¹
213 2263 253 2286 Ed.
274 2265 279 2285 l
302 2270 343 2291 pro
363 2263 382 2287 Ο
398 2264 451 2293 fons
470 2263 538 2286 habet
554 2263 602 2292 dic,
626 2265 692 2294 sons,
718 2265 797 2293 legens
817 2265 884 2293 paulo
910 2265 967 2287 inse-

122 2295 172 2317 rius
187 2296 284 2318 nostrae
307 2301 349 2322 pro
366 2294 447 2323 diram,-
463 2301 491 2317 ex
507 2301 552 2323 qua
569 2296 606 2317 ed.
620 2296 640 2318 in
662 2296 741 2318 ultimo
760 2302 827 2319 versu
845 2297 966 2324 posuimus

123 2325 207 2354 Nobis,
227 2325 275 2348 nisi
290 2325 412 2349 vehemens
429 2332 472 2354 pro
490 2326 542 2349 Nisi
557 2326 623 2349 :elus
634 2326 768 2354 vehemens,
788 2330 812 2349 ut
828 2327 898 2349 habet
914 2328 965 2350 Vat.

185 2356 194 2369 ⁴³
212 2358 241 2379 lta
260 2361 344 2380 textum
362 2358 503 2379 cot-reximus
520 2363 547 2379 ex
564 2358 600 2379 ed.
618 2359 642 2385 ·1,
661 2358 711 2380 Vnt.
737 2364 829 2380 versum
857 2358 878 2381 in
904 2359 965 2381 hunc

123 2388 220 2411 modum
237 2388 341 2411 exhibet:
359 2388 431 2411 Cuius
449 2390 483 2411 est
499 2388 602 2411 dominio
619 2395 664 2411 rest·
681 2388 803 2412 caelorum
820 2389 902 2412 victus.

185 2418 194 2432 ³
212 2419 288 2442 Verba
306 2419 333 2442 de
349 2421 382 2447 te,
400 2426 442 2447 pro
464 2419 550 2448 quibus
573 2420 622 2442 Vat.
645 2420 699 2447 legit
715 2420 821 2449 flentem,
839 2421 965 2443 sumsimus

122 2456 150 2473 ex
166 2450 203 2473 ed.
224 2452 242 2477 1,
259 2457 319 2479 quae
336 2451 404 2473 etiam
431 2457 500 2478 supra
526 2451 589 2479 ponit
614 2452 635 2473 te
651 2452 707 2474 {mic
723 2451 860 2481 umpleoeari
878 2452 927 2474 loco
944 2453 965 2474 te

123 2487 187 2505 nunc
203 2482 341 2511 amplectari
357 2486 379 2504 ct
395 2482 419 2504 in
437 2483 516 2504 ultimo
529 2488 597 2504 101511
610 2482 726 2504 substituit
737 2484 758 2505 et
770 2489 811 2510 pro
824 2482 848 2505 in
860 2485 881 2505 et
896 2482 965 2512 diqne

164 2523 166 2526 ,
243 2519 248 2525 .
298 2520 317 2533 .,
351 2519 359 2534 L
485 2519 490 2524 .
516 2520 536 2535 .-

123 2518 258 2567 mamiwgdf
272 2515 483 2567 tm111ulnzcylxtfe'rstuln)¹
491 2519 529 2566 [ital
553 2544 657 2566 exhibet:
677 2545 751 2567 Istum
770 2544 862 2567 dulcem
877 2551 964 2574 parvu-

124 2574 174 2598 lum
191 2574 320 2605 blandeque
337 2577 429 2603 1011110,-
447 2576 531 2598 deinde
543 2582 569 2597 ex
587 2576 667 2597 endem
680 2576 717 2598 cd.
729 2575 890 2598 substituimus
908 2575 963 2599 sinit

123 2606 228 2636 refovere
245 2607 295 2629 loco
311 2607 359 2630 sice
376 2607 512 2636 confovere,
532 2607 594 2635 quod
613 2606 682 2629 habet
699 2608 749 2629 Vat.

185 2636 195 2650 ⁵
211 2637 240 2660 lta
258 2638 296 2661 ed.
314 2639 339 2665 rl,
357 2638 408 2660 Vat.
425 2639 486 2661 bunc
503 2644 596 2660 versum
615 2638 722 2660 omittens
735 2641 785 2666 post
802 2637 921 2661 arrideret
931 2638 963 2660 sic

123 2668 254 2691 continuat:
271 2669 302 2692 Et
317 2669 383 2698 flenti
395 2669 544 2699 pauperculo
561 2669 617 2698 fletu
638 2668 783 2697 condoleret,
810 2669 840 2692 Et
857 2669 965 2699 peccanti

122 2699 192 2729 facile
201 2699 269 2723 venia
286 2701 392 2730 faterer,-
410 2703 482 2722 textus
499 2700 590 2722 exbibet
607 2701 726 2723 lectionem
744 2700 782 2723 ed.
802 2701 823 2722 1.

185 2730 195 2744 ⁶
212 2732 254 2754 Pro
272 2731 342 2754 Pedes
359 2731 398 2754 sui
413 2731 522 2760 parvuli,
544 2731 608 2760 quod
625 2731 694 2754 habet
718 2732 754 2754 etl.
782 2733 807 2759 l,
833 2732 884 2754 Vat.
909 2731 964 2759 legit

123 2761 200 2785 Suum
217 2762 307 2786 dulcem
323 2762 463 2792 parentum.

185 2792 194 2806 ⁷
211 2794 251 2816 Ed.
273 2795 278 2816 1
300 2794 359 2816 duos
377 2794 468 2816 ultimos
485 2800 567 2816 versus
584 2793 691 2822 proponit
703 2795 746 2816 1100
758 2794 841 2816 modo:
860 2793 880 2817 Ο
891 2799 963 2823 quam

123 2824 199 2848 Matri
218 2824 310 2854 Viryint'
327 2825 365 2854 pie
387 2824 572 2853 ministrassem,
593 2826 626 2848 Ac
642 2824 692 2847 cius
713 2824 827 2854 infantuli
843 2823 963 2854 pannulos

123 2854 258 2879 levassem!
697 2854 706 2867 ⁸
725 2856 765 2879 Ed.
788 2857 793 2878 1
814 2855 964 2879 suavitatem.

186 2886 196 2899 ⁹
214 2888 256 2909 Pro
274 2886 378 2910 canendo
396 2887 435 2913 (ita
454 2887 513 2914 γει.)
531 2887 692 2909 substituimus
704 2893 730 2909 ex
748 2887 784 2909 ed.
803 2887 812 2909 1
831 2886 963 2916 psallendo,

123 2923 184 2946 quac
200 2918 238 2940 cd.
254 2924 324 2946 supra
342 2924 384 2946 pro
400 2917 527 2941 retexendo
545 2918 613 2940 babet
630 2918 765 2946 recolendo,
786 2918 842 2940 inu-a
864 2919 913 2941 loco
930 2924 964 2941 re-

123 2948 220 2972 colendo
237 2948 367 2977 subrogans
382 2949 521 2972 revolvendo
534 2955 560 2971 110
573 2955 659 2977 ponens
677 2950 772 2977 Quanta
790 2949 897 2973 Christus
912 2955 964 2979 per-

124 2979 178 3003 tulit
194 2986 237 3007 pro
255 2980 377 3008 Quantum
395 2980 502 3003 Christus
517 2986 604 3010 passus
621 2981 662 3003 est.

187 3010 207 3023 ¹⁰
225 3013 253 3034 lta
271 3011 308 3034 ed.
329 3012 350 3040 t,
369 3012 417 3034 Vnt.
429 3011 518 3035 recitat.
539 3013 594 3034 infru
612 3011 648 3033 ed.
671 3011 675 3033 Ι
697 3012 751 3039 legit
767 3013 846 3035 aestus
863 3013 885 3035 ct
900 3011 965 3035 dolo-

1022 2271 1061 2288 res
1078 2271 1120 2293 pro
1138 2266 1217 2288 aestus
1234 2266 1254 2288 et
1271 2264 1384 2293 sudores,
1410 2269 1488 2293 postea
1514 2264 1641 2295 difflantur
1662 2272 1750 2295 passus
1773 2268 1807 2289 est
1823 2273 1866 2294 pro

1022 2295 1149 2326 dignanter
1163 2296 1263 2326 pertulit
1280 2300 1302 2318 et
1319 2296 1403 2319 deinde
1419 2296 1544 2319 emendare
1562 2297 1612 2319 loco
1630 2296 1752 2320 innovare.

1085 2327 1103 2340 ¹²
1122 2328 1164 2349 Pro
1181 2327 1284 2356 facibus,
1305 2328 1368 2356 quod
1394 2327 1555 2350 substituimus
1579 2334 1605 2350 ex
1629 2328 1666 2350 ed.
1689 2329 1711 2355 l,
1731 2329 1780 2350 Vat.
1797 2328 1866 2351 habet

1022 2357 1126 2387 flatibus.
1144 2358 1202 2380 lutra
1219 2359 1255 2380 ed.
1275 2359 1282 2380 1
1305 2359 1359 2386 legit
1376 2358 1484 2381 clamitat
1506 2360 1582 2381 mente
1606 2358 1728 2381 sublevata
1744 2359 1795 2381 loco
1817 2359 1863 2382 clu-

1022 2389 1090 2412 mz‘tat
1106 2389 1157 2412 avis
1174 2389 1232 2412 haec
1248 2388 1322 2412 beata.
1336 2390 1386 2412 Post
1398 2389 1493 2419 cupiens
1509 2390 1561 2411 Vat.
1572 2390 1640 2417 legit:
1660 2389 1727 2413 t'ttl'ns
1739 2390 1786 2413 vita
1799 2390 1862 2419 tuta,

1022 2419 1067 2443 Oui
1081 2420 1150 2449 foetet
1166 2419 1296 2443 saeculum.
1537 2451 1541 2454 .

1084 2451 1103 2463 ¹²
1122 2452 1160 2473 Ed.
1182 2452 1187 2472 1
1211 2451 1279 2473 babet
1296 2451 1388 2474 Clamat
1401 2457 1457 2480 erqo
1472 2451 1570 2474 Dommo
1585 2451 1726 2474 substituens
1743 2452 1765 2474 in
1782 2452 1863 2475 ultimo

1021 2488 1090 2505 versu
1108 2482 1173 2505 debet
1191 2488 1232 2510 pro
1250 2482 1336 2505 (teuent.

1085 2512 1104 2526 ¹³
1121 2513 1183 2536 Duos
1201 2514 1288 2541 primos
1305 2519 1386 2536 versus
1403 2513 1439 2535 ecl.
1459 2513 1466 2535 l
1488 2513 1520 2535 sic
1537 2513 1639 2536 exhibet:
1652 2514 1716 2537 lusto
1732 2519 1815 2543 nempe
1825 2520 1862 2537 re-

1020 2544 1078 2574 yulst
1095 2546 1136 2567 tua
1153 2546 1187 2567 est
1203 2544 1324 2573 doctrina,
1344 2544 1481 2567 Sanctttatz's
1497 2544 1632 2574 specutmn,
1650 2544 1711 2568 vitae
1731 2544 1863 2575 disciplina.

1083 2574 1102 2588 ¹⁴
1118 2576 1179 2598 Loco
1195 2575 1271 2598 noluit
1287 2576 1325 2598 ed.
1346 2576 1350 2597 Ι
1373 2575 1441 2598 habet
1457 2582 1566 2598 renuens.

1083 2606 1102 2619 ¹⁵
1119 2607 1148 2629 Ex
1166 2607 1203 2629 ed.
1225 2608 1229 2628 Ι
1252 2606 1413 2629 substituimus
1429 2606 1490 2634 Hoc,
1508 2613 1550 2634 pro
1568 2613 1615 2635 quo
1633 2607 1683 2629 Vnt.
1700 2606 1768 2630 habet
1785 2607 1859 2635 Hace,

1020 2641 1043 2660 et
1059 2638 1114 2660 intra
1133 2637 1209 2660 dulcis
1225 2639 1246 2660 et
1262 2638 1312 2660 loco
1329 2637 1426 2665 scilicet,
1445 2638 1508 2666 quod
1527 2637 1595 2660 babet
1612 2638 1663 2660 Vat.

1083 2667 1103 2681 ¹⁸
1119 2669 1208 2691 initium
1227 2669 1294 2691 huius
1311 2670 1418 2697 strophae
1435 2669 1457 2691 in
1477 2669 1526 2691 Vat.
1544 2669 1572 2691 ita
1591 2669 1739 2697 proponitur:
1757 2669 1787 2692 Et
1806 2669 1864 2700 quid

1020 2699 1096 2723 multa
1113 2699 1226 2728 dicerem,
1251 2701 1307 2729 quot
1330 2701 1386 2723 sunt
1410 2699 1529 2723 consecuti
1551 2700 1610 2723 Eius
1635 2699 1800 2729 maqisterium
1820 2704 1862 2724 etc.

1243 2737 1254 2752 S
1355 2748 1359 2753 .
1379 2742 1380 2745 ¹
1393 2748 1398 2752 .

1021 2732 1106 2775 Tem&
1121 2731 1366 2785 szmggspe'ltlexEded'
1382 2732 1509 2790 ¹praemittit
1527 2761 1604 2789 Onam
1626 2761 1767 2785 substituens
1783 2766 1862 2791 postea

1021 2794 1110 2823 Pompa
1127 2793 1211 2816 mundi
1228 2793 1280 2828 eills
1297 2794 1330 2816 est
1346 2793 1461 2822 plenaque
1477 2793 1565 2823 foetore
1584 2794 1633 2816 loco
1655 2795 1813 2817 Amarescun!
1829 2800 1862 2817 ce·

1021 2824 1172 2878 tem'ffipssga
1178 2825 1376 2878 'lfflllglgoslttcticgcsset
1391 2855 1468 2878 multa
1484 2854 1541 2878 tatia
1556 2854 1614 2878 dum
1625 2855 1739 2887 legitHoc
1749 2857 1771 2878 et
1784 2855 1861 2879 mettttt

1020 2886 1079 2910 talia
1096 2892 1151 2910 cum
1167 2890 1189 2908 et
1212 2886 1296 2909 deinde
1321 2887 1385 2915 ponit
1409 2887 1442 2909 Ac
1466 2886 1500 2909 sic
1516 2886 1590 2909 leorae
1613 2893 1654 2914 pro
1673 2886 1758 2916 sicque
1774 2886 1860 2916 horae,

1021 2918 1149 2946 praemisso
1166 2918 1235 2946 paulo
1253 2921 1318 2940 antea
1337 2917 1366 2940 Et
1383 2917 1503 2940 laudando
1526 2923 1568 2945 pro
1589 2917 1625 2940 Act
1641 2917 1798 2940 laudandum.

1084 2948 1103 2961 ¹⁹
1121 2949 1161 2971 Ed.
1182 2950 1187 2970 1
1210 2948 1278 2971 nabet
1295 2948 1378 2977 Illum,
1391 2955 1417 2971 ex
1429 2954 1474 2977 qua
1492 2949 1560 2971 etium
1574 2948 1596 2970 in
1608 2950 1700 2977 stropha
1718 2955 1766 2978 seq.
1783 2949 1861 2977 posui-

1021 2985 1074 3003 mus
1090 2979 1181 3003 umet-[s
1198 2979 1276 3002 iaculo
1293 2986 1336 3008 pro
1352 2979 1442 3002 amoris
1454 2979 1569 3008 stimulis,
1583 2980 1645 3008 quod
1659 2980 1712 3008 legit
1725 2980 1775 3003 Vat.
1791 2981 1860 3003 Paulo

1022 3015 1073 3034 ante
1090 3012 1126 3034 ed.
1144 3011 1153 3033 1
1175 3010 1252 3034 verbis
1268 3011 1328 3034 hora
1345 3011 1427 3034 (ιηίηια
1443 3010 1558 3034 substituit
1569 3011 1641 3033 verba
1656 3011 1716 3034 1ιοιήΙ
1728 3011 1770 3041 pia
1787 3017 1861 3035 mens.
