2133 3317
138 537 252 556 Secundum,

161 1527 251 1546 Tertium.

141 2283 238 2309 Quartum,

144 2308 236 2330 quintum,

151 2332 231 2349 sextum.

274 218 328 246 556

272 296 450 332 obiurgantes
466 295 622 323 irrisorium
639 294 767 328 verbum,
784 294 967 323 firmaverunt
982 302 1045 323 cum
1062 295 1126 323 San-

272 346 316 371 cto
338 346 520 379 spontaneum
544 345 655 375 votum;
679 341 829 378 statimque
850 341 876 369 111
900 345 1039 370 momento
1067 342 1126 370 sine

271 390 364 426 aliquo
386 389 554 417 adminiculo
576 392 743 416 nataverunt
763 396 881 416 ancorae
913 396 998 425 super
1023 397 1125 425 aquas,

271 437 349 473 quasi
372 436 438 464 ferri
462 439 562 464 natura
584 443 664 464 versa
685 435 756 464 foret
777 435 803 463 in
828 435 944 471 ligneam
967 435 1114 464 levitatem.

350 485 376 511 2.
395 483 559 519 Peregrinus
574 483 704 519 quidam,
727 482 865 510 invalidus
880 490 996 518 corpore
1011 485 1126 519 propter

270 529 355 560 febris
376 534 525 567 peracutae
546 532 745 566 symptomata,
767 537 850 566 quam
873 529 964 558 suerat
978 532 1041 558 ante
1063 537 1126 566 per-

270 586 384 615 pessus,
408 578 468 605 navi
485 577 604 614 quadam
627 576 792 610 311ον001113,
808 576 842 605 110
857 576 1048 605 ultramarinis
1063 585 1126 613 par-

270 625 345 653 tibus
367 624 501 653 veniebat.
525 624 676 653 Ferebatur
697 627 790 652 autem
817 627 844 652 et
865 623 923 660 ipse
951 623 984 652 ad
1013 624 1124 652 beatum

270 672 444 701 Franciscum
468 672 617 708 praecipuo
639 671 792 700 devotionis
814 671 914 699 affectu
936 675 963 699 et
984 679 1048 700 eum
1074 671 1125 700 sibi

269 720 341 757 apud
366 720 510 748 caelestem
534 719 632 756 Regem
655 719 776 755 elegerat
796 718 970 747 advocatum.
992 718 1060 747 Cum
1076 719 1125 755 igi-

270 771 317 796 tur
339 767 456 796 necdum
479 766 600 803 perfecte
622 766 691 794 liber
720 774 736 794 a
768 765 865 794 morbo
897 765 956 794 sitis
984 766 1125 802 angustia—

270 818 349 844 retur
371 814 535 847 ardoribus,
553 813 698 841 deficiente
714 813 766 841 iam
783 821 870 849 aqua,
886 813 976 849 coepit
990 813 1044 841 alta
1060 821 1125 842 voce

270 863 404 892 clamare:
431 872 444 885 (ε
461 861 497 889 110
519 860 649 894 fidenter,
673 860 783 888 haurite
805 860 936 896 poculum
959 860 1042 894 mihi,
1059 860 1126 897 quia

270 910 368 938 beatus
389 907 552 936 Franciscus
573 907 718 935 vasculum
741 914 834 935 meum
865 915 937 943 aqua
966 907 1124 943 replevit».

270 956 369 985 Mirum
393 957 483 984 certe!
508 955 676 983 invenerunt
697 962 745 982 vas
766 962 839 991 aqua
868 954 1022 991 repletum,
1051 954 1126 991 quod

269 1004 360 1032 fuerat
381 1006 444 1030 aute
467 1009 584 1030 vacuum
607 1001 779 1030 derelictum.
802 1001 858 1029 Alio
880 1009 946 1030 vero
972 1001 1031 1035 die,
1061 1009 1124 1030 cum

272 1053 434 1087 tempestate
455 1049 571 1078 suborta
599 1048 764 1086 operiretur
789 1049 876 1077 navis·
903 1048 1041 1084 fluctibus
1057 1049 1067 1065 1
1099 1051 1126 1077 et

270 1097 398 1134 procellis
415 1099 580 1133 quateretur
597 1095 759 1132 pervalidis,
775 1096 813 1124 ita
832 1099 864 1124 ut
878 1096 930 1124 iam
948 1095 1123 1132 naufragium

269 1145 414 1178 timerent,
437 1144 527 1180 coepit
548 1143 618 1172 idem
644 1143 774 1171 infirmus
796 1143 888 1171 subito
910 1143 1030 1171 clamore
1052 1142 1125 1171 voci-

269 1192 351 1221 l'erari
376 1199 424 1228 per
447 1198 561 1219 navem:
589 1190 724 1227 «Surgite
745 1198 855 1224 omnes,
878 1191 985 1227 inquit,
1004 1193 1031 1218 et
1046 1190 1126 1219 beato

269 1239 413 1267 Francisco
436 1237 554 1266 venienti
571 1238 718 1266 occurrite.
738 1237 818 1271 Ecce,
841 1237 875 1266 ad
897 1237 1059 1266 salvandum
1076 1245 1125 1266 nos

270 1285 388 1314 adest».
412 1285 512 1321 Sicque
533 1292 597 1312 cum
620 1292 686 1313 voce
708 1292 806 1321 magna
828 1288 855 1312 et
884 1284 1013 1320 lacrymis
1038 1284 1064 1312 111
1087 1284 1125 1312 l'a—

269 1333 337 1362 ciem
363 1332 525 1369 procidens,
548 1331 682 1360 adoravit.
705 1331 800 1360 Statim
823 1331 856 1359 ad
879 1331 969 1359 Sancti
991 1331 1124 1359 visionem

269 1388 377 1409 omnem
401 1380 560 1416 sospitatem
583 1379 715 1408 resumsit
736 1379 881 1413 infirmus,
904 1382 931 1407 et
960 1379 1045 1407 maris
1075 1378 1125 1407 fuit

269 1427 456 1464 tranquillitas
477 1427 626 1456 subsecuta
642 1427 660 1454 2.
999 1419 1002 1423 ’

349 1474 375 1503 3.
408 1475 503 1502 Frater
534 1474 647 1503 lacobus
675 1474 818 1508 Reatinus,
848 1482 912 1502 cum
941 1474 968 1502 in
996 1474 1125 1502 navicula

269 1530 354 1559 parva
376 1521 492 1550 fluvium
515 1521 654 1557 quendam
671 1529 735 1550 cum
750 1521 811 1550 aliis
825 1521 968 1550 Fratribus
983 1524 1123 1558 pertrans-

268 1570 337 1602 iret,
360 1569 440 1598 sociis
462 1569 551 1606 primo
573 1577 657 1605 super
680 1569 740 1605 ripa
755 1569 765 1585 ³
788 1569 899 1606 positis,
926 1571 1067 1605 postremo
1095 1577 1124 1597 se

267 1617 301 1645 ad
330 1617 437 1645 exitum
460 1616 651 1653 praeparal‘iat.
682 1616 733 1644 Sed
762 1616 868 1644 modico
897 1616 944 1644 illo
972 1616 1046 1653 ligno
1074 1624 1123 1652 per

268 1664 454 1692 infortunium
476 1664 618 1697 revolute,
641 1666 749 1692 rectore
765 1666 889 1698 natante,
905 1663 999 1692 Frater
1015 1671 1124 1692 mersus

267 1714 308 1740 est
337 1711 363 1738 in
394 1710 572 1747 profundum.
604 1710 769 1738 lnvocabant
799 1710 909 1739 Fratres
934 1714 1016 1738 extra
1042 1710 1122 1747 positi

267 1758 424 1787 affectuosis
446 1757 575 1794 precibus
598 1757 709 1786 beatum
731 1757 924 1791 Franciscum,
947 1760 973 1786 et
1006 1760 1035 1785 111
1068 1757 1123 1786 filio

267 1808 462 1838 succurreret,
486 1804 647 1841 lacrymosis
668 1805 817 1841 gemitibus
839 1805 1039 1841 supplicabant.
1056 1805 1123 1833 Sub-

267 1860 376 1881 mersus
398 1852 479 1881 etiam
495 1852 507 1868 4
529 1852 623 1880 Frater
645 1851 678 1880 de
704 1854 801 1880 ventre
825 1852 944 1889 gurgitis
965 1851 1047 1880 nimis
1072 1852 1122 1880 im-

268 1899 371 1933 mensi,
394 1907 457 1927 cum
479 1907 527 1928 ore
542 1907 595 1927 non
612 1902 720 1935 posset,
742 1898 825 1927 corde
840 1898 990 1933 clamabat,
1013 1902 1044 1927 ut
1062 1902 1122 1935 pot-

267 1949 343 1979 erat,
366 1946 518 1982 implorans
541 1945 576 1982 pii
600 1945 687 1974 Patris
709 1945 872 1974 subsidium.
906 1945 937 1973 Et
965 1953 1043 1979 0000,
1073 1954 1122 1974 311-

267 1993 382 2022 xiliante
405 1993 455 2021 sibi
478 1993 549 2021 beati
574 1993 660 2021 Patris
682 1992 853 2029 praesentia,
877 2001 926 2029 per
952 1993 1121 2029 profundum

267 2040 338 2069 sicut
360 2048 409 2077 per
432 2040 537 2068 aridam
552 2040 725 2074 ambulabat,
749 2042 776 2068 et
790 2039 945 2068 demersam
964 2040 1120 2069 naviculam

267 2088 392 2124 capiens,
415 2096 479 2116 cum
502 2096 534 2116 ea
554 2087 682 2124 pervenit
709 2087 743 2116 ad
772 2087 857 2116 littus.
884 2087 1007 2116 Mirabile
1029 2088 1119 2116 dictu!

267 2135 435 2163 Vestimenta
450 2135 510 2163 eius
532 2134 669 2163 madidata
691 2143 745 2163 non
766 2137 847 2168 sunt,
870 2142 920 2163 nec
939 2142 1028 2171 aquae
1043 2137 1121 2171 gutta

267 2182 437 2219 proximavit
458 2182 491 2210 ad
513 2182 644 2210 tunicam.

346 2229 372 2257 lt.
388 2229 484 2257 Frater
500 2229 694 2257 Bonaventura
708 2229 832 2262 nomine,
848 2236 913 2257 cum
928 2228 1039 2257 duobus
1054 2229 1121 2257 viris

267 2284 317 2313 per
343 2276 433 2304 lacum
463 2275 601 2312 quendam
630 2275 778 2312 navigans,
809 2275 949 2304 confracta
977 2283 1013 2304 ex
1042 2279 1120 2312 parte

267 2322 394 2351 navicula
416 2325 529 2359 propter
551 2330 639 2359 aquae
668 2322 810 2350 influentis
841 2322 990 2358 impetum,
1012 2322 1120 2350 demer-

267 2378 315 2399 sus
336 2372 378 2398 est
399 2377 462 2398 cum
484 2369 546 2398 navi
569 2372 596 2398 et
610 2369 691 2397 sociis
705 2369 732 2397 111
748 2369 926 2406 profundum.
943 2369 1012 2397 Cum
1026 2371 1120 2398 autem

267 2417 300 2445 de
322 2416 389 2445 lacu
410 2416 569 2444 2712'.<›·eriuefi
589 2415 796 2445 misericordem
819 2416 927 2444 Patrem
943 2415 1120 2444 Franciscum

607 215 804 245 OPUSCULUM
826 216 913 244 XXIII.
937 215 1089 244 LEGENDA
1111 216 1225 245 SANCTI
1248 217 1422 246 FRANCISCI.
1446 217 1611 247 MIRACULA
1633 219 1650 253 ᾖ
1672 218 1701 247 V.

1184 295 1345 324 invocarent
1367 304 1429 324 cum
1455 297 1541 325 multa
1563 297 1679 331 fiducia,
1708 298 1915 333 superenatavit
1944 299 2034 328 subito

1183 350 1256 379 aqua
1277 343 1357 379 plena
1379 343 1520 377 navicula,
1543 347 1570 372 et
1592 352 1655 373 cum
1677 344 1732 378 eis,
1759 345 1857 373 Sancto
1887 345 2034 381 praebente

1183 389 1332 424 ducatum,
1355 390 1504 419 salubriter
1533 391 1643 420 devenit
1664 391 1697 420 ad
1727 394 1847 428 portum.
1877 409 1915 412 —
1937 392 1979 421 Sic
2008 397 2034 422 et

1183 437 1295 473 quidam
1317 438 1412 466 Frater
1433 438 1467 466 de
1492 438 1590 467 Esculo
1605 439 1625 472 ⁶,
1655 438 1819 467 submersus
1847 439 1874 467 in
1907 439 2034 475 flumine,

1183 484 1268 512 sancti
1292 484 1426 512 Francisci
1451 484 1556 513 u‘ieritis
1577 485 1684 513 exstitit
1706 485 1848 514 liberatus.
1871 502 1907 506 —
1937 486 1988 515 Sed
2009 489 2035 515 et

1185 530 1210 558 in
1233 531 1295 559 lacu
1318 531 1430 559 Reatino
1452 539 1515 559 cum
1537 531 1649 568 quidam
1666 531 1717 560 viri
1739 535 1767 560 et
1781 532 1914 561 mulieres
1928 532 1956 560 in
1972 540 2035 561 con-

1183 578 1263 606 simili
1286 581 1377 607 essent
1399 578 1523 615 periculo
1545 579 1702 613 constituti,
1725 579 1758 607 ad
1774 579 1972 608 invocationem
1988 588 2036 609 no-

1183 625 1265 654 minis
1286 625 1371 654 sancti
1395 625 1529 654 Francisci
1553 625 1587 654 de
1605 634 1743 662 aquarum
1760 626 1912 655 multarum
1928 627 2036 663 pericu-

1183 672 1241 701 loso
1262 672 1407 709 naufragio
1429 672 1579 701 salubriter
1601 675 1759 701 evaserunt.

1263 720 1288 747 5.
1312 719 1428 755 Quidam
1451 722 1551 747 nautae
1573 720 1743 754 Anconitani,
1764 720 1921 757 periculosa
1936 721 1946 737 ⁷
1967 723 2037 750 tem-

1183 769 1288 803 pestate
1310 766 1417 800 iactati,
1440 766 1640 795 submersionis
1655 767 1811 803 periculum
1828 767 1882 795 iam
1898 767 2034 796 videbant.

1182 813 1308 850 Cumque
1330 813 1368 842 sic
1397 813 1534 850 desperati
1562 813 1596 842 de
1624 813 1680 842 vita
1705 817 1831 843 sanctum
1860 814 2033 843 Franciscum

1183 861 1345 897 suppliciter
1367 860 1543 894 invocarent,
1566 861 1659 889 lumen
1681 861 1708 889 111
1737 861 1799 890 navi
1829 869 1961 898 magnum
1989 870 2037 899 ap-

1183 908 1288 945 paruit,
1318 911 1346 936 et
1375 915 1439 936 cum
1468 907 1528 944 ipso
1560 908 1665 936 lumine
1690 908 1877 945 tranquillitas
1908 916 2037 937 concessa

1182 955 1329 989 divinitus,
1351 962 1382 983 ac
1408 955 1429 983 si
1459 954 1557 983 beatus
1586 955 1629 983 vir
1651 963 1702 983 sua
1730 955 1856 984 miranda
1881 956 1984 984 virtute
2009 958 2037 985 et

1184 1003 1272 1031 ventis
1294 1002 1431 1038 imperare
1454 1005 1546 1038 posset
1566 1006 1593 1030 et
1615 1002 1683 1030 mari
1699 1002 1718 1030 8.
1741 1020 1780 1023 —
1805 1003 1921 1039 Quantis
1941 1005 2035 1032 autem

1185 1049 1385 1077 miraculorum
1408 1049 1540 1085 prodigiis
1561 1049 1659 1077 beatus
1681 1049 1725 1077 liic
1747 1049 1825 1078 Pater
1847 1049 1875 1078 in
1896 1049 1966 1078 mari
1982 1049 2036 1078 cla-

1183 1097 1273 1125 ruerit
1294 1100 1320 1125 et
1342 1096 1491 1130 clarescat,
1514 1096 1622 1133 quoties
1644 1096 1744 1125 ibidem
1767 1105 1846 1134 opem
1869 1097 1964 1126 tulerit
1989 1097 2035 1126 de-

1183 1143 1312 1180 speratis,
1333 1143 1493 1172 nullatenus
1514 1143 1597 1172 credo
1619 1143 1747 1180 possibile
1769 1152 1818 1180 per
1833 1144 1942 1181 singula
1956 1152 2036 1173 enar-

1183 1199 1254 1219 rare.
1277 1191 1331 1219 Nec
1353 1191 1470 1224 mirum,
1493 1190 1514 1219 si
1536 1191 1589 1219 iam
1611 1191 1736 1228 regnanti
1760 1191 1787 1219 in
1809 1191 1891 1220 caelis
1905 1191 2036 1220 collatum

1182 1241 1224 1266 est
1245 1238 1392 1274 imperium
1417 1246 1500 1274 super
1522 1246 1625 1275 aquas,
1647 1238 1691 1267 cui
1707 1241 1734 1267 et
1748 1239 1776 1267 in
1799 1238 1850 1267 liac
1869 1238 2036 1267 mortalitate

1182 1285 1290 1322 degenti
1313 1285 1402 1313 omnis
1424 1293 1557 1321 corporea
1578 1288 1707 1313 creatura
1728 1285 1761 1313 ad
1783 1293 1862 1314 suam
1885 1285 2036 1322 refigurata

1182 1332 1317 1369 originem
1339 1332 1504 1361 mirabiliter
1526 1332 1664 1361 serviebat
1679 1332 1698 1360 ⁹.

1246 1428 1263 1462 ἕ
1285 1427 1314 1455 V.
1340 1427 1379 1455 Dc
1401 1426 1531 1455 liberalis
1552 1436 1571 1455 a
1593 1427 1720 1455 vinculis
1741 1431 1767 1455 ct
1787 1427 1965 1456 carceribus.

1263 1522 1286 1549 1.
1305 1521 1331 1549 ln
1348 1521 1477 1549 Romania
1494 1521 1516 1538 ¹⁰
1537 1521 1673 1549 Graecum
1696 1521 1840 1549 cuiusdam
1855 1520 1960 1549 domini
1975 1529 2033 1550 ser-

1182 1569 1300 1597 vientem
1323 1568 1437 1605 contigit
1462 1568 1495 1597 de
1516 1569 1592 1597 furto
1617 1568 1751 1597 fallaciter
1779 1568 1920 1603 accusari,
1949 1576 2033 1605 quem

1180 1615 1312 1644 dominus
1335 1618 1425 1644 terrae
1447 1616 1474 1643 in
1497 1618 1573 1644 arcto
1594 1623 1706 1644 carcere
1729 1615 1868 1644 mandavit
1889 1615 1992 1644 includi
2007 1617 2035 1644 et

1180 1663 1302 1700 graviter
1317 1663 1462 1691 vinculari.
1483 1663 1598 1691 Domina
1612 1671 1679 1692 vero
1693 1663 1806 1697 domus,
1824 1663 1937 1692 miserta
1951 1662 2033 1696 servi,

1180 1718 1263 1747 quem
1286 1710 1475 1739 indubitanter
1497 1710 1625 1739 credebat
1647 1718 1662 1738 a
1684 1710 1766 1747 culpa
1781 1710 1832 1739 sibi
1847 1709 1975 1747 imposita
1992 1709 2033 1738 in-

1180 1760 1341 1791 nocentem,
1364 1765 1415 1794 pro
1430 1757 1592 1785 liberatione
1607 1757 1694 1793 ipsius
1708 1757 1782 1794 apud
1796 1757 1888 1785 virum
1904 1756 2034 1793 precibus

1179 1803 1324 1832 insistebat
1344 1803 1457 1832 devotis
1481 1803 1584 1832 Verum
1607 1811 1661 1831 non
1689 1803 1881 1840 acquiescente
1912 1803 1964 1831 viri
1989 1802 2032 1831 sui

1179 1851 1283 1879 duritia
1305 1850 1443 1879 obstinata
1458 1851 1490 1885 ¹1,
1513 1850 1634 1879 recurrit
1655 1850 1767 1879 domina
1788 1850 1907 1887 supplex
1922 1850 1955 1879 ad
1971 1858 2033 1879 san—

1180 1901 1256 1927 ctum
1279 1898 1456 1926 Franciscum
1479 1901 1506 1927 et
1536 1898 1597 1926 eius
1625 1898 1717 1935 pietati
1740 1900 1804 1926 voto
1832 1897 2033 1926 commendavit

1179 1946 1325 1974 insontem.
1348 1945 1476 1974 Protinus
1497 1945 1575 1974 assuit
1593 1945 1760 1974 miserorum
1774 1945 1884 1974 adiutor
1899 1947 1926 1974 et
1940 1944 2032 1973 virum

1179 1992 1207 2021 in
1229 2000 1340 2021 carcere
1356 1992 1476 2029 positum
1491 1992 1707 2021 misericorditer
1729 1992 1857 2021 visitavit.
1874 1991 1959 2021 Solvit
1973 1991 2033 2034 vin-

1179 2040 1420 2074 cula„carcerem
1446 2039 1545 2077 fregit,
1575 2039 1748 2068 innocentem
1778 2039 1906 2068 manibus
1933 2046 2032 2076 appre-

1179 2087 1297 2115 hensum
1319 2087 1393 2115 foras
1414 2087 1513 2115 eduxit
1533 2090 1560 2115 et
1581 2087 1636 2115 ait:
1662 2098 1675 2111 <t
1692 2087 1746 2124 Ego
1768 2094 1829 2115 sum
1851 2086 1897 2115 ille
1918 2086 1961 2115 0111
1987 2085 2032 2115 do-

1178 2134 1253 2162 mina
1275 2136 1322 2162 tua
1348 2137 1374 2162 te
1396 2133 1495 2162 devote
1516 2133 1695 2162 commisit».
1718 2134 1844 2170 Cumque
1866 2133 1911 2162 ille
1932 2133 2031 2162 timore

1178 2188 1278 2217 magno
1300 2180 1490 2217 corriperetur
1512 2183 1539 2209 et
1560 2188 1611 2217 pro
1632 2180 1766 2209 descensu
1782 2180 1931 2209 altissimae
1951 2179 2031 2216 rupis

1178 2228 1338 2264 voraginem
1367 2227 1514 2262 circuiret,
1547 2227 1639 2256 subito
1667 2227 1824 2256 liberatoris
1853 2227 1896 2256 sui
1927 2226 2031 2255 virtute

1178 2274 1320 2303 inveniens
1342 2282 1371 2303 se
1392 2275 1419 2303 in
1442 2275 1539 2311 plano,
1561 2274 1643 2303 rediit
1663 2274 1696 2303 ad
1718 2274 1857 2303 dominam
1873 2281 1967 2308 suam,
1987 2281 2030 2302 re-

1178 2321 1288 2358 lataque
1309 2329 1358 2358 per
1379 2322 1503 2350 ordinem
1527 2322 1653 2350 miraculi
1675 2322 1806 2356 veritate,
1828 2321 1955 2350 devotam
1982 2321 2030 2349 do-

1177 2368 1280 2397 minam
1301 2368 1334 2397 ad
1357 2369 1457 2397 Christi
1480 2377 1603 2398 amorem
1625 2372 1653 2398 et
1673 2368 1858 2398 reverentiam
1881 2368 1953 2397 servi
1969 2368 2029 2397 eius

1178 2416 1313 2445 Francisci
1335 2416 1489 2445 ferventius
1510 2416 1698 2445 inflammavit.

330 2559 337 2571 ¹
356 2560 432 2581 lllattli.
450 2559 475 2587 S,
494 2558 536 2581 24:
555 2559 662 2581 Navicula
681 2559 809 2586 operiretur
827 2558 941 2581 fluctibus.
968 2572 998 2576 -
1024 2560 1118 2582 inferius

267 2605 310 2627 pro
327 2598 485 2628 nansi-uatum
505 2597 614 2621 tc'merenl
631 2598 647 2619 B
660 2599 664 2620 l
676 2599 691 2620 L
702 2598 721 2620 M
733 2598 881 2627 izuufi-uyurt'
893 2598 918 2627 (F
927 2599 943 2620 G
957 2599 1118 2628 nausruyurc)

267 2638 385 2661 timerent.

329 2675 337 2688 ²
356 2677 433 2699 lilattli.
451 2677 477 2703 S,
495 2677 536 2699 26:
557 2677 581 2699 Et
601 2678 656 2699 13013
676 2680 708 2699 cst
728 2677 877 2705 tranquillitas
896 2683 987 2705 magna.
1005 2690 1035 2694 —
1060 2677 1116 2701 Cod.

267 2717 283 2738 E
300 2717 344 2738 lioc
363 2717 447 2738 sactum
465 2715 556 2738 omittit.

329 2754 338 2767 ³
356 2755 429 2778 Codd.
448 2755 509 2777 lLM
528 2758 550 2777 et
566 2755 620 2777 Acta
639 2756 678 2777 SS.
696 2761 768 2784 super
787 2755 873 2784 ripam.

329 2793 338 2806 4
356 2794 414 2816 Edd.
432 2795 520 2817 autem.

329 2832 339 2845 ⁵
357 2834 439 2855 psalm.
461 2833 501 2861 39,
528 2834 549 2855 3.
567 2845 598 2849 —-
616 2833 710 2856 inferius
736 2840 777 2862 pro
799 2833 978 2862 superenatavit
998 2834 1054 2856 Acta
1077 2834 1115 2856 SS.

266 2872 443 2901 superizutavit;
463 2872 548 2895 deinde
568 2873 586 2894 Β
597 2873 614 2894 D
625 2873 665 2894 EF
685 2873 794 2895 omittunt
812 2872 914 2901 Sancto,
929 2876 951 2895 et
964 2879 1007 2901 pro
1026 2872 1116 2896 devenit

267 2911 320 2933 edd.
337 2911 479 2934 substituunt
492 2912 608 2941 pervenit.

329 2949 339 2962 θ
356 2950 403 2972 Hoc
416 2957 501 2973 nomen
519 2951 581 2973 idem
600 2954 634 2974 est
651 2957 677 2974 ac
690 2951 805 2974 Asculum
822 2952 930 2980 (Ascoli);
948 2953 988 2974 cfr.
1006 2952 1115 2974 Analecta

266 2989 428 3016 Franciscana,
446 2993 501 3012 tom.
520 2990 551 3012 lll.
569 2996 623 3018 pag.
643 2990 687 3012 352
705 2993 727 3012 et
744 2991 802 3017 355,
815 2990 855 3013 uhi
873 2991 1049 3013 Bonaventurae
1066 2996 1116 3013 suc-

267 3034 345 3051 cessor
357 3028 526 3054 insGeneralatu
539 3029 630 3052 Ordinis
642 3030 796 3058 Hieronymus
808 3030 891 3052 dicitur
905 3030 974 3052 fuisse
987 3030 1016 3053 de
1028 3029 1114 3053 Esculo

1177 2560 1269 2588 (Asculo
1287 2560 1310 2582 in
1328 2560 1433 2588 Piceno>;
1447 2559 1561 2581 iuvenitur
1573 2559 1642 2581 etiam
1655 2559 1718 2581 aliud
1730 2558 1858 2587 Asculum,
1870 2558 1955 2581 scilicet
1966 2559 2028 2588 Apu-

1176 2598 1228 2622 lum
1246 2599 1329 2626 (Ascoli
1347 2599 1370 2621 di
1389 2599 1502 2627 Satriano)
1521 2599 1543 2620 iu
1560 2604 1633 2626 regno
1651 2598 1806 2626 Neapolitano.

1241 2637 1249 2650 ⁷
1267 2638 1340 2661 Codd.
1359 2638 1423 2660 GlR
1434 2638 1453 2660 Μ
1468 2637 1609 2667 procellosa.
1628 2637 1724 2660 inferius
1741 2643 1784 2665 pro
1801 2637 1826 2660 in
1842 2637 1900 2660 navi
1925 2637 1964 2666 (ita
1983 2637 1998 2659 Β
2010 2637 2027 2659 D

1175 2677 1243 2700 FGL
1254 2678 1282 2707 M)
1301 2677 1355 2700 edd.
1375 2677 1399 2700 ίη
1416 2677 1486 2700 muri.
1503 2676 1559 2700 Cod.
1578 2677 1594 2699 E
1612 2678 1654 2699 lioc
1672 2678 1756 2699 sactum
1775 2676 1864 2699 omittit.

1237 2715 1246 2728 Β
1264 2717 1340 2738 Matth.
1359 2717 1386 2743 8,
1404 2717 1446 2738 26:
1464 2717 1528 2738 Tunc
1545 2722 1644 2744 surgens
1663 2715 1743 2745 [lesus]
1762 2715 1885 2743 imperavit
1906 2715 1980 2738 ventis
2005 2718 2027 2738 et

1175 2756 1240 2784 mariy
1258 2759 1280 2778 et
1297 2757 1353 2778 sacta
1372 2759 1406 2778 est
1423 2755 1571 2784 tranquillitas
1588 2761 1680 2783 magna.

1238 2793 1248 2807 ⁹
1266 2795 1325 2817 Vide
1342 2801 1413 2823 supra
1430 2801 1450 2816 c.
1468 2795 1490 2817 8.
1508 2801 1530 2817 n.
1548 2795 1569 2816 6.
1587 2800 1652 2823 seqq.

1240 2833 1258 2849 ¹⁰
1275 2834 1339 2862 Quae
1356 2834 1401 2856 alio
1418 2834 1514 2856 nomine
1531 2833 1627 2856 Thracia
1647 2833 1781 2861 vocabatur;
1802 2834 1842 2855 csr.
1859 2833 1916 2855 infra
1933 2833 1946 2861 S
1962 2832 1985 2855 7.
1999 2839 2023 2856 n.

1174 2874 1200 2901 2,
1220 2872 1258 2895 ubi
1276 2872 1333 2895 urbs
1352 2872 1441 2896 Thebae
1459 2873 1481 2894 in
1498 2872 1611 2895 Romania
1633 2872 1761 2895 exhibetur.
1779 2872 1891 2894 Romania
1914 2871 2024 2899 accipitur

1173 2913 1240 2934 etiam
1252 2918 1294 2940 pro
1307 2912 1425 2940 provincia
1438 2911 1595 2935 Romundz'ola
1607 2911 1656 2940 (cfr.
1668 2912 1700 2934 Du
1711 2911 1796 2940 Gange,
1810 2911 1951 2934 Glossarium
1960 2912 2024 2941 etc.).

1173 2964 1203 2967 ——
1222 2952 1274 2974 Post
1293 2952 1410 2975 Graecum
1429 2951 1483 2974 edd.
1500 2951 1590 2973 addunt
1606 2950 1732 2980 quendam.

1236 2989 1254 3003 ¹¹
1273 2990 1328 3013 Cod.
1345 2991 1365 3013 K
1388 2991 1475 3013 Verum
1492 2996 1540 3013 non
1556 2990 1717 3020 acquiescente
1734 2989 1835 3017 marito,
1858 2989 1900 3019 qui
1915 2990 1968 3012 era-t
1980 2988 2024 3012 du—

1177 3029 1235 3053 ritia
1252 3029 1394 3053 obstinatus.

2051 729 2107 754 septb]
2110 738 2127 752 m,

2052 1011 2106 1036 Epiloi
2111 1027 2115 1033 .

2054 1529 2103 1557 Mirer
2111 1534 2131 1549 zm

2065 1558 2103 1577 prin
2111 1558 2122 1573 1.
