2133 3317
254 224 319 254 LXX

254 303 343 326 clericis
353 304 520 331 eleemosynas,
531 309 591 332 quae
603 302 659 331 ipsis
670 303 788 329 darentur,
800 303 819 325 si
832 309 874 325 vos
885 308 931 325 non
942 302 1024 325 essetis
1033 310 1043 322 i>
1059 303 1101 324 etc.

254 351 315 373 Haec
331 350 403 373 verba
420 351 519 373 Praeter
540 350 584 373 ltoc
612 350 658 372 iam
683 349 799 372 insinuant
823 349 909 378 aliquid
935 348 1101 376 praecedenter

255 397 356 426 dictum,
374 399 396 420 et
411 403 494 425 reapse
510 397 532 419 111
550 397 597 419 fine
613 396 703 424 primae
719 396 791 424 partis
808 395 841 425 (q.
859 394 906 424 27.)
924 395 969 417 iam
992 396 1050 417 sacta
1068 397 1102 417 est

255 444 341 467 mentio
358 444 387 467 de
404 443 559 472 praeiudicio,
577 443 642 472 quod
664 443 740 466 clerici
759 443 836 472 quoad
863 442 998 470 temporalia
1019 448 1031 464 a
1048 442 1102 464 Fra-

255 491 328 514 tribus
345 492 467 519 patiantur.
483 490 545 513 Alias
561 490 662 513 rationes
678 490 733 512 vide
745 496 798 518 pag.
812 490 869 516 356,
880 489 903 512 in
921 491 974 511 nota
991 489 1013 511 6.
1030 488 1101 511 modo

255 538 329 560 citata.
353 538 479 560 Genuinam
508 537 576 559 etiam
602 538 661 559 hanc
685 536 812 569 secundam
842 538 931 563 partem
961 541 1025 562 esse,
1043 534 1103 557 duce

255 584 347 607 Oudino
373 584 433 613 (loco
449 590 520 612 saepe
536 583 631 612 citato),
648 582 756 605 Sbaralea
778 585 801 605 et
820 582 906 605 Bonelli
922 582 1061 609 admittunt,
1081 584 1104 603 et

255 631 324 654 etiam
342 631 442 654 editores
464 631 557 658 Veneti,
583 631 624 659 qui
650 633 725 653 tamen
742 629 845 652 addunt:
865 629 1043 658 «Antiquorum
1067 635 1104 651 ne-

255 678 342 701 minem
359 678 474 705 vidimus,
492 678 531 706 qui
550 678 642 706 gemina
659 678 716 700 haec
733 677 844 705 opuscula
866 676 921 705 (scil.
939 677 953 699 l.
971 678 994 699 et
1011 676 1036 698 ll.
1053 682 1103 703 par-

256 725 311 754 tem)
329 728 479 748 recenseat».
497 725 595 751 Revera,
613 727 638 747 ut
654 725 700 746 iam
715 724 823 751 diximus,
842 726 895 746 ante
911 723 1038 746 Marianum
1055 723 1102 745 Flo-

255 772 370 794 rentinum
388 778 442 800 pars
459 773 484 794 ll.
501 772 524 794 in
541 772 603 794 nullo
619 771 663 794 alio
681 771 781 794 indiculo
806 771 923 793 invenitur
949 770 1012 799 (vide
1029 770 1102 792 Prole-

256 826 354 848 gomena
373 820 402 842 ad
420 823 508 842 tomum
527 820 555 842 V.
572 825 627 847 pag.
643 819 710 847 LlX).

320 867 379 889 Dum
397 867 470 894 prima
488 873 543 894 pars
566 867 671 895 opusculi
688 866 787 889 habetur
808 866 832 888 in
855 872 894 888 sex
916 864 1047 893 codicibus,
1071 871 1104 887 se·

256 913 347 936 eundae
363 914 436 941 partis
455 913 545 935 nullum
568 912 693 935 habuimus
717 912 892 935 conserendum.
916 911 1003 934 Unicus
1028 911 1102 939 enim,

256 961 322 984 cuius
340 961 441 983 notitiam
459 961 584 988 habemus,
602 961 643 983 suit
660 961 755 988 Romae,
772 960 795 982 in
812 959 913 988 Collegio
929 960 951 981 S.
963 959 1050 981 Isidori.
1064 959 1104 981 llic

257 1008 352 1031 collatus
369 1011 403 1030 est
420 1014 432 1030 a
450 1008 473 1030 P.
492 1008 577 1030 Soldati
594 1007 620 1030 O.
637 1008 669 1036 P„
686 1008 726 1036 (101
743 1008 831 1030 Romae
853 1013 889 1029 an.
908 1006 968 1029 4772
986 1007 1030 1028 hoc
1050 1012 1104 1028 cum

256 1054 306 1079 aliis
322 1054 440 1082 opusculis
457 1054 529 1076 edidit
541 1053 592 1083 (cir.
609 1054 774 1082 Prolegomeua
792 1053 821 1076 ad
839 1056 894 1076 tom.
912 1053 939 1075 V.
957 1059 976 1075 c.
994 1053 1015 1075 2.
1034 1052 1047 1080 ‘5
1065 1052 1105 1081 1.).

258 1101 343 1124 Bonelli
369 1102 498 1127 (Prodrom.
523 1102 566 1124 coi.
592 1102 646 1130 608)
670 1101 699 1124 de
724 1105 821 1130 utraque
838 1103 904 1129 parte
924 1100 994 1123 dicit:
1015 1101 1103 1129 «Quae

258 1148 326 1171 tradit
342 1148 466 1171 amborum
484 1151 564 1174 auctor
580 1148 610 1171 de
625 1148 798 1171 conditionibus
809 1148 944 1170 necessariis
956 1148 985 1170 ad
1003 1148 1104 1170 officium

257 1195 376 1223 regiminis
393 1195 523 1218 animarum
542 1195 574 1224 (p.
591 1196 616 1218 ll.
633 1202 655 1224 (1.
674 1195 704 1223 5.)
722 1195 829 1223 apprime
845 1195 973 1217 conformia
990 1196 1042 1217 sunt
1059 1194 1102 1217 illis

257 1248 318 1271 quae
332 1243 439 1270 leguntur
451 1242 473 1264 in
485 1244 582 1265 tractatu
594 1241 622 1265 cle
633 1248 677 1265 seoe
686 1241 735 1265 Alis
748 1241 882 1271 Seraphim.
895 1242 958 1264 sicut
969 1242 992 1263 in
1003 1241 1103 1269 Epistola

258 1289 287 1311 de
304 1289 457 1311 reformandis
474 1288 591 1311 Fratribus
608 1288 699 1311 Ordinis
716 1289 777 1316 vult,
795 1289 870 1311 officia
888 1288 1066 1317 praedicationis
1084 1291 1106 1311 et

258 1336 408 1359 confessionis
425 1342 478 1358 cum
497 1337 569 1358 multo
586 1336 690 1359 examine
706 1336 859 1364 imponenda3
873 1336 902 1358 ita
920 1336 957 1358 1110
974 1336 1102 1358 necessaria

258 1384 287 1407 ad
305 1384 483 1412 praedicationis
499 1384 601 1407 officium
618 1384 756 1412 praescribit
773 1383 805 1413 (q.
819 1384 859 1413 4.).
876 1385 940 1413 Quae
957 1384 1025 1406 etiam
1039 1384 1107 1406 docet

259 1432 288 1454 de
305 1438 359 1454 cura
377 1431 469 1454 Ordinis
486 1432 509 1454 S.
526 1431 606 1454 Clarae
624 1432 656 1460 (q.
674 1432 720 1459 117.)
738 1431 833 1453 omnino
851 1431 993 1453 concordant
1005 1436 1057 1452 cum
1071 1430 1106 1453 his

257 1485 319 1508 quae
343 1478 394 1501 libr.
412 1480 426 1501 l.
445 1485 464 1501 c.
483 1479 503 1501 S.
521 1485 544 1501 11,
565 1479 599 1500 111.
624 1481 647 1501 et
672 1479 709 1500 11⁶2.
731 1478 873 1501 retulimus»
896 1477 945 1507 (ubi
968 1478 1029 1500 idem
1056 1484 1106 1500 nar-

258 1528 321 1548 ratur
338 1526 384 1548 fide
400 1526 498 1548 aliorum
516 1525 655 1555 auctorum).
669 1525 730 1548 ldem
743 1525 827 1553 probat
839 1525 935 1553 deinde,
947 1525 1001 1547 nihil
1013 1524 1106 1547 obstare

259 1573 323 1601 quod
341 1572 373 1595 ibi
391 1572 423 1601 (q.
445 1572 488 1601 16.)
508 1572 537 1595 de
554 1572 665 1601 Beyuinis
683 1572 780 1599 dicitur,
798 1572 852 1601 quia
870 1572 915 1594 iam
938 1572 973 1594 illa
991 1574 1064 1594 aetate
1081 1572 1104 1594 in

258 1619 337 1647 Belgio
355 1622 377 1641 et
393 1619 463 1641 Gallia
481 1620 525 1642 hoc
548 1625 633 1641 nomen
658 1618 799 1648 quibusdam
826 1619 870 1647 piis
887 1622 909 1641 et
925 1619 1059 1641 orthodoxis
1077 1619 1107 1641 see

259 1666 327 1688 minis
344 1669 366 1688 et
382 1667 521 1695 pierumque
538 1667 596 1689 tertii
622 1666 714 1689 Ordinis
732 1667 754 1688 S.
771 1666 884 1689 Francisci
903 1666 953 1689 dari
978 1666 1105 1689 consuevit.

259 1713 295 1736 Ad
312 1714 355 1736 hoc
373 1713 558 1736 confirmandum
576 1714 612 1736 ille
629 1714 694 1736 affert
705 1720 731 1736 ex
750 1720 858 1736 sermone
879 1714 982 1742 quodam
995 1714 1030 1735 Fr.
1054 1713 1106 1736 Gui-

260 1759 317 1783 berti
335 1760 365 1782 de
381 1761 486 1782 Tornaco
504 1760 560 1783 Ord.
577 1760 641 1789 Min„
659 1760 760 1783 auctoris
777 1766 837 1782 saec.
862 1760 929 1788 Xlll.,
952 1760 982 1782 ad
1004 1758 1106 1788 Beyiuas

260 1807 371 1835 inscripto
388 1808 444 1830 haee
456 1807 541 1830 verba:
563 1817 573 1828 α
583 1808 605 1830 111
623 1807 706 1830 diebus
717 1807 813 1834 nostris,
824 1807 884 1829 sicut
895 1807 985 1836 aliquae
998 1807 1105 1829 mulieres

261 1854 344 1882 malae,
363 1854 392 1876 ita
409 1857 463 1877 sunt
479 1854 570 1883 aliquae
588 1861 629 1882 per
646 1855 686 1876 Dei
705 1854 802 1882 gratiam
820 1854 905 1881 bonae,
923 1860 983 1882 quae
999 1859 1012 1875 a
1025 1853 1107 1876 timore

258 1901 350 1923 Domini
368 1903 524 1929 conceperunt
541 1901 647 1930 spiritum
665 1902 788 1924 salutarem
807 1904 829 1924 et
846 1901 867 1923 111
884 1901 963 1923 medio
980 1906 1106 1929 perversae

259 1948 357 1970 nationis
374 1951 396 1971 et
413 1955 499 1976 pravae
517 1949 587 1971 11111111
603 1949 693 1971 ducunt
710 1949 889 1975 sanctissimam,
902 1951 924 1970 et
936 1949 978 1970 hae
996 1947 1104 1970 dicuntur

259 1995 361 2025 Beqinae
372 2004 383 2016 12
405 1996 455 2025 (cfr.
472 1996 530 2018 insi-a
547 2002 601 2024 pag.
619 1996 679 2023 368,
695 1998 749 2018 110111
767 1995 808 2023 5.).

323 2043 404 2071 Quoad
422 2043 520 2071 primam
538 2046 639 2071 partem,
658 2043 679 2065 id
698 2046 732 2065 est
753 2042 965 2066 Determinalioaes
990 2041 1106 2071 quaestio-

259 2095 330 2117 1111111,
347 2090 434 2112 Bonelli
450 2090 518 2112 501111
529 2090 691 2118 obiectionem,
703 2096 764 2118 quae
775 2090 825 2112 fieri
837 2092 915 2117 posset
926 2092 1004 2111 contra
1017 2089 1107 2111 solutio-

260 2143 313 2159 nem
326 2137 466 2166 quaestIOnis
478 2138 503 2164 6,
516 2136 557 2159 ubi
573 2143 672 2165 magnos
689 2137 821 2159 Conventus
838 2143 986 2166 nequaquam
1002 2136 1108 2159 dissonos

260 2190 311 2207 esse
327 2185 457 2213 paupertati
474 2185 579 2207 Fratrum
597 2185 709 2207 Minorum
735 2185 819 2207 docere
845 2184 948 2210 videtur,
966 2190 1019 2206 cum
1040 2183 1107 2209 alibi,

260 2232 397 2260 praesertim
422 2232 445 2254 111
468 2232 573 2260 Epistolis
597 2231 734 2254 officialibus
752 2232 806 2254 intra
833 2238 886 2259 pag.
910 2230 1008 2253 ies-471
1030 2231 1105 2253 relatis

260 2279 378 2307 improbet
394 2279 553 2302 aedificiorum
571 2279 769 2302 constructionem
780 2280 931 2302 szmztuosam
943 2279 964 2301 at
975 2277 1107 2301 curiosam.

261 2327 296 2349 Ad
313 2328 357 2349 hoc
374 2327 433 2349 bene
449 2327 574 2355 respondet
591 2327 687 2354 Bonelli,
705 2326 736 2348 ibi
753 2326 831 2349 conari
848 2326 943 2355 quidem
961 2326 1106 2348 1300010010-

261 2380 311 2396 ram
328 2374 459 2396 satisfacere
484 2373 662 2403 quaerentibus:
684 2373 752 2396 «Cur
774 2374 864 2396 Fratres
885 2373 983 2396 Minores
1009 2373 1108 2395 habeant

261 2427 359 2449 magnos
376 2421 507 2444 Conventus
518 2430 540 2448 »,
557 2421 597 2443 sed
615 2427 655 2443 eos
672 2421 798 2443 defendere
815 2423 947 2448 comparate
960 2420 989 2442 ad
1006 2419 1106 2443 casellas

261 2470 281 2492 et
306 2468 361 2492 rilia-
385 2468 534 2497 habitacula,
557 2474 601 2490 nou
624 2474 680 2490 vero
703 2467 835 2496 approbare
852 2474 891 2490 eos
908 2468 947 2496 qui
965 2473 1047 2495 reapse
1063 2467 1109 2489 sint

261 2516 345 2545 utayni
361 2517 382 2538 et
398 2514 517 2538 sumtuose*
532 2517 554 2538 et
566 2514 707 2545 paupertati
722 2514 854 2542 absimiles,
873 2514 914 2537 sed
931 2514 970 2542 qui
992 2514 1047 2536 tales
1068 2519 1108 2543 ap-

259 2564 373 2592 pareant,
391 2563 443 2585 licet
459 2569 505 2585 non
521 2563 577 2589 sint,
595 2563 643 2585 iilos
661 2568 727 2590 vero,
742 2562 783 2590 qui
800 2567 881 2584 revera
897 2561 954 2588 sint,
968 2560 1107 2589 reprobare,

262 2610 352 2632 dicens:
373 2618 384 2630 α
396 2610 444 2632 Nou
461 2612 539 2632 tamen
555 2610 649 2632 intendo
666 2609 690 2631 in
708 2609 743 2631 1115
760 2615 882 2636 excusare,
901 2608 945 2630 nisi
962 2613 1023 2636 quae
1039 2607 1106 2629 valde

262 2656 389 2679 necessaria
408 2659 461 2679 sunt
477 2659 499 2678 et
515 2656 681 2678 rationabiliter
692 2664 702 2675 ιι
724 2658 767 2678 etc.

325 2709 345 2726 c.
361 2704 423 2726 Licet
439 2703 550 2731 praedicti
567 2706 668 2731 quatuor
685 2703 729 2724 viri
746 2702 807 2725 docti
825 2702 894 2724 etiam
920 2704 1008 2729 partem
1029 2707 1108 2723 secun-

262 2750 324 2778 dam,
341 2750 426 2772 scilicet
442 2749 537 2772 Librum
555 2750 740 2778 apologeticum,
761 2751 850 2771 eertum
867 2754 917 2771 esse
933 2749 1109 2771 Bouaventurae

263 2798 349 2819 foetum
367 2797 508 2824 censuerint,
525 2803 567 2819 nos
584 2799 661 2819 tamen
678 2797 722 2818 hoc
739 2796 816 2818 minus
827 2798 916 2818 certum
928 2801 978 2818 esse
991 2797 1108 2822 putamus,

262 2844 341 2866 saltem
359 2844 437 2872 quoad
454 2843 575 2873 iuteqrum
591 2844 738 2871 opusculum.
751 2844 842 2865 Praeter
855 2843 966 2870 rationes,
979 2848 1037 2871 quas
1049 2842 1107 2864 insi-a

262 2897 317 2919 pag.
335 2891 393 2918 355,
409 2893 462 2913 nota
479 2891 501 2912 6.
526 2890 628 2912 breviter
653 2890 833 2918 insinuavimus,
859 2892 893 2912 est
918 2889 987 2911 etiam
1004 2889 1107 2911 desectus

263 2938 400 2960 idoneorum
418 2937 509 2960 testium
535 2937 670 2965 pensandus
694 2939 763 2966 atque
788 2937 894 2964 repetitio
913 2936 1042 2964 aliquorum
1061 2936 1106 2958 iam

262 2985 377 3007 dictorum
402 2984 426 3006 in
451 2984 526 3011 prima
549 2986 612 3012 parte
638 2983 749 3006 eiusdem.
772 2983 830 3005 Fieri
848 2983 917 3011 igitur
934 2983 1018 3011 potuit,
1036 2985 1061 3005 ut
1078 2981 1107 3004 ab

968 222 1211 252 PROLEGOMENA
1233 223 1261 252 C.
1283 223 1313 252 ll.

1156 301 1200 324 alio
1217 304 1311 325 auctore
1328 302 1408 324 saltem
1426 302 1492 330 plura
1508 302 1638 325 secundum
1662 302 1791 325 doctrinam
1815 302 1838 324 S.
1859 302 2004 324 Bonaventu-

1157 354 1197 371 rae
1214 349 1291 372 addita
1309 349 1365 377 sint,
1382 349 1446 378 quod
1463 352 1489 372 ut
1509 349 1578 371 etiam
1595 349 1706 377 deinceps
1722 349 1774 378 fiat,
1795 349 1910 377 expressis
1926 349 2005 372 verbis

1158 396 1180 418 in
1197 396 1243 418 fine
1259 396 1331 424 partis
1347 397 1372 419 ll.
1385 396 1502 419 suadetur.
1515 397 1595 419 Testes
1611 403 1654 425 pro
1672 396 1813 424 genuinitate
1829 398 1882 418 sunt
1899 396 1968 424 pauci
1984 399 2006 419 et

1158 447 1242 469 parum
1260 447 1349 470 graves,
1366 445 1392 464 ut
1408 448 1479 470 supra
1495 442 1604 465 diximus.
1620 443 1708 465 Tamen
1725 443 1783 465 haec
1807 442 1907 470 suspicio
1928 445 2006 465 nostra

1158 494 1203 510 non
1224 491 1270 510 tam
1289 490 1351 511 certa
1367 488 1435 511 nobis
1451 489 1555 517 videtur,
1572 492 1597 512 ut
1613 489 1751 517 opusculum
1772 495 1906 517 expungere
1927 492 2006 517 potue·

1158 535 1232 558 rimus
1248 541 1275 558 ex
1292 536 1397 563 catalogo
1414 542 1513 564 operum
1531 537 1554 559 S.
1571 537 1753 559 Bonaventurae.

1251 627 1388 658 Elenohus
1409 628 1538 666 codicum,
1560 628 1608 668 qui
1629 628 1735 659 habent
1754 629 1866 668 partem
1887 629 1907 659 Ι.

1386 674 1489 705 harum
1509 675 1789 706 Determinationum.

1199 776 1217 799 Ι.
1236 775 1327 799 Codices
1344 783 1357 799 a
1374 776 1439 800 nobis
1456 783 1506 800 cum
1523 777 1592 801 textu
1608 776 1735 801 Vaticanae
1752 777 1860 800 editionis
1877 777 1965 801 collati.

1224 863 1245 886 4,
1261 862 1384 887 Monacltz'i
1400 864 1422 886 in
1439 864 1548 891 Bavaria,
1565 864 1705 887 bibliotheca
1722 864 1893 893 Universitatis,
1907 865 1959 887 cod.
1972 865 2008 887 Ἰ15.

1160 911 1231 933 chart.
1250 910 1271 933 in
1290 911 1310 933 8.
1328 917 1388 934 saec.
1406 911 1457 934 XV.
1473 924 1506 928 —
1522 912 1729 934 Determinationes
1753 912 1866 940 incipiunt
1891 912 1928 935 sol.
1946 913 1968 935 8.
1985 919 2009 935 v.

1160 957 1209 979 sine
1227 957 1272 979 uilo
1290 957 1366 980 titulo:
1385 957 1444 981 Cum
1462 957 1523 981 inter
1540 957 1601 982 alios
1619 958 1719 982 Ordines
1736 961 1778 981 etc.
1795 959 1906 981 Desinunt
1917 959 1954 981 sol.
1972 959 2008 982 34.

1161 1011 1185 1027 v,
1202 1004 1292 1027 verbis:
1310 1005 1341 1028 Et
1356 1004 1383 1028 (te
1408 1004 1444 1028 liis
1470 1004 1533 1028 clieta
1556 1005 1682 1035 sufficiant.
1705 1005 1845 1035 ampliarunt
1864 1006 2010 1030 Determiiza-

1162 1051 1235 1075 tiones
1261 1052 1411 1082 questionum
1437 1052 1593 1082 quarundam
1617 1052 1675 1076 edite
1699 1059 1713 1076 a
1738 1053 1815 1083 fratre
1840 1053 2010 1077 Bonaventzira

1162 1100 1247 1123 contra
1264 1099 1408 1123 detractores
1425 1100 1512 1129 Requte
1528 1100 1554 1123 S.
1574 1100 1705 1123 Francisci.
1725 1113 1756 1117 —
1776 1101 1799 1123 ln
1816 1103 1893 1123 nostra
1910 1100 2010 1124 editione

1162 1147 1266 1175 signatur
1283 1147 1355 1170 littera
1374 1146 1398 1170 C.

1225 1196 1247 1217 2.
1272 1194 1444 1225 Wolfenbatae,
1463 1194 1601 1217 bibliotheca
1619 1195 1722 1221 Ducalis,
1740 1194 1793 1217 cod.
1809 1195 1883 1217 Helm.
1902 1196 1974 1217 chart.
1986 1195 2009 1218 111

1163 1241 1184 1264 11.
1201 1248 1260 1264 saec.
1278 1242 1330 1264 XV.
1345 1254 1377 1258 —
1394 1242 1440 1264 Fol.
1462 1242 1511 1264 120.
1529 1248 1565 1264 v.:
1581 1241 1701 1271 Incipiunt
1718 1241 1932 1265 Determinationes
1949 1248 2008 1271 qna-

1161 1287 1268 1312 ruudam
1284 1288 1434 1318 questionum
1450 1288 1509 1312 edite
1525 1295 1541 1311 a
1557 1288 1652 1312 doctore
1669 1288 1762 1317 devoto,
1780 1288 1869 1312 scilicet
1890 1289 2009 1313 Benacen-

1162 1337 1226 1364 tura,
1244 1335 1271 1358 de
1287 1337 1353 1359 stalu
1371 1335 1468 1359 Ordinis
1486 1336 1603 1359 Fratrum
1627 1336 1763 1364 Minorum,
1789 1337 1874 1359 eontra
1896 1335 2010 1359 detracto-

1162 1388 1200 1405 res
1217 1382 1304 1412 Regyale
1322 1381 1383 1406 beati
1398 1381 1529 1405 Francisei.
1548 1382 1635 1405 Desinit
1652 1382 1688 1404 sol.
1707 1382 1715 1404 i
1722 1382 1759 1404 37.
1776 1387 1806 1404 1·.;
1822 1382 1853 1405 Et
1862 1381 1890 1405 de
1907 1381 1943 1405 Itis
1960 1382 2010 1412 suf-

1161 1429 1233 1460 ficiat.
1246 1429 1387 1459 Eaeplz'ctimt
1403 1429 1615 1453 Determz'nationes
1633 1428 1788 1459 quarundam
1805 1428 1954 1458 questionum
1970 1429 2012 1452 Bo-

1162 1478 1294 1500 mavemur-e
1310 1480 1354 1499 etc.
1372 1477 1435 1504 Siga.
1454 1477 1479 1499 B.

1227 1525 1248 1547 3.
1269 1524 1449 1552 Wrattstavz'ae,
1470 1523 1608 1546 bibliotheca
1626 1524 1797 1551 Umversitatis,
1814 1524 1866 1547 cod.
1883 1523 1955 1547 Class.
1972 1524 2009 1546 lV.

1164 1572 1185 1594 4.
1204 1572 1241 1594 12.
1258 1572 1330 1594 chart.
1346 1577 1407 1594 saec.
1425 1571 1476 1593 XV.
1494 1571 1605 1594 exeuntis.
1623 1584 1652 1587 —-
1666 1571 1712 1594 Foi.
1732 1571 1784 1593 433.
1800 1577 1819 1594 r.
1837 1571 1933 1599 legitur:
1952 1570 2012 1594 Inci-

1159 1618 1232 1648 piunt
1248 1618 1460 1641 Derai-minutiones
1478 1617 1629 1648 questionum
1647 1618 1801 1648 qum-andam
1813 1617 1871 1641 edite
1883 1624 1899 1641 a
1915 1618 2010 1642 doctore

1163 1665 1257 1694 devoto,
1274 1665 1363 1689 scilicet
1381 1666 1463 1689 sancto
1481 1665 1663 1694 Bonaventara,
1689 1665 1717 1688 cle
1741 1666 1806 1689 statu
1831 1664 1928 1688 Ordinis
1953 1665 2012 1689 Fra-

1163 1714 1229 1736 trum
1245 1712 1368 1736 Minoi-um
1391 1714 1475 1736 contra
1500 1712 1646 1736 (leaactores
1672 1712 1759 1742 Requle
1780 1712 1858 1736 sancti
1878 1712 2009 1736 [ΡΙ-(11101501.

1164 1760 1250 1782 Desinit
1267 1760 1304 1782 soi.
1322 1760 1376 1782 256.
1394 1766 1429 1782 V.:
1443 1760 1471 1783 Et
1486 1759 1513 1782 de
1525 1759 1561 1783 Itis
1572 1759 1665 1790 sufficit.
1678 1758 1753 1783 «1490.
1766 1760 1854 1783 Deinde
1867 1760 1904 1783 sol.
1916 1766 1967 1789 seq.
1979 1766 2014 1783 r.:

1164 1807 1303 1837 Empticiuut
1321 1810 1363 1830 etc.
1381 1809 1406 1830 ut
1423 1807 1445 1829 in
1462 1807 1534 1829 initio.
1552 1807 1616 1835 Siga.
1634 1808 1661 1830 Α.

1376 1901 1406 1924 11.
1425 1900 1515 1924 Codices
1533 1908 1547 1924 a
1563 1900 1627 1924 nobis
1643 1907 1687 1924 non
1704 1900 1794 1924 collati.

1228 1995 1249 2018 4.
1274 1995 1395 2019 Monaoltii
1418 1996 1441 2017 in
1466 1995 1576 2023 Bavaria,
1599 1994 1738 2017 bibliotheca
1764 1995 1849 2023 Regia,
1867 1995 1919 2018 cod.
1942 1995 2011 2017 8090.

1164 2044 1236 2065 chart.
1253 2043 1277 2065 in
1296 2042 1316 2064 4.
1333 2048 1392 2065 saec.
1411 2042 1467 2069 XV,
1486 2042 1514 2064 de
1532 2048 1578 2071 quo
1591 2042 1682 2070 egImus
1695 2042 1717 2064 in
1734 2043 1847 2070 opusculo
1864 2042 2011 2070 praecedenti

1163 2095 1186 2111 n.
1199 2089 1219 2111 5.
1237 2088 1332 2111 elenchi.
1351 2101 1380 2104 -
1397 2088 1455 2110 Huic
1473 2089 1597 2116 opusculo,
1614 2088 1678 2117 quod
1695 2088 1774 2116 incipit
1787 2088 1823 2111 sol.
1836 2089 1889 2110 1106.
1901 2095 1936 2115 v.,
1949 2095 2013 2117 prae·

1164 2135 1271 2158 mittitur:
1282 2135 1369 2158 Frater
1377 2136 1546 2158 Bouarenlura
1558 2134 1689 2158 cardinalis
1703 2134 1799 2158 Ordinis
1811 2134 1941 2159 Minoi-um.
1953 2135 2012 2159 Cum

1164 2182 1225 2205 inter
1242 2182 1302 2205 alios
1320 2185 1363 2204 etc.
1380 2182 1466 2204 Desinit
1483 2182 1520 2204 101.
1539 2182 1590 2204 Ἰ139.
1608 2188 1626 2204 r.
1644 2181 1737 2204 verbis:
1759 2182 1788 2205 Et
1805 2182 1833 2205 de
1849 2182 1885 2205 Itis
1901 2182 2012 2212 sufficiat.

1164 2229 1303 2258 Eirpliciunl
1315 2228 1527 2252 Determinatloues
1539 2228 1689 2258 question-um
1706 2228 1860 2258 qrrarumlam
1877 2228 1935 2253 edite
1947 2235 1962 2252 a
1975 2228 2012 2252 clo-

1164 2278 1228 2300 ctore
1244 2276 1325 2300 devoto
1347 2278 1430 2299 saucio
1448 2277 1629 2304 Bomoeutura,
1652 2276 1679 2299 cle
1698 2278 1762 2300 statu
1782 2276 1878 2300 Ordinis
1896 2277 2012 2301 Fratrum

1163 2323 1299 2351 Minorum,
1317 2325 1401 2347 contra
1418 2323 1563 2347 detractores
1581 2323 1667 2353 Reqale
1684 2323 1745 2347 beati
1761 2323 1892 2347 Francisci.

1227 2371 1249 2393 5.
1267 2370 1416 2401 Scafflrusae,
1436 2370 1575 2393 bibiiotheca
1592 2370 1708 2398 Civitatis,
1725 2371 1777 2393 cod.
1795 2372 1816 2393 5.
1834 2371 1934 2393 membr.
1952 2371 1975 2393 in
1988 2371 2011 2394 8.

1164 2424 1224 2440 saec.
1236 2418 1288 2445 XV,
1300 2418 1330 2440 de
1341 2424 1388 2446 quo
1400 2417 1455 2439 ride
1469 2424 1529 2446 quae
1546 2417 1646 2440 diximus
1658 2423 1677 2439 c.
1690 2418 1705 2439 i.
1718 2417 1741 2439 in
1753 2418 1857 2446 catalogo
1875 2418 1943 2440 codd.
1956 2424 2012 2446 opu·

1164 2465 1222 2487 sculi
1238 2465 1293 2487 viu.
1311 2471 1333 2487 n.
1350 2465 1372 2486 5.
1390 2477 1418 2480 —
1436 2465 1643 2487 Determinationes
1659 2465 1771 2492 incipiunt
1788 2465 1826 2487 sol.
1843 2465 1880 2487 21.
1893 2471 1928 2492 xz,
1946 2471 2012 2493 prae-

1165 2512 1234 2534 missa
1251 2512 1394 2540 praefatione
1417 2511 1519 2540 quadam
1546 2517 1558 2533 a
1583 2514 1725 2539 correctore,
1747 2518 1807 2540 quae
1825 2511 1916 2540 incipit:
1933 2511 2011 2535 Multa

1163 2564 1217 2588 sepe
1233 2560 1290 2581 suut
1306 2564 1321 2581 a
1339 2557 1405 2581 bonis
1423 2557 1483 2581 licite
1500 2560 1543 2580 etc.
1561 2558 1672 2580 Desinunt
1690 2558 1727 2580 sol.
1744 2558 1782 2580 38.
1794 2564 1813 2580 r.
1824 2557 1915 2580 vei-bis:
1932 2557 2011 2581 oneris

1164 2604 1209 2627 sibi
1232 2604 1335 2634 impositi
1355 2604 1435 2635 fideles
1459 2604 1628 2628 sublevatores.
1654 2604 1795 2634 Emplieiant
1819 2604 1951 2634 questiones
1973 2603 2011 2629 27

1164 2651 1283 2681 seraphici
1299 2651 1401 2674 doctoris
1423 2651 1501 2674 sancti
1517 2651 1697 2679 Bonae-entare,
1715 2651 1818 2681 episcopi·
1834 2651 1974 2674 Albaueusis
1991 2652 2013 2674 et

1164 2699 1266 2722 Ecclesia
1283 2699 1387 2722 Romane
1405 2698 1535 2722 cardinalis
1553 2700 1573 2722 et
1592 2698 1689 2722 Ordinis
1705 2698 1828 2722 iiliuorum
1846 2698 1923 2722 octavi
1940 2698 2010 2727 (sict)

1165 2745 1295 2775 qeneralis,
1313 2751 1373 2775 quas
1389 2752 1430 2774 rao
1452 2746 1528 2775 frater
1546 2745 1674 2769 Cunraclus
1696 2745 1723 2768 de
1746 2744 1864 2775 Boudorlf
1881 2744 2011 2772 sincerius,

1165 2799 1210 2823 quo
1225 2793 1306 2823 potui,
1324 2792 1423 2816 cori-ezri
1439 2791 1515 2816 «1486.

1228 2841 1249 2862 6.
1268 2839 1391 2863 Ullraiecti
1406 2840 1435 2863 ad
1453 2841 1573 2869 Rhenum,
1592 2840 1730 2863 bibliotheca
1743 2840 1893 2867 Academiae,
1907 2840 1958 2862 cod.
1971 2840 2009 2862 36.

1164 2888 1235 2910 chart.
1252 2887 1276 2909 in
1293 2888 1314 2909 S.
1332 2893 1393 2909 saec.
1410 2887 1461 2909 XV.
1478 2887 1538 2909 circa
1555 2887 1668 2909 medium.
1681 2900 1710 2903 —
1723 2887 1764 2909 1110
1781 2887 1833 2909 cod.
1851 2887 1922 2909 multa
1940 2886 2011 2908 conti-

1165 2937 1202 2957 net
1219 2935 1248 2957 de
1265 2935 1311 2957 vita
1328 2936 1351 2956 et
1366 2934 1454 2962 Regula
1471 2934 1577 2956 Fratrum
1594 2934 1721 2961 Minorum,
1737 2934 1796 2956 inter
1813 2939 1884 2962 quae:
1897 2933 1923 2957 S.
1935 2933 2010 2956 Boua-

1164 2983 1261 3005 eeulure
1278 2981 1484 3005 cletermutationes
1503 2981 1636 3004 multarum
1654 2981 1803 3010 questionum
1824 2972 1896 3010 supe'r
1913 2979 2011 3003 eandem
