2133 3317
111 538 158 557 Huic
171 540 199 556 est
211 543 240 556 re-

120 562 230 580 sistendum.

116 772 153 799 Pro
163 776 238 797 conver-

122 800 176 814 sione
195 800 240 813 sei-1-

112 819 171 842 ptoris
182 823 248 841 rogan·

260 218 317 247 ⁶234

256 305 432 334 nequaquam
455 296 559 324 referre
582 295 721 327 valemus;
743 294 842 330 dogma
857 292 995 330 quoddam
1011 292 1104 329 pullu-

256 344 326 372 lasse
348 343 458 380 iamque
473 342 499 370 in
516 341 626 378 scriptis
647 340 790 369 redactum
813 339 1015 376 comperimus,
1030 338 1104 375 quod

256 393 388 427 tanquam
401 389 494 417 fumus
507 391 576 416 teter
591 390 618 416 et
629 387 770 421 horridus,
783 394 798 415 e
809 389 893 423 puteo
908 386 1026 422 abyssali
1041 394 1106 423 pro-

258 444 391 473 rumpens
406 435 548 471 ipsiusque
563 433 632 462 solis
648 433 779 462 iustitiae
794 432 1004 470 splendentibus
1020 432 1105 461 radiis

257 491 286 512 se
307 483 410 511 directe
439 481 586 515 obiiciens,
611 480 827 509 christianarum
855 480 990 509 mentium
1019 479 1106 508 hemi—

257 530 416 567 sphaerium
432 529 583 557 obscurare
598 527 739 556 contendit
750 528 769 555 1.
784 527 822 556 Ne
837 527 922 564 igitur
936 530 992 555 tam
1014 527 1105 563 perni-

256 577 329 605 ciosa
350 576 424 604 labes
446 583 500 603 non
522 575 581 603 sine
595 575 643 603 Dei
666 575 769 603 offensa
789 578 815 603 et
837 574 993 603 animarum
1008 574 1105 602 discri-

255 624 329 652 mine
350 623 522 651 dissimulata
543 624 717 655 concrescat,
739 621 888 658 praecipue
916 629 980 650 cum
1002 620 1107 650 callidi-

256 674 311 699 tate
333 670 491 707 serpentina
513 669 641 706 pietatem
664 669 802 706 quandam
817 668 844 696 in
860 668 1008 705 superficie
1029 675 1107 705 prae-

256 718 343 751 ferat,
360 716 508 745 revelanda
523 719 565 745 est
579 716 661 745 facies
677 715 829 744 indumenti
846 715 906 744 eius
918 715 942 749 2,
964 717 1010 749 ut,
1032 715 1106 743 clare

256 764 364 793 detecta
384 764 478 798 fovea,
500 767 581 792 caute
603 763 688 800 possit
709 763 805 792 evitari
828 763 918 791 ruina.
935 763 1020 796 Sane,
1042 762 1108 799 quia

257 811 416 840 huiusmodi
438 810 586 839 fabricator
608 818 752 844 errorum,
769 818 831 838 cum
847 809 938 838 adhuc
953 809 988 838 sit
1001 808 1106 842 viator,

257 862 289 887 ut
309 858 465 892 credimus,
487 857 588 894 corrigi
610 860 700 894 potest
721 865 770 893 per
786 856 833 885 Dei
849 855 1039 889 clementiam,
1054 855 1108 884 sol-

256 906 329 934 licite
351 914 401 942 pro
423 913 454 934 eo
475 904 695 941 interpellandus
716 907 757 933 est
775 904 917 937 Christus,
933 906 965 931 ut
979 910 1046 932 suae
1060 910 1107 931 vo-

256 953 295 982 cis
316 953 420 981 virtute
448 960 480 981 ac
508 952 657 989 sapientiae
685 951 790 980 lumine
818 951 893 985 eius,
920 958 1004 987 quam
1026 949 1107 978 Saulo

256 1000 395 1038 quondam
422 999 591 1033 exliibuitss,
614 999 798 1027 miserationis
820 1006 874 1026 non
897 998 1058 1031 immemor,
1080 999 1108 1026 et

257 1048 472 1085 protervientem
496 1047 636 1075 deterreat
657 1049 684 1075 et
705 1046 912 1082 superbientem
935 1044 1063 1073 humiliet
1081 1047 1108 1073 et

257 1098 397 1124 errantem
420 1094 560 1131 requirat,
583 1093 704 1130 corrigat
725 1096 752 1122 et
774 1092 906 1123 reducat-
920 1092 952 1120 Et
976 1091 1106 1128 quoniam

257 1142 381 1171 meliora
402 1145 472 1169 Sttttt
485 1141 611 1169 vulnera
636 1140 783 1177 (lingentis
806 1148 895 1177 quam
911 1138 1107 1176 fraudulenta

259 1189 380 1218 odientis
401 1188 541 1222 oscula&
568 1195 744 1224 nequaquam
767 1186 920 1224 peccatoris
941 1186 1017 1220 oleo,
1039 1185 1107 1214 adu-

715 215 912 244 Ol'USCULUM
935 215 976 243 XI.
1000 214 1161 243 APOLOGIA
1185 214 1365 243 PAUPERUM.
1388 215 1554 244 CAPITULA.

1163 292 1263 321 latione
1283 292 1424 326 videlicet,
1446 293 1675 330 impinguandum
1690 295 1732 322 est
1746 293 1833 330 ipsius
1848 293 2009 330 languidum

1162 341 1261 376 caput,
1284 346 1334 367 nec
1356 339 1454 367 tumidi
1476 339 1567 368 cordis
1587 343 1729 376 apostema
1743 340 1926 376 palpandum3
1942 341 2010 377 quin
2022 347 2123 371 lpsedum-

1162 386 1255 422 potius
1276 385 1401 422 procacis
1423 386 1542 414 bominis
1560 388 1680 415 erectam
1696 386 1833 415 cervicem
1848 386 1919 415 dura
1933 395 2011 424 opor·
2032 372 2110 395 “epm

1163 435 1202 461 tet
1229 432 1417 469 increpatione
1445 432 1544 467 ferire,
1578 441 1631 461 non
1659 433 1771 470 quidem
1803 433 1889 461 amari
1922 433 2012 462 cordis

1163 480 1241 513 odio,
1273 479 1321 508 sed
1353 480 1519 516 tranquillae
1549 480 1649 509 mentis
1680 481 1862 509 aemulatoria
1889 481 2011 509 caritate.

1164 526 1255 563 Ipsum
1278 534 1345 555 vero
1366 526 1465 563 dogma
1486 526 1649 563 pestiferum
1669 527 1796 556 ordinato
1817 527 1948 564 competit
1962 527 2014 555 im-

1164 574 1283 610 probare
1311 581 1479 610 progressu,
1508 576 1541 602 ut
1568 581 1617 610 per
1642 574 1755 602 modum
1777 574 1918 611 apologiae
1939 574 2013 602 obie-

1163 621 1245 650 ctioni
1268 623 1413 657 coaptetur
1435 621 1594 657 responsio,
1616 623 1643 650 et
1664 621 1865 658 impugnationi
1890 621 2012 650 defensio

1164 667 1379 705 correspondeat
1400 675 1437 696 ex
1458 668 1584 696 adverso.

1244 715 1269 743 3.
1292 715 1427 751 Quoniam
1449 715 1534 752 igitur
1556 715 1646 751 primo
1674 714 1851 751 perfectionis
1876 714 2013 751 evangeli-
2039 724 2127 752 epactas.

1164 770 1212 791 cae
1239 762 1367 799 apicem⁵
1396 765 1513 790 conatur
1540 761 1673 795 deiicere,
1702 761 1802 790 dehinc
1830 761 2013 798 praecipitare
2027 752 2128 792 amittit:

1164 809 1273 838 moenia
1301 812 1328 838 et
1360 809 1443 837 tertio
1474 812 1601 837 evertere
1631 808 1812 837 fundamenta
1845 808 2013 845 tandemque
2027 794 2127 852 {itsstttl'

1164 864 1320 893 pauperum
1343 856 1444 884 Christi
1466 855 1664 892 professionem
1684 855 1760 884 falsis
1774 855 2015 884 criminationibus

1164 904 1333 937 infamatam,
1348 902 1559 931 abominabilem
1576 902 1693 932 reddere
1707 902 1826 937 mundo;
1838 902 2016 940 quadruplex

1165 951 1192 979 in
1214 950 1386 979 contrarium
1410 950 1622 986 responsionum
1644 953 1686 979 est
1705 950 1870 978 instruenda
1883 949 2015 983 munitio,

1164 1005 1284 1035 quarum
1307 996 1447 1034 quaelibet
1470 996 1609 1033 tripartita
1630 996 1681 1030 sit,
1703 996 1784 1025 iuxta
1805 995 1880 1033 quod
1898 995 2015 1024 materia
2031 1004 2114 1024 Snbdivts

1164 1044 1260 1081 exigit,
1276 1046 1415 1081 quatenus
1430 1043 1594 1080 triangulari
1607 1043 1767 1072 huiusmodi
1779 1045 1923 1071 armatura
1933 1050 2016 1071 evan-

1163 1091 1242 1128 gelici
1266 1090 1382 1124 milites,
1405 1090 1481 1118 velut
1503 1089 1627 1118 veritatis
1646 1093 1725 1118 scuto
1751 1089 1930 1123 circumdati,
1951 1097 2016 1118 con-

1164 1140 1207 1166 tra
1228 1137 1436 1165 fulminantium
1465 1137 1584 1165 telorum
1613 1136 1742 1165 acumina
1763 1138 1946 1173 protegantur
1974 1135 2015 1165 in—

1164 1184 1228 1213 victi
1244 1184 1265 1212 ⁶.

902 1276 1059 1305 CAPITULA
1082 1275 1178 1304 HUIUS
1199 1274 1366 1303 OPUSCULI.

599 1364 730 1396 Capitulum
748 1365 766 1387 1.

323 1423 410 1445 Primae
423 1421 580 1450 responsionis
593 1421 667 1449 prima
681 1420 793 1448 particula
804 1419 956 1448 primumque
968 1418 1108 1446 capitulum,

259 1462 282 1484 in
298 1468 345 1490 quo
363 1460 535 1483 calumniator-Is
553 1459 645 1481 intentio
664 1465 774 1487 perversa
787 1457 914 1486 detegitur,
931 1460 953 1479 et
970 1463 1040 1479 verae
1056 1462 1108 1479 con-

259 1501 417 1523 descensionis
433 1499 516 1522 Cbristi
533 1498 639 1521 sublimis
656 1498 765 1526 perfectio
782 1497 920 1520 declaratur.

591 1551 723 1583 Capitulum
741 1552 771 1575 11.

324 1611 412 1632 Primae
430 1608 586 1637 responsionis
602 1608 703 1630 secunda
722 1607 833 1635 particula
857 1606 1034 1634 secundumque
1050 1605 1110 1633 capi-

259 1651 345 1677 tulum⁷
364 1650 387 1671 in
404 1656 451 1678 qno
468 1648 571 1676 capitalis
588 1654 653 1670 error
676 1647 736 1669 circa
760 1646 941 1669 notificationem
963 1644 1110 1673 perfectionis

260 1692 282 1712 et
299 1689 479 1717 imperfectionis
496 1688 600 1714 eliditur,
617 1689 639 1709 et
658 1692 726 1709 verae
744 1685 893 1714 perfectionis
910 1684 1072 1712 exemplaritas
1088 1686 1111 1706 et

260 1728 386 1752 differentia
405 1727 478 1755 ipsius
494 1727 523 1749 ad
541 1726 739 1754 imperfectionem
757 1727 882 1748 reseratur.

587 1779 720 1810 Capitulum
737 1780 779 1803 111.

326 1838 415 1861 Primae
433 1836 590 1865 responsionis
607 1836 672 1858 tertia
690 1835 801 1864 particula
819 1834 960 1863 tertiumque
972 1833 1111 1862 capitulum,

261 1878 285 1900 in
296 1884 343 1907 quo
355 1877 504 1905 evangelicae
522 1875 669 1904 perfectionis
685 1874 804 1903 integritas
822 1873 942 1902 panditur,
959 1873 1056 1901 eiusque
1067 1874 1113 1895 sta-

263 1920 299 1940 tus
316 1916 422 1940 sublimis
439 1919 461 1939 et
478 1916 566 1944 gradus
583 1914 731 1938 multiformis
748 1914 858 1942 aperitur.

593 1968 725 1999 Capitulum
742 1968 780 1991 IV.

325 2026 447 2049 Secundae
464 2025 621 2053 responsionis
638 2024 714 2055 prima
731 2024 844 2052 particula
856 2026 1014 2052 quartumque
1025 2021 1111 2050 eapitu-

264 2067 325 2093 lum,
342 2066 364 2088 in
382 2072 428 2094 quo
446 2065 562 2093 appetitus
580 2063 684 2091 martyrii
702 2063 731 2085 de
744 2069 768 2085 se
780 2063 896 2091 perfectus
914 2061 1049 2089 ostenditur,
1061 2063 1083 2083 et
1100 2066 1112 2083 e

262 2105 376 2128 contrario
395 2106 449 2132 fuga
467 2103 570 2131 martyrii
588 2103 617 2125 de
634 2109 659 2125 se
676 2102 810 2130 imperfecta
827 2103 975 2124 monstratur.

600 2155 732 2187 Capitulum
748 2156 775 2179 V.

327 2214 447 2236 Secundae
464 2212 623 2241 responsionis
640 2212 742 2234 secunda
760 2211 871 2239 particula
884 2210 1039 2239 quintumque
1050 2209 1112 2237 capi-

263 2254 350 2280 tulum,
369 2253 390 2275 in
408 2259 455 2282 quo
472 2251 623 2274 abstinentiae
640 2251 689 2273 laus
701 2253 723 2272 et
736 2250 845 2278 perfectio
863 2250 1003 2276 declaratur,
1021 2251 1043 2271 et
1054 2248 1112 2271 eius-

263 2293 317 2316 dem
336 2292 481 2320 impugnatio
498 2290 640 2314 calumniosa
657 2289 774 2312 refellitur.
866 2289 871 2290 ⁷

594 2343 726 2374 Capitulum
742 2343 780 2366 VI.

327 2401 448 2424 Secundae
466 2400 623 2429 responsionis
645 2399 711 2422 tertia
733 2399 844 2427 particula
868 2400 1006 2426 sextumque
1027 2397 1113 2425 capitu-

264 2442 324 2469 lum,
342 2442 363 2464 in
381 2447 428 2470 qno
446 2440 524 2463 ieiunii
542 2439 655 2463 arctitudo
668 2441 693 2461 ut
704 2444 806 2461 consona
823 2437 956 2466 perfectioni
969 2436 1111 2463 defenditur,

264 2484 286 2504 et
303 2481 352 2504 eius
369 2480 487 2508 multiplex
505 2479 677 2502 commendatio
694 2477 841 2501 subinfertur.

586 2531 718 2563 Capitulum
735 2532 785 2555 V11.

329 2590 420 2613 Tertiae
437 2589 594 2618 responsionis
612 2588 687 2616 prima
705 2587 815 2616 particula
834 2587 1009 2615 septimumque
1024 2585 1113 2614 capitu-

264 2631 325 2659 lum,
344 2630 365 2652 in
383 2636 430 2659 quo
447 2628 576 2652 voluntaria
599 2630 621 2650 et
643 2627 768 2656 penuriosa
791 2628 916 2655 paupertas
937 2625 1113 2648 fundamentum

1164 1362 1313 1390 evangelicae
1330 1361 1477 1390 perfectionis
1493 1361 1632 1388 adstruitur,
1649 1363 1671 1383 et
1688 1367 1748 1390 quae
1760 1361 1814 1383 huic
1828 1361 1902 1384 videri
1917 1367 2020 1395 possun¹

1164 1401 1278 1424 contraria
1296 1401 1463 1423 dissolvuntur.

1487 1461 1620 1493 Capitulum
1636 1462 1698 1485 VIII.

1230 1526 1322 1549 Tertiae
1339 1526 1498 1554 responsionis
1515 1526 1617 1548 secunda
1635 1525 1747 1553 particula
1763 1528 1920 1554 octavumque
1931 1525 2017 1553 capitu-

1167 1567 1228 1593 lum,
1244 1566 1268 1588 in
1286 1571 1332 1594 quo
1350 1566 1524 1593 possessionum
1547 1565 1691 1587 leviticarum
1714 1567 1736 1587 et
1757 1564 1963 1587 ecclesiasticarum
1987 1565 2018 1587 at-

1168 1605 1261 1627 ssuentia
1279 1607 1420 1627 monstratur
1437 1604 1572 1632 perfectioni
1590 1604 1733 1632 paupertatis
1749 1609 1794 1626 non
1817 1609 1868 1626 esse
1890 1603 2017 1631 contraria,

1166 1644 1208 1666 sed
1225 1646 1248 1666 et
1264 1643 1436 1666 commendatio
1455 1643 1588 1665 divitiarum
1606 1643 1734 1666 ostenditur
1751 1649 1798 1665 non
1815 1648 1865 1665 esse
1883 1648 1973 1665 secura.

1495 1713 1627 1744 Capitulum
1644 1713 1683 1737 IX.

1232 1778 1323 1800 Tertiae
1340 1777 1499 1806 responsionis
1516 1777 1581 1800 tertia
1600 1776 1711 1805 particula
1728 1782 1865 1805 nonumque
1879 1776 2016 1804 capitulum,

1168 1817 1191 1839 in
1209 1823 1256 1846 quo
1273 1816 1480 1839 abrenuntiationis
1497 1816 1555 1839 ratio
1574 1817 1627 1839 salsa
1645 1816 1744 1843 eliditur,
1762 1818 1784 1838 et
1800 1815 1939 1843 penuriosae
1962 1821 2017 1843 pau-

1168 1857 1262 1885 pertatis
1279 1856 1423 1879 duodenaria
1440 1856 1603 1885 praerogativa
1621 1858 1770 1879 monstratur.

1505 1917 1639 1948 Capitulum
1655 1917 1682 1941 X.

1232 1984 1333 2012 Quartae
1349 1982 1510 2011 responsionis
1526 1982 1602 2011 prima
1619 1982 1732 2010 particula
1748 1981 1916 2010 decimumque
1932 1980 2018 2009 capitu-

1169 2023 1230 2051 lum,
1247 2022 1270 2044 in
1287 2028 1335 2051 quo
1352 2022 1433 2049 religio
1450 2021 1579 2044 carendum
1597 2021 1677 2043 loculis
1697 2020 1727 2043 ab
1747 2026 1826 2043 errore
1843 2019 1984 2048 defenditur,
1996 2021 2018 2042 et

1169 2067 1252 2084 verum
1269 2061 1305 2083 ius
1322 2060 1477 2089 possessionis
1494 2060 1661 2083 ecclesiasticae
1678 2059 1817 2082 declaratur.

1498 2121 1630 2155 Capitulum
1646 2121 1685 2145 XI.

1233 2187 1332 2215 Quartae
1349 2185 1508 2213 responsionis
1525 2185 1626 2207 secunda
1644 2184 1756 2212 particula
1770 2184 1970 2212 undecimumque
1982 2189 2019 2206 ca-

1170 2225 1281 2254 pitulum,
1298 2225 1321 2247 in
1339 2231 1386 2254 quo
1404 2224 1517 2252 professio
1537 2224 1643 2246 Fratrum
1666 2223 1781 2246 Minorum
1804 2223 1917 2246 veraciter
1939 2228 2019 2245 carere

1169 2264 1298 2287 ostenditur
1315 2266 1337 2286 et
1354 2264 1543 2292 appropriatione
1559 2269 1638 2286 rerum
1656 2262 1812 2285 immobilium
1830 2262 1880 2285 sive
1897 2261 2018 2285 mobilium

1169 2307 1192 2326 et
1209 2303 1350 2332 proprietate
1367 2303 1521 2331 pecuniarum
1539 2304 1586 2324 tam
1602 2302 1627 2324 in
1644 2301 1740 2329 proprio
1757 2307 1829 2330 quarn
1846 2301 1870 2323 in
1891 2301 2019 2324 communi.

1493 2363 1626 2394 Capitulum
1642 2364 1693 2387 XII.

1234 2429 1334 2457 Quartae
1351 2428 1510 2456 responsionis
1527 2427 1592 2450 tertia
1614 2427 1726 2456 particula
1748 2427 1965 2455 duodecimumque
1982 2432 2019 2449 ca-

1170 2467 1283 2495 pitulum,
1301 2467 1325 2489 in
1342 2473 1389 2495 quo
1406 2466 1615 2494 evangelizantium
1633 2472 1763 2494 pauperum
1782 2465 1926 2488 fructificatio
1943 2465 2020 2488 multi-

1171 2506 1251 2528 form1s
1268 2506 1409 2533 ostenditur,
1427 2511 1557 2534 eorumque
1579 2508 1651 2528 status
1671 2511 1684 2527 a
1705 2504 1873 2533 multiplicibus
1896 2504 2020 2527 cavillatio-

1170 2551 1226 2567 num
1243 2545 1352 2568 versutiis
1369 2545 1509 2567 defensatur.
2122 2551 2123 2566 l

1346 2630 1474 2646 EXPLICIUNT
1491 2629 1604 2646 CAPtTtJLa.
1622 2629 1701 2645 INCIPIT
1717 2628 1850 2645 TRACTATUS.

328 2743 335 2756 ¹
354 2744 426 2772 Apoe.
444 2744 471 2771 9,
489 2744 518 2765 2:
536 2744 562 2765 Et
579 2743 670 2771 aperuit
695 2744 792 2770 puteum
814 2741 903 2769 abyssi,
921 2743 943 2763 et
959 2740 1064 2763 ascendit
1081 2741 1113 2763 fu·

266 2789 318 2806 mus
335 2782 398 2811 putei
415 2782 474 2805 sicut
491 2783 569 2804 fumus
585 2781 685 2804 fornacis
701 2787 814 2809 magnae,
831 2783 853 2803 et
870 2779 1008 2803 obscuratus
1029 2782 1063 2803 est
1080 2780 1114 2802 sol

266 2825 288 2845 et
304 2822 344 2844 ae'r
361 2822 390 2844 de
407 2823 470 2844 fumo
487 2821 560 2849 putei.
579 2821 630 2843 Mal.
648 2820 673 2848 4,
692 2821 721 2843 2:
739 2821 777 2843 Sol
794 2819 900 2843 iustitiae.

330 2860 339 2873 ²
356 2860 395 2883 Iob
414 2861 450 2888 411,
469 2860 497 2882 4:
517 2860 573 2889 Quis
590 2859 703 2882 revelabit
714 2859 796 2882 faciem
809 2858 939 2881 indumenti
953 2858 1019 2881 eius?
1030 2870 1062 2875 -
1075 2857 1114 2880 Su-

267 2906 308 2928 pra
324 2900 448 2929 prueferat
465 2900 528 2922 idem
545 2902 579 2922 est
596 2906 622 2922 ac
636 2905 698 2929 prae
714 2905 739 2922 se
755 2899 825 2928 ferat.
869 2897 878 2910 ³
897 2898 946 2920 Act.
964 2898 990 2925 9,
1009 2898 1030 2920 3.
1048 2903 1113 2926 seqq.

330 2938 340 2951 ⁴
356 2940 424 2962 Prov.
442 2939 484 2966 27,
502 2939 524 2961 6.
542 2939 577 2961 Ps.
595 2938 652 2966 ⁴40,
671 2939 697 2961 5:
713 2937 828 2966 Corripiet
852 2943 890 2960 me
916 2937 990 2960 iustus
1007 2937 1029 2959 in
1047 2936 1114 2959 m1se-

266 2978 366 3001 ricordia
384 2981 406 3001 et
422 2978 551 3006 inerepabIt
568 2984 618 3007 me,
635 2979 712 3001 oleum
730 2980 808 3001 autem
823 2977 952 3006 peccatoris
968 2983 1015 3000 non
1032 2976 1114 3005 impin-

267 3020 324 3047 guet
341 3020 411 3046 caput
428 3024 516 3040 meum.

1233 2738 1242 2752 ⁵
1259 2739 1366 2762 Secunda
1384 2744 1468 2761 manus
1485 2738 1509 2760 in
1526 2737 1545 2760 A
1562 2736 1667 2764 adiungit
1684 2736 1728 2759 hoc
1744 2734 1860 2759 vocabulo
1886 2735 1961 2759 utitur
1980 2735 2019 2760 Gi-

1170 2778 1261 2802 rardus
1279 2777 1421 2808 (Gherardus
1438 2777 1468 2800 de
1484 2775 1647 2803 Abbatisvilla‚
1664 2775 1774 2803 magister
1791 2774 1942 2803 Parisiensis).

1233 2817 1243 2830 ‘³
1259 2818 1339 2840 Plures
1356 2817 1438 2844 codd„
1455 2818 1481 2839 ut
1497 2816 1554 2843 DF,
1571 2815 1657 2842 secuti,
1674 2820 1792 2837 summam
1812 2814 1965 2842 capitulorum
1983 2813 2020 2836 hic

1170 2857 1323 2885 inseruimus,
1346 2862 1407 2886 quae
1423 2856 1479 2879 alias
1500 2858 1552 2878 ante
1577 2855 1701 2883 Prologum
1726 2852 1886 2877 exhibebatur.
1909 2853 2020 2876 Notamus

1170 2899 1261 2924 tamen,
1278 2896 1341 2926 quod
1358 2902 1405 2918 non
1423 2896 1445 2918 in
1462 2894 1572 2918 omnihus
1588 2893 1661 2917 verba
1683 2896 1706 2916 et
1722 2893 1830 2916 ordinem
1847 2892 2019 2921 praedictorum

1170 2935 1240 2958 codd.
1265 2934 1414 2963 exhibemus,
1440 2934 1494 2963 quia
1517 2934 1567 2962 ipsa
1593 2933 1713 2956 materiam
1738 2932 1840 2961 plurium
1865 2931 2019 2959 capitulorum

1171 2975 1248 2998 minus
1265 2975 1380 3003 complete
1397 2974 1536 3002 exprimunt.
1554 2973 1600 2996 Cfr.
1614 2976 1670 2996 tom.
1686 2973 1715 2995 V.
1727 2978 1782 3001 pag.
1795 2971 1853 2999 209,
1869 2973 1923 2993 nota
1941 2971 1962 2999 ll,
1978 2969 2019 2992 ubi

1170 3015 1244 3038 simile
1260 3014 1290 3037 de
1307 3014 1414 3042 capitulis
1430 3012 1576 3042 Breviloquii
1591 3012 1699 3035 occurrit.
