2133 3317
784 216 1026 246 PROLEGOMENA
1048 217 1075 245 C.
1098 217 1116 245 l.
1773 214 1826 243 XLI

85 305 185 326 magnus
201 299 269 320 trater
294 298 315 320 in
341 297 426 320 Ordine
450 297 554 319 Fratrum
580 297 692 318 Minoi-um
718 298 740 318 et
764 295 839 317 bonus
863 295 927 317 cleri-

86 352 126 369 cus
143 349 165 369 et
181 346 280 369 devotus
296 345 418 367 Crucifixo.
437 344 480 373 Qui
497 344 575 372 posuit
597 343 726 372 passionem
745 344 794 365 lesu
816 343 838 365 in
860 343 927 365 canti-

85 393 136 416 lena
153 393 218 415 fletus
234 392 379 420 sequentiae,
390 397 451 420 quae
467 391 500 413 sic
517 390 599 413 currit:
613 389 632 413 0
644 396 714 417 crum,
729 390 825 419 fructezc
841 388 927 419 salvifi-

86 446 127 464 cus
147 442 205 466 etc.,
222 442 244 462 et
261 439 282 461 in
305 438 407 468 qualibet
428 438 528 460 clausula
551 437 687 465 replicatur:
706 436 725 460 O
742 442 805 459 cruat
822 439 864 459 ete.
887 436 928 458 Re-

85 486 163 515 quire,
180 484 233 508 alibi
251 484 322 507 habes
333 492 354 506 υ.
373 484 501 512 Supersunt
518 484 540 505 in
557 482 677 506 codicibus
688 483 765 505 adhuc
782 482 843 505 duae
860 482 929 504 melo-

85 533 138 556 diae
153 532 259 561 antiquae
276 535 298 554 et
314 531 372 554 inter
383 537 408 553 se
424 531 563 553 differentes.
580 531 653 552 Unam
666 529 796 552 invenimus
814 529 836 551 in
847 528 928 551 codice

85 580 131 602 iam
148 579 215 601 citato
232 577 383 600 bibliothecae
400 577 552 599 Berolinensis
571 577 623 605 (tls.
641 577 678 598 lat.
693 576 741 599 Oct.
759 575 797 597 31.
814 575 850 598 fol.
867 575 928 603 72),

86 630 108 649 et
124 627 180 648 haec
197 627 231 647 est
247 624 322 652 magis
345 624 441 652 simplex
457 627 480 646 et
504 623 568 645 adest
583 621 688 645 versibus
709 621 832 650 genuinis,
858 621 927 643 altera

86 671 227 694 artificiosior
243 674 266 693 et
283 673 423 692 memoratae
434 670 574 692 recensionis
591 669 701 697 longioris
716 668 823 690 versibus
839 674 928 690 accom-

85 717 176 740 modata
202 716 299 739 habetur
325 716 346 738 in
372 716 434 739 dicto
459 716 539 738 codice
560 715 713 738 bibliothecae
737 714 928 737 Darmstadiensis

87 765 118 791 (n.
135 764 225 793 2777.);
243 765 299 786 haec
315 764 344 786 ad
361 764 468 791 strophas
485 762 565 785 cantici
578 762 674 790 replicat
684 761 783 790 primam
795 762 928 789 stropham,

86 814 111 835 ut
126 811 181 834 dicit
196 811 278 834 citatus
299 811 335 833 Fr.
355 810 543 832 Bartholomaeus
563 809 684 838 Aquensis.
706 809 807 836 Utraque
830 808 927 830 melodia

85 858 146 881 notis
162 858 265 886 ipsorum
282 857 389 880 codicum
407 859 429 879 et
445 857 513 879 etiam
531 858 606 878 nostra
624 858 697 878 aetate
713 854 877 877 communibus
894 860 928 876 ex-

86 911 164 934 pressa
182 907 204 926 et
224 904 293 926 etiam
316 903 449 926 harmonice
470 903 586 925 modulata
605 901 702 924 habetur
723 902 747 923 in
764 901 864 924 secunda
882 901 928 923 edi-

87 951 148 974 tione
165 954 304 973 memoratae
322 950 435 972 versionis
456 949 615 977 germanicae,
633 948 663 971 ad
680 954 750 977 quem
773 947 873 970 libellum
891 954 930 969 an-

86 999 163 1028 tiquae
179 998 280 1020 musicae
297 997 426 1020 studiosum
444 996 589 1019 remittimus.

365 1073 500 1104 Elenchus
521 1073 650 1103 codicum.

127 1160 146 1184 Ι.
163 1159 254 1184 Codices
271 1167 284 1182 a
300 1158 364 1182 nobis
381 1166 430 1182 cum
446 1159 515 1182 textu
531 1158 658 1182 Vaticano
675 1158 783 1181 editionis
799 1157 886 1181 collati.

152 1232 170 1253 l.
188 1229 272 1253 Assisii
288 1230 311 1252 in
327 1229 435 1256 Umbria,
453 1228 589 1252 bibliotheca
601 1229 705 1251 Civitatis
722 1229 785 1257 (olim
801 1229 859 1251 sacri
872 1229 927 1252 Con-

87 1278 191 1305 ventus),
207 1277 260 1300 cod.
277 1276 468 1299 membranaceus
486 1277 507 1298 in
526 1276 579 1298 folio
592 1282 665 1304 parvo
677 1276 762 1298 saeculi
774 1276 833 1298 XIV.
846 1276 928 1298 ineun-

87 1325 136 1360 ῑίε,ἱ
145 1325 174 1347 de
191 1330 237 1353 quo
255 1324 324 1346 locuti
340 1329 421 1346 sumus
438 1326 494 1345 tom.
512 1324 538 1345 V.
555 1329 609 1351 pag.
623 1323 682 1345 XVll
695 1329 718 1345 n.
731 1323 751 1344 l.
763 1334 794 1339 —
806 1323 853 1345 Hoc
869 1329 928 1350 opu-

87 1373 176 1395 sculum
194 1370 338 1394 inscribitur:
356 1370 458 1400 Lignum
476 1370 519 1393 vite
535 1375 576 1393 seu
594 1369 677 1393 Crucis
700 1370 871 1392 Bonaventure.
895 1370 927 1392 ln-

87 1419 157 1447 cipit:
174 1417 267 1441 Clu-isto
284 1416 394 1446 confici-us
410 1422 464 1439 sum
482 1415 560 1439 Cruci.
583 1415 656 1438 Verus
676 1415 716 1438 Dei
732 1414 809 1438 cultor
826 1418 870 1437 etc.
890 1416 930 1437 De-

86 1465 139 1488 sinit
155 1467 180 1487 ut
196 1465 220 1486 in
236 1464 318 1486 editis:
332 1470 377 1493 per
393 1469 488 1486 crucem
505 1464 572 1486 tuam
581 1462 684 1491 petimus
696 1461 811 1490 obtinere,
824 1462 929 1485 cuicum

87 1512 158 1535 Patre
182 1513 205 1535 et
227 1511 319 1541 Spiritu
336 1512 418 1534 sancto
443 1509 519 1533 omnis
536 1509 566 1533 sii
584 1509 661 1533 honor
682 1511 704 1533 et
725 1508 816 1539 cloria,
839 1509 929 1539 qratia-

87 1564 144 1581 rum
160 1557 234 1586 actio,
251 1557 322 1581 decus
338 1558 359 1580 ei
376 1556 515 1586 imperium,
532 1563 576 1586 per
589 1556 681 1587 infinita
692 1555 772 1580 secula
783 1555 928 1579 seculorum.

87 1606 169 1629 Amen.
187 1604 293 1634 Explicit
308 1603 365 1627 liber
382 1605 405 1627 et
420 1605 536 1627 tractatus
554 1603 580 1626 de
598 1603 671 1633 Liyuo
694 1602 739 1626 vite
760 1602 846 1632 fi‘atris
864 1603 927 1626 Bone

86 1653 192 1675 venture.
209 1651 256 1674 Deo
274 1650 373 1680 qratias.
391 1650 472 1673 Amen.
491 1651 513 1672 111
532 1651 574 1672 hac
598 1653 675 1673 nostra
700 1649 800 1672 editione
825 1650 929 1677 signatur

87 1698 159 1720 littera
176 1699 202 1720 Α.

150 1746 171 1767 2.
189 1744 287 1772 Ibidem,
306 1744 358 1767 cod.
376 1743 476 1766 membr.
492 1743 514 1765 in
532 1744 571 1766 fol.
591 1749 652 1766 saec.
668 1743 724 1765 Xlll.
745 1743 847 1765 exeuntis
870 1743 929 1770 sign.

87 1798 109 1815 n.
127 1792 165 1814 28.
181 1804 212 1808 —
229 1792 281 1814 Post
305 1791 347 1813 alia
371 1791 409 1813 sol.
427 1790 478 1812 187,
495 1797 514 1812 r.
532 1790 630 1818 legitur:
647 1789 732 1819 Incipit
749 1789 867 1819 prologus
891 1795 929 1812 ve-

86 1837 199 1862 nerabilis
215 1837 300 1867 fratris
318 1838 483 1860 Bonaveuture
499 1836 524 1859 in
541 1837 673 1859 tractatum
689 1835 717 1859 de
730 1835 804 1865 Liyno
817 1835 867 1858 vite.
879 1836 928 1858 Xto

87 1884 196 1915 confixus
213 1890 267 1907 sum
292 1883 365 1907 Cruci
379 1886 422 1906 etc.
440 1883 525 1905 Desinit
544 1883 579 1905 tol.
602 1883 650 1905 192.
668 1889 690 1905 V.
710 1885 734 1905 ut
756 1883 778 1905 in
795 1882 874 1909 editis;
891 1882 930 1905 ad-

87 1932 164 1955 ditur:
181 1930 285 1961 Explicit
307 1932 423 1954 tractatus
449 1929 589 1953 venerabilis
611 1929 697 1959 fratris
719 1930 885 1952 Bonaventure
902 1928 930 1952 de

88 1978 161 2008 Liqno
178 1977 229 2001 vite.

150 2025 172 2047 3.
189 2024 246 2048 Cum
265 2025 307 2047 hoc
324 2024 375 2046 cod.
387 2029 483 2052 prorsus
500 2023 607 2045 convenit
618 2023 676 2045 alius
688 2022 792 2045 eiusdem
809 2022 930 2044 bibliothe-

86 2077 140 2100 cae,
156 2072 290 2094 chartaceus
308 2071 331 2093 in
348 2071 384 2093 rol.
396 2076 456 2093 saec.
468 2070 518 2093 xv.
530 2082 561 2086 —
574 2069 653 2097 incipit
670 2072 692 2092 et
707 2069 789 2092 desiuit
804 2071 829 2091 ut
846 2069 929 2092 editus.

87 2118 135 2141 Fini
152 2117 287 2141 subiicitur:
306 2116 408 2147 Explicit
424 2118 540 2140 tractatus
557 2116 585 2139 de
599 2116 674 2146 Liyno
686 2115 731 2140 vite
741 2115 789 2139 sive
800 2115 827 2139 de
840 2115 928 2144 Cruce,

86 2165 171 2195 fratris
189 2165 251 2188 Bone
266 2166 364 2188 venture
380 2163 510 2187 cardinalis
522 2163 549 2186 de
562 2163 649 2187 Ordine
662 2163 778 2186 Fratrum
789 2163 911 2186 Minor-um
920 2181 926 2191 ,

83 2217 129 2241 per
145 2211 223 2241 ipsum
240 2210 365 2234 ordinatus
381 2211 404 2233 et
418 2209 574 2239 compositus,
586 2209 611 2233 in
622 2210 670 2232 XII
686 2209 761 2232 ramis
777 2208 825 2232 sive
841 2208 929 2238 capitu-

89 2257 118 2281 lis
134 2256 301 2287 superscriptis
318 2256 373 2280 bene
389 2258 412 2280 et
427 2256 535 2280 ordinate
552 2256 686 2286 dispositus.
703 2269 734 2273 —
750 2257 852 2285 Uterque
868 2262 929 2279 com-

87 2305 237 2333 prehenditur
253 2304 297 2327 sub
314 2304 355 2327 litt.
372 2304 398 2327 B.

151 2351 171 2374 4.
189 2350 289 2379 Ibidem,
301 2351 352 2374 cod.
369 2350 467 2373 membr.
484 2356 544 2373 saec.
566 2351 621 2373 Xlll.
639 2351 750 2373 exeuntis.
761 2364 791 2366 —
803 2351 850 2373 Fol.
864 2351 883 2373 1.
895 2357 928 2373 r.:

88 2397 172 2428 Incipit
187 2399 303 2421 tractatus
319 2396 404 2427 fratris
420 2397 583 2420 Bomoenture
603 2403 676 2427 super
693 2397 805 2420 arborem
821 2396 849 2420 de
865 2403 930 2420 com-

84 2444 196 2474 passione
212 2443 267 2472 Xti,
285 2443 386 2473 Liqnum
403 2443 448 2467 vite
467 2443 492 2466 in
515 2443 592 2467 medio
614 2443 731 2473 paradisi.
751 2444 800 2467 Xto
817 2443 927 2474 confi-rus

87 2497 141 2514 sum
159 2490 231 2515 Cruci
246 2494 288 2514 etc.
305 2491 378 2514 Etiam
395 2491 417 2513 in
439 2491 484 2513 fine
508 2490 615 2513 additur:
640 2490 745 2520 Explicit
767 2490 841 2514 arbor
864 2490 927 2514 Bone

88 2539 194 2561 venture.
212 2538 344 2566 Sequuntur
360 2543 456 2560 versus:
473 2537 513 2560 His
530 2543 574 2560 nos
591 2537 643 2560 ciba
659 2536 777 2567 fructibus
795 2540 851 2564 etc.‚
868 2543 928 2566 quos

88 2585 142 2607 vide
159 2584 214 2607 infra
232 2590 286 2613 pag.
302 2585 331 2606 69
350 2591 371 2607 n.
388 2585 411 2607 6.
428 2584 490 2612 Sign.
508 2584 532 2606 C.

150 2631 173 2654 5.
190 2630 348 2660 Halneoreqii,
363 2630 499 2653 bibliotheca
511 2630 645 2658 seminarii,
657 2631 709 2654 cod.
721 2632 792 2654 chart.
804 2637 864 2653 saec.
877 2631 927 2654 XV.

89 2677 191 2700 exeuntis
208 2677 256 2700 sine
273 2678 317 2700 ulla
334 2680 394 2700 nota.
411 2689 442 2694 —
458 2678 511 2700 Post
527 2677 569 2699 alia
587 2677 631 2700 sub
647 2677 742 2700 nomine
755 2678 929 2700 Bonaventurae

89 2723 158 2747 habet
180 2724 216 2746 rol.
234 2730 257 2746 v.
274 2730 321 2746 non
344 2726 479 2746 numerato:
501 2724 626 2747 Tractatns
651 2724 816 2747 Bonaventure
839 2723 866 2747 de
888 2730 926 2746 ar-

89 2770 144 2794 bore
161 2770 252 2794 Crucis.
270 2771 318 2794 Xto
335 2770 467 2801 crucifixus
483 2777 537 2793 sum
554 2770 622 2794 cruci
637 2773 680 2793 etc.
692 2770 777 2793 Desinit
789 2771 825 2793 tol.
837 2777 868 2792 r.:
881 2771 928 2793 Deo

89 2817 181 2848 qratia-s
197 2823 226 2841 ac
243 2817 306 2841 beate
325 2817 425 2847 Virqini.
448 2817 553 2847 Explicit
575 2818 692 2841 tractatus
708 2817 792 2846 fratris·
810 2817 929 2840 Bonaven-

89 2866 142 2888 ture
158 2863 186 2887 de
202 2863 293 2887 Arbore
308 2870 324 2886 α
340 2870 364 2887 se
380 2863 451 2892 sacta.
468 2863 531 2891 sign.
548 2864 572 2886 F.

152 2911 175 2933 6.
192 2909 269 2934 czaris
287 2909 374 2939 Aquis,
393 2909 414 2932 in
432 2909 526 2932 archivo
549 2910 620 2932 nostri
636 2909 744 2938 Collegii‚
761 2909 812 2932 cod.
831 2909 929 2933 membr.

91 2957 112 2980 in
137 2957 174 2980 Iol.
200 2963 273 2985 parvo
295 2962 354 2979 saec.
374 2956 438 2985 XlV,
455 2963 526 2985 quem
544 2957 710 2985 descripsimus
735 2963 804 2985 supra
830 2963 883 2985 pag.
907 2957 928 2979 X

183 3035 211 3058 S.
223 3035 316 3058 Bonav.
325 3047 356 3052 --
368 3035 438 3057 Tom.
448 3035 503 3058 Vlll.

984 301 1005 316 n.
1028 296 1045 316 1.
1064 296 1111 317 Hoc
1128 296 1266 323 opusculum
1284 295 1362 322 incipit
1380 295 1416 317 sol.
1443 294 1481 316 26.
1508 300 1526 316 r.
1551 293 1596 316 sub
1617 292 1726 315 rubrica:
1749 291 1826 315 Arbor

985 340 1067 364 Crucis
1084 341 1144 364 editu
1162 348 1177 364 α
1194 342 1271 371 [ναῖ’-ε
1287 342 1454 364 Bonae-cutura
1469 340 1496 364 de
1514 339 1601 363 Ordine
1619 339 1735 362 Fratrum
1752 339 1823 362 Mino-

984 393 1048 410 rum.
1066 388 1151 410 Desinit
1168 389 1205 410 tol.
1221 389 1260 410 35.
1278 395 1300 410 v.
1317 388 1409 410 verbis:
1430 388 1505 411 Decus
1522 388 1544 410 et
1563 386 1689 415 imperium
1713 392 1757 415 per
1779 385 1828 415 infi-

984 433 1034 457 nita
1050 434 1130 457 secula
1146 433 1290 457 seculorum.
1308 436 1389 457 Amen.
1409 434 1472 461 sign.
1492 433 1530 456 bb.

1047 480 1069 501 7.
1087 479 1202 503 Corionae
1220 480 1242 502 in
1259 480 1360 507 Etruria,
1373 480 1509 502 bibliotheca
1528 478 1698 505 Communalis,
1711 478 1762 500 cod.
1774 478 1827 499 209.

985 528 1056 549 chart.
1077 533 1137 549 saec.
1155 527 1205 549 XV.
1223 528 1268 549 iam
1287 527 1416 555 descriptus
1433 530 1487 549 tom.
1507 527 1532 549 V.
1552 533 1605 555 pag.
1624 526 1706 548 XXVll
1724 532 1746 547 n.
1769 526 1786 547 1.
1798 538 1827 542 -

984 574 1031 596 Fol.
1052 574 1109 596 100:
1127 574 1211 603 Incipit
1227 573 1284 597 liber
1301 573 1391 597 domini
1407 574 1584 601 Bonuvenlare,
1606 573 1649 603 qui
1664 572 1750 596 dicitur
1769 571 1825 595 liber

985 619 1044 649 liyni
1059 619 1116 647 vite,
1142 619 1165 642 in
1192 626 1237 649 quo
1262 620 1343 649 ayitur
1361 619 1388 642 cte
1406 619 1466 647 cita,
1488 619 1600 649 passione
1618 620 1639 642 et
1655 618 1827 648 alorificatione

984 666 1081 689 Domini
1104 666 1182 689 nostri
1205 667 1257 689 Iesu
1283 666 1377 689 Christi.
1406 667 1492 689 Desinit
1518 667 1556 688 tol.
1583 667 1636 688 123.
1661 670 1685 688 ut
1715 666 1736 688 in
1753 666 1828 688 editis.

985 713 1048 741 sign.
1065 713 1105 735 dd.

1047 761 1070 783 8.
1090 759 1236 788 Florentiae,
1255 759 1392 782 bibliotheca
1411 760 1685 788 Mediceo-Laurentiana,
1698 760 1755 782 Plut.
1768 759 1827 781 XIX.

985 807 1048 829 Dext.
1065 807 1116 829 cod.
1138 807 1171 829 10.
1190 806 1288 829 membr.
1305 807 1328 828 iu
1347 807 1367 829 8.
1386 812 1444 828 saec⁴
1464 807 1522 829 XlV.
1540 806 1645 829 ineuntis.
1664 819 1693 822 κ-
1710 807 1756 828 Fol.
1778 807 1827 828 191.

984 861 1007 876 ν.
1025 854 1066 876 alia
1085 860 1168 876 manus
1185 854 1303 882 praemisit
1320 855 1446 881 opusculo:
1466 853 1542 877 Arbor
1562 855 1589 881 »Β
1607 853 1657 877 Χῐί.
1681 854 1767 876 Desinit
1790 854 1826 876 sol.

985 901 1038 922 208.
1056 907 1086 928 r.;
1104 900 1197 922 additur
1215 907 1227 922 a
1244 900 1319 928 prima
1337 906 1422 922 manu:
1441 886 1545 929 Eafflicit
1556 901 1674 923 tractatus
1692 899 1748 923 libri
1758 899 1827 929 Liyni

985 947 1029 970 vite
1045 954 1060 970 a
1077 947 1206 970 venerabili
1220 947 1331 970 nituistw
1347 947 1454 976 yeneroli
1470 947 1586 970 Fratrum
1603 947 1737 974 Minorum,
1752 947 1828 976 fratre

985 995 1154 1017 Bonoventura
1172 994 1323 1023 compositus.
1341 994 1404 1022 Sign.
1423 995 1447 1016 Ε.

1048 1042 1070 1064 9.
1087 1041 1187 1064 Lovanii
1202 1042 1224 1064 iu
1241 1041 1330 1069 Belgio,
1348 1040 1486 1064 bibliotheca
1500 1041 1670 1068 Universitatis,
1688 1041 1740 1063 cod.
1757 1041 1828 1063 modo

990 1073 1040 1127 ξπ,
1057 1089 1126 1111 olim:
1144 1087 1212 1111 Liber
1229 1088 1405 1111 Ganonicorum
1425 1087 1577 1117 regularium
1598 1087 1623 1110 in
1640 1087 1742 1110 Bethlem
1760 1087 1829 1110 inacta

986 1135 1124 1159 Lovanium.
1141 1148 1172 1151 —
1189 1135 1286 1163 Lignum
1305 1135 1365 1157 vitae
1382 1135 1460 1163 incipit
1476 1135 1553 1157 10193.
1565 1141 1584 1157 r.
1596 1137 1617 1157 et
1629 1135 1711 1157 desiuit
1725 1135 1761 1156 t'ol.
1779 1134 1827 1156 104.

986 1183 1038 1205 Post
1055 1183 1123 1205 finem
1141 1182 1249 1205 additur:
1266 1188 1330 1205 anno
1348 1180 1424 1205 4487.
1442 1182 1506 1209 Siga.
1523 1183 1547 1204 L.

1049 1230 1085 1251 -10,
1103 1228 1271 1258 Maqdeburqi,
1289 1228 1427 1250 bibliotheca
1444 1228 1560 1254 Civitatis,
1585 1228 1636 1250 cod.
1663 1228 1710 1250 ΧΗ.
1729 1230 1772 1249 oct.
1791 1227 1830 1250 25.

985 1275 1057 1297 chart.
1074 1281 1134 1297 saec.
1148 1275 1198 1298 XV.
1218 1288 1248 1290 —
1265 1275 1313 1297 Hoc
1330 1275 1467 1302 opusculum
1485 1275 1583 1297 occurrit
1600 1275 1636 1296 fol.
1655 1274 1692 1296 55.
1707 1280 1724 1296 r.
1742 1273 1786 1296 sub
1798 1280 1830 1295 se-

985 1322 1064 1350 quenti
1083 1322 1162 1344 titulo:
1180 1321 1263 1351 Incipit
1276 1321 1346 1349 liber,
1364 1321 1405 1351 qui
1421 1321 1557 1344 intitulatur
1570 1321 1672 1350 Liqnum
1685 1321 1740 1349 rite,
1753 1321 1829 1343 editus

985 1375 1001 1391 α
1017 1368 1146 1392 venerabili
1165 1374 1193 1391 ac
1218 1368 1298 1391 devoto
1323 1368 1439 1397 niaqistro
1463 1368 1632 1391 Bonaventura
1657 1367 1776 1391 cardinali
1800 1373 1828 1390 ac

986 1415 1106 1445 quondam
1123 1415 1233 1438 ministro
1250 1414 1356 1444 qenerali
1374 1414 1470 1438 Ordinis
1488 1414 1617 1438 Minorum.
1635 1415 1720 1437 Desinit
1738 1416 1774 1437 tol.
1791 1415 1829 1437 73.

986 1468 1016 1489 r.,
1033 1462 1127 1484 addito:
1146 1461 1249 1491 Explicit
1266 1461 1368 1490 Liquum
1384 1461 1429 1484 vite
1443 1461 1522 1490 patris
1540 1461 1708 1484 Reuerentia-e.
1721 1461 1783 1489 Sign.
1796 1467 1829 1484 ee.

1050 1510 1086 1531 11.
1104 1508 1224 1532 ΜοηασΙιίί
1240 1509 1263 1531 in
1280 1509 1389 1536 Bavaria,
1407 1508 1545 1531 bibliotheca
1572 1509 1656 1537 Regia,
1682 1509 1734 1531 cod.
1760 1509 1829 1531 7781.

986 1556 1084 1579 membr.
1101 1557 1124 1578 in
1141 1557 1162 1578 8.
1179 1562 1238 1578 saec.
1257 1556 1308 1578 XV.
1325 1568 1356 1572 —
1373 1556 1418 1578 Pol.
1437 1562 1459 1577 v.
1470 1563 1475 1577 :
1488 1555 1574 1585 Incipit
1584 1555 1699 1585 eoeposilio
1710 1562 1783 1585 super
1795 1555 1829 1578 Li-

985 1609 1060 1632 ynum
1077 1603 1121 1626 vile
1137 1602 1249 1632 ntayistri
1263 1602 1349 1632 fratris
1367 1602 1479 1626 Iohannis
1497 1603 1671 1625 Boizaventure.
1690 1603 1737 1625 Xio
1758 1602 1830 1632 consi-

984 1655 1033 1673 acus
1050 1655 1104 1672 sum
1121 1649 1189 1673 cruci
1203 1652 1247 1672 ete.
1264 1649 1351 1671 Desinit
1368 1652 1391 1671 ut
1408 1649 1430 1671 in
1448 1649 1515 1671 editis
1532 1649 1568 1671 sol.
1587 1648 1623 1671 44.
1641 1655 1659 1671 r.
1677 1649 1740 1676 sign.
1759 1649 1787 1671 M.

1050 1697 1085 1718 l2.
1103 1695 1202 1724 Ibidem,
1221 1696 1243 1718 in
1260 1696 1341 1718 eadem
1358 1695 1511 1723 bibliotheca,
1528 1696 1579 1718 cod.
1598 1696 1666 1718 9805.
1678 1697 1750 1718 chart.
1768 1695 1789 1717 in
1807 1695 1827 1717 4.

985 1744 1031 1766 iam
1049 1744 1179 1771 descriptus
1197 1746 1252 1765 tom.
1269 1743 1298 1765 V.
1316 1749 1369 1771 pag.
1385 1743 1454 1765 xxm
1472 1749 1494 1765 11.
1514 1743 1566 1765 133.
1583 1755 1615 1759 -
1632 1742 1701 1770 Operi
1722 1743 1827 1770 praemit-

985 1790 1039 1813 titur
1061 1791 1098 1813 sol.
1124 1791 1176 1812 106.
1194 1797 1232 1812 v.:
1252 1790 1378 1813 Traclaius
1395 1789 1422 1812 sle
1438 1789 1526 1812 arbore
1543 1789 1634 1817 crucis,
1652 1793 1674 1811 et
1691 1790 1712 1811 in
1730 1789 1774 1811 fine
1792 1789 1829 1811 sol.

990 1837 1038 1859 134.
1056 1843 1078 1859 ν.
1096 1837 1204 1860 additur:
1221 1836 1327 1866 Explicit
1342 1835 1486 1859 tractatulus
1503 1835 1564 1859 beati
1575 1836 1741 1859 Bonaventure
1752 1835 1779 1858 de
1789 1842 1829 1859 ar-

986 1883 1041 1906 bore
1058 1883 1150 1907 Crucis.
1170 1884 1232 1911 Sign.
1250 1884 1276 1906 N.

1050 1931 1087 1953 t3.
1106 1930 1205 1959 Ibidem,
1223 1930 1275 1953 cod.
1293 1929 1380 1958 11430,
1398 1930 1427 1952 de
1444 1936 1491 1958 quo
1514 1929 1615 1952 diximus
1640 1932 1694 1952 tom.
1722 1929 1749 1951 V.
1774 1935 1828 1957 pag.

986 1977 1048 1999 XXll
1066 1983 1088 1999 n.
1107 1977 1158 1999 127.
1175 1989 1206 1993 -
1223 1977 1271 1999 Hoc
1287 1977 1426 2004 opusculum
1447 1976 1526 2004 incipit
1544 1976 1581 1998 sol.
1599 1976 1651 1998 269.
1671 1982 1692 1997 v.
1713 1975 1761 1998 sine
1784 1976 1829 1997 ullo

985 2023 1061 2051 titulo,
1079 2024 1162 2046 desinit
1176 2024 1212 2045 sol.
1229 2024 1283 2046 279.
1300 2029 1341 2051 per
1358 2022 1446 2045 verba:
1463 2022 1567 2052 Explicit
1584 2022 1726 2051 opusculum
1742 2021 1828 2051 finiris

985 2071 1151 2094 Bonorenture
1164 2070 1264 2100 plenum
1280 2056 1346 2093 omni
1362 2069 1481 2093 devotione
1497 2069 1524 2092 de
1547 2070 1595 2093 ΧΙΙ
1618 2069 1736 2099 fructibus
1760 2069 1830 2099 Liyni

985 2116 1037 2140 vite.
1055 2117 1117 2145 Sign.
1135 2117 1162 2139 Ο.

1050 2164 1086 2186 14.
1105 2163 1202 2192 Ibidem,
1220 2164 1273 2186 cod.
1294 2164 1374 2186 13402.
1393 2162 1490 2186 membr.
1508 2163 1530 2186 in
1549 2163 1569 2185 4.
1587 2169 1647 2186 saec.
1665 2163 1724 2191 xw,
1741 2166 1766 2186 ut
1782 2163 1828 2185 iam

986 2211 1104 2233 innuimus
1121 2213 1176 2233 tom.
1194 2211 1221 2233 V.
1239 2216 1293 2239 pag.
1311 2210 1370 2233 XVll
1388 2216 1411 2233 n.
1431 2210 1467 2233 15.
1483 2222 1513 2226 —
1530 2210 1611 2238 lncipit
1635 2210 1774 2238 opusculum
1797 2209 1830 2231 Li-

986 2257 1025 2285 gni
1041 2257 1103 2280 vitae
1119 2257 1155 2280 sol.
1173 2257 1226 2280 178.
1244 2264 1267 2279 ν.
1283 2260 1305 2279 et
1322 2257 1405 2279 desinit
1422 2257 1457 2279 tol.
1475 2257 1527 2279 188.
1547 2263 1565 2279 r.
1583 2262 1625 2284 per
1640 2256 1717 2278 onmia
1729 2258 1754 2278 ut
1766 2262 1830 2284 prae-

984 2304 1081 2332 cedens,
1099 2304 1136 2326 cui
1153 2305 1228 2326 forsan
1246 2303 1288 2326 tuit
1304 2304 1427 2332 exemplar.
1444 2303 1492 2326 Alia
1510 2310 1593 2326 manus
1610 2304 1633 2326 in
1656 2304 1701 2326 fine
1725 2303 1828 2325 addidit:

986 2351 1054 2373 Anno
1071 2350 1257 2373 MCCCLA'XXI
1262 2350 1286 2373 V.
1304 2350 1367 2378 Sign.
1386 2351 1409 2373 Ρ.

1049 2397 1085 2419 15.
1103 2396 1201 2425 Ibidem,
1218 2397 1269 2420 cod.
1289 2397 1359 2419 14831
1382 2397 1453 2419 chart.
1471 2398 1493 2419 8.
1505 2402 1564 2419 saec.
1578 2397 1629 2419 XV.
1645 2408 1676 2413 -
1693 2396 1772 2424 incipit
1784 2397 1828 2418 hoc

984 2444 1123 2471 opusculum
1142 2444 1179 2466 sol.
1197 2444 1233 2466 53.
1251 2443 1295 2466 sub
1312 2445 1355 2466 hac
1371 2443 1478 2466 rubrica:
1504 2443 1646 2467 Fasciculus
1671 2443 1746 2466 mirre
1767 2442 1828 2466 beati

984 2490 1108 2513 Bernardi.
1127 2491 1206 2513 Manus
1222 2491 1356 2518 posterioris
1367 2491 1419 2513 aevi
1431 2491 1544 2513 correxit:
1558 2491 1729 2513 Bonaventure.
1743 2489 1828 2512 Desinit

985 2537 1021 2559 sol.
1048 2537 1086 2559 95.
1110 2543 1148 2560 v.:
1174 2537 1199 2560 in
1222 2537 1303 2561 secula
1328 2537 1471 2561 seculorum.
1498 2537 1580 2560 Amen.
1604 2537 1633 2560 EI
1655 2537 1688 2560 sic
1709 2538 1742 2560 est
1763 2536 1826 2567 finis.

985 2583 1048 2612 sign.
1066 2585 1092 2613 Q.

1049 2632 1085 2654 16.
1103 2630 1200 2659 Ibidem,
1220 2631 1271 2654 cod.
1290 2631 1374 2654 15312.
1392 2632 1462 2654 chart.
1483 2631 1505 2653 in
1526 2632 1562 2653 sol.
1583 2637 1643 2653 saec.
1661 2631 1711 2653 XV.
1727 2644 1753 2647 —-
1774 2632 1826 2654 Post

984 2679 1027 2701 alia
1044 2684 1114 2706 opera
1133 2679 1169 2700 sol.
1188 2678 1241 2701 196.
1257 2685 1280 2700 ν.
1297 2681 1331 2700 est
1352 2678 1429 2700 titulus
1452 2678 1485 2700 sie
1508 2684 1645 2706 expressus:
1667 2677 1751 2707 Incipit
1775 2683 1826 2701 con-

985 2724 1104 2754 templatio
1121 2724 1185 2747 Bone
1201 2725 1299 2747 venture
1315 2723 1342 2746 de
1356 2723 1467 2753 passione
1478 2723 1580 2746 Domini.
1593 2724 1678 2746 Desinit
1691 2724 1748 2746 utin
1761 2724 1827 2747 editis

986 2771 1022 2793 tol.
1041 2771 1094 2793 208.
1111 2777 1130 2793 r.
1148 2770 1211 2799 Sign.
1228 2771 1254 2792 R.

1050 2817 1085 2839 l7.
1103 2816 1203 2845 Ibidem,
1222 2817 1274 2839 cod.
1290 2816 1360 2839 9598.
1379 2816 1477 2839 membr.
1503 2817 1523 2839 in
1545 2818 1567 2839 8.
1588 2817 1648 2840 XlV.
1666 2817 1724 2840 circa
1743 2817 1827 2840 medie-

985 2866 1066 2892 tatem,
1092 2863 1137 2885 iam
1163 2863 1293 2891 descriptus
1318 2866 1372 2886 tom.
1399 2864 1426 2885 V.
1448 2869 1501 2891 pag.
1523 2864 1592 2886 XLV}
1610 2870 1632 2886 n.
1650 2865 1671 2886 2.
1688 2876 1720 2880 —
1737 2864 1825 2886 initium

986 2911 1089 2939 opusculi
1107 2913 1141 2933 est
1158 2911 1195 2932 tol.
1216 2910 1268 2933 100.
1285 2916 1303 2932 r.
1321 2910 1365 2933 sub
1382 2910 1461 2933 titulo:
1479 2910 1563 2940 Incipit
1580 2910 1681 2940 Liynum
1694 2910 1738 2933 vite
1750 2911 1826 2933 Bona-

985 2959 1095 2985 venture,
1113 2957 1164 2979 [inis
1181 2963 1237 2979 vero
1254 2959 1288 2979 est
1306 2957 1343 2979 fol.
1364 2957 1412 2978 111.
1430 2962 1452 2979 ν.
1471 2959 1496 2979 ut
1513 2957 1534 2979 in
1551 2956 1626 2979 editis.
1645 2957 1709 2984 Sign.
1726 2957 1748 2978 S.

1705 3035 1731 3056 Vl
