2133 3317
1 389 10 407 ι
15 385 33 404 jn
44 388 80 408 pri-

15 412 52 428 uae.

0 361 44 383 sitio
55 365 83 387 r?-

325 226 521 255 OPUSCULUM
541 226 607 254 XVI.
629 225 803 253 EXPOSITIO
824 226 927 254 SUPER
948 226 1102 255 REGULAM
1123 227 1276 256 FRATRUM
1297 228 1458 257 MINORUM.
1480 228 1548 257 CAP.
1568 229 1608 256 IX.

178 305 203 333 5.
226 304 294 332 Cum
316 311 382 340 ergo
407 303 487 337 dicit,
509 303 583 340 quod
611 306 652 331 est
680 302 708 331 in
740 303 940 340 praeiudicium

100 351 263 384 sacerdotis;
291 350 448 384 dicendum,
480 349 555 386 quod
576 358 646 383 non,
669 350 733 386 quia
759 361 772 374 «
788 350 855 378 nulli
878 350 942 378 facit

100 397 228 427 iniuriam
245 397 291 434 qui
308 397 398 425 utitur
413 396 474 425 iure
489 404 540 425 suo
553 398 561 413 ¹
573 408 600 424 ».
623 397 680 425 Non
702 404 768 433 ergo
790 397 941 425 iniuriatur

99 445 123 474 ei
144 443 293 481 episcopus
315 442 447 471 mittendo
474 442 699 479 opitulationem,
728 450 791 471 cum
821 443 872 471 boc
902 443 942 470 fa-

98 499 160 521 cere
181 490 266 527 possit
286 489 320 518 de
342 490 418 523 iure,
440 493 472 518 ut
492 490 599 526 supra2
622 490 711 518 visum
737 492 787 518 est.
804 490 872 518 »Nec
902 489 942 517 in-

98 538 216 568 iuriatur
247 536 396 574 opitulans
423 536 459 564 illi
490 544 572 573 quem
595 536 670 564 iuvat
699 536 725 564 in
747 536 855 564 sarcina
876 544 942 572 sup-

98 584 245 623 portanda;
266 592 318 620 pro
339 586 415 611 tanto
436 583 507 611 enim
531 583 666 611 minuitur
687 583 821 611 sacerdoti
843 590 940 610 curam

98 630 207 660 babenti
230 629 338 667 pondus
359 629 385 657 in
407 629 532 658 districto
554 629 655 657 iudicio
676 629 734 663 Dei,
755 632 890 665 quantum
906 629 941 657 ab

97 677 149 706 allo
169 679 359 713 supportatur.

175 724 200 751 6.
223 723 255 751 Et
275 722 348 760 quod
370 722 431 751 dico
444 722 478 751 de
493 721 706 758 praedicatione,
722 721 844 758 intelligo
858 721 940 749 etiam

97 771 130 800 de
157 769 375 799 confessionibus
402 769 553 798 audiendis.
586 769 702 797 Possunt
729 768 801 796 enim
833 768 941 796 Fratres

97 816 245 855 apostolica
265 816 437 844 ordinatmne
452 815 479 843 in
494 815 646 852 privilegiis
660 814 771 843 Ordinis
783 814 792 831 ³
808 822 942 850 expressa

97 863 192 893 audire
213 862 416 899 cuiuscumque
437 862 586 890 sacerdotis
608 861 804 898 parochianos,
827 861 885 897 ipso
900 861 941 889 in-

97 910 237 943 consulto,
254 909 296 938 vel
310 909 392 937 etiam
413 909 632 942 contradicente,
649 908 670 937 si
686 907 877 936 auctoritatem
893 908 942 936 ba-

97 958 178 987 beant
198 957 233 985 ab
264 956 391 993 episcopo
419 956 556 984 audiendi.
581 955 611 984 Et
632 955 697 992 quia
718 955 795 983 curia
822 956 942 983 Romana

97 1005 149 1034 hoc
178 1003 358 1037 determinat,
391 1003 561 1031 haereticum
590 1005 632 1031 est
659 1002 734 1031 aliud
763 1002 941 1039 pertinaciter

97 1051 251 1084 affirmare;
273 1050 344 1079 sicut
367 1053 439 1086 patet
461 1049 591 1086 vigesima
613 1049 733 1077 secunda
753 1049 940 1082 distinctione,

97 1105 200 1127 canone
224 1097 328 1125 Omnes
340 1097 360 1124 ⁴.
383 1096 458 1125 Patet
478 1096 576 1129 etiam,
605 1096 703 1132 Papam
726 1104 805 1132 posse
827 1096 892 1124 talia
913 1096 940 1124 in

98 1143 216 1173 Ecclesia
236 1143 381 1177 ordinare,
402 1143 468 1179 quia
489 1145 596 1171 certum
618 1145 675 1176 est,
697 1142 771 1179 quod
803 1142 942 1171 distinctio

98 1198 230 1220 curarum
252 1193 279 1219 et
293 1190 403 1218 collatio
417 1189 638 1218 jurisdictionum
655 1189 689 1218 ab
703 1190 867 1218 auctoritate
881 1197 943 1226 pro-

97 1237 178 1267 cessit
199 1237 333 1266 Ecclesiae
355 1238 499 1265 Romanae.
523 1237 592 1273 Ergo
614 1236 846 1274 quandocumque
868 1236 941 1265 vide-

97 1288 144 1314 tur
165 1284 189 1313 ei
217 1284 251 1313 ad
279 1284 395 1313 salutem
427 1284 549 1312 fidelium
577 1283 652 1312 aliud
680 1283 829 1320 expedire,
852 1286 942 1320 potest

97 1331 172 1360 aliud
201 1331 344 1365 ordinare,
365 1331 472 1359 dicente
494 1331 645 1368 Augustino
666 1330 699 1359 ad
721 1330 908 1359 Macedonium
920 1331 941 1364 ⁵,

98 1379 171 1416 quod
197 1390 210 1403 α
226 1379 278 1407 hoc
300 1379 389 1407 solum
417 1381 492 1407 recte
523 1378 631 1415 agitur,
652 1381 684 1406 ut
712 1378 767 1406 vita
795 1377 941 1405 bominum

97 1425 254 1462 corrigatur
265 1437 292 1453 ».

175 1474 201 1501 7.
224 1472 261 1501 Ad
282 1472 420 1501 obiectum
441 1472 475 1500 de
495 1471 655 1509 agnitione⁶
671 1472 765 1500 vultus
780 1470 941 1507 respondeo,

75 1536 82 1541 -
98 1518 172 1557 quod
197 1519 219 1547 si
251 1518 379 1548 sacerdos
407 1519 538 1555 proprius
569 1518 667 1552 sciret,
691 1521 782 1555 posset
807 1521 834 1546 et
859 1518 942 1546 vellet

99 1565 240 1595 sufficiens
261 1565 405 1594 consilium
428 1573 512 1602 super
533 1565 658 1594 subditos
683 1565 857 1601 impendere,
879 1565 943 1593 nul-

99 1613 142 1641 lus
163 1620 244 1641 sanae
266 1612 365 1641 mentis
393 1615 541 1649 quaereret
569 1620 597 1640 se
618 1611 772 1640 immiscere
794 1611 941 1640 confessio-

98 1659 180 1688 nibus
200 1659 346 1696 adipsum
379 1667 432 1687 non
464 1658 667 1695 pertinentibus
697 1658 848 1687 audiendis.
878 1658 942 1687 Cer-

99 1709 158 1735 tum
180 1709 221 1735 est
242 1709 351 1740 autem,
373 1706 447 1743 quod
468 1705 580 1743 quidam
597 1705 753 1734 sacerdotes
767 1713 862 1734 omnes
877 1713 943 1734 suos

98 1752 223 1783 subditos
253 1753 351 1781 audire
381 1761 436 1781 non
458 1756 574 1789 possunt
595 1755 709 1789 propter
737 1751 942 1781 multitudinem

98 1798 281 1827 subditorum.
305 1799 379 1828 Unde
400 1807 463 1828 cum
486 1799 536 1836 ipsi
559 1799 664 1827 soleant
684 1799 752 1827 alios
773 1799 823 1827 sibi
845 1799 943 1827 adiun-

97 1853 163 1883 gere
184 1846 340 1875 sacerdotes
361 1846 575 1880 commensales,
597 1845 640 1874 vel
662 1849 811 1874 extraneos
825 1845 859 1873 ad
875 1849 943 1874 tem-

98 1900 151 1930 pus
172 1900 270 1921 vocare
292 1900 342 1929 pro
363 1892 417 1921 illis
438 1892 597 1926 audiendis,
619 1900 689 1929 quos
711 1891 761 1928 ipsi
777 1892 884 1926 nolunt,
900 1892 943 1921 vel

97 1939 239 1973 nesciunt,
262 1939 303 1968 vel
326 1947 380 1967 uon
396 1941 512 1975 possunt
526 1939 639 1973 audire;
655 1938 771 1975 impium
786 1941 827 1967 est
841 1938 943 1972 dicere,

98 1986 171 2022 ipsos
186 1986 238 2015 hoc
252 1993 341 2023 posse,
352 1988 379 2014 et
393 1985 552 2022 episcopum
568 1986 620 2014 hoc
634 1994 688 2014 non
704 1993 791 2022 posse.
804 2003 840 2005 —
855 1986 943 2014 Potest

98 2032 182 2070 igitur
203 2033 349 2070 episcopus
368 2033 476 2070 aliquos
503 2033 613 2062 mittere
637 2032 690 2061 illis
718 2033 744 2061 in
774 2032 943 2061 adiutorium

98 2079 287 2108 sacerdotibus
298 2079 308 2096 ⁷
320 2083 433 2116 propter
445 2080 569 2116 ipsorum
581 2079 790 2117 impotentiam,
802 2079 943 2117 ignoran-

98 2126 170 2155 tiam
190 2130 216 2155 et
236 2126 400 2160 accidiam,
425 2135 481 2163 qua
502 2126 585 2163 tepidi
617 2129 682 2155 sunt
710 2127 735 2155 in
765 2126 944 2155 discutiendis

98 2173 271 2202 conscientiis
301 2173 485 2202 subditorum.
518 2174 571 2202 Nec
602 2176 716 2210 propter
747 2173 799 2202 hoc
821 2175 943 2207 tantum,

99 2220 202 2249 scilicet
229 2223 342 2257 propter
371 2219 607 2258 insufficientiam
639 2220 825 2248 sacerdotum
847 2220 873 2248 in
895 2219 944 2248 ali-

99 2275 154 2304 quo
177 2267 382 2304 praedictorum
404 2267 506 2301 trium,
527 2267 612 2295 immo
634 2266 715 2295 etiam
744 2269 858 2303 propter
880 2275 944 2294 ma-

1787 228 1842 256 429

1000 304 1047 332 ius
1068 304 1186 339 bonum,
1208 305 1272 342 quia
1295 306 1322 334 in
1343 306 1474 335 maiorem
1496 306 1633 335 fervorem
1660 306 1842 343 poenitentiae

998 351 1158 380 excitantur
1179 353 1257 380 multi
1280 361 1315 381 ex
1348 353 1549 390 praedicatione
1567 357 1604 382 -et
1625 353 1761 390 exemplis
1782 353 1843 381 Fra-

998 400 1072 425 trum
1095 406 1177 434 quam
1201 399 1323 435 plurium
1345 400 1473 428 aliorum.

1077 444 1103 471 8.
1126 445 1216 473 Potest
1230 449 1321 474 autem
1337 446 1518 475 nibilominus
1532 446 1660 475 sacerdos
1674 445 1841 483 agnoscere8

999 490 1093 518 vultus
1114 499 1245 527 pecorum
1268 500 1383 521 suorum
1406 493 1447 521 vel
1469 497 1604 530 quantum
1624 493 1656 521 ad
1672 493 1841 521 exteriorem

998 537 1248 571 conversationem,
1272 539 1314 567 vel
1336 543 1471 575 quantum
1493 540 1527 568 ad
1548 540 1728 568 conscientias
1749 540 1843 568 subdi-

999 587 1107 617 torum,
1129 585 1231 613 scilicet
1253 585 1288 619 si,
1310 589 1455 623 postquam
1477 586 1580 615 fuerint
1601 587 1715 615 confessi
1738 587 1842 621 Fratri,

998 630 1089 658 dicant
1121 631 1147 659 in
1176 631 1235 659 foro
1263 632 1444 661 conscientiae
1476 633 1626 667 sacerdoti,
1655 642 1683 662 se
1705 634 1843 662 confessos

998 676 1082 705 fuisse
1096 693 1134 697 —
1149 678 1278 714 quoniam
1295 679 1321 706 in
1337 679 1396 707 foro
1410 680 1591 708 conscientiae
1605 680 1718 709 cuilibet
1740 689 1789 717 pro
1814 688 1843 709 se

998 727 1024 751 et
1044 727 1140 752 contra
1154 732 1183 753 se
1198 729 1239 753 est
1254 726 1421 754 credendum
1436 743 1475 746 —
1489 730 1516 755 et
1529 727 1621 764 aliqua
1635 727 1716 755 etiam
1732 727 1842 756 interim

1000 771 1114 799 venialia
1145 773 1313 808 emergentia
1344 773 1435 801 dicere
1446 773 1465 801 ⁹.
1488 774 1660 810 Quamquam
1686 783 1739 802 non
1772 778 1843 803 esset

998 817 1117 851 malum,
1140 818 1223 846 immo
1244 822 1319 847 certe
1347 820 1498 856 plurimum
1527 820 1692 856 expediens,
1718 821 1841 849 omnium

998 863 1196 893 confessionem
1211 865 1344 894 reiterare
1360 875 1410 902 pro
1425 866 1613 895 benedictione
1628 867 1729 903 duplici
1749 867 1843 904 acqui-

999 910 1098 944 renda,
1128 911 1178 939 nisi
1207 911 1277 939 forte
1306 912 1433 940 sacerdos
1463 913 1506 941 ille
1527 916 1599 941 esset
1620 913 1733 950 ignarus
1759 914 1844 950 pluri-

999 964 1088 991 mum,
1110 960 1158 985 aut
1180 958 1317 986 revelator
1338 959 1529 993 confessionis,
1551 963 1599 988 aut
1627 960 1787 988 sollicitator
1809 961 1843 989 ad

999 1004 1184 1039 peccandum,
1213 1008 1261 1032 aut
1289 1005 1471 1040 simoniacus,
1493 1010 1541 1034 aut
1568 1007 1648 1035 aliter
1674 1007 1842 1041 scelerosus,

998 1058 1054 1087 quo
1076 1054 1182 1087 pateat,
1205 1051 1295 1087 ipsum
1324 1056 1355 1080 ut
1383 1053 1469 1081 malae
1498 1053 1680 1082 conscientiae
1702 1054 1842 1082 bominem

999 1106 1052 1125 non
1075 1098 1177 1126 habere
1199 1099 1287 1126 zelum
1311 1099 1356 1127 Dei
1380 1108 1430 1135 pro
1451 1100 1512 1128 aliis
1539 1100 1696 1137 dirigendis.
1726 1101 1843 1137 Impium

998 1148 1039 1172 est
1060 1148 1151 1173 autem
1175 1153 1227 1173 non
1250 1145 1362 1173 credere
1384 1146 1478 1174 audito
1499 1155 1514 1174 a
1535 1147 1642 1180 Fratre,
1665 1155 1728 1175 cum
1749 1147 1844 1176 credat

998 1191 1092 1219 audito
1113 1200 1128 1219 a
1149 1192 1282 1220 saeculari
1312 1192 1364 1220 alio
1386 1193 1542 1227 sacerdote,
1565 1194 1607 1222 vel
1628 1194 1735 1228 dicere,
1768 1194 1842 1231 quod

998 1238 1092 1265 Frater
1114 1238 1243 1274 impediat
1263 1238 1428 1275 agnitionem
1452 1240 1561 1273 vultus,
1577 1248 1660 1277 quam
1682 1248 1734 1268 non
1757 1240 1843 1276 impe-

998 1284 1037 1312 dit
1058 1285 1128 1313 alius
1150 1285 1298 1313 saecularis
1311 1286 1341 1313 1⁰.

1078 1332 1103 1359 9.
1127 1332 1152 1359 ln
1175 1332 1303 1360 omnibus
1331 1336 1423 1361 autem
1452 1333 1669 1362 confessionibus
1700 1334 1843 1363 audiendis

999 1379 1128 1412 consulo,
1144 1379 1283 1407 auditores
1304 1379 1413 1407 Fratres
1426 1380 1446 1396 ¹¹
1470 1380 1548 1416 prius
1570 1381 1724 1417 inquirere,
1739 1389 1794 1418 qua
1809 1381 1843 1409 de

999 1433 1082 1454 causa
1102 1425 1239 1454 declinent
1259 1426 1427 1454 auditorium
1450 1427 1554 1463 proprii
1577 1428 1734 1462 sacerdotis,
1750 1431 1777 1456 et
1791 1428 1843 1457 nisi

1000 1480 1048 1501 eos
1070 1472 1209 1501 inveniant
1232 1472 1274 1508 pie
1297 1476 1385 1501 motos
1406 1476 1432 1501 et
1454 1474 1607 1502 rationabili
1629 1482 1712 1503 causa
1732 1474 1843 1509 ductos,

1000 1519 1140 1547 remittant
1168 1527 1214 1547 eos
1245 1519 1279 1547 ad
1308 1519 1433 1555 proprios
1465 1520 1629 1549 sacerdotes.
1653 1521 1844 1550 Retrahuntur

999 1566 1070 1595 enim
1093 1566 1240 1602 aliquando
1262 1569 1431 1602 peccatores,
1453 1567 1549 1595 saltem
1570 1567 1604 1596 ad
1626 1571 1744 1605 tempus,
1766 1576 1844 1597 vere-

999 1613 1099 1641 cundia
1119 1613 1153 1641 ab
1181 1620 1251 1641 ausu
1284 1613 1411 1649 peccandi
1439 1613 1466 1641 in
1497 1616 1610 1650 aspectu
1641 1617 1668 1642 et
1689 1614 1844 1651 praesentia

1000 1660 1102 1696 proprii
1125 1659 1290 1693 sacerdotis,
1313 1660 1333 1688 si
1363 1660 1452 1688 bonus
1476 1663 1533 1694 est,
1555 1669 1651 1689 eorum
1674 1662 1778 1690 scelera
1799 1670 1844 1690 co-

999 1707 1163 1743 gnoscentis.
1186 1707 1237 1735 Sed
1259 1706 1324 1743 quia
1340 1707 1391 1735 boc
1406 1715 1502 1735 rarum
1516 1710 1566 1741 est,
1582 1716 1636 1736 non
1651 1711 1716 1737 sunt
1730 1712 1844 1745 propter

1857 452 1988 472 Continuatur.

1859 1339 1931 1357 Bonum
1945 1343 1990 1357 con-

1887 1362 1956 1380 silium.

1000 1754 1051 1781 boc
1074 1753 1240 1790 particulare
1262 1756 1288 1781 et
1310 1761 1404 1781 rarum
1432 1754 1534 1782 bonum
1563 1755 1616 1783 alia
1637 1755 1783 1784 innumera
1803 1755 1844 1784 di-
1866 1788 1867 1792 Ἰ

1000 1800 1140 1834 mittenda,
1156 1808 1226 1837 quae
1242 1808 1290 1836 per
1305 1800 1430 1828 auditum
1445 1801 1573 1829 Fratrum
1584 1805 1611 1830 et
1624 1801 1742 1830 aliorum
1756 1802 1844 1830 Deum

1000 1846 1156 1875 timentium
1179 1849 1366 1883 procurantur
1380 1847 1410 1874 ¹2.

1081 1894 1124 1921 io.
1149 1893 1199 1921 Pro
1220 1893 1383 1922 auctoritate
1405 1894 1531 1922 habenda
1551 1902 1567 1922 a
1588 1894 1717 1931 praelatis
1731 1894 1843 1923 Ordinis

1000 1939 1107 1968 subdit:
1132 1940 1166 1968 Et
1185 1939 1285 1968 nullus
1306 1941 1452 1968 Fratrum
1469 1940 1577 1977 populo
1596 1942 1713 1978 penitus
1733 1942 1843 1970 audeat

998 1986 1187 2023 praedicare,
1220 1986 1279 2014 nisi
1303 1995 1323 2015 a
1348 1987 1481 2015 Ministro
1504 1988 1636 2024 generali
1661 1987 1749 2016 ltttitts
1776 1987 1842 2026 sra-

1001 2034 1145 2066 tcrnitatis
1170 2032 1261 2070 fucrit
1281 2034 1471 2062 examinatus
1491 2038 1516 2062 ct
1544 2034 1739 2071 approbatus,
1761 2039 1786 2063 ct
1807 2035 1843 2064 ab

1000 2089 1030 2109 eo
1059 2080 1186 2118 officiam
1214 2080 1272 2108 sibi
1299 2080 1530 2117 praedicationis
1559 2089 1734 2110 concessum.
1765 2082 1844 2110 Circa

1000 2126 1072 2164 quod
1096 2126 1245 2155 notandum
1261 2130 1317 2161 est,
1333 2127 1419 2164 quod,
1435 2129 1467 2155 ut
1481 2127 1641 2163 superius¹³
1663 2128 1766 2156 dictum
1788 2131 1843 2163 est,

1005 2176 1156 2201 «cessante
1177 2180 1260 2201 causa
1288 2177 1375 2201 cessat
1403 2173 1557 2201 effectus».
1586 2173 1698 2202 Certum
1726 2177 1767 2203 est
1794 2183 1844 2203 au-

1001 2222 1071 2254 tem,
1093 2220 1167 2257 quod
1188 2220 1283 2248 nullus
1308 2223 1349 2248 est
1377 2220 1594 2254 examinandus,
1622 2220 1673 2249 nisi
1702 2221 1736 2250 de
1763 2221 1844 2250 cuius

1001 2266 1165 2295 sufficientia
1196 2274 1250 2294 non
1285 2269 1398 2295 constat.
1431 2266 1533 2295 Idcirco
1567 2267 1637 2303 Papa
1655 2268 1680 2284 ¹4
1714 2268 1843 2305 Regulam

162 2431 169 2444 ¹
189 2432 247 2454 Vide
264 2438 333 2460 supra
353 2438 407 2459 pag.
426 2431 477 2457 424,
496 2435 572 2454 notam
591 2431 612 2453 5.

162 2470 171 2483 ²
189 2471 255 2493 Num.
274 2470 294 2493 t.
311 2483 341 2487 —
360 2471 454 2493 inferius
472 2477 513 2498 pro
530 2470 560 2493 ab
577 2470 623 2493 alio
643 2471 692 2493 Vat.
710 2470 740 2493 ab
757 2470 805 2493 illo.

163 2508 172 2521 ³
189 2508 246 2532 Cod.
266 2510 284 2531 D
298 2509 430 2538 privileqz't's
447 2509 563 2532 concessis
582 2509 672 2532 Ortlz'nz‘.

162 2547 172 2560 ⁴
189 2548 243 2571 Can.
262 2549 282 2570 3,
300 2561 329 2565 —
350 2549 443 2571 interius
460 2555 502 2576 pro
520 2548 638 2572 Ecclesiae
655 2549 774 2571 Romanae
785 2549 822 2571 erl.
839 2550 843 2570 1
861 2549 943 2572 cui-luc

100 2587 227 2610 Romanae.

164 2625 173 2638 ⁵
190 2626 260 2654 Epist.
281 2626 331 2648 153.
349 2627 413 2649 (alias
430 2627 477 2656 54.)
496 2633 515 2649 c.
534 2627 555 2648 6.
573 2633 595 2648 n.
618 2627 656 2649 19:
674 2627 731 2655 Quia
748 2630 770 2648 et
787 2626 909 2654 plectendo
921 2629 943 2649 et

102 2664 242 2693 ignoscendo
268 2666 311 2687 boc
333 2666 407 2687 solum
433 2665 493 2687 bene
515 2666 604 2693 agitur,
622 2668 646 2687 ut
669 2665 713 2687 vita
738 2665 857 2687 hominum
875 2665 943 2687 corri-

101 2706 175 2731 gatur.

163 2741 173 2755 ὅ
189 2742 261 2765 Codd.
279 2743 351 2765 ADG
369 2746 391 2765 et
407 2744 444 2765 ed.
463 2743 471 2765 ’1
493 2742 631 2772 coynt'tione.
651 2743 744 2765 Inferius
757 2749 799 2770 pro
816 2742 848 2765 ad
864 2742 942 2772 ipsum

101 2786 149 2804 non
165 2780 335 2810 pertinentibus
352 2782 425 2804 ΑΒΘ
443 2784 465 2803 et
482 2781 519 2804 ed,
539 2782 546 2803 1
568 2781 600 2803 ad
625 2780 703 2810 ipsum
720 2780 874 2810 [sacerdotem
892 2787 943 2809 pro-

102 2820 189 2849 prium]
204 2819 384 2849 pcrtinentibus.

165 2857 173 2870 ⁷
193 2859 242 2880 Vat.
260 2859 351 2881 mittere
368 2858 392 2882 in
408 2858 555 2881 adiutorium
573 2858 734 2886 sacerdotnm,
747 2858 765 2880 D
777 2858 830 2885 legit
843 2857 867 2880 in
879 2857 944 2880 adiu-

102 2896 191 2919 torium
207 2898 304 2926 propter
321 2897 471 2920 sacerdotum
489 2897 596 2926 ipsorum
612 2899 654 2919 otc.

164 2934 173 2947 ¹³
191 2935 265 2958 Codd.
284 2936 301 2957 Α
312 2936 357 2958 Du
374 2939 396 2958 et
413 2936 450 2958 ed.
468 2936 476 2957 4
498 2942 646 2965 cognoscere.

164 2972 174 2985 ⁹
191 2974 306 2996 Excidisse
323 2974 414 2996 videtur
428 2975 536 3003 possunt.

166 3012 184 3027 ¹⁰
201 3013 256 3035 Cod.
274 3013 292 3034 G
309 3012 372 3035 alins
389 3012 499 3036 sacerdos
515 3012 655 3036 saecularis.

1062 2431 1079 2444 ¹¹
1098 2431 1170 2454 Codd.
1189 2432 1204 2453 Α
1215 2432 1232 2453 G
1250 2434 1272 2453 et
1289 2431 1324 2453 ed.
1347 2432 1352 2452 1
1374 2431 1481 2453 omittunt
1498 2431 1603 2454 Fratres.
1617 2432 1711 2454 inferius
1723 2438 1765 2460 pro
1779 2438 1844 2455 uitsu

998 2470 1112 2499 peccandi
1127 2471 1145 2492 G
1162 2473 1185 2492 et
1201 2470 1238 2492 ed.
1257 2471 1264 2491 l
1287 2476 1333 2492 vsu
1348 2469 1468 2499 peccandi,
1481 2473 1504 2492 et
1515 2477 1557 2498 pro
1573 2472 1667 2500 aspectu
1680 2471 1698 2492 A
1710 2473 1842 2500 conspectu.

1062 2509 1080 2521 ¹²
1099 2510 1163 2531 Plura
1177 2509 1206 2531 de
1225 2508 1416 2536 praecedentibus
1431 2509 1485 2531 vide
1496 2515 1566 2537 supra
1579 2509 1601 2531 in
1614 2509 1700 2537 Opuse.
1712 2510 1748 2532 xl.
1762 2510 1844 2537 Apolo-

1000 2549 1036 2576 gia
1060 2554 1202 2576 pauperum,
1219 2554 1238 2570 c.
1260 2549 1294 2569 12.
1316 2554 1338 2570 n.
1361 2548 1428 2575 ἳ-Ης
1452 2548 1536 2576 Opusc.
1559 2549 1616 2571 Xlll.
1641 2549 1843 2572 Determinationes

999 2592 1088 2616 quaest.
1101 2591 1151 2614 etc„
1164 2593 1186 2614 p.
1199 2588 1213 2608 l.
1226 2594 1247 2615 q.
1261 2588 1287 2614 2,
1300 2587 1384 2614 Opnsc.
1398 2587 1457 2609 XlV.
1470 2587 1545 2615 Quare
1559 2587 1648 2609 Fratres
1665 2588 1762 2609 Minores
1779 2594 1842 2615 prae-

999 2626 1075 2649 dicent
1091 2629 1113 2648 ct
1129 2626 1284 2648 consessiones
1300 2625 1401 2647 audiant.
1418 2637 1448 2642 —
1467 2626 1506 2647 Ed.
1526 2627 1533 2647 1
1555 2625 1687 2648 timentium
1701 2626 1842 2655 procedunt.

1063 2664 1082 2676 ¹³
1100 2665 1154 2692 Cap.
1173 2665 1194 2686 2.
1212 2671 1233 2686 n.
1252 2665 1274 2686 3.
1291 2664 1312 2686 in
1330 2664 1382 2686 fine.
1400 2664 1446 2686 Ct'r.
1465 2670 1534 2692 supra
1559 2671 1613 2692 pag.
1630 2665 1683 2692 38t,
1702 2667 1755 2687 nota
1775 2665 1795 2687 i.
1813 2665 1842 2688 ad

999 2703 1189 2725 additamentum.

1063 2741 1082 2754 ¹⁴
1100 2744 1196 2769 Gregor.
1214 2742 1251 2764 lx.
1278 2742 1300 2763 in
1323 2748 1363 2764 sua
1388 2742 1432 2764 iam
1450 2742 1536 2770 pluries
1559 2742 1652 2770 allegata
1676 2742 1843 2765 Constitutione

1001 2780 1052 2808 Quo
1070 2779 1186 2809 elonqatz':
1205 2780 1329 2802 certificari
1347 2780 1446 2808 petistis,
1465 2783 1541 2803 utrum
1554 2786 1596 2808 pro
1609 2780 1726 2803 laboribus
1737 2781 1842 2804 Fratrum

1000 2822 1022 2841 et
1045 2819 1178 2847 periculosis
1201 2819 1338 2841 decursibus
1362 2819 1476 2841 evitandis
1501 2820 1615 2847 generalis
1637 2820 1735 2842 Minister
1756 2820 1841 2842 dictam

1000 2858 1204 2885 examinationem,
1222 2858 1414 2886 approbationem
1432 2861 1454 2880 et
1476 2859 1610 2880 missionem
1632 2859 1701 2881 officii
1726 2860 1842 2887 praedica-

1001 2897 1068 2919 tionis
1093 2897 1197 2919 (liscrctis
1222 2897 1337 2926 aliquibus
1359 2897 1503 2920 committere
1525 2898 1600 2920 valeat
1625 2904 1666 2925 pro
1683 2898 1842 2922 examinandis

1001 2936 1137 2964 generaliter
1162 2936 1204 2957 illis
1221 2936 1260 2964 qui
1286 2936 1310 2958 in
1336 2936 1454 2963 provincia
1477 2939 1530 2958 sunt
1546 2936 1636 2964 statuti,
1654 2937 1690 2959 vel
1712 2938 1842 2965 specialiter

1001 2980 1042 3002 pro
1060 2973 1208 3002 quibusdam.
1227 2974 1260 2996 Ad
1284 2974 1346 3003 quod
1373 2975 1456 2997 damus
1473 2975 1515 2997 tale
1537 2981 1688 3003 responsum,
1711 2976 1774 3005 quod
1798 2977 1842 2998 boc

1001 3013 1112 3040 generalis
1138 3013 1236 3035 Minister
1260 3014 1315 3035 nulli
1344 3016 1418 3041 potest
1442 3013 1530 3036 absenti
1554 3015 1710 3042 committere,
1735 3015 1775 3038 sed
1801 3015 1853 3044 qui,

1860 1899 1889 1918 De
1901 1898 1984 1925 secunda

1860 1924 1978 1941 auctoritate.

1861 2086 1976 2105 Notandum.
