2133 3317
115 852 142 870 De
153 852 235 871 devotio-

118 881 142 894 ne
153 875 230 894 assidua

137 899 214 923 triplici.

141 923 211 942 Prima.

138 1139 234 1163 Exempla.

138 1941 231 1960 Secunda.

256 200 310 228 150

253 278 353 307 erebro
374 278 401 306 in
424 275 634 305 tabernaculum
650 274 768 303 foederis
788 274 822 302 ad
837 274 984 302 Dominum
1008 281 1104 302 recur-

253 325 306 359 rit,
327 324 461 353 familiare
489 323 576 359 ipsius
603 321 772 358 colloquium
802 321 838 349 ibi
868 324 1020 358 expetens,
1048 328 1105 357 quo

253 373 420 401 intrinsecus
442 371 467 399 in
490 370 591 407 spiritu
620 369 793 398 reficeretur.
816 368 951 397 Dominus
975 375 1104 405 quoque,

252 419 351 448 diebus
371 417 534 455 praedicans
555 416 659 451 turbis,
681 416 810 445 noctibus
824 415 852 444 in
873 415 1046 444 orationibus
1061 422 1104 443 so-

252 466 297 495 lus
318 464 497 502 pernoctavit.
520 464 552 492 Et
573 463 636 492 lieet
657 471 743 500 parva
770 462 853 491 detur
882 470 960 490 mora
981 462 1104 498 praelato

252 512 362 546 orandi,
384 514 494 545 tamen,
516 510 582 548 quia
597 518 648 547 pro
669 510 730 538 aliis
751 509 833 538 debet
847 517 883 538 ex
902 508 993 537 officio
1008 516 1104 543 orare,

251 559 334 588 datur
360 559 384 587 ei
413 558 581 595 quandoque
608 560 722 594 propter
747 556 815 585 alios
843 556 979 593 copiosior
1007 555 1103 584 orandi

252 606 353 644 gratia,
369 608 401 634 ut
422 605 526 642 quibus
541 604 654 642 prodest
675 604 780 641 agendo
796 603 883 641 possit
903 603 985 632 etiam
1000 603 1104 632 orando

252 653 395 691 prodesse;
419 656 525 681 tantuin
542 660 596 680 non
619 652 739 689 negligat
754 658 891 688 quaerere
912 658 963 679 nec
981 649 1104 684 abjiciat,

252 709 316 730 cum
337 701 467 735 offertur,
489 707 524 729 ne
545 707 581 728 ex
604 699 703 728 merito
718 698 925 736 ingratitudinis
945 698 980 727 ab
995 706 1027 727 eo
1042 706 1104 735 gra-

252 749 290 777 tia
311 748 465 785 elongetur.

335 796 378 824 12.
401 794 534 823 Assidua
562 794 671 823 devotio
698 801 808 831 semper
829 793 853 822 ei
884 793 965 822 debet
993 793 1104 828 adesse,

252 842 325 872 sicut
345 845 373 871 et
393 841 565 879 quibuslibet
585 841 721 878 proficere
743 841 900 870 volentibus
921 840 948 869 in
964 840 1105 878 religionis

252 890 372 924 virtute;
394 892 421 918 et
442 889 501 926 ipsa
519 889 622 926 triplex
645 891 694 917 est.
710 905 747 909 —
770 888 828 917 Una
843 891 884 917 est
905 888 985 925 iupis
999 896 1105 916 inemo-

252 937 302 966 ria
326 936 378 965 Dei
396 939 460 965 ante
481 936 576 964 oculos
597 935 700 969 cordis;
724 935 884 964 Psalmus1:
909 934 1104 963 Providebam

253 985 345 1013 Deum
366 984 398 1012 in
419 987 570 1021 conspectu
590 991 652 1011 ineo
673 991 794 1020 semper.
813 981 898 1010 Oculi
918 981 976 1010 mei
990 989 1103 1018 semper

252 1032 292 1061 ad
315 1031 481 1060 Dominum.
505 1031 531 1059 ln
554 1030 628 1059 omni
651 1030 710 1058 loco
732 1032 759 1058 et
780 1032 905 1066 tempore
926 1036 1035 1065 semper
1057 1028 1104 1057 de-

251 1079 395 1116 betheum
410 1078 522 1107 studere
537 1078 593 1107 Deo
615 1077 774 1111 intendere,
796 1076 874 1114 quasi
893 1076 929 1105 sit
949 1083 1042 1105 coram
1058 1083 1103 1109 eo,

252 1135 302 1164 per
323 1126 423 1155 mentis
450 1125 592 1154 intuitum.
614 1125 690 1154 Unde
719 1124 844 1153 solebant
865 1124 957 1153 dicere
979 1123 1049 1151 Elias
1077 1125 1104 1151 et

252 1173 373 1207 Eliseus,
397 1172 469 1201 tertii
495 1173 598 1209 Regum
628 1171 735 1200 decimo
763 1174 878 1199 octavo:
908 1170 982 1199 Vivit
1007 1169 1103 1198 Domi-

251 1229 325 1254 nus,
348 1220 378 1248 in
407 1219 493 1248 euius
521 1222 674 1256 conspectu
702 1223 754 1246 sto.
787 1218 863 1247 Sicut
890 1217 963 1246 enim
993 1216 1103 1254 Angeli,

252 1275 430 1305 quocumque
444 1266 605 1300 mittantur,
621 1269 711 1294 tamen
734 1273 750 1294 a
763 1265 857 1294 divina
871 1264 1104 1301 contemplatione

251 1323 306 1343 non
328 1313 475 1347 recedunt3
496 1313 534 1341 ita
549 1313 632 1341 homo
654 1312 766 1341 virtutis
785 1320 835 1348 pro
860 1319 911 1340 suo
929 1320 1014 1348 posse
1033 1319 1104 1340 sem-

251 1369 301 1398 per
322 1360 370 1389 Dei
394 1360 554 1389 memoriam
571 1368 587 1387 a
608 1367 659 1388 suo
680 1359 763 1388 corde
779 1367 832 1387 non
855 1361 1005 1387 removeat.
1028 1357 1104 1387 Unde

251 1409 272 1438 si
295 1407 444 1445 aliquando
465 1406 626 1444 contigerit,
649 1406 829 1443 semetipsum
850 1405 913 1434 inde
934 1405 1103 1442 redarguat3

251 1455 410 1485 Bernardus
424 1455 450 1482 2;
478 1466 491 1479 «
507 1454 594 1482 Omne
616 1457 740 1490 tempus,
763 1461 819 1490 quo
844 1453 878 1482 de
900 1453 956 1481 Deo
982 1460 1037 1481 non
1059 1460 1104 1481 co-

251 1503 336 1541 gitas,
358 1505 426 1539 puta
448 1505 473 1531 te
500 1501 651 1538 perdidisse
666 1512 693 1528 ».
716 1500 781 1529 Nam
804 1500 854 1529 etsi
884 1499 1020 1537 profunde
1048 1508 1103 1528 non

251 1549 339 1586 possis
361 1548 553 1585 cogitationem
583 1550 658 1575 tuam
680 1554 790 1583 semper
813 1547 839 1575 in
870 1546 961 1583 ipsum
983 1545 1104 1583 defigere

251 1596 421 1628 meditando,
437 1595 533 1624 saltem
549 1594 728 1623 memorando
743 1594 834 1622 cordis
848 1593 980 1622 intuitum
996 1593 1023 1621 in
1039 1601 1103 1621 eum

250 1644 354 1681 dirige,
377 1646 404 1672 et
425 1650 489 1671 cum
510 1642 593 1670 datur
614 1641 825 1678 opportunitas,
846 1641 905 1678 ipsa
926 1641 1062 1669 memoria
1076 1640 1103 1669 in

251 1690 455 1719 meditationem
471 1697 520 1718 seu
542 1686 695 1717 orationem
710 1688 863 1722 formetur,
885 1688 958 1716 sicut
979 1687 1026 1724 qui
1047 1696 1104 1716 ma-

251 1737 349 1767 teriam
381 1736 541 1765 formandae
568 1735 696 1772 imaginis
727 1743 822 1764 secum
855 1734 1030 1769 circumfert,
1058 1738 1103 1769 ut,

251 1793 315 1814 cum
336 1784 468 1813 habuerit
499 1783 754 1821 opportunitatem,
776 1782 880 1820 aliquid
913 1782 939 1810 in
972 1790 1004 1811 ea
1031 1782 1104 1811 scul-

251 1832 340 1870 pendo
362 1834 503 1869 operetur.

332 1879 376 1908 13.
399 1878 455 1907 Alia
477 1881 519 1907 est
540 1877 712 1906 continuum
734 1877 868 1905 studium
892 1877 948 1905 Deo
967 1876 1106 1914 placendi

250 1927 278 1955 in
299 1926 374 1955 omni
396 1926 503 1955 actione
531 1925 575 1954 vel
597 1925 750 1958 locutione,
773 1927 804 1953 ut
826 1932 935 1961 semper
965 1924 1043 1961 quasi
1076 1924 1103 1952 in

251 1974 311 2003 eius
331 1973 487 2011 praesentia
509 1975 617 2006 caveat,
640 1972 713 2001 unde
731 1972 755 2001 ei
777 1971 934 2008 displiceat,
956 1974 983 2000 et
997 1971 1103 2005 doleat,

251 2021 272 2051 si
294 2021 365 2050 forte
380 2020 491 2054 fecerit,
513 2023 540 2048 et
555 2019 680 2053 studeat,
698 2019 726 2047 in
748 2027 804 2056 quo
819 2021 846 2047 et
867 2018 987 2055 qualiter
1002 2018 1026 2047 ei
1042 2026 1104 2055 pos-

251 2067 286 2096 sit
306 2067 394 2104 magis
415 2067 540 2103 placere;
562 2065 700 2094 secundae
725 2065 759 2093 ad
780 2064 937 2093 Corinthios
965 2064 1103 2101 quintoss:

253 2114 476 2147 Contendiinus,
495 2113 555 2142 sibe
570 2112 699 2141 absentes
713 2112 773 2140 siue
785 2115 967 2149 praesentes,
987 2110 1104 2148 plaeere

251 2161 301 2189 itti.
327 2160 432 2189 Omnes
453 2160 530 2189 enim
551 2168 604 2188 nos
625 2158 819 2196 manifestari
838 2161 947 2195 oportet
969 2162 1035 2186 ante
1051 2158 1104 2186 tri-

251 2207 342 2236 bunat
365 2206 482 2236 Christi.
511 2208 625 2244 Semper
646 2206 719 2235 enim
741 2206 822 2234 debet
840 2205 986 2242 religiosus
1008 2213 1037 2234 se
1058 2212 1104 2242 ge-

250 2263 329 2290 rere,
352 2255 429 2292 quasi
460 2255 486 2283 in
510 2254 639 2291 proximo
661 2254 695 2282 sit
724 2253 856 2282 tribunali
879 2252 981 2282 summi
1004 2252 1103 2281 Iudicis

250 2302 491 2339 praesentandum
523 2302 612 2330 Lucae
643 2300 825 2329 duodecimo:
859 2300 953 2328 Estote
980 2299 1102 2336 parati,

250 2350 332 2387 quia,
354 2357 414 2387 qua
432 2348 507 2377 bora
527 2357 586 2377 non
598 2348 727 2385 putatis,
750 2347 846 2375 Filius
861 2346 988 2375 bominis
1003 2347 1102 2375 veniet.

250 2396 350 2425 Omnia
371 2398 466 2425 nostra
487 2395 577 2429 videt,
599 2403 670 2432 quae
691 2394 823 2428 facimus,
845 2396 872 2422 et
893 2393 966 2422 sicut
986 2402 1042 2422 non
1057 2393 1103 2422 ob-

252 2443 386 2472 liviscitur
408 2443 546 2472 bonorum
562 2450 678 2479 operum
701 2441 734 2470 ad
755 2440 965 2478 praemiandum
984 2448 1021 2469 ex
1042 2440 1104 2469 diu-

251 2490 385 2520 turnitate
410 2490 557 2527 temporis,
572 2490 610 2518 ita
634 2497 685 2518 nec
701 2489 838 2517 malorum
861 2488 894 2516 ad
917 2488 1102 2524 puniendum,

251 2537 302 2566 nisi
329 2545 379 2574 per
408 2536 604 2574 poenitentiam
636 2536 796 2569 diluantur3
826 2534 1006 2563 Ecclesiastici
1029 2535 1103 2571 vige-

252 2585 321 2614 simo
343 2585 463 2613 terti04:
488 2584 676 2613 Contemnens
699 2583 731 2611 in
752 2583 886 2611 animam
901 2590 1007 2610 suam:
1031 2581 1103 2618 Quis

691 196 888 225 OPUSCULUM
909 196 974 224 viu.
997 196 1040 224 DE
1063 194 1123 223 SEX
1146 195 1215 223 ΛΜΞ
1236 195 1405 224 ΞΕΒᾹΡΗΙΜ.
1427 195 1496 224 CAP.
1519 195 1571 223 Vll.

1161 282 1206 301 nze
1233 273 1328 301 videt?
1351 272 1439 302 Nemo
1471 273 1671 311 circumspicit
1692 282 1753 307 ine;
1774 282 1858 312 quein
1886 274 2010 303 vereor?

1161 320 1332 348 delictorum
1353 328 1486 349 meorum
1506 329 1565 349 non
1588 320 1802 349 memorabitur
1830 321 2009 350 Attissiinus.

1164 368 1198 396 Et
1228 376 1287 396 non
1318 367 1465 405 intelligit,
1496 368 1638 406 quoniam
1669 368 1769 397 omnia
1800 369 1876 397 videt
1908 368 2011 397 oculus

1161 415 1225 443 eius
1245 417 1297 443 etc.

1243 461 1287 490 14.
1309 461 1402 490 Tertia
1422 464 1464 490 est
1484 461 1585 490 omnia
1605 462 1721 499 ayenda
1742 462 1887 496 oratione,
1908 462 2011 491 saltem

1161 508 1283 537 mentali
1299 508 1489 545 praevenire,
1517 508 1551 537 ad
1572 516 1668 537 omnes
1693 511 1809 538 eventus
1830 509 1954 538 oratione
1981 518 2011 538 se

1158 555 1368 593 praemunire,
1404 555 1496 584 omnia
1531 555 1664 585 beneficia
1693 556 1866 593 gratiarum
1899 556 2012 585 actione

1158 602 1299 641 prosequi
1318 610 1350 631 ac
1378 602 1459 631 laude
1480 602 1580 631 divina.
1604 602 1726 639 Ayeozcta
1747 605 1822 639 petat
1852 611 1868 631 a
1896 603 2012 632 Domino

1160 649 1219 678 sibi
1237 649 1398 678 salubriter
1413 649 1578 686 inspirari,
1600 652 1731 678 eventum
1752 649 1846 687 diripi
1865 649 1899 678 ad
1914 650 2012 679 salutis

1162 696 1333 733 profectum,
1366 695 1503 732 beneficia
1534 695 1641 733 tmperi
1670 699 1696 723 et
1726 695 1906 724 conservari.
1936 696 2013 725 Sicut

1161 743 1233 772 enim
1256 746 1356 777 nauta,
1378 742 1527 780 providens
1542 745 1749 779 tempestatem,
1771 742 1881 771 festinat
1902 743 2013 780 saepius

1162 790 1268 828 ingredi
1290 793 1403 827 portum
1425 798 1572 825 securum;
1595 790 1633 819 ita
1654 790 1800 827 religiosus
1821 790 1854 819 ad
1879 790 2011 819 orationis

1162 841 1274 875 portum
1296 838 1428 866 continuo
1453 837 1607 875 confugiat,
1629 837 1676 866 ubi
1699 845 1795 866 omnes
1823 837 2012 874 periculorum

1161 885 1316 913 collisiones
1337 884 1435 913 evadat
1449 887 1476 913 et
1497 884 1523 913 in
1546 884 1675 913 omnibus
1689 884 1802 921 agendis
1823 892 1932 921 semper
1950 885 2013 921 plus

1161 932 1278 960 orationi
1301 931 1366 960 sidat
1398 940 1481 969 qnam
1504 931 1635 969 propriae
1659 931 1813 960 industriae
1834 931 1877 960 vel
1905 931 2012 966 labori;

1162 979 1274 1007 secundi
1297 979 1523 1016 Paralipomenon
1538 979 1706 1016 vigesimo-²⁴:
1731 978 1803 1007 Cuni
1825 979 2011 1016 ignoremus,

1161 1026 1233 1062 quid
1247 1035 1334 1063 ayere
1354 1026 1524 1060 debeamus,
1540 1025 1592 1054 hoc
1612 1026 1708 1055 solttnt
1723 1024 1864 1054 habentus
1885 1026 2012 1061 residui,

1162 1076 1194 1101 ut
1215 1073 1254 1101 ad
1270 1077 1293 1101 te
1315 1073 1413 1102 oeulos
1427 1077 1542 1101 nostros
1561 1073 1745 1110 diriyainus,
1760 1073 1887 1102 videlicet
1908 1073 1936 1102 in
1951 1081 2013 1102 ora-

1161 1120 1250 1154 tione;
1273 1120 1412 1149 Psalmus:
1436 1120 1518 1149 Sicut
1543 1120 1621 1149 oculi
1640 1128 1794 1149 servorum
1816 1120 1847 1148 in
1874 1120 2014 1149 manibus

1162 1167 1351 1196 dominorum
1371 1175 1497 1196 suorum
1518 1171 1568 1196 etc.

1244 1215 1287 1242 15.
1311 1214 1356 1243 His
1378 1214 1462 1251 igitur
1483 1217 1510 1243 et
1535 1214 1596 1243 aliis
1618 1214 1715 1251 pennis
1742 1214 1945 1244 ecclesiasticus
1966 1215 2013 1244 Se-

1163 1262 1249 1299 raph,
1271 1261 1298 1289 id
1326 1264 1367 1290 est
1395 1261 1536 1298 praelatus
1558 1261 1724 1298 spiritualis,
1754 1261 1876 1290 Domino
1904 1262 2014 1290 sedenti

1162 1317 1251 1346 super
1278 1308 1386 1337 sotium
1414 1308 1558 1336 excelsum
1579 1312 1604 1336 et
1631 1307 1773 1336 elevatum
1788 1308 1799 1325 θ
1827 1312 1944 1337 ornatus
1970 1316 2013 1337 as-

1162 1356 1256 1390 sistat,
1281 1364 1403 1393 qnarum
1426 1356 1530 1393 primas
1544 1355 1613 1384 duas
1634 1363 1719 1393 super
1734 1359 1818 1393 caput
1839 1356 1941 1391 elevet,
1956 1364 2013 1385 me-

1161 1403 1214 1432 diis
1235 1403 1345 1432 duabus
1367 1411 1470 1440 corpus
1496 1405 1524 1431 et
1544 1402 1628 1439 pedes
1649 1405 1790 1440 contegat,
1819 1403 1925 1432 ultimis
1945 1403 2014 1432 dua-

1162 1451 1215 1479 bus
1236 1450 1263 1478 in
1286 1450 1372 1479 latum
1394 1453 1422 1479 et
1443 1450 1469 1478 in
1491 1450 1578 1479 altum
1600 1450 1689 1484 volet,
1711 1453 1743 1478 ut
1765 1450 1854 1479 zelum
1877 1450 1937 1479 eius
1958 1458 2013 1479 non

1162 1498 1301 1526 humanae
1323 1497 1412 1526 laudis
1439 1497 1532 1526 fervor
1553 1496 1690 1533 deprimat
1717 1505 1768 1526 nec
1795 1497 2012 1534 compassionem

1162 1544 1223 1573 eius
1244 1544 1363 1573 carnalis
1384 1544 1497 1573 inclinet
1517 1544 1649 1578 affectus3
1671 1544 1717 1573 sed
1740 1552 1853 1573 sursum
1868 1548 1948 1573 reeta
1969 1544 2014 1573 in-

1162 1592 1248 1620 tentio
1270 1591 1413 1625 sustollat,
1436 1594 1463 1620 et
1483 1590 1637 1628 fraternae
1659 1591 1796 1620 caritatis
1814 1591 1909 1628 pietas
1930 1591 1958 1620 in
1973 1592 2012 1620 al-

1162 1643 1221 1668 tum
1244 1639 1345 1676 erigat,
1366 1641 1482 1675 propter
1513 1638 1726 1667 retributionem
1748 1646 1914 1675 supernanu
1940 1638 2014 1667 Psal-

1162 1686 1260 1715 mus⁷:
1284 1686 1430 1714 Inclinavi
1450 1694 1500 1714 cor
1520 1694 1618 1714 meum
1639 1685 1679 1714 ad
1700 1684 1855 1723 faciendas
1874 1685 2013 1722 iustifica-

1163 1735 1252 1763 tiones
1275 1738 1343 1762 tuas
1374 1733 1405 1761 in
1427 1737 1599 1767 aeternum,
1629 1737 1751 1770 propter
1782 1732 2011 1761 retributionem.

1165 1781 1313 1810 Patientia
1334 1789 1401 1810 vero
1422 1784 1450 1810 et
1471 1781 1532 1810 vita
1550 1780 1727 1818 exemplaris
1747 1783 1894 1818 contegant
1915 1788 1980 1809 eum
1996 1788 2013 1809 a

1162 1829 1404 1866 perturbationum
1426 1828 1523 1857 iaculis
1544 1831 1571 1857 et
1592 1836 1608 1856 a
1628 1827 1753 1856 nuditate
1772 1828 1879 1865 inopiae
1900 1827 2014 1856 merito-

1162 1884 1241 1910 rum,
1264 1875 1368 1913 quibus
1389 1875 1468 1913 quasi
1489 1875 1576 1904 armis
1596 1874 1761 1904 defendatur
1781 1878 1809 1904 et
1826 1875 1904 1912 quasi
1927 1874 2014 1904 saeris

1161 1923 1286 1952 vestibus
1313 1922 1480 1957 adornetur;
1504 1922 1587 1951 Isaiae
1619 1921 1850 1959 quinquagesimo
1872 1921 2012 1950 secundo:

1164 1970 1288 1998 Induere
1308 1968 1482 2007 fortitudine
1503 1973 1572 2003 tua,
1589 1969 1673 2003 Sion,
1697 1969 1817 1997 induere
1838 1968 2014 1997 vestimentis

1159 2017 1273 2055 ytoriae
1294 2021 1371 2045 tuae.
1395 2016 1657 2053 Circunwspeetione
1678 2024 1745 2045 vero
1765 2015 1871 2053 ubique
1892 2015 2013 2044 circum-

1161 2064 1234 2093 volet
1263 2064 1395 2098 videndo,
1417 2063 1485 2101 quid
1505 2067 1533 2092 et
1553 2063 1673 2100 qualiter
1695 2063 1730 2092 sit
1750 2063 1903 2100 agendum;
1925 2066 1952 2092 et
1966 2063 2013 2092 de-

1160 2111 1284 2139 votionis
1314 2110 1412 2139 studio
1434 2119 1509 2148 quae
1538 2118 1662 2138 sursunt
1686 2113 1756 2138 sunt
1787 2113 1930 2148 quaerat,
1961 2109 2014 2138 ubi

1163 2157 1300 2187 Christus
1322 2161 1362 2186 est
1382 2157 1413 2186 in
1435 2158 1555 2186 dextera
1579 2157 1631 2185 Dei
1643 2157 1758 2191 sedens,
1780 2157 1891 2185 sublimi
1919 2157 2013 2186 volatu

1160 2205 1194 2234 ad
1216 2205 1307 2242 ipsum
1322 2204 1463 2233 accedens.
1480 2220 1517 2225 —-
1532 2204 1606 2233 Licet
1627 2207 1720 2232 autem
1736 2211 1847 2238 omnes,
1869 2203 1916 2241 qui
1933 2211 2014 2240 prae-

1161 2255 1227 2282 sunt
1247 2252 1408 2286 animabus,
1431 2252 1481 2280 has
1502 2251 1621 2280 virtutes
1643 2259 1697 2279 non
1721 2251 1825 2288 possint
1846 2258 1943 2279 omnes
1968 2258 2013 2279 ae-

1161 2299 1280 2336 qualiter
1302 2299 1418 2333 habere,
1441 2302 1532 2327 tamen
1554 2298 1667 2327 omnino
1696 2297 1883 2327 necessarium
1905 2300 1947 2326 est
1973 2297 2013 2326 eis

1160 2346 1336 2383 aliquatenus
1357 2354 1412 2374 non
1428 2353 1538 2379 carere,
1554 2348 1609 2373 tam
1633 2353 1684 2382 pro
1699 2345 1793 2373 fructu
1815 2344 2013 2373 aedificationis

1160 2393 1288 2427 illorum,
1304 2392 1407 2430 quibus
1422 2395 1570 2429 praesunt,
1586 2400 1669 2429 quam
1685 2391 1814 2429 propriae
1836 2391 1933 2420 salutis
1949 2399 2012 2428 pro-

1160 2440 1243 2469 fectu.
1258 2456 1297 2460 —
1312 2439 1433 2476 Quilibet
1447 2439 1529 2468 etiam
1545 2439 1700 2476 religiosus,
1715 2439 1763 2476 qui
1779 2446 1808 2468 se
1822 2439 1912 2475 ipsum
1929 2438 2012 2467 habet

1160 2494 1258 2524 regere
1280 2489 1307 2515 et
1327 2486 1361 2515 de
1382 2487 1425 2515 sui
1451 2486 1538 2523 ipsius
1559 2486 1693 2523 regimine
1721 2485 1862 2521 rationem¹
1884 2485 1942 2514 Deo
1971 2488 2012 2514 est

1161 2534 1324 2563 redditurus
1345 2533 1372 2561 in
1397 2537 1525 2562 extremo
1556 2532 1684 2562 examine
1695 2532 1716 2566 ²³,
1735 2532 1779 2561 his
1810 2531 1860 2561 alis
1891 2535 1918 2561 et
1945 2540 2012 2569 pen-

1161 2581 1216 2615 nis,
1239 2584 1375 2618 quantum
1397 2580 1507 2609 sibimet
1528 2580 1644 2617 indiget,
1666 2579 1747 2609 debet
1771 2579 1899 2608 adornari
1929 2582 1956 2608 et
1983 2579 2010 2608 in

315 2774 322 2786 1
343 2774 424 2796 Psalm.
443 2773 484 2801 =l5,
503 2774 529 2800 8;
551 2773 593 2799 24,
621 2773 655 2795 15.
678 2772 711 2794 De
733 2772 811 2794 verbis
834 2772 895 2794 Eliae
916 2774 938 2794 et
960 2772 1027 2794 Elisei
1049 2771 1104 2793 vide

252 2814 284 2835 111.
302 2814 358 2841 neg.
381 2813 418 2839 17,
440 2813 462 2840 i,
484 2813 523 2839 is,
545 2812 583 2840 15;
602 2812 638 2834 iv.
657 2812 714 2839 neg.
732 2812 757 2838 3,
780 2811 814 2833 it.

314 2851 323 2863 ²
342 2851 402 2874 Libr.
419 2852 518 2874 Meditat.
540 2854 584 2873 etc.
602 2851 670 2879 (inter
687 2857 757 2879 opera
775 2850 894 2879 Bernartli)
913 2857 934 2872 c.
951 2851 973 2872 6.
990 2856 1012 2872 11.
1035 2850 1069 2872 18,

314 2890 323 2902 ³
342 2891 406 2913 Vers.
424 2891 446 2912 9.
467 2891 506 2917 ¹03
524 2891 628 2919 sequitur
645 2891 698 2912 Luc.
718 2891 759 2917 12,
778 2890 815 2912 40.

314 2929 323 2941 4
343 2930 407 2952 Vers.
425 2929 505 2951 25:27.
522 2942 553 2946 —
571 2930 622 2952 Yat.
640 2935 709 2957 supra
728 2931 780 2957 post
797 2928 923 2951 diluantur
945 2927 1015 2950 babet
1038 2926 1103 2950 Unde

248 2970 360 2999 peccator
377 2970 529 2992 contemnens
545 2968 653 2991 animant
670 2974 741 2991 suam
753 2967 809 2991 (licit
825 2967 849 2989 in
866 2965 1043 2990 Ecclesiastico:
1059 2966 1102 2989 Ne-

251 3014 290 3031 mo
307 3012 350 3031 etc.

1224 2770 1233 2782 ⁵
1254 2771 1317 2793 Vers.
1339 2771 1377 2798 12;
1395 2769 1478 2792 deinde
1496 2770 1531 2792 l's.
1553 2770 1608 2796 122,
1626 2770 1647 2791 2.

1223 2808 1233 2821 ⁵
1251 2809 1298 2831 lsai.
1318 2809 1344 2837 6,
1368 2810 1383 2830 l.
1402 2814 1468 2836 seqq.

1224 2847 1232 2860 ⁷
1251 2848 1333 2870 Psalm.
1355 2847 1409 2875 118,
1429 2847 1485 2873 112;
1503 2846 1620 2869 secundus
1637 2846 1701 2868 locus
1718 2848 1752 2868 est
1769 2845 1818 2868 lsai.
1836 2845 1879 2872 52,
1896 2844 2010 2872 l;tertius

1159 2886 1208 2909 Col.
1225 2887 1252 2913 3,
1271 2887 1291 2908 1.

1222 2924 1231 2937 ²³
1249 2925 1306 2948 Cod.
1323 2925 1430 2953 praefigit
1447 2923 1533 2947 iudicio
1550 2923 1602 2952 vel,·
1620 2924 1676 2946 infra
1695 2929 1738 2951 pro
1755 2922 1819 2946 debet
1835 2921 1954 2945 adornari
1970 2922 2009 2951 (ita

1161 2965 1185 2992 1,
1204 2965 1226 2993 2)
1246 2965 1297 2987 Vat.
1314 2965 1405 2993 oportet
1422 2963 1547 2987 adornari.
1564 2976 1595 2980 —-
1613 2963 1665 2985 Post
1682 2964 1756 2985 Amen
1773 2962 1826 2984 cod.
1847 2961 1928 2984 habet:
1951 2961 2010 2983 Finit

1159 3006 1268 3026 tractatus
1285 3004 1308 3026 S.
1325 3004 1500 3026 Bonaventurae
1517 3003 1547 3025 de
1565 3002 1606 3025 Sex
1624 3002 1670 3024 Alis
1688 3001 1816 3029 Seraphim.

2026 468 2096 488 Tertia.

2025 1222 2113 1266 aaa?
2128 1213 2129 1227 ²

2030 2213 2131 2232 Notandun

2047 2448 2133 2472 Applicat

2024 2472 2048 2491 ad
2055 2472 2133 2496 quemlik

2024 2496 2130 2519 religiosum
