2133 3317
0 657 98 701 miei:

0 1355 82 1375 *mantuan

0 1379 25 1398 iu·
32 1381 96 1397 status.

528 198 724 227 OPUSCULUM
745 198 788 226 lv.
810 197 853 227 DE
874 197 897 225 V
917 196 1189 226 FESTIVITATIBUS.
1210 196 1397 226 FESTIVITAS
1418 195 1436 224 l.
1818 198 1854 225 89

109 283 137 310 et
150 279 274 317 pristinis
294 277 449 311 desideriis,
464 284 536 305 novo
552 275 661 304 vivendi
676 275 817 312 proposito
830 283 846 303 a
862 275 952 303 Patre

109 326 272 359 luminum,
294 333 314 353 α
342 332 398 362 quo
419 331 501 352 omne
528 323 632 351 datum
654 321 795 359 optimum
826 324 852 349 ei
872 329 955 350 omne

108 374 219 402 donum
236 370 397 409 perfectum
409 371 431 403 ¹,
453 368 635 406 spiritualiter
663 367 764 404 spiritu
791 367 895 404 gratiae
915 367 954 395 fe-

109 419 262 452 cundatur;
285 417 352 454 quid
383 416 457 445 aliud
478 415 587 452 agitur,
618 414 670 443 nisi
697 413 788 451 quod,
818 421 954 450 superve-

108 466 201 494 niente
221 465 328 493 virtute
359 462 505 492 Alcissimi
524 466 550 490 ct
580 460 800 490 obumbratione
830 459 955 488 caelestis

109 511 266 548 refrigerii,
300 517 372 547 quae
403 509 527 538 carnales
561 506 797 545 concupiscentias
827 507 953 543 mitigat,

108 558 242 588 mentales
268 557 364 586 oculos
391 555 425 584 ad
446 555 595 584 videndum
616 554 752 583 confortat
779 558 806 583 et
826 553 954 587 adiuvat,

110 605 188 634 Pater
209 603 333 633 caelestis
353 602 446 631 divino
463 601 583 639 quodam
598 601 703 630 semine
723 600 843 629 animam
863 599 955 637 gravi-

108 651 172 680 dam
193 650 256 679 facit
270 653 297 679 et
311 649 484 678 secundat2?
504 665 543 669 —
557 648 619 677 Post
634 648 708 676 hunc
729 650 893 684 conceptum
915 654 955 675 sa-

109 697 292 727 cratissimum
308 695 398 724 anima
412 695 495 732 pallet
509 695 537 723 in
552 694 619 723 facie
633 702 683 730 per
698 701 791 722 veram
813 693 955 722 humilita-

109 747 164 773 tem
185 744 212 772 in
233 742 457 775 conversatione,
478 741 619 770 fastidium
640 740 692 769 cibi
708 743 735 769 et
756 742 839 777 potus
867 739 955 768 conci-

108 790 149 828 pit
169 790 196 818 in
215 792 306 818 mente
337 789 364 817 in
386 788 510 825 plenario
531 787 715 816 mundialium
747 789 906 823 contemptu
927 788 955 814 et

107 837 275 870 abiectione,
296 835 431 864 desideria
449 835 593 863 variantur
613 834 641 862 in
655 834 798 862 affectione
812 841 849 861 ex
863 832 955 861 diver-

109 892 204 913 sorum
227 883 364 912 bonorum
387 882 528 919 proposito
555 884 582 910 et
609 880 777 914 intentione,
805 879 955 916 aliquando

109 930 190 960 etiam
212 929 346 958 infirmari
369 932 396 958 et
416 931 560 965 aegrotare
583 928 675 956 anima
707 927 803 964 incipit
834 926 862 955 in
890 934 954 963 pro-

110 977 186 1014 priae
206 976 355 1005 voluntatis
376 975 536 1004 abiectione.
558 974 612 1003 Iam
635 974 708 1003 enim
736 973 838 1002 incedit
868 973 955 1002 tristis

109 1026 137 1053 et
156 1023 319 1052 turbulenta
339 1030 390 1059 pro
412 1024 537 1050 veterum
552 1020 716 1049 delictorum
733 1019 954 1057 perpetratione,

109 1078 161 1107 pro
173 1069 304 1106 temporis
315 1068 470 1102 amissione,
483 1076 534 1105 pro
545 1067 688 1096 hominum
701 1067 793 1096 adhuc
808 1067 835 1095 in
850 1066 954 1095 mundo

109 1115 286 1145 mundialiter
307 1114 459 1143 viventium
481 1113 610 1142 societate
624 1116 652 1142 et
665 1112 882 1142 conversatione.
900 1112 953 1141 lam

109 1162 241 1200 paulatim
263 1169 348 1198 grave
368 1164 395 1190 et
420 1161 571 1189 taediosum
587 1160 682 1197 incipit
696 1168 756 1189 esse
770 1167 864 1194 omne,
880 1159 954 1196 quod

109 1208 177 1238 foris
198 1211 239 1237 est
260 1211 287 1236 et
308 1207 376 1236 foris
397 1207 537 1241 cernitur,
559 1207 625 1244 quia
646 1206 683 1235 illi
705 1206 851 1243 displicere
865 1205 954 1235 cerni-

111 1258 173 1289 tur,
194 1254 243 1291 qui
264 1254 339 1282 intus
360 1253 514 1291 percipitur
534 1257 562 1282 et
583 1253 702 1282 sentitur
713 1253 733 1281 ³.

189 1303 215 1330 2.
237 1301 260 1330 Ο
284 1301 351 1330 felix
379 1304 544 1337 conceptus,
573 1308 655 1337 quem
687 1300 747 1329 talis
774 1300 954 1337 consequitur

111 1348 207 1377 mundi
228 1350 404 1384 contemptus
425 1350 452 1375 et
472 1346 632 1376 caelestium
654 1346 847 1383 operationum
868 1354 899 1375 ac
914 1346 954 1374 di-

110 1395 238 1424 vinarum
259 1394 472 1431 occupationum
493 1393 645 1430 appetitus!
669 1394 738 1427 lam,
760 1393 887 1430 quamvis
907 1393 955 1422 ad-

110 1441 166 1470 huc
186 1440 325 1469 modicum
352 1452 366 1466 α
380 1444 490 1477 gustato
511 1440 627 1477 spiritu,
642 1439 742 1477 desipit
756 1448 820 1468 caro
832 1440 844 1456 4
858 1452 872 1465 υ
891 1447 955 1469 cum

109 1487 230 1525 gemitu,
258 1487 313 1516 iam
334 1487 426 1515 anima
447 1494 510 1516 cum
533 1487 616 1515 Maria
637 1489 779 1515 montana
807 1486 955 1521 ascendere

110 1534 220 1571 incipit,
241 1533 307 1571 quia
328 1536 389 1570 post
410 1534 492 1563 talem
513 1536 678 1570 conceptum
699 1533 879 1562 fastidiuntur
900 1537 956 1562 ter-

110 1589 177 1611 rena
197 1585 225 1610 et
245 1581 437 1610 desiderantur
466 1581 592 1610 caelestia
622 1584 649 1609 et
679 1583 800 1610 aeterna.
830 1581 884 1609 lam
912 1580 956 1609 fu-

109 1636 175 1666 gere
205 1629 300 1666 incipit
334 1628 491 1657 societatem
524 1628 635 1657 illorum
670 1628 723 1666 qui
756 1631 873 1656 terrena
907 1636 956 1656 sa-

107 1675 232 1713 piunffi,
253 1678 280 1704 et
301 1675 405 1712 appetit
429 1674 642 1704 familiaritatem
671 1682 767 1704 eorum
796 1675 844 1712 qui
869 1675 956 1704 caele-

110 1722 163 1751 stia
183 1721 391 1759 concupiscunt.
413 1721 468 1750 lam
489 1721 586 1759 incipit
605 1721 778 1750 ministrare
800 1720 956 1756 Elisabeth,
988 1721 992 1723 ’

174 1890 182 1903 ¹
201 1891 242 1914 lac.
264 1891 282 1917 l,
304 1891 337 1914 17.
354 1904 384 1907 —
402 1890 506 1913 Subinde
530 1891 651 1919 respicitur
676 1892 731 1914 Luc.
754 1893 773 1919 l,
792 1893 837 1915 35:
860 1892 958 1920 Spiritus

112 1934 204 1953 sanctus
220 1931 369 1958 superveniet
386 1930 407 1952 in
425 1933 454 1957 te,
472 1933 494 1952 et
511 1930 584 1953 virtus
602 1930 711 1953 Altissimi
728 1931 879 1954 obumbrabit
897 1931 945 1954 tibi.

174 1968 183 1981 ²
200 1969 246 1992 Csr.
262 1969 390 1992 Comment.
408 1969 430 1991 in
447 1969 501 1992 Luc.
519 1976 538 1992 c.
557 1970 578 1991 8.
595 1975 617 1992 n.
636 1970 677 1998 22,
696 1970 735 1992 ubi
747 1970 882 1997 ostenditur,
894 1971 957 1999 quod

112 2014 191 2032 semen
208 2008 237 2031 sit
255 2007 358 2030 Verbum
376 2008 416 2030 Dei
434 2011 553 2031 aeternum
571 2011 593 2031 et
609 2009 704 2037 quidem
723 2012 747 2031 ut
764 2009 920 2038 inspiratum,
934 2012 959 2032 ut

113 2047 278 2075 incarnatum,
308 2050 333 2069 ut
354 2047 533 2076 praedicatum,
560 2050 584 2070 ut
603 2047 774 2077 exemplatum.
790 2049 957 2077 Adiungimus,

115 2086 179 2115 quod
196 2086 220 2108 in
236 2086 358 2109 Nativitate
374 2086 464 2109 Domini
482 2089 527 2108 tres
545 2086 641 2115 missae,
653 2089 678 2109 ut
689 2087 844 2109 communiter
861 2090 958 2115 tenetur,

113 2124 257 2148 celebrantur
273 2125 302 2148 ad
321 2125 481 2148 insinuandam
507 2125 620 2153 triplicem
643 2125 798 2153 nativitatem,
814 2126 900 2149 scilicet
921 2133 959 2149 ae-

114 2167 217 2191 ternam,
235 2165 386 2192 temporalem
404 2164 558 2192 spirituatem,
575 2171 621 2193 qua
638 2164 742 2187 Clu-istus
758 2165 831 2187 oritur
842 2166 959 2195 tanquam

116 2202 200 2232 lucifer
218 2202 243 2226 in
259 2202 369 2226 cordibus
387 2202 475 2226 nostris
494 2203 529 2231 (ll.
545 2203 604 2226 Petr.
628 2204 648 2230 1,
675 2203 735 2232 ta),
760 2206 782 2226 et
807 2204 958 2231 temporalem

114 2242 229 2265 carnalem
250 2248 276 2264 ex
296 2243 320 2264 B.
337 2242 365 2264 Μ.
384 2242 479 2270 Virgine
497 2242 569 2269 (Puer
586 2244 657 2265 nulus
674 2244 708 2266 esi
724 2241 790 2266 nobis
808 2243 856 2265 lsai.
874 2244 901 2271 9,
919 2244 960 2271 6.).

114 2281 159 2304 Csr.
176 2281 291 2303 Innocent.
308 2281 345 2308 lll,
365 2281 439 2303 Serm.
456 2282 476 2303 3.
495 2281 518 2303 in
535 2281 655 2304 Nativitatc
668 2281 772 2309 Domini,
789 2281 829 2304 uhi
846 2282 915 2305 etiam
928 2282 960 2304 di-

113 2320 156 2343 cit:
176 2328 188 2340 ει
199 2319 303 2343 Christus
314 2320 376 2342 enim
388 2326 430 2348 per
442 2321 548 2343 affectum
561 2321 700 2348 concipitur,
715 2327 757 2349 per
769 2322 875 2344 effectum
887 2322 958 2344 nasci-

114 2362 161 2387 tur,
175 2365 217 2387 per
228 2361 358 2387 protectum
375 2359 474 2382 nutritur
484 2368 506 2381 n.
523 2360 647 2382 Guerricus
659 2359 745 2389 abbas,
757 2361 830 2383 Serm.
843 2362 864 2383 2.
877 2361 906 2383 de
917 2361 959 2383 An-

115 2398 256 2421 nuntiatione
281 2398 372 2421 Domini
399 2398 467 2426 (inter
489 2404 558 2426 opera
577 2399 704 2427 Bernardi),
721 2405 744 2421 n.
762 2399 796 2426 4.,
814 2399 885 2422 Verbi
906 2406 960 2422 con-

115 2437 244 2465 ceptionem
262 2437 283 2459 in
301 2437 377 2459 anima
395 2437 456 2460 fideli
475 2436 610 2460 describens
626 2437 671 2460 ait:
690 2438 763 2466 Quam
782 2437 855 2465 beati,
872 2439 911 2467 qui
928 2439 960 2461 di-

115 2482 168 2499 cere
184 2479 294 2504 possunt:
312 2476 330 2499 Α
351 2475 435 2499 timore
453 2477 505 2503 iiio,
528 2475 638 2504 Domine,
663 2476 812 2506 concepimus
831 2478 853 2500 ei
875 2479 959 2506 pariu-

115 2514 216 2537 rivimus
232 2514 345 2544 spiritum
361 2514 446 2537 salutis
458 2514 520 2544 [lsai.
532 2515 560 2537 26
571 2531 576 2541 ,
590 2515 626 2537 ts.
637 2515 767 2537 secundum
780 2515 944 2545 Septuaginta]
954 2517 959 2538 l

115 2554 156 2582 qui
172 2554 281 2576 nimirum
300 2560 345 2576 non
362 2556 396 2576 est
413 2554 471 2576 alius
488 2559 558 2582 quam
579 2554 673 2581 spiritus
691 2554 828 2581 salvatoris,
840 2560 910 2583 quam
923 2560 960 2576 re-

116 2593 171 2616 ritas
188 2594 237 2615 lesu
254 2592 344 2616 Christi.
362 2593 421 2615 Vide
443 2593 579 2615 ineffabilem
603 2593 760 2621 dignationem
783 2593 823 2616 Dei
845 2594 961 2622 simulque

116 2632 225 2654 virtutem
241 2631 481 2660 incomprehensibilis
497 2632 615 2659 mysterii;
632 2632 672 2661 qui
690 2632 777 2654 creavit
797 2635 818 2654 te
835 2636 925 2655 creatur
938 2633 960 2655 in

117 2673 150 2698 te,
167 2673 190 2692 et
206 2670 272 2699 quasi
290 2676 372 2698 parum
390 2673 460 2697 esset,
479 2673 500 2693 te
518 2671 593 2698 ipsum
608 2671 692 2693 habere
705 2674 806 2698 patrem,
819 2672 867 2693 vult
879 2671 961 2698 etiam,

117 2712 139 2732 te
155 2708 198 2731 sibi
216 2709 264 2731 sieri
281 2712 386 2732 matrem.
400 2709 560 2739 Quicumque,
575 2710 649 2738 iuquit
667 2709 751 2739 [Matth.
774 2710 812 2738 te,
830 2709 889 2740 50.]‚
906 2710 961 2738 secc-

117 2747 150 2770 rii
165 2747 310 2771 volantatem
328 2747 406 2771 Patris
423 2748 482 2776 mei,
500 2747 548 2777 ipse
564 2754 630 2771 meus
642 2750 663 2771 ei
674 2749 750 2778 (ratet-
762 2750 784 2772 et
794 2754 864 2772 soi-01·
877 2750 898 2772 ei
912 2755 961 2772 ma-

117 2788 152 2810 tei·
169 2788 203 2810 esi
219 2789 262 2809 etc.
278 2786 323 2810 Csr.
342 2787 417 2810 Tract.
430 2787 458 2810 de
471 2787 572 2810 interiori
586 2788 659 2809 Domo
672 2787 739 2816 (inter
751 2794 821 2816 opera
834 2788 961 2816 Bernardi),

118 2831 137 2848 c.
156 2825 192 2847 ἸΟ.
209 2831 231 2847 n.
251 2825 287 2848 17.
304 2828 326 2848 et
342 2831 363 2849 c.
381 2826 419 2848 39.
435 2832 458 2848 n.
475 2826 512 2848 80.
531 2827 568 2848 81.

180 2861 190 2875 ⁸
207 2862 252 2886 cfr.
270 2869 339 2891 supra
357 2864 500 2892 Opusculum
517 2865 543 2886 ll.
559 2864 653 2893 Soliloq.
670 2871 689 2886 c.
708 2865 728 2886 2.
746 2870 770 2886 n.
788 2864 810 2886 8.
826 2864 849 2886 in
867 2865 920 2887 tine.
931 2877 961 2881 —

119 2902 176 2925 Cod.
193 2903 211 2924 G
232 2902 295 2932 quod
311 2902 417 2926 cernitur
434 2903 506 2932 forts,
524 2903 580 2933 quia
597 2902 714 2926 *nonii-am
728 2903 824 2932 placere
842 2903 961 2932 cernitur,

118 2941 182 2971 quod
197 2941 260 2965 intus
278 2946 333 2969 etc..
347 2942 464 2965 Vat.cu1n
482 2943 497 2965 F
514 2942 574 2972 soris
591 2943 709 2971 cernitur,
727 2942 790 2972 quod
807 2942 870 2966 imus
884 2943 961 2973 perci-

115 2980 183 3010 pitur
200 2982 222 3004 ei
238 2980 336 3004 auditur
355 2981 379 3009 (F
396 2981 516 3010 sentitur).

211 3027 334 3050 S.Bomw.
352 3040 382 3043 —
400 3028 466 3050 Toni.
480 3028 534 3050 viti.

1012 275 1064 303 hoc
1085 278 1126 304 est
1146 274 1200 303 illis
1220 282 1290 311 quos
1310 274 1403 303 divina
1421 273 1554 311 sapientia
1571 273 1708 303 illuminat
1722 277 1750 303 et
1764 274 1856 304 divina
1872 282 2000 329 8038υέεὲτέιὲἰῖ

1011 321 1099 357 gratia
1129 320 1248 358 amplius
1278 329 1328 357 per
1356 321 1530 350 dilectionem
1554 320 1714 349 inflammat.
1744 321 1776 349 Et
1803 322 1855 350 hoc
1873 329 1974 347 umanum.

1011 367 1089 396 valde
1109 367 1244 401 notabile,
1262 367 1327 404 quia
1347 367 1442 396 multis
1463 367 1648 396 necessarium
1671 371 1730 397 est:
1752 371 1856 404 quanto

1010 414 1097 450 magis
1118 422 1134 442 a
1155 414 1258 443 mundo
1279 422 1309 444 se
1329 415 1511 449 abstrahunt,
1534 417 1609 443 tanto
1636 414 1800 444 familiarius
1827 423 1855 444 se

1011 460 1090 489 bonis
1112 460 1272 489 hominibus
1292 461 1449 490 amicabiles
1470 464 1498 490 et
1518 461 1666 490 familiares
1681 461 1809 496 reddunt,
1824 465 1856 490 ut

1011 508 1086 535 tanto
1117 507 1235 543 amplius
1267 508 1404 536 malorum
1435 508 1605 537 consortium
1637 508 1704 545 ipsis
1724 508 1855 545 desipiat,

1011 555 1115 590 quanto
1135 553 1245 582 dulcius
1266 553 1402 583 bonorum
1417 558 1444 583 et
1459 554 1646 591 spiritualium
1662 555 1777 584 honesta
1791 563 1855 584 con-

1011 599 1131 628 versatio
1152 607 1248 628 eorum
1271 600 1403 629 affectum
1418 601 1503 630 afficit
1517 605 1544 630 et
1559 602 1726 636 inflammat,
1746 614 1759 627 «
1773 603 1855 639 quia,

1011 645 1164 674 secundum
1195 646 1307 675 beatum
1343 647 1506 684 Gregorium
1525 648 1552 681 θ,
1587 648 1634 685 qui
1671 651 1764 677 sancto
1795 649 1856 678 viro

1010 692 1142 721 adhaeret
1172 693 1286 730 accipit,
1318 696 1349 721 ut
1380 702 1416 722 ex
1448 694 1507 722 eius
1537 695 1697 724 assiduitate
1725 695 1854 729 visionis,

1011 747 1065 768 usu
1087 739 1248 774 locutionis,
1268 740 1397 777 exemplo
1411 741 1627 770 conversationis
1647 742 1813 771 accendatur
1828 742 1855 771 in

1011 794 1105 815 amore
1126 786 1267 821 veritatis,
1286 790 1464 823 peccatorum
1493 788 1621 816 tenebras
1641 788 1740 824 fugiat,
1761 797 1855 818 amore

1010 833 1119 862 divinae
1140 833 1210 862 lucis
1231 833 1427 862 inardescat».
1450 834 1526 862 Unde
1544 834 1705 863 lsidorus7:
1725 846 1739 859 «
1754 835 1856 864 Accede

1012 880 1147 909 bonorum
1179 880 1346 909 societatem.
1378 880 1481 909 Accidit
1500 881 1590 915 enim,
1612 881 1633 910 si
1657 882 1744 911 fueris
1765 882 1856 911 socius

1011 927 1242 961 conversationis,
1274 927 1330 956 eris
1351 927 1442 956 socius
1462 930 1490 956 et
1511 928 1622 957 virtutis
1636 940 1662 956 n.
1687 945 1721 949 —
1744 929 1790 957 llic
1812 937 1855 958 co-
1874 934 1963 953 Ressexio-

1011 973 1079 1010 gitet
1093 973 1181 1003 fidelis
1195 974 1302 1008 anima,
1318 982 1401 1011 quam
1417 978 1507 1008 casta,
1522 983 1605 1011 quam
1622 978 1715 1004 sancta
1729 979 1756 1004 et
1771 984 1853 1012 quam

1010 1019 1109 1048 devota
1129 1020 1233 1049 fuerint
1254 1021 1365 1049 illorum
1388 1021 1550 1049 Sanctorum
1563 1021 1574 1037 ⁸
1596 1021 1748 1058 colloquia,
1773 1029 1856 1058 quam

1010 1066 1103 1095 divina
1124 1070 1151 1095 et
1172 1075 1256 1104 quam
1287 1068 1430 1097 salutifera
1460 1068 1589 1102 consilia,
1611 1076 1694 1105 quam
1716 1068 1857 1096 mirandae

1011 1113 1178 1147 sanctitatis,
1194 1122 1277 1150 quam
1293 1118 1407 1143 mutuae
1422 1114 1559 1144 societatis
1573 1122 1673 1152 opera,
1689 1115 1755 1144 dum
1770 1123 1857 1144 unus-

1011 1160 1130 1197 quisque
1151 1160 1236 1189 alium
1258 1161 1344 1190 verbo
1365 1164 1392 1190 et
1412 1161 1541 1198 exemplo
1562 1162 1729 1198 provocabat
1753 1162 1786 1191 ad
1801 1170 1857 1191 me-

1012 1206 1088 1236 liora.

1089 1254 1115 1283 3.
1138 1254 1181 1283 Sic
1202 1257 1248 1288 tu,
1270 1263 1286 1283 ο
1307 1255 1398 1283 anima
1418 1255 1531 1289 devota,
1553 1255 1652 1289 facias,
1667 1255 1688 1284 si
1706 1258 1731 1284 te
1746 1255 1779 1284 de
1799 1256 1855 1292 Spi—
1875 1261 1965 1279 Hortam-

1012 1301 1068 1329 ritu
1090 1304 1184 1330 sancto
1216 1301 1372 1338 concepisse
1394 1310 1464 1331 nova
1485 1302 1609 1331 caelestis
1630 1303 1702 1331 vitae
1722 1302 1858 1331 desideria

1011 1347 1121 1376 sentias.
1143 1349 1217 1385 Fuge
1230 1349 1366 1377 malorum
1383 1349 1535 1382 consortia,
1551 1349 1668 1378 ascende
1682 1357 1745 1378 cum
1764 1349 1857 1383 Maria,

1011 1402 1115 1431 quaere
1136 1394 1262 1423 virorum
1283 1395 1469 1432 spiritualium
1491 1395 1642 1429 consilia⁹‚
1657 1396 1759 1424 imitari
1778 1396 1858 1425 stude

1012 1440 1198 1477 perfectorum
1227 1441 1357 1478 vestigia,
1378 1442 1564 1478 contemplare
1590 1442 1727 1471 honorum
1756 1442 1858 1476 verba,

1011 1496 1096 1524 opera
1110 1488 1214 1525 pariter
1228 1491 1255 1517 et
1269 1489 1405 1525 exempla.
1421 1504 1458 1509 —
1473 1489 1546 1525 Fuge
1561 1497 1758 1526 perversorum
1779 1498 1858 1519 vene-
1872 1494 2004 1513 perversorum

1894 1523 1936 1536 rava
1945 1518 2004 1537 consi-

1011 1542 1079 1563 nosa
1100 1535 1227 1569 consilia,
1249 1543 1321 1572 quae
1335 1543 1445 1572 semper
1460 1538 1620 1572 pervertere
1637 1539 1792 1573 quaerunt,
1812 1536 1860 1565 in]-
1879 1523 1911 1560 fia·

1012 1581 1107 1618 pedire
1127 1584 1277 1619 appetunt,
1299 1582 1421 1611 lacerare
1442 1590 1496 1611 non
1517 1582 1654 1611 desistunt
1678 1591 1748 1612 nova
1774 1583 1859 1612 sancti

1013 1628 1132 1665 Spiritus
1152 1628 1288 1657 desideria
1308 1632 1335 1657 et
1356 1629 1466 1666 saepius
1486 1629 1539 1658 sub
1564 1629 1654 1666 specie
1682 1630 1791 1667 pietatis
1818 1630 1860 1658 in-

1013 1674 1134 1704 fundunt
1155 1675 1233 1704 virus
1254 1675 1354 1712 impiae
1369 1675 1533 1713 tepiditatis,
1548 1676 1684 1705 dicentes:
1699 1677 1781 1706 nimis
1801 1685 1859 1705 ma-

1013 1729 1098 1759 gnum
1129 1725 1171 1751 est
1200 1722 1275 1759 quod
1306 1722 1418 1760 incipis,
1450 1723 1532 1752 nimis
1561 1723 1682 1752 arduum
1716 1727 1758 1752 est
1785 1723 1858 1761 quod

1078 1891 1087 1904 ¹
1106 1892 1226 1919 Beruard.,
1252 1892 1322 1920 Epist.
1347 1892 1396 1914 ill.
1415 1899 1437 1914 n.
1454 1892 1483 1914 3:
1504 1901 1515 1912 ιι
1527 1893 1621 1915 Gustato
1646 1892 1740 1921 spiritu,
1766 1899 1859 1917 necesse

1015 1934 1049 1954 est
1065 1931 1171 1959 desipere
1189 1937 1280 1953 carnem
1294 1939 1315 1953 n.
1333 1931 1375 1953 Pro
1392 1930 1475 1960 desipit
1492 1932 1509 1953 Α
1520 1931 1562 1954 BC
1573 1932 1616 1953 DE
1633 1931 1739 1961 desipiat.
1756 1945 1787 1949 —
1804 1933 1860 1955 Sub-

1015 1970 1068 1992 inde
1086 1970 1207 1998 respicitur
1224 1971 1279 1993 Luc.
1297 1970 1319 1997 ·1,
1336 1970 1381 1992 39:
1402 1978 1412 1990 α
1425 1971 1555 1998 Exsurgens
1571 1974 1647 1992 autem
1662 1971 1730 1993 Maria
1742 1971 1764 1993 in
1777 1971 1859 1994 diebus

1015 2009 1057 2031 illis
1074 2009 1130 2032 abiit
1148 2009 1168 2031 in
1186 2012 1295 2031 montana
1308 2018 1330 2031 n.
1348 2009 1370 2031 ln
1383 2015 1452 2038 quem
1466 2010 1542 2031 locum
1556 2010 1616 2032 Beda
1634 2010 1679 2032 ait:
1697 2010 1810 2038 Typicum
1824 2017 1861 2038 pa-

1016 2048 1070 2070 riter
1086 2049 1217 2076 exemplum
1236 2047 1339 2071 tribuens
1351 2047 1454 2077 [Maria]‚
1466 2048 1529 2076 quod
1542 2049 1618 2070 omnis
1630 2049 1720 2075 anima,
1732 2055 1792 2078 quae
1805 2050 1860 2072 Ver-

1015 2086 1072 2109 bum
1098 2087 1139 2109 Dei
1164 2089 1241 2110 mente
1267 2087 1410 2115 conceperit,
1435 2087 1546 2109 virtutum
1571 2087 1647 2109 statim
1665 2088 1723 2110 celsa
1741 2088 1861 2110 cacumina

1015 2132 1097 2154 gressu
1115 2126 1255 2149 conscendat
1271 2126 1358 2148 amoris
1374 2129 1418 2148 etc.
1434 2138 1465 2142 —
1483 2126 1594 2154 Superius
1612 2127 1662 2149 Vat.
1679 2126 1762 2149 omittit
1781 2132 1809 2150 ac
1828 2126 1861 2150 cli-

1015 2165 1129 2188 vium-um
1153 2164 1343 2194 occupationum,
1360 2168 1383 2187 et
1404 2165 1497 2188 inferius
1514 2171 1557 2193 pro
1575 2165 1631 2194 (χαῖα
1645 2167 1700 2195 posi
1716 2165 1788 2189 talem
1811 2166 1860 2194 ipsa

1016 2203 1133 2226 substituit
1148 2205 1202 2233 posi
1218 2203 1342 2233 talemque.

1078 2241 1087 2254 ⁵
1104 2243 1160 2265 Phil.
1178 2243 1204 2272 3,
1223 2243 1259 2265 te.
1276 2255 1306 2259 —
1324 2243 1398 2271 Beda,
1423 2244 1439 2265 l.
1464 2243 1548 2265 Homil.
1571 2243 1664 2271 genuin.
1686 2243 1765 2266 homil.
1787 2244 1809 2265 2.
1829 2243 1861 2271 (in

1015 2283 1072 2305 sesto
1091 2282 1231 2304 Visitatiouis
1248 2282 1273 2304 B.
1289 2282 1318 2304 M.
1336 2281 1426 2310 Virg.):
1444 2282 1512 2304 latrat
1528 2288 1584 2310 crgo
1602 2281 1692 2311 [Maria]
1710 2282 1806 2305 domum
1823 2283 1861 2304 Za-

1016 2322 1108 2344 chariae
1123 2324 1193 2350 atque
1210 2321 1348 2344 Elisabeth...
1366 2324 1391 2344 ut
1408 2322 1499 2344 mulieri
1516 2325 1640 2350 provectae
1656 2322 1735 2344 aetatis
1747 2321 1814 2349 virgo
1830 2322 1862 2344 iu-

1017 2360 1113 2383 vencula
1130 2359 1290 2383 minis-terium
1306 2359 1390 2383 sedula
1407 2359 1557 2389 impenderet.
1574 2372 1604 2376 ——-
1622 2360 1717 2382 hiterius
1731 2361 1780 2382 vat.
1796 2359 1862 2382 omit-

1017 2399 1043 2421 tit
1059 2398 1140 2422 divina
1156 2398 1273 2428 supientia
1290 2398 1411 2422 illumimzt
1427 2400 1460 2427 et,
1480 2405 1540 2428 quae
1556 2399 1624 2421 etiam
1638 2398 1736 2421 subinde
1749 2405 1791 2427 pro
1803 2398 1859 2428 quia

1017 2437 1099 2461 vitellis
1116 2444 1169 2460 cum
1186 2438 1202 2460 F
1219 2437 1337 2460 substituit
1353 2437 1487 2467 multisque.

1080 2476 1090 2489 ὃ
1107 2476 1168 2500 Libr.
1186 2478 1201 2499 l.
1218 2477 1301 2499 l-loniil.
1319 2477 1340 2499 iu
1358 2478 1437 2499 Ezech.
1455 2477 1532 2499 homil.
1559 2477 1581 2499 5.
1605 2483 1626 2498 n.
1653 2477 1680 2503 6,
1705 2476 1745 2498 ubi
1771 2483 1813 2504 pro
1838 2477 1862 2499 in

1017 2522 1101 2539 amore
1120 2515 1225 2539 veritatis
1250 2519 1272 2538 et
1295 2522 1377 2539 amore
1401 2515 1494 2538 divinae
1520 2515 1578 2539 lucis
1604 2519 1677 2538 textus
1698 2515 1816 2543 originalis
1839 2515 1863 2538 ιίι

1017 2560 1125 2577 ociorem
1142 2553 1247 2577 veritatis
1265 2554 1305 2583 (ita
1322 2554 1390 2577 etiam
1410 2555 1469 2583 Vat.)
1487 2557 1509 2577 et
1526 2554 1550 2577 in
1567 2553 1681 2577 desiderio
1700 2554 1766 2577 iucIs.

1080 2591 1088 2604 ⁷
1107 2593 1168 2615 Libr,
1185 2594 1209 2616 ll.
1227 2594 1382 2621 synonymor.
1399 2600 1420 2615 n.
1440 2593 1477 2616 sti.
1496 2593 1561 2621 (alias
1577 2600 1596 2615 c.
1615 2593 1662 2621 8.):
1685 2593 1753 2616 Bonis
1779 2596 1800 2616 te
1825 2594 1862 2616 ad-

1018 2632 1096 2660 iunge,
1108 2631 1223 2655 bonorum
1237 2633 1377 2655 consortium
1390 2636 1481 2660 appete,
1493 2631 1608 2654 bonorum
1621 2633 1752 2655 societatem
1765 2639 1862 2661 quaere;

1017 2671 1105 2694 Sanctis
1122 2671 1242 2694 individue
1259 2672 1365 2694 adhaere.
1384 2672 1406 2694 Si
1425 2671 1494 2694 tueris
1511 2671 1587 2694 socius
1605 2671 1800 2699 conversationis,
1817 2672 1863 2694 eris

1018 2713 1040 2733 et
1056 2710 1155 2733 virtutiS.
1172 2711 1224 2734 Vat.
1247 2717 1300 2733 cum
1317 2711 1333 2733 F
1350 2711 1472 2734 Bonorum
1497 2710 1629 2735 societatem
1653 2710 1749 2740 require
1773 2710 1803 2741 [G
1829 2711 1863 2734 in-

1018 2749 1103 2779 quii-011.
1120 2749 1212 2773 Accidit
1227 2752 1270 2772 etc.

1081 2787 1090 2800 ⁸
1109 2788 1171 2815 Vat.,
1188 2788 1357 2816 refragantibus
1368 2789 1386 2811 A
1396 2789 1412 2810 B
1423 2788 1439 2811 C
1449 2789 1468 2811 D
1477 2789 1504 2815 E,
1517 2788 1616 2811 illm-um
1628 2788 1786 2816 Sanctarum,
1798 2792 1820 2811 et
1832 2789 1863 2811 in-

1020 2827 1090 2849 terius
1107 2826 1164 2850 dum
1181 2833 1338 2856 unaquaeque
1354 2826 1428 2850 aliam
1454 2833 1496 2855 pro
1521 2826 1579 2850 dum
1596 2826 1759 2857 unusquisque
1777 2827 1861 2850 olium.

1019 2865 1062 2888 Pro
1078 2864 1223 2894 provocabat
1239 2866 1256 2888 Α
1267 2866 1283 2888 Β
1293 2865 1309 2888 C
1319 2866 1337 2887 D
1347 2866 1363 2888 E
1377 2867 1500 2895 provocat.

1082 2903 1092 2916 ⁹
1108 2904 1186 2926 Plures
1207 2904 1288 2933 codd.‚
1311 2907 1335 2927 ut
1357 2904 1426 2927 ABC
1438 2905 1466 2933 D,
1493 2905 1529 2927 hic
1546 2907 1568 2927 et
1585 2905 1653 2933 paulo
1672 2905 1765 2928 interius
1788 2904 1862 2928 conci·

1019 2942 1059 2966 lia.
1077 2942 1180 2966 Subinde
1192 2949 1234 2971 pro
1245 2949 1294 2966 non
1310 2942 1425 2967 desistunt
1442 2944 1458 2966 Α
1469 2944 1486 2966 Β
1496 2943 1512 2966 C
1522 2944 1540 2966 D
1551 2944 1566 2966 E
1582 2950 1631 2967 non
1647 2943 1768 2972 desinunt,
1781 2947 1803 2966 et
1819 2950 1862 2972 pro

1020 2981 1105 3012 impiae
1122 2981 1247 3012 repulimus
1263 2983 1280 3005 F
1297 2982 1382 3012 impiae
1398 2982 1540 3012 cupiditatis.

1743 3030 1768 3051 1³

1756 3045 1768 3052 ,Α
