2133 3317
555 207 751 237 OPUSCULUM
771 208 813 236 xl.
836 208 996 237 APOLOGIA
1019 209 1199 238 PAUPERUM.
1221 209 1289 238 CAP.
1310 210 1364 238 ΧΠ.

95 292 123 319 et
148 288 255 325 egenis,
287 294 429 316 annexum
457 285 562 314 habens
588 285 730 322 poenalem
763 285 933 319 cruciatum,

96 343 158 365 cum
179 334 294 367 merito,
316 333 336 362 si
359 333 395 362 sit
415 340 479 361 cum
501 332 647 369 patientia,
669 332 759 368 qualis
779 331 831 360 fuit
859 339 936 360 1060-

95 381 189 411 dicitas
209 380 302 408 Lazari
323 379 442 408 ulcerosi
463 382 491 407 et
512 378 655 415 pauperis,
676 378 790 407 iacentis
814 381 877 407 ante
898 378 936 406 ia—

95 435 175 456 nuam
197 426 288 455 divitis
308 426 471 462 epulonis¹;
493 425 535 454 vel
558 433 620 453 cum
643 427 771 461 peccato,
785 424 807 453 si
823 424 858 453 sit
872 432 935 453 cum

95 473 269 510 impatientia.
292 472 323 500 Et
344 473 415 500 hanc
435 472 605 508 imprecatur
626 471 774 508 Propheta,
794 474 821 500 et
834 471 936 500 abhor-

97 520 173 549 rebat
193 519 301 555 sapiens
321 519 364 547 vir
386 519 414 547 in
435 526 553 555 persona
568 518 683 555 loquens
698 518 817 546 hominis
832 518 936 546 infirmi

94 570 121 596 et
140 566 261 595 timentis
281 573 330 602 per
345 568 492 602 egestatem
516 565 729 593 involuntariam
743 564 777 593 ad
793 564 936 601 impatien-

95 614 158 642 tiam
179 613 313 650 compelli.
335 612 411 641 Unde
432 616 579 649 postquam
601 612 782 648 praemisit2:
799 611 935 640 Mendici-

95 663 178 689 tatem
198 668 233 688 ne
253 659 367 688 dederis
386 658 481 692 mihi,·
509 658 669 695 subiungit:
699 657 740 686 Ne
767 658 936 695 compulsus

93 709 212 743 eye-state
232 705 319 742 furer
340 709 365 733 et
383 705 533 743 peritii-em
553 713 657 733 nomen
677 704 729 733 Dei
741 704 805 732 mei.
822 705 853 733 Et
868 705 935 733 haec

93 755 133 781 est
152 752 264 789 proprie
278 752 350 780 dicta
365 752 553 785 mendicitas,
575 751 654 780 iuxta
676 751 749 788 quod
767 751 833 779 dicit
854 750 935 779 Isido-

57 796 60 798 ’
93 806 141 827 rus
161 798 267 827 decimo
281 798 516 835 Etymologiarum
532 797 603 825 libro
614 797 643 825 ⁸:
663 808 676 822 α
691 797 831 826 Mendicus
845 797 935 825 dictus

92 849 148 880 est,
162 845 241 882 quasi
262 845 355 874 minus
376 845 480 874 habens
501 844 574 873 unde
589 844 684 881 degat,
699 844 743 872 vel
757 844 835 881 quasi
851 851 935 872 mauu

93 892 185 921 dicens
205 892 394 920 necessitatem
418 899 496 920 suam
510 903 537 919 1».

169 939 293 968 Secunda
313 942 370 973 est,
392 946 476 976 quam
498 938 571 975 parit
589 937 755 975 cupiditas,
770 941 797 966 et
812 938 880 966 haec
894 939 935 966 est

0 971 2 982 y
75 986 120 1015 ,111
141 985 311 1022 pauperibus
332 985 484 1019 simulatis,
506 985 610 1013 habens
624 992 765 1013 annexum
780 984 934 1013 cruciatum

93 1031 272 1069 culpabilem,
300 1040 356 1068 quo
379 1034 546 1068 torquentur
566 1039 661 1060 omnes
682 1031 757 1059 avari
779 1033 807 1059 et
827 1030 935 1067 cupidi,

93 1086 146 1107 non
168 1080 223 1106 tam
245 1078 316 1106 fame
338 1078 490 1114 corporalis
504 1077 609 1106 inediae
623 1085 705 1114 quam
722 1077 874 1113 spiritualis
887 1085 935 1106 ne-

92 1125 194 1162 quitiae
215 1132 264 1161 per
285 1124 466 1153 insatiabilem
488 1124 619 1152 avaritiae
640 1123 834 1158 voracitatem,
856 1123 935 1152 iuxta

92 1171 159 1200 illud
180 1171 266 1199 Iob4:
289 1172 461 1199 Attenuetur
481 1170 562 1208 fame
577 1170 668 1198 robur
690 1170 768 1204 eius,
790 1174 814 1199 et
836 1171 934 1199 inedia

92 1217 215 1246 invadat
233 1221 328 1246 costas
349 1217 436 1246 illius.
454 1217 485 1246 Et
499 1218 570 1245 hanc
585 1216 725 1245 dissuadet
740 1217 885 1253 Apostolus
901 1216 934 1245 ad

94 1264 348 1293 Thessalonicenses
358 1264 385 1292 ⁵:
402 1263 519 1293 Nullius
533 1263 646 1302 aliquid
659 1263 845 1297 desideretis;
859 1263 935 1291 Glos-

90 1319 135 1340 sa:
152 1323 165 1336 «
179 1311 299 1340 Necdum
315 1311 418 1348 rogetis
433 1311 475 1339 vel
490 1310 591 1339 tollatis
605 1321 632 1344 »,
649 1310 674 1338 10
695 1318 750 1347 (]110
765 1310 933 1338 desiderium

92 1357 220 1395 prohibet
240 1357 397 1394 cupiditatis
418 1357 458 1386 rei
481 1357 584 1386 alienae
605 1359 632 1385 et
650 1357 809 1393 petitionem
824 1364 860 1385 ex
876 1357 933 1393 ipsa

91 1405 257 1438 venientem,
273 1404 352 1432 iuxta
367 1404 435 1432 illud
456 1404 490 1432 ad
505 1403 635 1440 Ephesios
646 1403 656 1420 ⁶
670 1414 676 1431 :
693 1403 751 1439 Qui
771 1402 935 1440 furabatur

91 1451 152 1479 iam
171 1458 230 1478 non
250 1449 387 1487 furetur,
416 1450 513 1487 magiis
541 1453 638 1478 autent
667 1449 774 1478 laboret
795 1449 934 1477 inanibus

90 1498 153 1526 suis
173 1497 321 1534 operando
343 1500 393 1526 etc.

168 1544 260 1572 Tertia
283 1546 338 1577 est,
361 1551 444 1580 quam
465 1543 538 1579 parit
549 1543 692 1580 piyritia,
714 1547 741 1571 et
764 1543 831 1571 haec
852 1543 935 1571 estin

0 1599 74 1626 lma.
92 1590 282 1627 pauperibus⁷
305 1589 525 1618 mendicantibus
545 1589 642 1618 validis
657 1592 683 1618 et
698 1589 807 1623 otiosis,
831 1589 936 1617 habens

92 1644 232 1666 annexum
260 1644 323 1665 cum
357 1637 482 1665 cruciatu
514 1636 656 1670 solatium,
686 1636 815 1664 vitiosum
845 1639 935 1664 tamen

91 1686 173 1720 atque
188 1683 400 1720 phantasticum.
416 1683 573 1711 Studiosum
588 1683 660 1711 enim
676 1683 842 1719 refugientes
861 1683 935 1711 labo—

92 1737 150 1758 rem
177 1732 204 1758 et
234 1730 348 1759 otiosam
370 1732 532 1766 appetentes
553 1729 737 1763 vacationem,
764 1729 934 1758 fructuosam

91 1776 211 1813 quietem
243 1775 364 1813 perdunt
384 1778 412 1804 et
434 1776 613 1812 perniciosam
635 1775 819 1812 fatigationem
842 1775 935 1804 incur—

92 1826 174 1857 runt,
194 1822 347 1851 secundum
361 1822 428 1851 illud
444 1822 578 1859 Sapientis
589 1822 600 1839 ⁸
613 1833 618 1850 :
636 1822 786 1851 Desideria
801 1822 935 1850 occidunt

90 1869 233 1907 piyrum;
263 1869 418 1897 noluerunt
449 1869 524 1897 enim
554 1869 715 1907 quidquam
743 1877 852 1897 manus
873 1868 936 1897 eius

92 1916 232 1953 operari;
260 1919 287 1945 et
314 1916 436 1945 iterum:
465 1916 591 1953 Propter
620 1914 720 1953 siiyus
738 1915 823 1952 piper
844 1923 937 1943 arare

92 1962 200 1996 noluit,
222 1962 398 1991 mendicabit
418 1971 486 2000 erqo
508 1966 632 1996 aestate,
647 1965 671 1990 et
685 1970 743 1990 non
765 1961 886 1990 ‹tabitm²
900 1961 933 1989 ei.

95 2009 126 2037 Et
145 2009 212 2038 haec
235 2009 397 2038 mendicitas
417 2017 471 2038 non
491 2009 579 2038 solum
595 2009 653 2045 lege
668 2009 775 2042 divina,
791 2008 838 2037 sed
853 2008 936 2037 etiam

96 2056 153 2092 lege
174 2055 269 2084 civili⁹
298 2056 473 2092 prohibetur.
496 2056 528 2084 Et
548 2058 581 2084 ut
600 2055 634 2084 ab
655 2055 706 2083 hac
727 2055 873 2092 Apostolus
893 2062 936 2083 re-

93 2105 186 2137 vocet,
212 2103 334 2132 laborem
363 2103 519 2131 manualem
551 2102 668 2139 iniungit
698 2102 733 2130 ad
764 2101 936 2130 Thessaloni-

93 2157 187 2178 censes
198 2149 231 2183 ²⁰,
253 2157 316 2178 611111
338 2149 393 2178 ait:
417 2149 609 2183 Audivimus,
627 2149 702 2177 inter
722 2156 772 2176 vos
793 2148 935 2186 quosdam

94 2195 247 2224 ambulare
274 2196 413 2234 inquiete,
442 2194 515 2224 nilztt
543 2199 710 2232 operantes,
742 2195 791 2223 sect
822 2194 937 2222 curiose

155 2399 163 2412 ¹
181 2400 235 2422 Luc.
254 2400 295 2427 16,
313 2401 349 2422 20.
367 2406 432 2429 seqq.
664 2399 672 2412 ²
690 2400 756 2422 Prov.
774 2399 815 2426 30,
833 2400 854 2421 8.
871 2402 894 2421 ct
910 2400 933 2421 9.

155 2437 165 2450 ³
182 2439 248 2461 Num.
267 2439 325 2461 '¹762
344 2438 464 2462 Memlicus
482 2439 568 2466 dictus,
585 2439 638 2468 quia
656 2439 732 2461 minus
750 2438 817 2461 habet
831 2439 892 2461 unde
904 2439 935 2460 vi-

97 2480 143 2500 tam
161 2477 239 2505 degat,
257 2477 306 2500 sive
324 2478 377 2506 quia
395 2484 446 2500 mos
463 2481 509 2500 erat
522 2479 584 2506 apud
596 2478 702 2507 antiquos
719 2484 744 2500 os
761 2478 868 2500 claudere
882 2484 935 2505 ege-

96 2522 153 2539 num
170 2519 191 2538 et
208 2522 303 2539 inunum
320 2517 455 2544 extendere,
473 2518 537 2546 quasi
553 2523 627 2540 manu
639 2516 723 2540 dicere.
735 2516 833 2539 —Coa
851 2517 869 2537 G
887 2522 935 2544 per-

95 2561 174 2583 peram
187 2557 245 2578 hauc
257 2556 438 2584 propositionem
450 2562 503 2579 cum
515 2563 563 2585 seq.
576 2557 693 2584 coniungit
705 2559 854 2584 transponens
863 2555 935 2578 verba

96 2594 203 2618 Secunda
222 2596 266 2622 est,
285 2601 357 2624 quam
371 2595 439 2625 parit
450 2595 566 2625 cupiditas
578 2596 607 2618 ad
620 2595 759 2623 principium
772 2595 836 2617 istius
848 2596 870 2617 et
880 2594 936 2617 llaec

96 2634 129 2656 est
145 2633 241 2663 proprie
257 2633 344 2657 dicta...
360 2633 442 2657 minus
465 2633 564 2661 liabens,
587 2633 674 2657 habens
698 2639 821 2656 mmeoeum
846 2632 936 2656 crucin-

93 2673 143 2695 tum
160 2676 204 2695 etc.

156 2710 165 2723 ⁴
184 2710 238 2739 Cap.
258 2712 298 2739 18,
319 2713 353 2734 Ἰ12.
366 2711 414 2734 Csr.
427 2712 534 2739 Gregor.‚
548 2712 607 2734 XlY.
620 2712 694 2734 Moral.
707 2718 726 2733 c.
740 2712 775 2734 15.
793 2717 815 2733 n.
834 2711 870 2733 117,
887 2717 935 2739 seq.

158 2748 167 2762 ⁶
183 2750 253 2777 Epist.
271 2750 285 2772 Ι.
303 2756 321 2772 6.
340 2750 366 2777 4,
386 2751 422 2772 Μ.
439 2762 470 2767 -
486 2750 564 2772 Glossa
582 2753 616 2772 cst
633 2749 774 2772 01·c{incu·ia.·
792 2749 855 2777 Opus
869 2755 935 2776 agen-

97 2787 154 2811 dum
179 2792 224 2817 est,
250 2795 296 2811 non
322 2789 467 2811 otiandum...
490 2792 511 2811 et
528 2795 572 2811 non
590 2787 750 2811 desiderabitis
767 2794 815 2810 rem
833 2788 936 2815 alterius,

96 2827 180 2850 nedum
198 2828 284 2855 rogetis
301 2829 337 2850 vel
354 2828 443 2851 tollatis.
461 2828 506 2851 cfr.
523 2831 577 2850 tom.
597 2828 623 2850 V.
642 2834 695 2855 pag.
714 2827 770 2855 434,
787 2830 838 2850 nota
857 2828 878 2849 8.

157 2865 167 2878 θ
182 2865 237 2895 Cap.
256 2867 282 2894 11,
299 2868 336 2889 28.

158 2904 166 2917 ⁷
184 2905 256 2928 Codd.
273 2905 315 2928 BC
327 2906 344 2928 D
361 2906 468 2928 omittunt
482 2905 634 2935 pauperibus.

157 2942 166 2955 ¹³
184 2944 251 2966 l‘rov.
269 2945 306 2971 ⁴21,
323 2944 366 2972 255,
384 2948 435 2972 post
452 2951 522 2973 quem
540 2945 582 2972 20,
602 2944 627 2971 4,
649 2943 687 2966 ubi
706 2950 747 2972 pro
764 2945 851 2967 aestate
867 2944 935 2966 ctiam

96 2985 172 3005 contra
192 2983 313 3011 Vulgatam
331 2982 471 3005 substituunt
488 2983 538 3005 Vat.
556 2986 578 3005 61
595 2983 630 3005 ed.
649 2983 662 3005 2
679 2983 785 3011 eyestate.

1780 210 1835 239 325

992 290 1124 324 ayeittes,·
1145 285 1191 315 liis
1212 291 1326 321 autem,
1348 288 1400 326 qui
1419 288 1562 316 eiusmodi
1580 291 1663 322 sunt,
1683 288 1837 316 denuntia-

992 341 1075 367 mztS,
1091 337 1123 361 ut
1137 342 1204 362 cuin
1218 334 1330 363 silentio
1352 340 1503 371 operantes
1514 343 1622 371 panem
1642 343 1732 363 suum
1752 342 1837 362 mart-

992 379 1103 407 (lucent.
1120 380 1205 409 Cuius
1219 381 1338 409 mandati
1360 381 1489 409 Glossall
1512 381 1646 410 rationem
1668 381 1773 415 reddit,
1795 381 1836 409 di-

992 433 1075 454 cens:
1102 437 1116 450 (ι
1130 427 1181 462 Qui
1203 427 1236 455 ad
1258 427 1373 456 alienam
1396 435 1518 456 mensam
1540 427 1701 465 frequenter
1716 427 1834 462 accedit,

992 472 1047 500 otio
1068 472 1193 507 deditus,
1215 482 1325 503 necesse
1347 478 1388 503 est
1408 474 1537 503 aduletur
1558 475 1680 511 pascenti
1701 482 1730 503 se
1745 486 1771 502 n.

1071 520 1117 547 ⁶27.
1139 520 1244 556 Quarta
1265 523 1321 554 est,
1344 529 1426 557 quam
1448 521 1521 558 parit
1541 521 1707 555 industria,
1728 521 1837 550 6111066

992 568 1033 593 est
1055 565 1082 594 in
1104 566 1273 602 pauperibus
1295 567 1424 596 studiosis
1445 567 1518 596 circa
1538 567 1709 604 disciplinam
1731 568 1837 596 schola-

992 611 1088 640 sticam
1110 613 1266 649 occupatis,
1290 614 1394 642 habens
1414 622 1554 642 annexum
1571 622 1634 643 cum
1649 614 1774 643 cruciatu
1790 622 1837 651 pe-

992 658 1089 687 nuriae
1111 659 1238 688 solatium
1255 660 1378 689 veritatis
1393 661 1420 688 in
1436 664 1527 689 mente
1540 661 1578 695 ²2,
1593 669 1664 698 quae
1678 661 1746 689 adeo
1760 668 1836 690 men—

992 707 1032 733 tes
1053 713 1201 741 generosas
1222 706 1355 741 oblectat,
1377 710 1408 735 ut
1428 708 1507 736 multi
1529 707 1587 736 dies
1602 708 1742 736 aerumnis
1756 711 1783 736 et
1798 708 1836 736 la-

991 751 1107 780 boribus
1121 752 1192 788 pleni
1209 753 1321 781 iucundi
1338 753 1482 782 videantur
1500 756 1528 782 et
1546 754 1625 790 pauci
1647 762 1713 791 prae
1731 754 1837 791 magni—

992 798 1086 827 tudine
1107 798 1274 833 dilectionis,
1293 800 1454 836 maluntque
1475 808 1534 829 eam
1557 808 1620 829 cum
1643 801 1746 829 rubore
1762 808 1836 829 [060-

991 843 1106 873 dicando
1127 845 1267 874 addiscere
1288 854 1372 883 quam
1401 846 1515 876 delicate
1545 847 1662 876 vivendo
1689 847 1835 884 ignorare;

991 891 1064 928 quod
1087 891 1113 920 in
1135 892 1263 928 pluribus
1285 893 1420 927 vidimus,
1436 894 1498 930 qui,
1514 901 1577 922 cum
1599 893 1778 922 mendicando
1796 894 1836 922 di-

991 937 1123 971 dicerint,
1147 941 1240 974 postea
1262 947 1393 976 magnum
1415 940 1505 968 locum
1530 940 1557 968 in
1579 940 1698 968 Ecclesia
1721 940 1768 968 Dei
1797 943 1836 969 te-

991 987 1121 1012 nuerunt.
1146 985 1176 1013 Et
1198 985 1231 1013 de
1252 985 1354 1014 talibus
1380 987 1549 1023 Augustinus
1569 986 1603 1015 de
1625 986 1715 1023 Opere
1742 994 1836 1015 mona-

991 1030 1107 1058 chorum
1121 1031 1144 1048 ¹³
1165 1031 1246 1065 dicit,
1268 1032 1341 1069 quod
1357 1033 1396 1061 eis
1422 1044 1435 1057 «
1450 1033 1522 1061 bona
1536 1041 1620 1069 opera
1635 1033 1757 1061 fidelium
1772 1033 1836 1061 sub-

992 1076 1059 1105 sidio
1074 1078 1290 1114 supplendorum
1306 1079 1526 1108 necessariorum
1541 1079 1635 1108 deesse
1649 1088 1703 1108 non
1718 1080 1835 1113 debent,

991 1132 1054 1153 cum
1077 1124 1109 1152 ad
1132 1125 1315 1154 erudiendum
1337 1126 1460 1154 animum
1481 1127 1519 1155 ita
1540 1130 1653 1160 vacant,
1682 1129 1714 1155 ut
1739 1134 1836 1163 corpo-

994 1170 1062 1198 ralia
1084 1171 1242 1199 huiusmodi
1264 1180 1348 1208 opera
1368 1172 1402 1200 ab
1424 1172 1490 1209 ipsis
1510 1173 1568 1209 geri
1590 1181 1644 1201 non
1666 1173 1815 1209 possint».

1070 1217 1171 1253 Quinta
1191 1221 1248 1252 est,
1271 1226 1354 1255 qnam
1377 1219 1448 1255 parit
1469 1219 1600 1252 iustitia,
1622 1222 1649 1247 et
1671 1219 1738 1247 haec
1753 1219 1836 1248 estin

996 1263 1167 1300 pauperibus
1196 1264 1373 1299 voluntariis,
1403 1265 1574 1294 immunibus
1599 1265 1634 1294 ab
1654 1273 1747 1294 amore
1768 1269 1836 1294 tem-

993 1310 1094 1347 poralis
1124 1310 1193 1339 lucri
1222 1315 1249 1339 et
1277 1314 1388 1348 torpore
1411 1312 1569 1348 temporalis
1589 1312 1707 1349 quietis,
1732 1312 1836 1341 habens

991 1365 1132 1385 annexum
1155 1365 1217 1386 cum
1234 1358 1359 1386 cruciatu
1374 1358 1501 1387 solatium
1518 1358 1672 1387 virtuosum
1687 1362 1714 1387 et
1729 1366 1836 1393 verum,

992 1410 1043 1438 pro
1065 1411 1097 1431 60
1119 1404 1191 1440 quod
1214 1404 1252 1432 sic
1276 1404 1462 1433 mendicantes
1483 1405 1568 1433 solius
1581 1408 1729 1433 moventur
1743 1413 1837 1434 amore

996 1450 1167 1486 paupertatis
1187 1453 1347 1484 extremae,
1371 1459 1452 1487 quam
1475 1451 1535 1480 ideo
1557 1452 1778 1488 amplectuntur,
1806 1455 1838 1480 ut

993 1495 1107 1524 liberius
1131 1497 1279 1533 sapientiae
1295 1501 1391 1525 vacent
1405 1501 1432 1526 et
1446 1498 1584 1527 efficacius
1601 1498 1635 1526 ad
1657 1499 1765 1527 culmen
1781 1498 1837 1526 vir—

992 1542 1060 1571 tutis
1082 1543 1233 1580 attingant,
1255 1547 1394 1580 quatenus
1414 1544 1445 1572 iii
1459 1545 1575 1573 camino
1585 1545 1772 1582 paupertatis
1786 1545 1837 1573 ete-

992 1588 1032 1617 eti
1042 1590 1065 1605 ¹4
1082 1589 1168 1625 ipsius
1183 1590 1299 1626 penuria
1311 1594 1479 1627 puryentztr
1493 1599 1509 1619 a
1523 1591 1652 1626 crimine,
1667 1591 1754 1628 ipsius
1772 1599 1836 1620 eru*

995 1635 1134 1663 hescentia
1163 1634 1354 1664 lmmtlz'eouur
1382 1636 1409 1664 in
1438 1637 1535 1671 corde,
1564 1637 1651 1674 ipsius
1670 1637 1837 1674 parsimonia

993 1682 1193 1718 castificemur
1214 1683 1242 1711 in
1264 1691 1362 1716 carne,
1378 1684 1464 1720 ipsius
1478 1684 1576 1712 devota
1589 1684 1756 1721 gratitudine
1771 1693 1836 1712 con-

992 1728 1129 1756 cilientur
1151 1729 1184 1757 ad
1207 1730 1384 1766 proximum,
1411 1730 1497 1767 ipsius
1525 1730 1734 1759 condescensiva
1760 1731 1836 1759 beni—

991 1774 1095 1811 gnitate
1128 1775 1349 1813 coiifiyuremur
1376 1776 1409 1805 ad
1437 1777 1593 1811 Christum,
1619 1777 1705 1814 ipsius
1726 1777 1836 1806 sublimi

992 1821 1154 1850 celsitudine
1174 1831 1294 1851 sursum
1317 1827 1447 1860 affantur
1468 1824 1495 1852 10
1516 1824 1612 1852 Deum.

1075 1869 1120 1896 ⁹28.
1143 1869 1221 1904 Quod
1242 1872 1334 1897 autem
1357 1872 1506 1906 paupertas
1523 1870 1671 1907 penuriosa
1691 1874 1718 1899 et
1740 1871 1836 1899 volun-

995 1914 1068 1942 taria
1089 1915 1247 1943 huiusmodi
1270 1916 1406 1944 efficacias
1426 1916 1540 1950 habeat,
1562 1925 1645 1953 supra
1667 1917 1836 1946 declaratum

994 1966 1035 1989 est
1057 1969 1106 1998 per
1129 1962 1291 1991 Sanctorum
1313 1963 1492 1992 auctoritates
1511 1963 1545 1992 de
1566 1963 1646 1992 laude
1666 1964 1836 2001 paupertatis

992 2007 1090 2036 tertiae
1112 2009 1296 2045 responsionis
1313 2010 1448 2046 particula
1462 2012 1601 2046 postrema
1613 2010 1650 2044 ¹⁵;
1666 2019 1835 2047 quamquam

993 2054 1088 2083 nullus
1109 2062 1174 2083 sane
1196 2055 1351 2092 intelligens
1371 2056 1498 2085 dubitare
1518 2059 1616 2093 queat,
1636 2057 1703 2094 quin
1719 2057 1836 2094 penuria

993 2104 1109 2137 purget,
1132 2101 1324 2130 erubescentia
1340 2102 1481 2137 humiliet,
1501 2103 1668 2140 parsimonia
1688 2103 1834 2139 castificet,

993 2147 1132 2184 gratitudo
1153 2148 1313 2185 accipientis
1336 2149 1498 2178 beneficium
1514 2150 1679 2179 benefactori
1695 2151 1834 2185 conciliet,

995 2194 1192 2223 condescensio
1207 2194 1383 2232 benignitatis
1397 2196 1550 2233 configuret
1565 2196 1597 2225 ad
1612 2196 1766 2231 Christum,
1777 2198 1835 2234 qui,

1055 2398 1064 2411 ¹'
1081 2399 1136 2422 Cod.
1155 2399 1193 2422 lib.
1212 2400 1249 2422 xl.
1268 2400 1300 2422 tit.
1320 2400 1358 2422 ⁴25.
1376 2400 1425 2427 lege
1443 2400 1510 2422 unica
1528 2399 1622 2423 Cunctis
1644 2406 1702 2429 quos
1719 2400 1744 2423 iu
1758 2399 1836 2430 publi-

993 2444 1061 2463 cum.
1081 2439 1103 2461 in
1120 2439 1218 2461 Authen.
1237 2439 1281 2461 Csr.
1299 2441 1354 2461 tom.
1372 2439 1399 2461 V.
1417 2444 1470 2466 pag.
1489 2438 1546 2467 435,
1563 2442 1616 2461 nota
1634 2440 1656 2461 6.

1056 2476 1075 2489 ²0
1092 2477 1162 2505 Epist.
1181 2478 1204 2500 ll.
1223 2483 1241 2499 6.
1260 2478 1286 2504 3,
1309 2478 1341 2499 ll.
1359 2483 1408 2506 seq.
1425 2477 1470 2500 Ct'r.
1487 2483 1557 2505 supra
1574 2483 1627 2505 pag.
1646 2478 1702 2506 320,
1719 2481 1772 2500 nota
1789 2478 1810 2500 5.

1056 2515 1073 2528 ¹¹
1092 2516 1181 2538 Scilicet
1197 2515 1321 2539 ordinaria
1340 2516 1362 2538 in
1380 2523 1403 2538 v.
1421 2517 1443 2539 5.
1462 2516 1524 2544 apud
1542 2516 1600 2539 Petr.
1617 2516 1740 2539 Lombard.
1757 2520 1779 2539 et
1796 2517 1836 2544 Ly·

995 2561 1077 2577 ranum
1096 2557 1132 2581 (ex
1149 2554 1278 2577 Comment.
1297 2555 1351 2577 olim
1369 2554 1491 2578 Ambrosio
1509 2554 1634 2584 attributo).
1659 2555 1704 2578 Cl'r.
1730 2559 1784 2578 tom.
1807 2556 1834 2578 V.

993 2600 1046 2621 pag.
1066 2594 1122 2620 1135,
1139 2596 1191 2616 nota
1209 2594 1230 2616 3.

1057 2632 1075 2645 ¹²
1093 2633 1121 2655 lta
1139 2633 1183 2655 BD
1194 2634 1226 2660 G,
1246 2633 1299 2656 edd.
1316 2632 1421 2656 veritatis
1439 2633 1552 2656 inventae.
1569 2633 1665 2656 Interius
1676 2639 1718 2661 pro
1730 2639 1785 2656 cum
1796 2640 1835 2657 ru·

993 2671 1048 2695 bore
1065 2672 1220 2695 mendicando
1238 2673 1255 2694 B
1274 2678 1331 2695 cum
1347 2671 1435 2695 rubore
1451 2671 1601 2695 viendicandt
1617 2672 1645 2701 (G
1661 2672 1836 2701 mendicitatis).

1056 2710 1075 2723 ¹³
1092 2711 1147 2739 Cap.
1168 2711 1203 2734 17.
1222 2717 1243 2733 n.
1261 2712 1302 2734 20:
1320 2711 1354 2734 Ad
1367 2712 1411 2733 hoc
1423 2711 1483 2734 enim
1496 2714 1518 2734 et
1529 2711 1565 2733 illa
1578 2711 1639 2734 bona
1651 2717 1722 2739 opera
1734 2712 1836 2735 fidelium

993 2750 1096 2772 subsidio
1114 2749 1298 2777 supplendorum
1316 2749 1498 2772 necessariorum
1520 2749 1601 2772 deesse
1625 2755 1670 2772 non
1691 2749 1787 2776 debent,
1811 2752 1835 2772 ut

993 2789 1075 2816 horae,
1093 2787 1178 2817 quibus
1195 2788 1224 2811 ad
1239 2787 1392 2810 erudiendum
1405 2787 1508 2810 animum
1520 2787 1551 2809 ita
1563 2790 1669 2815 vacatur,
1681 2790 1706 2810 ut
1717 2787 1753 2810 illa
1764 2793 1835 2816 opera

992 2827 1117 2855 corporalia
1136 2827 1184 2855 geri
1202 2833 1246 2849 non
1264 2827 1365 2855 possint,
1382 2833 1426 2849 non
1443 2826 1576 2854 opprimant
1591 2829 1700 2854 egestate.

1056 2864 1074 2878 ¹⁴²
1092 2865 1140 2888 lsai.
1159 2865 1200 2892 48,
1219 2866 1263 2888 1οε
1282 2866 1350 2892 Ecce,
1367 2866 1442 2888 excoxi
1455 2868 1487 2892 te,
1500 2865 1541 2888 sed
1557 2871 1604 2887 nou
1621 2865 1686 2894 quasi
1699 2868 1834 2894 argentum,

992 2905 1051 2933 elegi
1071 2908 1092 2927 16
1110 2905 1132 2927 10
1149 2904 1240 2927 camino
1258 2905 1409 2932 paupertatis.
1426 2904 1471 2927 Csr.
1488 2910 1557 2933 supra
1576 2911 1630 2933 pag.
1645 2905 1703 2932 286,
1716 2908 1767 2927 uota
1781 2905 1801 2927 l.
1813 2907 1835 2927 et

993 2949 1046 2971 pag.
1065 2943 1122 2972 299,
1140 2946 1191 2966 nota
1209 2943 1230 2965 5.

1056 2981 1074 2996 ¹⁶
1092 2982 1145 3005 Sive
1162 2988 1182 3005 c.
1199 2982 1220 3004 9.
1238 2988 1259 3004 n.
1279 2983 1315 3004 113.
1333 2988 1398 3011 seqq.

1856 526 1884 546 De
1897 528 1969 550 quarta.

1852 1225 1880 1244 De
1897 1226 1968 1249 quinta.

1852 2020 1933 2047 Effectus
1947 2025 1979 2044 pe-

1876 2048 1948 2063 ΠΠΠΕΘ.
