2133 3317
121 609 206 629 Obiectio
216 614 245 628 re-

144 633 221 652 reuitur.

120 988 242 1012 Augustinus.

126 2308 187 2335 Etiam
201 2308 251 2334 exte-

119 2337 159 2350 rior
171 2336 250 2355 penuria

120 2357 149 2374 est
161 2355 219 2373 utilis.

257 243 313 272 ⁶298

257 324 284 351 61
305 321 459 350 obedientia
481 323 610 357 respectu
641 319 835 356 superiorum,
857 326 921 348 cum
944 318 1002 355 ipse
1027 318 1107 347 Chri-

257 371 317 398 stus
338 367 480 404 discipulis
511 366 754 401 contendentibus,
776 366 843 404 quis
873 374 976 394 eorum
997 366 1107 395 videre—

257 419 307 444 tur
328 423 386 443 esse
407 413 518 448 maior,
534 413 561 442 in
577 413 713 442 Matthaeo
726 414 735 430 ¹
761 413 941 450 respondeat:
969 413 1108 449 Quicum-

257 471 311 501 que
332 460 533 490 humiliaverit
562 469 592 488 se
612 460 690 488 sicut
717 460 867 497 parvulus
887 460 953 495 iste,
980 459 1026 489 ltie
1044 469 1108 489 ma-

257 509 304 537 ior
324 512 366 537 est
385 508 417 536 in
438 516 527 545 reyno
549 506 706 536 caelorum.

340 556 383 583 102.
406 554 508 591 Quodsi
540 554 611 582 forte
632 553 696 591 quis
726 553 814 588 dicat,
847 553 918 583 sicut
949 556 977 583 61
1008 554 1059 583 1316
1080 554 1109 583 111

258 601 493 639 consequentibus
514 603 632 630 conatur
653 604 793 635 astruere,
816 601 868 630 1106
889 601 924 630 ad
940 601 1108 630 humiliatio-

258 657 320 678 nem
343 648 516 685 spiritualem
538 650 565 676 et
586 647 764 682 interiorem,
786 656 840 676 non
869 647 904 676 ad
935 647 1108 685 corporalem

258 698 286 725 et
306 696 476 725 exteriorem
498 695 600 724 debere
621 695 737 730 referri;
759 703 815 723 non
836 695 975 724 modicum
997 695 1108 732 desipit,

257 751 321 772 cum
333 743 531 772 universorum
544 743 683 780 Muyister
694 746 718 771 ct
728 742 871 771 Dominus
882 751 937 771 non
952 743 1042 772 solum
1054 742 1109 779 spi-

258 790 382 824 ritualis,
398 790 445 819 sed
461 793 488 818 et
503 789 655 826 corporalis
670 789 872 818 humiliationis
886 790 1015 827 exempla
1030 797 1109 826 prae-

258 837 366 872 buerit,
389 837 500 874 quando
521 837 722 873 discipulorum
755 837 838 874 pedes
859 837 927 866 lavit
947 840 974 866 et
996 837 1075 866 tersit
1089 837 1109 872 ²,

258 884 305 913 ubi
328 887 355 913 et
373 884 460 913 dixit:
486 883 655 921 Exemplum
671 883 738 912 (ledi
751 883 845 918 vobis,
862 887 908 918 ut,
924 884 1111 922 quemadmo—

260 932 331 961 dum
352 940 402 969 eyo
423 930 482 969 feci
511 931 602 965 vobis,
625 931 668 959 ita
699 935 724 959 et
751 940 802 959 vos
830 930 960 969 faciatis.
994 931 1032 959 De
1053 939 1109 968 quo

260 979 430 1016 Augustinus
459 978 572 1007 homilia
603 978 835 1015 quinquagesima
857 978 993 1015 quintass:
1020 978 1111 1007 «Pas-

260 1034 345 1056 surus
366 1026 494 1055 Christus
515 1025 616 1060 exitia,
646 1025 788 1062 praemisit
816 1025 950 1063 obsequia
981 1033 1036 1054 non
1068 1033 1111 1054 so-

260 1074 318 1102 lum
340 1073 392 1107 613,
414 1081 465 1109 [110
497 1072 601 1109 quibus
628 1075 689 1101 6131
721 1072 868 1101 subiturus
897 1074 1031 1106 mortem,
1064 1071 1111 1100 sed

261 1121 343 1150 etiam
366 1120 402 1148 illi
433 1120 480 1157 qui
513 1127 577 1148 eum
609 1119 701 1148 fuerat
729 1119 886 1148 traditurus
916 1119 950 1148 ad
983 1121 1110 1148 mortem.

260 1169 347 1197 Tanta
368 1167 471 1205 quippe
493 1170 534 1196 est
562 1167 700 1196 humanae
732 1166 897 1195 humilitatis
928 1166 1048 1201 utilitas,
1080 1168 1112 1194 ut

260 1223 320 1244 eam
343 1222 394 1243 suo
416 1213 624 1243 commendaret
645 1214 774 1250 exemplo
801 1213 884 1242 etiam
912 1213 1005 1242 divina
1026 1212 1112 1241 subli-

260 1262 357 1296 mitas,
379 1261 445 1299 quia
476 1261 560 1290 homo
592 1261 732 1298 superbus
753 1260 781 1289 in
813 1263 959 1289 aeternum
991 1260 1111 1297 periret,

260 1309 311 1338 nisi
334 1317 398 1338 eum
420 1309 494 1338 Deus
516 1308 630 1337 humilis
657 1308 795 1337 inveniret
806 1308 826 1336 4.
853 1308 975 1336 Perierat
1002 1310 1111 1341 autem,

261 1356 420 1393 superbiam
442 1355 598 1392 deceptoris
612 1358 734 1389 secutus,
750 1357 782 1383 ut
797 1355 982 1383 humilitatem
998 1354 1113 1383 Redem-

261 1403 350 1441 ptoris
382 1405 517 1440 sequatur
549 1402 679 1431 inventus
698 1414 725 1430 ».
760 1413 774 1427 α
793 1402 937 1431 Discanius
949 1402 969 1436 ⁵,
998 1402 1112 1436 fratres,

261 1450 446 1479 humilitatem
468 1450 502 1478 ab
528 1449 658 1484 Excelso,
681 1449 814 1478 faciamus
846 1449 963 1478 invicem
992 1449 1113 1478 humiles

261 1497 336 1535 quod
358 1497 503 1526 humiliter
524 1496 589 1525 fecit
611 1496 752 1525 Excelsus.
776 1497 872 1533 Magna
893 1499 934 1525 est
956 1497 1024 1525 haec
1039 1504 1113 1525 com-

262 1544 401 1574 mendatio
424 1544 597 1573 humilitatis.
629 1544 743 1572 Faciunt
771 1544 824 1572 hoc
845 1543 896 1572 sibi
919 1543 1037 1572 invicem
1058 1543 1114 1571 fra-

262 1594 319 1621 tres
340 1592 422 1620 etiam
445 1599 529 1628 opere
551 1591 610 1628 ipso
631 1591 748 1625 visibili,
771 1598 835 1619 cum
864 1598 893 1619 se
925 1591 1042 1619 invicem
1064 1591 1114 1619 ho-

263 1639 344 1676 spitio
366 1638 513 1675 recipiunt.
536 1638 612 1667 Unde
633 1641 660 1666 et
681 1638 839 1675 Apostolus,
855 1646 918 1666 cum
940 1638 1010 1666 bene
1033 1637 1114 1666 meri-

262 1689 318 1715 tam
340 1685 451 1714 viduam
474 1685 696 1714 commendaret:
720 1685 753 1713 Si
780 1683 920 1721 hospitio,
942 1684 1048 1721 inquit,
1070 1693 1114 1712 re-

262 1733 352 1770 cepit,
373 1732 402 1761 si
420 1735 593 1760 sanctorum
624 1732 708 1769 pedes
740 1731 818 1760 lavit.
849 1731 880 1760 Et
901 1731 974 1768 apud
1006 1734 1115 1760 sanctos

262 1780 433 1816 ubicumque
462 1779 530 1808 11366
561 1778 733 1808 consuetudo
761 1787 816 1807 non
845 1782 901 1813 est,
934 1778 1009 1815 quod
1031 1786 1115 1807 manu

262 1836 317 1856 non
338 1827 444 1856 faciunt
464 1826 547 1855 corde
568 1826 710 1861 faciunt⁶;
734 1826 822 1854 multo
843 1829 937 1855 autem
956 1829 997 1855 est
1016 1826 1115 1855 melius

262 1878 290 1904 et
311 1875 369 1903 sine
391 1873 596 1908 controversia,
619 1876 651 1902 ut
672 1873 755 1902 etiam
776 1873 906 1902 manibus
934 1873 991 1907 fiat,
1014 1881 1048 1902 ne
1069 1873 1116 1902 de-

263 1921 393 1959 dignetur
415 1920 490 1958 quod
512 1920 576 1949 fecit
591 1920 719 1949 Christus
734 1920 825 1949 facere
840 1920 1023 1949 Christianus.
1046 1920 1114 1949 Cum

263 1969 336 1997 enim
358 1968 391 1997 ad
414 1968 497 2005 pedes
518 1968 613 1996 fratris
634 1968 784 1996 inclinatur
800 1976 919 2005 corpus,
935 1968 1017 1996 etiam
1033 1967 1116 1996 corde

263 2016 323 2053 ipso
346 2016 388 2045 vel
410 2015 566 2049 excitatur,
588 2015 647 2049 vel,
670 2015 691 2043 si
720 2015 774 2043 iam
807 2015 910 2049 inerat,
933 2015 1115 2043 confirmatur

263 2062 351 2099 ipsius
360 2062 526 2091 humilitatis
540 2062 690 2091 affectus».
703 2062 748 2091 His
760 2062 905 2098 Augustini
920 2061 1013 2090 verbis
1024 2064 1115 2090 osten-

264 2109 356 2144 ditur,
378 2109 452 2146 quod
474 2109 631 2138 humiliatio
652 2108 779 2138 exterius
794 2108 865 2137 facta
879 2109 906 2137 in
922 2116 1039 2145 corpore
1054 2109 1116 2145 plu-

265 2156 368 2185 rimum
392 2156 500 2185 confert
521 2156 555 2185 ad
576 2156 774 2193 perfectionem
798 2163 879 2184 verae
900 2155 1067 2184 humilitatis
1087 2155 1116 2184 in

265 2203 356 2232 corde.

347 2250 391 2279 «13.
416 2251 466 2279 Per
489 2251 563 2279 hunc
595 2250 677 2279 etiam
710 2250 824 2279 modum
856 2249 982 2278 exterior
1013 2257 1114 2277 rerum

264 2298 411 2335 penuria,
434 2305 605 2335 quamquam
620 2297 654 2326 de
676 2305 704 2325 se
720 2297 847 2325 videatur
863 2296 981 2331 inutilis,
997 2304 1117 2333 pauper-

267 2346 315 2374 tati
337 2348 429 2374 tamen
453 2345 568 2382 spiritus
593 2345 703 2379 11111613,
725 2352 780 2373 11011
813 2344 903 2373 30111111
926 2344 1013 2380 ipsius
1033 2346 1118 2380 auget

265 2392 411 2427 meritum,
444 2392 491 2421 sed
519 2394 547 2421 et
574 2391 647 2420 valet
674 2391 709 2420 ad
736 2391 869 2428 plurimag
898 2393 1013 2428 propter
1041 2390 1115 2427 quod

266 2442 341 2469 recte
363 2439 524 2477 designatur
546 2447 597 2476 per
617 2438 802 2476 evangelicam
829 2438 903 2466 illam
929 2437 1117 2474 margaritam,

735 240 933 270 OPUSCULUM
955 240 996 269 XI.
1019 240 1181 270 APOLOGIA
1202 241 1385 270 PAUPERUM.
1406 241 1474 270 CAP.
1497 241 1539 270 IX.

1164 327 1236 357 quae
1257 322 1349 349 1311136
1370 319 1549 357 pretiositatis
1570 322 1627 354 est,
1646 322 1678 348 ut
1692 327 1743 356 pro
1764 319 1811 348 illa
1831 319 1946 348 emenda
1959 319 2014 349 dis-

1164 366 1300 396 trahenda
1320 367 1375 395 sint
1395 367 1488 395 omnia
1499 367 1518 395 ⁷.

1243 414 1322 443 Valet
1342 414 1415 443 enim
1436 414 1509 443 inter
1529 414 1583 443 alia
1603 413 1759 451 specialiter
1780 413 1814 442 ad
1828 416 1958 451 quatuor,
1973 413 2012 443 vi-

1165 460 1263 490 delicet
1283 461 1318 489 ad
1339 460 1545 489 exterminium
1573 460 1755 499 iniquitatis,
1777 460 1811 489 ad
1842 460 2012 489 exercitium

1162 506 1310 545 perfectae
1339 507 1475 541 virtutis,
1506 507 1540 536 ad
1569 508 1781 544 possessionem
1811 507 1943 535 internae
1968 507 2014 535 iu-

1166 554 1326 583 cunditatis
1346 558 1373 583 et
1394 554 1428 583 ad
1446 554 1672 591 publicationem
1695 554 1877 592 evanqelicae
1895 554 2016 591 praedi-

1166 601 1299 630 cationis

1248 649 1292 677 ili.
1316 648 1393 676 Valet
1414 647 1505 684 primo
1529 647 1564 676 ad
1595 647 1802 676 exterminium
1830 647 2015 685 iniquitatis,

1167 696 1289 733 primum
1312 695 1423 732 quidem
1438 697 1553 731 propter
1568 694 1762 731 expiationem
1774 697 2017 732 perpetratarum

1167 742 1335 779 culparum.
1368 742 1414 771 Est
1445 742 1518 771 enim
1550 741 1676 770 caminus
1704 741 1816 778 quidam
1846 749 1969 778 purgans
1990 743 2018 770 et

1167 790 1312 819 eliminans
1332 789 1428 818 sordes
1449 788 1597 822 vitiorum,
1619 788 1700 817 iuxta
1720 788 1789 817 illud
1804 787 2019 826 1saiae³21Ele9t

1168 840 1192 865 te
1213 837 1245 865 in
1273 836 1389 865 camino
1419 835 1615 873 paupertatis.
1645 835 1724 872 Quod
1753 835 1876 864 maxime
1906 834 1940 864 de
1971 834 2018 863 illa

1168 887 1332 922 paupertate
1356 884 1438 912 habet
1459 883 1591 920 intelligi,
1613 890 1685 920 quae
1706 891 1761 911 non
1790 885 1898 911 tantum
1919 882 2018 911 volun-

1168 935 1252 960 tatem
1274 931 1401 959 interius
1422 938 1472 967 per
1494 938 1591 959 rerum
1606 932 1795 966 contemptum
1810 929 1904 963 afficit,
1919 937 2019 958 verum

1169 979 1251 1008 etiam
1273 986 1375 1015 corpus
1395 985 1445 1014 per
1467 977 1612 1014 penuriam
1634 976 1763 1005 exterius
1783 976 1888 1013 affligit.
1911 976 1949 1005 De
1963 984 2019 1013 qua

1169 1025 1321 1063 Gregorius
1342 1025 1369 1053 in
1392 1024 1505 1053 homilia
1526 1024 1559 1053 de
1581 1025 1683 1053 Lazaro
1704 1027 1732 1053 et
1756 1023 1879 1053 diviteff’:
1905 1035 1919 1049 «
1934 1023 2019 1058 Mala,

1169 1073 1275 1110 inquit,
1298 1072 1391 1100 Lazari
1412 1071 1543 1109 purgavit
1564 1071 1634 1108 ignis
1666 1071 1789 1108 inopiae,
1811 1073 1838 1099 et
1859 1070 1931 1099 bona
1951 1069 2020 1099 divi-

1169 1120 1205 1149 tis
1226 1119 1417 1148 remuneravit
1438 1118 1554 1147 felicitas
1576 1118 1746 1147 transeuntis
1761 1118 1841 1146 vitae.
1858 1117 1936 1146 Illum
1951 1125 2020 1154 pau-

1170 1170 1263 1204 pertas
1284 1166 1385 1195 afflixit
1412 1169 1439 1195 et
1468 1166 1563 1200 tersit,
1585 1165 1670 1194 istum
1699 1165 1868 1194 abundantia
1889 1172 2020 1193 remune-

1170 1214 1243 1242 ravit
1263 1216 1290 1242 et
1311 1213 1422 1250 repulit.
1439 1212 1615 1249 Quicumque
1629 1220 1696 1249 ergo
1714 1212 1742 1240 in
1759 1212 1810 1240 1106
1825 1211 1936 1240 33661110
1950 1211 2020 1240 116116

1170 1260 1294 1294 113116113,
1316 1268 1379 1289 cum
1402 1267 1451 1288 vos
1471 1259 1543 1288 bona
1565 1259 1652 1296 egisse
1674 1258 1811 1293 recolitis,
1834 1258 1913 1287 valde
1934 1258 1968 1287 de
1982 1258 2021 1287 eis

1170 1307 1373 1345 pertimescite,
1401 1315 1436 1336 ne
1461 1314 1592 1335 concessa
1620 1306 1698 1335 vobis
1723 1306 1895 1343 prosperitas
1920 1313 2022 1334 eorun-

1170 1355 1233 1384 dem
1254 1354 1442 1383 remuneratio
1464 1354 1499 1382 sit
1514 1354 1660 1382 bonorum.
1676 1353 1708 1381 Et
1722 1361 1786 1382 cum
1801 1353 1940 1390 quoslibet
1954 1360 2023 1390 pau-

1170 1410 1252 1440 peres
1272 1401 1406 1430 nonnulla
1427 1400 1658 1438 reprehensibilia
1671 1402 1834 1437 perpetrare
1855 1399 2022 1437 conspicitis,

1171 1449 1255 1478 nolite
1266 1448 1417 1485 despicere,
1429 1448 1513 1477 nolite
1524 1447 1682 1485 desperare,
1694 1447 1760 1485 quia
1774 1447 1899 1476 fortassis
1913 1446 1987 1484 quod
1999 1446 2023 1464 ¹⁰

1171 1495 1351 1533 superfluitas
1373 1495 1552 1524 tenuissimae
1573 1494 1718 1532 pravitatis
1742 1494 1870 1531 inquinat
1897 1493 2023 1523 caminus

1173 1542 1346 1580 paupertatis
1368 1545 1478 1579 purgat.
1507 1542 1546 1570 De
1577 1541 1655 1570 vobis
1686 1541 1798 1570 omnino
1819 1540 2022 1577 pertimescite,

1172 1590 1238 1627 quia
1259 1589 1393 1618 nonnulla
1413 1589 1496 1617 etiam
1518 1589 1589 1617 male
1610 1591 1671 1617 3613
1697 1596 1832 1625 prospera
1852 1588 1909 1617 vita
1929 1590 2024 1617 secuta

1172 1640 1229 1670 est;
1248 1636 1281 1665 de
1303 1636 1356 1665 illis
1379 1644 1444 1664 vero
1465 1636 1580 1664 sollicite
1601 1638 1729 1672 pensate,
1747 1635 1812 1672 quia
1827 1643 1924 1664 eorum
1939 1635 2025 1664 vitam

1173 1684 1306 1721 magistra
1326 1686 1477 1720 paupertas
1497 1683 1619 1717 cruciat,
1648 1690 1796 1720 quousque
1826 1682 1860 1711 ad
1881 1681 2024 1711 rectitudi-

1173 1739 1237 1760 nem
1259 1730 1431 1767 perducat».

1256 1778 1299 1806 15.
1316 1777 1451 1811 Secund0‚
1467 1780 1582 1814 propter
1596 1776 1823 1806 subtractionem
1836 1776 2024 1805 occasionum

1170 1824 1330 1863 peccandi,
1353 1832 1440 1861 quae,
1463 1824 1535 1853 sicut
1549 1824 1709 1853 divitiarum
1725 1823 1867 1852 affluentia
1881 1826 2024 1859 crescunt,

1174 1872 1213 1901 sic
1234 1871 1393 1901 voluntaria
1414 1873 1578 1908 paupertate
1608 1870 1785 1899 minuuntur.
1807 1870 1884 1899 Unde
1905 1870 2024 1907 Chryso-

1174 1921 1281 1947 stomus
1302 1926 1387 1955 super
1410 1918 1558 1955 Epistolam
1580 1918 1614 1946 ad
1642 1917 1794 1952 Hebraeos,
1823 1924 1951 1946 sermone
1982 1923 2024 1945 se-

1174 1966 1316 1995 cundo11:
1341 1965 1541 1994 «Christianus
1555 1965 1582 1993 in
1598 1964 1731 2002 pauperie
1752 1964 1920 1993 constitutus
1941 1970 2026 2001 quam

1173 2021 1238 2042 cum
1259 2013 1361 2041 divitiis
1383 2012 1470 2049 magis
1490 2012 1613 2040 irradiat.
1636 2011 1779 2048 Quomodo
1797 2011 1870 2040 hoc?
1892 2010 1962 2047 Quia
1976 2018 2026 2039 ex—

1174 2060 1260 2089 cludit
1280 2068 1296 2088 a
1317 2068 1346 2088 se
1361 2059 1508 2096 superbiae
1523 2059 1649 2096 typhum.
1665 2059 1724 2087 Non
1738 2059 1792 2087 erit
1811 2066 1959 2095 arrogans,
1979 2056 2027 2086 sed

1173 2107 1296 2144 patiens,
1318 2107 1527 2143 obtemperans,
1549 2106 1683 2143 pudicus,
1704 2106 1778 2134 mitis
1799 2108 1826 2134 et
1840 2105 1957 2142 sapiens.
1973 2104 2026 2141 Qui

1174 2162 1240 2183 vero
1262 2154 1289 2182 in
1310 2153 1413 2182 divitiis
1434 2153 1601 2182 constitutus
1622 2156 1676 2187 est,
1698 2152 1786 2181 multa
1806 2152 1885 2181 illum
1903 2152 1937 2181 ad
1958 2152 2026 2181 haec

1174 2201 1247 2230 bona
1267 2200 1459 2238 praepediunt.
1482 2200 1662 2237 Inspiciamus
1683 2208 1766 2237 ergo,
1788 2207 1859 2237 quae
1874 2202 1940 2228 sunt
1955 2206 2026 2236 quae

1174 2248 1251 2277 dives
1272 2251 1414 2284 operatur.
1437 2247 1516 2284 Rapit
1537 2247 1641 2281 aliena,
1663 2250 1771 2276 aestuat
1792 2247 1957 2284 cupiditate,
1979 2254 2027 2276 ne-

1175 2295 1271 2323 fandos
1293 2303 1347 2323 non
1369 2294 1469 2323 desinit
1494 2297 1656 2331 perpetrare
1685 2294 1865 2328 concubitus,
1894 2293 2028 2322 maleficia

1175 2345 1275 2371 cuncta
1296 2342 1451 2371 committit.
1481 2341 1575 2370 Nonne
1603 2341 1735 2370 universa
1765 2342 1834 2370 haec
1858 2349 1894 2370 ex
1925 2340 2027 2370 divitiis

1176 2389 1311 2426 conspicis
1339 2388 1491 2426 generari?
1513 2388 1647 2423 Intueris,
1676 2388 1814 2426 quomodo
1845 2388 1872 2416 in
1894 2387 2027 2425 pauperie

1175 2436 1263 2473 magis
1284 2444 1368 2474 quam
1390 2435 1418 2464 in
1439 2435 1541 2465 divitiis
1563 2436 1681 2464 virtutes
1701 2435 1809 2464 facilius
1830 2434 2027 2472 possidemus?

330 2620 337 2633 ¹
357 2621 412 2649 Cap.
435 2622 467 2649 is,
487 2621 507 2643 t.

331 2659 339 2672 ²
358 2661 418 2683 ioan.
441 2661 475 2687 13,
495 2660 536 2683 114ι
555 2660 578 2682 Si
595 2666 651 2688 ergo
669 2666 713 2688 ogo
731 2660 775 2682 lavi
804 2659 875 2687 pedes
892 2662 982 2682 vestros
1008 2659 1119 2681 Dominus

267 2703 289 2722 et
305 2700 419 2728 Magister,
438 2703 459 2722 el
478 2706 520 2722 ros
537 2699 626 2722 debetis
643 2700 699 2722 alter
716 2700 809 2722 alterius
827 2700 905 2722 lavare
922 2699 1002 2727 pedes.
1016 2699 1119 2721 Subinde

269 2739 379 2767 allegatur
396 2746 419 2761 v.
439 2739 476 2761 15.

331 2777 340 2791 ³
358 2780 380 2801 ln
400 2780 460 2801 10311.
478 2779 566 2806 Evaug.
583 2784 605 2800 n.
622 2778 644 2800 7.

331 2817 340 2830 4
359 2818 444 2840 Tcxtus
462 2818 580 2846 originalis
597 2817 661 2840 addit
678 2824 705 2839 ex
722 2818 776 2840 Luc.
797 2818 839 2844 19,
858 2818 900 2839 110:
922 2816 988 2839 Venit
1005 2816 1066 2839 enim
1084 2816 1120 2839 Fi-

270 2857 316 2880 lz'us
333 2857 436 2880 hominis
454 2863 568 2887 quaerere
585 2859 605 2880 ct
617 2856 712 2880 saluum
724 2856 802 2886 facere
815 2855 878 2886 quod
887 2855 1001 2885 perierat.
1016 2855 1120 2878 Subinde

270 2901 313 2923 pro
325 2897 352 2918 ut
362 2895 521 2918 humilitatem
540 2896 579 2924 (ita
596 2895 747 2918 ABCDEG
765 2898 787 2918 et
804 2895 840 2918 ed.
861 2894 879 2924 l)
899 2898 973 2917 textus
989 2894 1119 2923 originalis,

271 2934 322 2956 Vat.
339 2936 361 2956 et
378 2934 414 2956 ed.
433 2935 446 2956 2
464 2940 521 2964 erqo
539 2934 704 2957 mutilitatem.

333 2971 342 2984 ⁵
359 2973 412 2995 Loc.
431 2973 468 2995 cit.
485 2976 512 2995 tr.
531 2974 569 2996 58.
586 2980 607 2995 11.
626 2973 650 2995 4;
668 2973 808 3000 Didicimus,
833 2974 913 2995 fratres
938 2975 980 2995 etc.
1004 2972 1120 3000 Allegatur

271 3011 286 3033 1.
303 3011 363 3034 Τ1111.
381 3011 403 3039 5,
422 3012 458 3034 10.

333 3049 342 3062 ⁶
361 3051 446 3073 Textus
464 3051 582 3078 originalis
599 3051 677 3074 addit:
695 3051 713 3073 si
732 3051 753 3073 in
771 3051 863 3073 illorum
878 3056 975 3073 numero
992 3053 1055 3078 suut,
1073 3050 1121 3079 qui-

1176 2620 1221 2642 bus
1238 2620 1322 2642 dieitur
1339 2619 1361 2641 in
1380 2620 1467 2646 hymno
1486 2617 1606 2640 beatorum
1625 2618 1693 2639 trium
1712 2617 1815 2639 virorum
1834 2616 1902 2645 [Dan.
1920 2617 1947 2644 3,
1965 2615 2025 2645 87.]:

1175 2658 1318 2686 Benedictio,
1337 2658 1415 2681 sancti
1436 2658 1457 2680 el
1474 2656 1576 2680 humiles
1602 2656 1672 2679 eorde
1689 2655 1798 2679 Domino.
1815 2655 1910 2678 luserius
1931 2661 1974 2683 pro
1998 2661 2027 2678 ne

1176 2697 1316 2727 667ᾱί9116111)-
1338 2700 1412 2720 textus
1437 2696 1556 2724 originalis
1581 2701 1623 2718 nec
1648 2695 1800 2725 dediynetur,
1824 2695 1865 2723 qui
1890 2694 1958 2717 etiam
1984 2700 2027 2722 pro

1176 2737 1247 2760 corde
1264 2737 1314 2766 ipso
1332 2736 1450 2759 substituit
1465 2735 1491 2758 in
1503 2734 1573 2758 corde
1591 2735 1649 2764 ipso.

1241 2775 1249 2788 ⁷
1267 2777 1344 2798 11131111.
1363 2776 1405 2803 43,
1423 2775 1465 2797 46:
1485 2775 1577 2797 inventa
1596 2777 1673 2796 autem
1698 2779 1743 2796 una
1766 2773 1865 2801 pretiosa
1889 2772 2026 2800 margarita,

1176 2814 1233 2844 abiit
1249 2817 1271 2837 et
1288 2814 1393 2836 vendidit
1410 2813 1501 2840 omnia,
1519 2818 1579 2841 quae
1597 2812 1688 2840 habuit,
1706 2814 1728 2834 et
1745 2811 1800 2833 emit
1811 2817 1871 2833 eam.
1882 2823 1913 2826 ——
1925 2810 1966 2833 Hie
1978 2810 2028 2832 finit

1176 2854 1227 2876 cod.
1246 2854 1270 2875 E.

1240 2891 1249 2904 ⁸
1267 2892 1322 2920 Cap.
1342 2892 1383 2919 ts,
1405 2892 1444 2920 lO;
1461 2892 1502 2914 cfr.
1521 2897 1591 2919 supra
1609 2897 1663 2919 pag.
1680 2891 1732 2917 286,
1750 2893 1805 2912 nota
1824 2890 1844 2911 l.

1241 2930 1250 2944 ⁹
1267 2931 1329 2953 Libr.
1347 2932 1372 2954 ΙΙ.
1389 2931 1472 2953 llomil.
1490 2931 1513 2953 in
1532 2931 1619 2958 Evang.
1638 2929 1716 2952 homil.
1734 2929 1770 2951 40.
1788 2935 1810 2951 11.
1828 2929 1850 2951 6.

1240 2970 1260 2983 ¹⁰
1277 2971 1333 2993 Cod.
1351 2971 1369 2993 G
1388 2971 1413 2999 (C
1431 2976 1444 2992 a
1461 2970 1563 2992 secunda
1581 2969 1660 2998 manu)
1679 2974 1738 2998 quos
1756 2968 1801 2997 (ed.
1820 2967 1914 2990 Maurin.
1932 2967 1955 2989 in
1974 2968 2028 2989 nota

1177 3010 1266 3032 adiecta
1284 3011 1342 3032 lianc
1358 3009 1479 3032 lectionem
1497 3009 1578 3031 refert:
1596 3008 1676 3030 Excusi
1694 3013 1753 3037 quos
1769 3006 1942 3037 superfluitas).

1240 3048 1258 3061 ¹²
1276 3049 1344 3071 Num.
1362 3048 1383 3070 5.
1402 3049 1487 3070 Textus
1504 3047 1621 3076 originalis
1638 3047 1691 3069 hinc
1707 3047 1762 3069 iude
1779 3047 1845 3074 plura
1862 3044 1983 3068 interserit.

2032 421 2102 448 Quadi-u
2112 431 2120 445 ι

2028 449 2067 464 eius
2078 446 2102 466 ut'
2112 454 2124 469 s.

2032 654 2092 674 Prima
2109 641 2126 678 lu

2040 678 2068 705 ad·
2075 678 2107 698 tria
2113 682 2126 702 le

2040 707 2103 726 primo.

2041 1781 2069 1802 De
2079 1786 2108 1802 Sec
2119 1783 2133 1802 10,
