2133 3317
860 246 963 285 innex-
982 256 1170 285 GENERAms.

142 338 251 366 Quas-rio
269 337 328 360 XVI.
344 336 390 359 Cur
406 337 496 359 Fratres
519 341 564 358 non
590 337 743 363 promoveant
765 334 874 358 Ordinem

268 383 435 406 Poenitentium
437 398 833 405 ...........
871 387 929 411 pay.
939 381 984 404 368

190 440 200 452 ι
268 431 339 453 XVII.
354 430 400 453 Cur
417 432 494 452 tamen
510 429 600 451 Fratres
625 434 704 451 curam
721 428 821 451 habeant
837 428 876 451 01·-

267 477 327 499 dinis
338 478 431 499 sanctae
442 475 521 497 Clarae
554 492 875 498 .........
907 483 918 496 ι
939 475 984 497 369

189 532 200 544 ιι
267 523 344 545 XVlll.
355 521 402 544 Cur
418 522 507 544 Fratres
524 522 664 550 permittant,
677 525 702 545 ut
719 522 797 550 plures
814 527 877 550 prae-

268 569 381 592 dictarum
399 575 445 591 non
462 569 604 597 recipiantur
620 569 670 592 sine
690 569 797 597 pecunia.
831 576 838 591 .·
870 585 876 591 .
908 577 920 589 ιι
953 567 989 591 11);

189 626 201 638 ιι
267 617 329 639 XIX.
345 616 392 639 Cur
413 617 503 639 Fratres
527 616 670 645 frequentius
694 616 828 644 praedicent
852 615 874 638 in

267 663 361 691 oppidis
377 669 448 692 quam
465 663 488 685 in
504 662 588 686 abditis
605 660 661 686 locis
672 679 875 685 ......
908 671 918 683 ιι
939 662 985 685 370

189 719 200 731 ιι
267 710 318 732 XX.
335 709 382 732 Cur
398 710 487 732 Fratres
503 716 550 732 non
567 709 668 732 habeant
684 709 877 732 consuetudinem

267 756 443 784 praecedentiae
475 772 875 778 ...........
875 761 877 763 ’
909 764 919 776 ι
940 756 981 778 371

188 811 200 823 n
267 803 327 826 XXI.
345 802 391 825 Cur
407 803 496 825 Fratres
512 803 596 831 scripta
618 808 660 825 sua
682 805 729 825 tam
755 802 877 825 difficulter

267 850 316 872 aliis
332 849 523 872 communicent.·
554 865 875 872 .........
909 858 920 870 ι
953 849 985 872 ib.

190 905 201 917 ι
268 897 338 919 XXII.
355 897 431 925 Quare
455 897 545 919 Fratres
566 896 654 924 populo
679 902 726 918 non
743 896 876 924 praedicent

267 942 316 965 iura
334 941 486 971 plebanorum
514 959 876 965 ..........
909 951 919 963 ιι
941 943 986 965 372

440 1011 608 1035 OPUSCULUM
625 1012 686 1035 XIV.

143 1082 221 1111 Quane
238 1083 340 1105 Faunus
361 1083 459 1104 MINORES
476 1088 610 1104 PnAt-:nicz-:NT
627 1088 655 1105 ET
672 1088 825 1105 coursssmwes
841 1088 878 1105 au-

910 1137 921 1149 »
941 1128 987 1151 375

144 1176 331 1199 Additamentum
349 1192 874 1199 ..............
908 1185 920 1196 ιι
941 1176 981 1198 381

448 1245 617 1269 OPUSCULUIII
635 1246 685 1269 XV.

144 1317 248 1339 EPISTOLA
274 1322 302 1338 DE
327 1316 442 1339 SANDALIIS
465 1318 624 1339 APOSTOLORUM
648 1323 696 1339 SIVE
718 1323 746 1339 DE
770 1323 797 1340 ΕΟ
822 1323 878 1343 QUOD

268 1362 376 1385 CHRISTUS
392 1369 419 1385 ET
435 1363 541 1386 APOSTOLI
558 1370 585 1386 ET
602 1363 709 1386 Discwuu
725 1370 772 1386 EIUS
783 1370 878 1387 INCESSE-

269 1414 327 1431 EUNT
344 1415 481 1431 piscator-:Art

158 1478 257 1503 OPUSC.
274 1479 334 1501 XVI.
351 1479 502 1502 EXPOSITIO
520 1480 610 1502 SUPER
627 1480 760 1503 REGULAM
777 1481 818 1503 FF.
835 1481 972 1504 MINORUM.

143 1550 291 1573 Confirmatio
309 1550 409 1578 Regulae
911 1560 922 1572 ιι
943 1551 983 1574 391

143 1596 195 1620 Cn.
213 1598 229 1620 I.
245 1598 268 1620 ln
281 1597 373 1620 nomine
385 1597 474 1619 Domini
487 1597 566 1625 incipit
577 1598 628 1620 Vita
641 1598 752 1620 Minorum
765 1599 878 1621 Fratrum.
910 1607 920 1619 ιι
942 1599 987 1621 392

167 1653 178 1665 ιι
214 1645 239 1667 11.
255 1644 288 1667 De
304 1644 332 1667 iis
348 1644 388 1673 qui
404 1645 485 1666 volunt
495 1644 567 1666 vitam
581 1645 647 1667 istam
660 1645 765 1673 accipere
776 1648 799 1668 et
809 1645 879 1675 quali-

270 1695 304 1713 ter
320 1691 391 1719 recipi
408 1690 508 1713 debeant
517 1708 878 1715 ..........
911 1701 922 1713 ιι
942 1693 987 1715 397

167 1747 177 1759 ιι
213 1739 246 1761 111.
258 1738 291 1761 De
303 1738 381 1761 divino
393 1738 473 1761 Officio
485 1740 507 1761 et
517 1738 612 1766 ieiunio,
624 1741 647 1761 et
657 1739 777 1768 quomodo
789 1739 878 1762 Fratres

269 1784 370 1808 debeant
387 1785 419 1807 ire
436 1791 478 1813 per
495 1785 608 1808 mundum
637 1802 878 1809 .......
912 1795 922 1807 ι
944 1787 987 1809 406

167 1840 179 1852 ιι
215 1832 252 1854 IV.
269 1832 336 1860 Quod
353 1832 442 1854 Fratres
459 1838 504 1854 non
521 1832 632 1860 recipiant
648 1832 770 1860 pecuniam
794 1849 800 1856 .
833 1849 840 1856 .
871 1850 877 1856 .
911 1841 921 1854 ιι
944 1833 983 1856 411

167 1886 177 1898 ι
214 1878 247 1900 V.
259 1878 292 1900 De
309 1878 379 1900 modo
396 1877 515 1901 laborandi
519 1895 878 1902 ..........
911 1887 922 1900 ιι
944 1880 988 1902 419

168 1934 179 1946 ιι
215 1925 253 1948 Vl.
270 1925 337 1954 Quod
355 1925 409 1948 1111111
420 1925 571 1953 approprient
581 1925 626 1948 sibi
637 1926 735 1953 Fratres,
746 1928 769 1949 et
780 1926 810 1949 de
821 1926 880 1949 elee-

269 1978 365 2000 mosyna
382 1972 480 2000 petenda
498 1974 520 1995 et
536 1972 565 1995 de
582 1971 699 1995 Fratribus
717 1972 814 1995 infirmis
833 1990 839 1995 .
872 1990 878 1996 .
911 1982 923 1993 ιι
943 1973 988 1996 420

167 2026 177 2039 ιι
215 2018 260 2041 Vll.
269 2019 300 2041 De
309 2019 446 2047 poenitentia
454 2019 571 2042 Fratribus
580 2019 729 2048 peccantibus
737 2020 878 2048 imponenda
911 2029 922 2041 ιι
943 2020 988 2043 425

168 2073 179 2085 ιι
214 2065 269 2088 VIII.
287 2066 319 2088 De
335 2066 446 2088 electione
457 2066 571 2094 generalis
582 2066 676 2089 Ministri
689 2066 757 2089 huius
770 2067 881 2089 Fraterni-

270 2112 328 2139 tatis¹
345 2115 368 2134 et
384 2112 413 2135 de
430 2112 535 2141 Capitulo
552 2113 696 2136 Pentecostes
716 2129 879 2136 .....
911 2122 923 2134 ιι
944 2113 988 2136 426

168 2167 179 2178 ιι
214 2159 254 2181 1Χ.
271 2159 303 2181 De
319 2158 519 2187 praedicatorIbus
521 2176 879 2182 ..........
912 2168 923 2180 ιι
944 2159 989 2182 427

168 2213 180 2225 ¹2
216 2205 245 2228 X.
262 2206 295 2228 De
310 2206 468 2229 admonitione
484 2209 506 2228 et
522 2207 664 2229 correctione
678 2207 783 2229 Fratrum
793 2223 799 2229 .
833 2224 838 2229 .
872 2223 879 2229 .
911 2215 921 2227 ιι
945 2206 984 2229 431

168 2260 179 2272 ι
215 2252 255 2274 XI.
274 2253 341 2281 Quod
358 2253 448 2275 Fratres
458 2259 503 2275 non
515 2253 674 2281 ingrediantur
686 2253 821 2277 Monasteria
834 2253 877 2276 Μο-

271 2300 397 2322 nacharum
404 2316 881 2322 .............
913 2309 923 2321 ι
945 2300 990 2322 435

169 2353 181 2366 ιο
215 2346 264 2368 XII.
281 2346 314 2368 De
330 2345 438 2368 euntibus
454 2346 512 2368 inter
526 2346 653 2369 Saracenos
664 2348 686 2368 et
697 2346 754 2369 alios
771 2346 880 2369 infideles.
912 2354 922 2366 ιι
945 2346 989 2368 436

146 2392 268 2416 Conclusio
286 2409 881 2416 ................
913 2401 925 2413 ιι
959 2391 991 2415 11).

146 2439 294 2463 Confirmatio
311 2439 412 2467 Regulae
443 2447 464 2461 .>
482 2448 923 2461 ............
945 2438 990 2462 437

441 2509 609 2532 OPUSCULUM
627 2509 696 2531 XVII.

148 2581 223 2603 Sanno
241 2586 308 2603 suren
324 2580 429 2602 Rectam
446 2580 553 2602 Faunum
571 2579 674 2602 lilinonun
676 2595 880 2601 ......
913 2586 924 2599 ιι
946 2577 990 2600 438

147 2649 245 2673 OPUSC.
257 2650 333 2673 XVIII.
345 2649 591 2672 CONSTITUTIONES
602 2649 767 2672 GENERALES
781 2648 991 2672 NARBONENSES.

148 2720 259 2748 Prologus
289 2735 881 2742 ................
914 2727 924 2739 ι
946 2717 990 2740 449

148 2767 246 2790 Βυωυοᾼ
265 2767 279 2789 l.
297 2767 329 2789 De
346 2766 470 2794 Religionis
487 2766 592 2794 ingressu
603 2782 882 2788 ........
914 2773 926 2785 ιι
947 2764 991 2787 450

191 2822 201 2834 ιι
264 2814 288 2836 ll.
306 2814 337 2836 De
354 2813 462 2842 qualitate
480 2812 571 2835 habitus
601 2828 882 2835 ........
915 2820 925 2832 ι
947 2811 987 2834 451

189 2869 200 2881 ιι
263 2861 296 2884 111.
314 2860 345 2882 Dc
362 2860 507 2883 observantia
526 2860 668 2888 paupertatis
680 2876 881 2882 ......
915 2867 926 2878 ιι
947 2858 991 2880 452

914 2914 926 2926 n
947 2905 991 2928 453

915 2961 925 2973 υ
948 2951 992 2975 454

916 3006 927 3020 ιι
948 2999 992 3021 455

190 2916 201 2929 »
264 2908 300 2930 lV.
318 2908 350 2930 De
367 2908 439 2930 forma
456 2907 552 2929 interius
572 2906 726 2929 conversandi
759 2923 764 2929 .
798 2923 803 2928 .
837 2923 843 2928 .
876 2922 882 2928 .

264 2954 292 2976 V.
310 2954 342 2976 De
359 2954 430 2976 modo
446 2953 545 2976 exterius
562 2953 660 2975 exeundi
681 2969 882 2975 ......

191 3009 201 3021 ι
220 3027 222 3030 y
265 3001 301 3023 Vl.
319 3001 350 3022 De
367 2999 557 3028 occupationibus
575 3000 678 3022 Fratrum
682 3016 882 3022 ......

1830 257 1889 285 755·

1040 335 1139 357 Ruuch
1156 333 1201 356 VII.
1219 334 1252 356 De
1269 333 1450 357 correctionibus
1469 334 1659 363 delinquentium.
1693 352 1698 357 .
1731 351 1736 356 .
1774 340 1831 364 paq.
1843 334 1885 357 457

1083 389 1094 401 ιι
1156 380 1210 403 vni.
1228 380 1261 402 De
1277 380 1446 403 visitationibus
1464 381 1636 404 Provinciarum
1652 399 1657 404 .
1691 399 1697 404 .
1729 398 1736 404 .
1769 399 1775 404 .
1808 391 1820 402 ιι
1842 381 1886 404 458

1083 436 1095 448 ιι
1157 423 1196 450 [Χ.
1213 428 1245 449 De
1262 426 1410 450 electionibus
1426 427 1580 451 Ministrorum
1613 445 1777 452 .....
1810 438 1821 450 ι
1842 428 1887 451 460

1083 483 1095 494 ιι
1157 474 1185 496 X.
1204 474 1237 496 De
1253 473 1357 502 Capitulo
1375 470 1509 502 provinciali
1535 492 1777 498 .......
1809 484 1819 496 ιι
1842 476 1882 498 461

1084 528 1095 542 ιι
1156 515 1194 543 Χ1.
1212 520 1245 543 De
1261 520 1366 549 Capitulo
1383 519 1485 549 generali
1497 538 1778 545 ........
1810 531 1822 543 ιι
1843 522 1887 545 462

1084 576 1094 588 ιι
1158 568 1204 590 Xll.
1222 568 1255 590 De
1272 568 1387 596 suffragiis
1403 569 1564 591 detunctorum
1576 586 1778 592 ......
1810 578 1821 590 ιι
1843 569 1888 592 464

1043 614 1190 636 Definitiones
1223 619 1231 636 .‘
1263 631 1779 639 ..............
1811 625 1823 636 ιι
1856 615 1888 638 ib.

1042 660 1157 684 Rubricae
1174 661 1284 683 Breviarii
1301 678 1778 686 .............
1811 672 1822 684 ιι
1843 663 1888 686 466

1042 707 1230 730 Additamentum
1262 724 1778 732 ..............
1811 718 1823 730 ιι
1844 707 1888 732 467

1199 777 1297 801 OPUSC.
1314 778 1374 801 XIX.
1390 779 1545 801 EPISTOLAE
1564 778 1731 802 OFFICIALES.

1042 848 1145 871 Ertsrota
1163 848 1178 870 1.
1196 848 1219 870 S.
1236 848 1408 875 Bonas-entura,
1425 848 1511 871 electus
1532 848 1631 872 Minister
1654 850 1779 878 generans,

1168 894 1198 917 ad
1215 900 1296 917 omnes
1313 895 1427 918 Ministros
1449 896 1601 923 provinciales
1623 899 1645 919 et
1667 896 1779 920 Custodes

1168 941 1260 964 Ordinis
1276 942 1381 964 Fratrum
1398 939 1511 965 Minorum
1537 960 1776 966 .......
1811 953 1821 964 ιι
1844 944 1888 967 468

1090 996 1101 1008 ιι
1163 988 1186 1010 11.
1204 988 1238 1010 Ad
1255 994 1337 1010 omnes
1353 988 1445 1011 Ordinis
1462 989 1576 1011 Ministros
1593 990 1745 1017 provinciales
1773 1008 1778 1013 .
1811 1000 1823 1011 ιι
1844 991 1888 1014 470

1090 1043 1102 1055 ιι
1163 1035 1196 1057 Ill.
1214 1035 1248 1057 Ad
1265 1036 1354 1057 Fratres
1370 1035 1494 1058 Custodem
1512 1039 1534 1058 et
1550 1037 1708 1060 Guardianum
1721 1037 1779 1060 Pisa-

1169 1088 1221 1104 rum
1261 1098 1778 1107 ..............
1812 1094 1823 1106 ιι
1844 1086 1884 1108 471

1164 1129 1201 1151 lV.
1218 1129 1254 1151 Ad
1270 1129 1372 1151 Fratrem
1390 1129 1537 1152 Laurentium
1540 1147 1780 1154 .......
1814 1141 1824 1153 ιι
1858 1132 1889 1156 ib.

1090 1185 1102 1197 ιι
1164 1176 1193 1198 V.
1209 1175 1244 1198 Ad
1261 1176 1350 1198 Fratres
1367 1176 1488 1199 universos
1499 1194 1779 1201 ........
1812 1187 1824 1199 ιι
1844 1179 1889 1201 472

1091 1230 1103 1242 ιι
1165 1222 1203 1244 VI.
1219 1222 1253 1245 Ad
1270 1222 1378 1245 abbatem
1395 1225 1487 1246 sanctae
1504 1224 1587 1246 Mariae
1604 1224 1717 1247 Blesensis
1734 1242 1740 1247 .
1774 1243 1779 1248 .
1812 1234 1824 1246 ιι
1844 1225 1888 1248 473

1091 1277 1103 1289 ιι
1165 1269 1211 1291 Vll.
1229 1269 1303 1298 Quam
1320 1272 1412 1292 sanctus
1423 1270 1583 1293 Bonaventura
1601 1270 1662 1293 misit
1679 1270 1777 1294 abbatis-

1169 1322 1208 1338 sae
1225 1319 1247 1339 et
1263 1316 1387 1339 Sororibus
1403 1319 1495 1340 sanctae
1512 1317 1590 1341 Clarae
1602 1318 1731 1341 Monasterii
1749 1319 1778 1341 de

1169 1362 1255 1385 Assisio
1265 1375 1825 1388 ...............
1859 1365 1889 1389 11).

1216 1432 1315 1456 OPUSC.
1332 1433 1382 1456 XX.
1399 1434 1512 1456 REGULA
1529 1434 1717 1458 NOVlTlORUM.

1044 1502 1224 1525 Praefatiuncula
1260 1520 1779 1528 ..............
1812 1514 1823 1526 ιι
1844 1506 1889 1528 475

1044 1548 1097 1571 Car.
1113 1549 1128 1571 l.
1146 1549 1178 1571 De
1195 1549 1274 1572 divino
1292 1549 1372 1572 Officio
1381 1561 1824 1574 .............
1858 1552 1890 1576 11).

1067 1604 1078 1617 ιι
1115 1596 1140 1619 11.
1157 1596 1190 1619 De
1206 1596 1308 1619 orati0ne
1340 1613 1779 1621 ............
1812 1608 1824 1619 ιι
1845 1599 1889 1621 476

1067 1651 1078 1663 ιι
1116 1643 1148 1665 111.
1166 1643 1198 1665 De
1215 1643 1358 1666 confessione
1381 1660 1778 1668 ...........
1811 1654 1823 1665 ιι
1844 1645 1888 1668 479

1068 1698 1077 1710 ι
1114 1690 1152 1712 1V.
1169 1690 1201 1712 De
1217 1690 1382 1713 communione
1420 1707 1778 1714 ..........
1811 1700 1823 1712 ιι
1845 1691 1888 1714 480

1068 1746 1079 1757 ιι
1115 1737 1144 1759 V.
1160 1737 1193 1759 De
1209 1737 1350 1759 comestione
1379 1753 1778 1761 ...........
1811 1748 1823 1759 ιι
1843 1739 1884 1761 481

1068 1792 1078 1804 ιι
1115 1784 1153 1806 Vl.
1171 1784 1203 1806 De
1219 1783 1356 1806 abstinentia
1380 1801 1779 1808 ...........
1812 1795 1824 1806 ιι
1845 1786 1889 1808 482

1069 1839 1079 1851 ιι
1116 1831 1162 1853 Vll.
1179 1831 1211 1853 De
1231 1830 1371 1853 dormitione
1380 1847 1780 1855 ...........
1814 1840 1825 1854 ιι
1844 1833 1888 1855 483

1068 1886 1079 1898 ιι
1116 1878 1170 1900 Vlll.
1188 1878 1220 1900 De
1239 1878 1338 1900 servitiis
1341 1895 1777 1902 ............
1812 1888 1823 1900 ιι
1845 1879 1889 1902 484

1069 1934 1081 1946 ιι
1116 1925 1154 1948 IX.
1172 1926 1205 1947 De
1221 1925 1267 1948 otio
1285 1925 1395 1953 fugiendo
1421 1942 1782 1949 ..........
1813 1934 1825 1948 ιι
1858 1926 1889 1949 11).

1069 1980 1080 1992 ιι
1117 1972 1145 1994 X.
1163 1972 1196 1994 De
1212 1972 1331 1994 honestate
1347 1972 1462 1994 servanda
1499 1982 1824 1995 .........
1845 1973 1890 1996 485

1069 2027 1081 2039 ιι
1117 2019 1155 2041 XI.
1172 2019 1205 2041 De
1217 2018 1386 2046 tentationibus,
1398 2021 1420 2041 et
1431 2019 1529 2048 qualiter
1541 2019 1695 2042 resistendum
1708 2019 1736 2042 sit
1747 2020 1780 2042 eis
1813 2029 1824 2040 ιι
1845 2020 1889 2042 486

1069 2074 1081 2086 ιι
1117 2065 1164 2088 Xll.
1182 2065 1214 2088 De
1231 2065 1301 2088 modo
1318 2065 1469 2088 conversandi
1487 2071 1541 2088 cum
1558 2065 1715 2088 saecularibus
1735 2083 1740 2088 .
1774 2082 1780 2088 .
1813 2075 1823 2087 ιι
1858 2066 1890 2089 ib.

1070 2122 1081 2133 ιι
1117 2113 1173 2135 Χ111.
1191 2113 1223 2135 De
1239 2119 1285 2135 non
1303 2112 1426 2135 iudicando
1443 2112 1499 2135 alios
1502 2122 1824 2136 .........
1845 2113 1890 2136 487

1070 2168 1081 2180 ιι
1117 2160 1177 2182 XIV.
1195 2160 1228 2182 De
1244 2159 1325 2181 humili
1342 2158 1471 2182 obedientia
1497 2176 1779 2183 ........
1813 2168 1823 2180 ιι
1845 2160 1889 2182 488

1070 2215 1081 2226 ιι
1117 2205 1168 2228 XV.
1185 2206 1218 2228 De
1234 2205 1322 2228 silentio
1343 2221 1780 2228 ............
1814 2214 1824 2226 ιι
1846 2206 1890 2228 489

1070 2261 1080 2273 ιι
1117 2253 1177 2275 XVI.
1196 2253 1228 2274 De
1244 2255 1380 2281 paupertate
1383 2261 1825 2275 .............
1858 2252 1889 2274 11).

1077 2323 1176 2346 OPUSC.
1193 2323 1254 2346 XXI.
1270 2322 1405 2345 EPISTOLA
1422 2322 1580 2345 CONTINENS
1598 2322 1662 2344 XXV
1680 2322 1862 2345 MEMORIALIA.

1046 2393 1159 2421 Prologus
1186 2409 1426 2415 .......
1439 2423 1442 2426 ἢ
1460 2401 1824 2415 ..........
1846 2392 1885 2414 491

1047 2440 1184 2463 Memoriaiia
1203 2440 1319 2468 generalia
1338 2448 1848 2462 ..............
1848 2439 1857 2461 4
1860 2439 1890 2461 93

1047 2487 1185 2509 Memorialia
1202 2486 1308 2514 specialia
1345 2494 1825 2508 .............
1859 2484 1890 2507 ib.

1341 2554 1509 2578 OPUSCULUM
1526 2555 1596 2578 XXII.

1813 2632 1825 2644 ιι
1845 2623 1889 2646 499

1048 2627 1149 2649 ΕΡιετοιΛ
1167 2632 1195 2648 οε
1212 2631 1339 2648 munione
1355 2624 1443 2648 Cnmsri
1462 2640 1781 2646 .........

1195 2695 1292 2719 OPUSC.
1309 2695 1388 2718 XXIII.
1405 2694 1534 2717 LEGENDA
1552 2695 1574 2716 S.
1592 2693 1747 2717 FRANCISCt.

1048 2767 1160 2795 Prologus
1185 2780 1780 2789 ................
1813 2771 1823 2783 ιι
1844 2763 1889 2785 504

1333 2833 1384 2858 Vita
1401 2833 1462 2857 beati
1477 2833 1607 2857 Francisci.

1048 2904 1099 2928 Car.
1118 2905 1133 2927 l.
1149 2905 1182 2927 De
1199 2904 1373 2927 conversatione
1388 2891 1462 2932 ipsIus
1478 2903 1500 2926 in
1518 2902 1597 2926 habitu
1615 2902 1741 2926 saeculari.
1774 2919 1780 2926 .
1808 2910 1823 2928 ,ιι
1844 2901 1890 2924 505

1071 2960 1083 2972 ιι
1119 2952 1143 2974 11.
1160 2952 1191 2974 De
1208 2952 1307 2979 perfecta
1325 2950 1476 2973 conversione
1498 2950 1547 2972 eius
1570 2950 1599 2972 ad
1617 2950 1689 2972 Deum
1713 2951 1735 2972 et
1751 2949 1780 2972 de

1172 2998 1316 3026 reparatione
1332 2997 1401 3019 trium
1419 2997 1567 3020 ecclesiarum
1579 3012 1780 3018 ......
1813 3003 1824 3015 ιι
1844 2995 1889 3017 507
