2133 3317
139 372 193 390 Circa
207 376 271 390 conse-

150 396 260 414 orationem.

162 1063 216 1089 Circa
229 1067 271 1081 san-

147 1092 208 1113 ’.11111118
221 1091 271 1104 ΒΠΠΙ-

146 1112 224 1129 tionem.

151 1409 206 1427 Circa
218 1414 271 1427 mun·

172 1433 245 1451 ditiam.

194 2106 272 2125 Divisio.

285 244 340 272 600

356 321 398 346 10.
419 321 489 346 Circa
508 320 723 345 consecrationem
741 319 808 344 inter
826 319 909 344 cetera
928 319 1033 344 solerter
1052 319 1136 350 provi-

285 365 374 395 deant,
394 364 435 394 ut,
461 371 515 389 cum
535 363 618 388 hostia
643 363 719 388 fuerit
738 362 916 392 consecranda,
940 362 977 387 ita
996 370 1085 393 parum
1110 362 1135 387 et

285 409 356 435 caute
374 410 400 433 in
420 408 541 439 principio
560 415 613 432 eam
632 407 724 436 levent,
738 407 811 438 quasi
830 406 928 431 scutum
948 406 995 430 31111
1007 406 1036 430 (10
1056 406 1136 430 mani-

284 453 342 483 bus,
363 452 479 482 depresso
497 450 682 482 aliquantulum
696 450 796 481 pollice,
815 449 948 479 facientes,
967 448 997 473 ut
1008 448 1025 477 ¹,
1045 449 1066 473 si
1082 448 1136 473 fieri

285 495 376 527 potest,
396 494 455 519 ante
474 493 683 519 consecrationem
709 501 723 518 a
742 492 964 518 circumstantibus
989 492 1067 517 videri
1086 499 1136 517 non

285 539 379 570 possit,
398 546 428 563 ne
447 546 462 562 a
481 537 635 569 simplicibus
648 536 779 567 adoretur,
798 537 854 567 qui,
874 536 968 567 quanto
988 535 1062 560 citius
1082 543 1135 560 eam

284 581 393 606 viderint
411 581 437 605 in
456 580 571 605 manibus
590 579 738 609 sacerdotis,
757 578 857 604 incaute
880 579 990 604 nondum
1009 585 1137 604 consecra-

285 624 337 649 tam
357 623 472 649 adorant.
493 623 555 648 Cum
574 623 658 648 autem
677 622 829 647 consecratio
848 622 925 646 fuerit
949 621 1135 651 consummata,

284 668 392 693 hostiam
422 668 474 692 sine
502 674 572 692 mora
599 666 704 691 notabili
733 665 830 690 duabus
858 665 985 695 manibus,
1014 664 1136 696 quantum

285 711 397 743 expedit,
423 711 452 736 ut
471 711 502 735 ab
528 708 661 735 011111111032
685 710 765 741 possit
790 709 883 739 videri,
911 716 966 734 cum
986 709 1052 734 omni
1071 716 1136 733 reve-

285 755 367 780 rentia
385 754 524 783 elevantes,
544 753 596 778 tam
614 753 641 777 111
660 752 778 778 elevando
798 760 872 784 quam
891 752 916 776 in
936 751 1076 783 reponendo
1095 751 1137 775 de-

284 798 363 823 bitam
382 797 557 822 maturitatem
576 796 677 821 servent
697 803 741 821 nec
760 795 818 827 post
834 803 878 820 nec
896 795 955 820 ante
974 794 1136 820 elevationem

285 841 429 867 osculentur
457 840 567 865 eandem.
587 839 611 864 Si
638 847 712 871 super
731 839 812 864 altare
831 839 949 863 viaticum
963 837 972 850 ³
997 837 1135 867 celebrant,

285 885 494 911 consecrationem
521 884 626 913 facturi,
656 891 757 908 manum
785 890 841 908 011111
859 883 943 907 hostia
970 881 1137 907 consecranda

286 937 361 961 super
379 929 459 960 ipsius
478 928 567 953 altaris
585 927 671 952 viatici
688 927 795 958 lapidem
810 926 926 956 teneant,
946 933 977 951 ne
997 925 1043 950 fiat
1056 932 1137 950 conse-

285 972 363 998 cratio
382 972 453 997 extra
470 972 562 1003 ipsum.

358 1014 400 1040 11.
420 1015 491 1040 Circa
518 1015 672 1040 sumtionem
701 1014 831 1045 sanguinis
849 1013 968 1042 caveant,
997 1020 1028 1037 110
1055 1013 1138 1043 ipsum

288 1059 406 1085 sumendo
435 1059 474 1084 vel
501 1058 601 1083 calicem
629 1057 783 1089 exguttando
808 1065 852 1088 per
879 1057 982 1081 nimiam
1011 1055 1138 1080 attractio-

287 1102 364 1128 nem·¹
383 1103 521 1127 tumultum
543 1102 666 1133 quendam
686 1102 725 1126 vel
749 1101 849 1126 sibilum
869 1108 924 1125 cum
943 1100 1017 1125 labiis
1030 1098 1138 1128 faciant,

287 1146 332 1171 aut
350 1146 408 1178 post
427 1145 575 1171 sumtionem
589 1145 681 1176 digitos
698 1144 821 1169 lambant.
836 1144 892 1168 Erit
906 1143 982 1168 etiam
995 1143 1091 1172 tutum,
1105 1142 1138 1171 si,

286 1190 344 1214 dum
365 1190 511 1221 sanguinem
541 1188 657 1217 sumunt,
686 1188 786 1213 calicem
807 1187 920 1212 tenentes
939 1194 995 1211 cum
1023 1184 1138 1214 dextera,

286 1233 400 1258 decenter
419 1233 441 1257 ei
460 1232 577 1264 patenam
597 1239 653 1256 cum
672 1231 776 1256 sinistra
796 1230 954 1262 supponant,
976 1229 1138 1261 sanguinem,

286 1276 384 1308 siquid
404 1275 496 1301 effundi
521 1274 691 1307 contingeret,
717 1274 891 1305 recepturam3
915 1280 989 1304 super
1017 1280 1092 1304 quam
1119 1272 1139 1296 si

287 1319 371 1350 frangi
390 1326 480 1351 corpus
499 1319 661 1348 dominicum,
682 1318 727 1343 aut
748 1318 834 1349 reponi
856 1316 1000 1349 contingat,
1021 1317 1077 1347 ipsa
1102 1315 1140 1340 de-

287 1363 343 1387 inde
363 1363 420 1387 vino
440 1362 465 1387 et
477 1369 554 1394 aqua,
575 1362 614 1386 vel
634 1361 714 1386 altero
727 1361 827 1385 illorum
847 1359 1000 1384 sufficienter
1022 1358 1094 1383 debet
1104 1359 1140 1383 in-

286 1406 364 1431 fundi.
378 1421 413 1424 -—
424 1406 594 1437 Incongruum
614 1404 639 1429 et
657 1404 800 1435 indignum,
820 1403 849 1428 ut
868 1403 961 1434 patena
973 1402 1031 1434 post
1045 1402 1139 1427 Christi

287 1457 377 1481 corpus
391 1449 576 1474 sanctissimum
590 1446 733 1473 001111110111ὅ
754 1447 833 1472 tactui
853 1446 940 1478 pateat
953 1454 1003 1471 non
1019 1445 1140 1471 mundata

289 1493 314 1518 et
333 1493 406 1518 rebus
426 1492 592 1524 quibuslibet,
617 1491 675 1516 licet
698 1491 809 1520 mundis,
831 1491 883 1515 sine
909 1489 1049 1515 differentia
1070 1496 1140 1520 expo-

286 1537 372 1562 natur,
391 1537 416 1561 Si
436 1535 514 1561 sentis
533 1535 620 1565 aliter,
640 1535 697 1560 cedo
717 1534 764 1559 liti.
784 1534 847 1559 Post
864 1533 970 1565 patenae
988 1533 1028 1558 vel
1057 1532 1140 1557 calicis

287 1580 332 1605 aut
350 1579 517 1611 corporalium
536 1578 631 1603 tactum
650 1585 700 1603 11011
721 1577 781 1602 sunt
807 1584 897 1602 manus
923 1575 1140 1601 communicandae

287 1623 458 1649 communibus
478 1622 537 1647 ante
556 1622 648 1647 factam
668 1621 725 1653 post
744 1620 841 1645 tactum
851 1619 993 1645 huiusmodi
1010 1619 1136 1644 lotionem.

288 1667 312 1692 Si
332 1667 415 1692 calicis
435 1666 537 1698 petatur
556 1665 685 1690 mundatio
706 1672 750 1696 pro
769 1664 890 1695 infirmis,
911 1664 1018 1694 primam
1035 1662 1141 1687 nullate-

287 1718 335 1735 nus
354 1710 399 1735 aut
419 1709 551 1735 secundam
571 1708 737 1740 perfusionem
764 1707 905 1739 exponant;
925 1706 967 1731 sed
987 1707 1057 1737 prius
1080 1713 1141 1730 sem-

288 1761 332 1786 per
350 1753 554 1778 mundationibus
574 1752 654 1777 solitis
674 1749 794 1776 001111006
814 1750 942 1782 perfecti&
967 1749 1036 1774 aliud
1061 1749 1140 1774 denuo

288 1798 373 1822 vinum
393 1797 463 1821 calici
481 1795 625 1828 apponatur
644 1794 787 1826 petentibus
806 1794 994 1825 indulgendum.

583 1882 731 1907 CAPrrurmr
749 1881 847 1906 XVIII.

369 1971 410 1996 De
429 1970 568 2002 disciplina
586 1969 655 1994 eirca
674 1975 704 1994 ea
723 1975 788 2000 qaae
807 1967 842 1993 ad
859 1974 952 1999 corpus
970 1968 1032 1992 sunt
1043 1965 1060 1991 ⁷.

361 2057 385 2082 1.
404 2057 498 2082 Habito
517 2057 546 2082 de
564 2056 696 2088 disciplina
715 2056 780 2080 circa
805 2054 960 2086 spiritualia,
981 2053 1093 2085 sequitur
1112 2053 1140 2078 de

288 2102 345 2133 ipsa
364 2101 433 2126 eirea
452 2100 600 2132 corporalia
610 2098 630 2129 ⁵,
650 2099 676 2124 et
694 2099 785 2130 primo,
806 2098 870 2123 circa
889 2105 917 2122 ea
936 2104 998 2129 quae
1022 2097 1049 2121 in
1067 2097 1140 2122 nobis

290 2145 365 2175 sunt;
385 2144 502 2173 secundo,
523 2144 587 2168 circa
605 2150 634 2167 ea
652 2150 715 2174 quae
734 2142 808 2166 eoetra
826 2148 873 2166 nos
893 2140 961 2165 sunt.

717 240 915 269 OPUSCULUM
936 240 954 268 I.
976 239 1148 269 SPECULUM
1169 240 1379 269 DlSClPLlNAE.
1402 240 1481 269 PARS
1502 239 1608 268 PRIMA.

1263 319 1287 343 2.
1300 319 1424 350 Respectu
1437 326 1521 344 eorum
1535 326 1597 350 quae
1610 319 1636 343 in
1649 319 1720 344 nobis
1733 318 1800 348 sunt,
1814 319 1894 350 primo
1907 319 2038 344 videndum
2058 324 2133 351 Subdiv„

1191 362 1230 387 est
1248 362 1277 387 de
1305 363 1436 394 disciplina
1464 362 1578 394 respectu
1607 362 1685 387 totius
1713 362 1831 393 corporis
1858 362 1980 394 quantum
2009 363 2039 387 ad

1190 407 1302 437 yestwm,
1316 406 1422 431 secundo
1432 404 1442 418 ⁰
1462 405 1577 437 respectu
1584 406 1705 436 partium
1724 406 1855 437 corporis,
1875 405 1997 436 quantum
2010 406 2040 430 ad

1193 450 1276 473 actwm
1284 457 1292 479 ;
1310 449 1335 474 et
1347 449 1427 480 primo
1436 468 1442 478 ,
1461 448 1577 480 respectu
1590 448 1707 480 linquae,
1728 448 1850 479 quantum
1862 448 1894 473 ad
1907 448 1954 473 duo
1968 455 2042 479 opera

1192 492 1312 522 naturae,
1325 493 1351 517 in
1371 492 1460 523 quibus
1473 491 1589 523 congruit
1608 491 1715 517 officium
1728 492 1841 523 linguae,
1861 491 1955 516 scilicet
1968 499 2042 523 quan-

1192 535 1247 561 tum
1265 536 1297 560 ad
1317 535 1446 566 loquelam
1459 535 1484 559 et
1501 535 1620 566 qustum&
1633 535 1751 565 secundo,
1771 534 1886 566 respectu
1903 542 2041 566 manuam,

1192 578 1222 603 ut
1240 579 1266 603 in
1285 578 1400 603 exercitio
1418 577 1543 607 manuali;
1557 576 1643 607 tertio,
1663 577 1778 608 respectu
1791 577 1902 608 pedam,
1922 578 1952 602 ut
1964 578 1989 602 in
2008 578 2042 602 in-

1193 629 1276 651 cessu,
1296 621 1399 653 quarto,
1413 620 1527 652 respectu
1539 620 1713 645 ‘membrorum
1732 620 1846 645 omnium
1853 640 1860 652 ,
1877 620 1999 652 quantum
2012 620 2043 645 ad

1193 665 1277 696 aliqua
1296 665 1406 696 ipsorum
1426 663 1515 689 officia.

1265 708 1289 732 3.
1304 707 1397 732 Deinde
1410 707 1474 732 circa
1488 714 1516 731 ea
1527 705 1548 718 ¹⁰
1561 714 1624 738 quae
1637 708 1710 731 eoetra
1722 714 1769 732 ows
1782 706 1850 738 sunt,
1864 707 1952 738 primo,
1966 714 2044 738 quan-

1193 752 1248 776 tum
1267 751 1298 776 ad
1317 759 1345 775 ea
1364 758 1426 782 quae
1446 750 1476 775 de
1496 757 1594 781 prope,
1613 750 1643 774 ut
1667 750 1706 775 est
1726 750 1804 775 vestis
1823 750 1848 775 et
1873 750 1990 780 habitus,
2010 757 2045 775 se-

1193 795 1285 824 cundo,
1305 794 1427 826 quantum
1447 794 1478 818 ad
1497 801 1526 818 ea
1545 801 1607 825 quae
1626 793 1655 818 cle
1676 793 1760 825 lonye,
1780 793 1810 818 ut
1829 793 1889 818 sunt
1907 793 2027 819 officinae.

1504 880 1653 905 0110100011
1672 880 1740 904 XIX.

1428 967 1468 992 De
1488 966 1626 997 disciplina
1645 966 1673 991 in
1690 967 1764 998 qesta
1778 965 1807 990 ¹¹.

1268 1053 1290 1079 1.
1312 1054 1383 1079 Circa
1401 1053 1558 1085 disciplinam
1571 1053 1597 1077 in
1615 1054 1703 1084 gestu,
1720 1053 1762 1084 qui
1778 1062 1791 1074 ‹<
1803 1052 1891 1078 modus
1910 1052 1935 1077 et
1953 1052 2047 1084 figura-

1195 1098 1230 1123 tio
1258 1097 1425 1122 membrorum
1452 1097 1588 1128 corporis»
1611 1095 1742 1126 dicitur¹²,
1761 1096 1853 1127 duplex
1879 1096 1918 1121 est
1936 1096 2048 1121 custodia

1196 1141 1343 1166 adhibenda.
1368 1150 1381 1162 κ
1393 1140 1479 1165 Prima
1499 1140 1550 1169 est,
1570 1139 1600 1164 ut
1618 1147 1696 1164 unum
1714 1139 1853 1163 membrum
1873 1138 1981 1163 alterius
1994 1138 2048 1169 Offi-

1197 1185 1265 1210 cium
1283 1192 1337 1209 non
1354 1185 1475 1215 usurpet,
1495 1183 1540 1208 aut
1565 1183 1617 1208 eius
1642 1182 1809 1207 ministerium
1835 1183 1873 1207 sui
1898 1182 2048 1208 admixtione

1196 1228 1369 1254 confundat».
1389 1228 1414 1252 Si
1437 1235 1464 1252 os
1492 1226 1618 1258 loquitur,
1645 1226 1721 1257 caput
1739 1233 1790 1251 11011
1814 1226 1939 1258 agitetur,
1958 1233 2048 1251 manus

1196 1279 1246 1297 11011
1259 1271 1403 1301 moveatur,
1423 1271 1448 1296 et
1467 1271 1502 1295 sic
1515 1270 1543 1294 de
1562 1270 1631 1301 aliis,
1651 1270 1691 1299 ut,
1711 1269 1770 1294 dum
1783 1269 1891 1294 alterum
1910 1269 2049 1294 membrum

1196 1315 1327 1346 operatur,
1341 1314 1449 1339 alterum
1462 1313 1572 1345 quietum
1587 1313 1686 1338 omnino
1699 1312 1856 1344 permaneat3
1870 1312 1927 1342 aut,
1941 1313 1962 1337 si
1975 1319 2050 1344 opera

1196 1360 1248 1384 eius
1268 1359 1407 1383 necessaria
1427 1358 1464 1382 illi
1485 1364 1538 1382 esse
1558 1356 1727 1388 cognoscitur,
1751 1356 1783 1380 ad
1808 1355 1962 1387 operandum
1987 1356 2049 1381 ordi-

1195 1402 1255 1427 nate
1270 1401 1409 1427 moveatur.

1267 1445 1292 1469 2.
1316 1455 1328 1467 «
1342 1444 1453 1469 Secunda
1480 1444 1519 1469 est
1546 1443 1658 1468 custodia
1686 1442 1831 1473 disciplinae
1859 1443 1886 1467 in
1913 1441 2001 1473 gestu,
2020 1441 2050 1466 ut

1186 1488 1324 1521 ‘quodlibet
1342 1488 1480 1513 membrum
1499 1488 1525 1511 in
1543 1494 1571 1512 eo
1590 1486 1654 1518 quod
1674 1485 1747 1515 facit,
1768 1485 1881 1510 debitum
1898 1484 2003 1510 modwm
2015 1484 2049 1510 te-

1196 1532 1256 1557 neat
1282 1539 1327 1556 nec
1355 1530 1536 1562 temperantiae
1561 1529 1680 1558 limitem,
1704 1528 1749 1554 aut
1776 1528 1916 1554 honestatis
1944 1528 2049 1553 formam

1197 1575 1309 1604 excedat3
1328 1574 1375 1599 hoc
1392 1574 1442 1603 est,
1456 1573 1485 1598 ut
1498 1574 1523 1598 in
1537 1573 1623 1604 paucis
1637 1572 1756 1603 exemplis
1774 1571 1908 1603 probemus
1919 1570 1948 1601 ¹³,
1966 1571 2050 1596 ridere

1197 1620 1250 1644 sine
1269 1618 1397 1649 apertione
1416 1617 1541 1647 dentium,
1567 1616 1651 1641 videre
1678 1616 1730 1640 sine
1755 1615 1875 1640 defixione
1904 1615 2049 1644 oculorum,

1199 1662 1270 1693 loqui
1290 1662 1343 1686 sine
1361 1660 1504 1685 extensione
1522 1667 1653 1689 manuum,
1674 1660 1726 1684 sine
1739 1659 1895 1684 contorsione
1913 1658 2048 1688 labiorum,

1198 1706 1251 1730 sine
1269 1704 1403 1729 iactatione
1416 1704 1520 1735 capitis,
1541 1703 1593 1728 siue
1612 1703 1749 1728 elevatione
1762 1702 1965 1733 superciliorum
1986 1701 2050 1726 ince-

1198 1749 1255 1774 dere
1274 1749 1326 1773 siue
1345 1747 1514 1773 modulatione
1526 1754 1672 1779 gressuum,
1692 1746 1745 1771 sine
1763 1745 1926 1770 ventilatione
1939 1744 2049 1770 brachio-

1198 1799 1267 1821 rum,
1282 1792 1334 1816 sine
1352 1790 1543 1823 gesticulatione
1557 1789 1728 1821 scapularum,
1748 1789 1831 1813 iacere
1844 1788 1897 1812 sine
1916 1787 2050 1813 deiectione

1197 1835 1377 1865 membrorum,
1397 1835 1481 1860 sedere
1500 1834 1552 1858 sine
1571 1832 1696 1858 alterutra
1718 1831 1897 1864 superiectione
1916 1831 2007 1863 pedum
2026 1831 2051 1856 et

1198 1880 1250 1904 sine
1269 1878 1394 1903 alterutra
1413 1876 1573 1903 accubatione
1591 1876 1714 1907 laterum,
1734 1876 1786 1900 sine
1806 1874 1985 1900 divaricatione
2007 1882 2050 1899 seu

1198 1922 1345 1947 dilatatione
1364 1921 1488 1949 crurium,
1509 1920 1561 1945 siue
1586 1920 1728 1944 extensione
1747 1919 1787 1943 vel
1812 1918 1950 1950 agitatione
1976 1917 2051 1942 tibia-

1198 1973 1254 1991 rum
1266 1964 1286 1977 ¹⁴
1299 1974 1328 1995 »ς
1347 1972 1436 1996 nempe
1454 1963 1587 1989 honestum
1607 1962 1632 1988 et
1649 1962 1768 1987 humilem
1781 1961 1897 1986 Fratrem
1910 1961 1997 1987 femori
2010 1968 2051 1986 su-

1197 2016 1252 2034 ram
1270 2009 1397 2040 imponere
1416 2007 1457 2032 vel
1476 2006 1550 2038 pedes
1568 2006 1653 2038 palam
1672 2006 1809 2031 cancellare
1827 2012 1878 2030 non
1902 2004 1979 2029 decet.
2004 2004 2050 2029 Ar-

1197 2052 1267 2077 cendi
1280 2051 1345 2077 sicut
1357 2051 1383 2076 in
1397 2051 1504 2083 publico,
1517 2050 1554 2075 ita
1567 2050 1592 2075 et
1607 2050 1633 2074 in
1646 2049 1740 2074 secreto
1753 2048 1813 2074 sunt
1825 2048 1913 2080 gestus
1925 2047 2005 2079 inepti
2015 2046 2049 2077 ¹⁵3

1197 2095 1284 2127 gestus
1312 2095 1415 2126 denique
1444 2094 1563 2125 Religiosi
1581 2092 1654 2118 debet
1682 2100 1735 2117 0330
1752 2092 1869 2121 1101111113,
1899 2098 2000 2116 severus
2025 2089 2051 2115 et

1196 2139 1290 2170 gravis.
1309 2138 1357 2163 Est
1377 2138 1443 2162 enim
1462 2136 1664 2168 reprehensibilis
1682 2135 1783 2167 gestus,
1804 2135 1825 2160 si
1845 2134 2002 2166 superbiam,
2029 2133 2051 2158 si

354 2371 361 2383 ¹
380 2370 453 2394 Codd.
471 2369 487 2392 C
498 2370 516 2392 D
527 2370 541 2392 E
559 2372 581 2391 et
597 2369 651 2392 edd.
673 2369 691 2395 1,
709 2369 722 2390 2
740 2367 810 2397 quod.
828 2368 923 2390 Inferius
940 2373 983 2395 pro
1004 2368 1093 2396 quanto
1111 2365 1139 2389 ct-

290 2403 337 2426 tius
355 2405 377 2425 et
393 2401 500 2425 nondam
518 2400 588 2424 CDE
605 2403 627 2423 et
644 2400 680 2422 ed.
699 2401 712 2422 2
730 2399 872 2422 substituunt
889 2404 962 2428 quam
982 2397 1026 2421 cito
1047 2400 1069 2420 et
1090 2403 1140 2420 nec-

290 2434 355 2458 [lum.

352 2464 361 2477 ‘¹
381 2466 432 2487 Vat.
449 2471 503 2487 cum
521 2464 557 2486 ed.
579 2465 583 2485 1
611 2462 753 2486 hominibus.
777 2462 871 2484 Interius
892 2468 935 2489 pre
957 2462 1051 2484 servent
1070 2460 1140 2483 CDE

291 2500 313 2520 ct
330 2498 366 2520 ed.
385 2498 398 2519 2
416 2495 545 2519 observent.

354 2527 363 2540 ³
381 2529 415 2550 Du
432 2527 522 2555 Gange,
539 2527 680 2549 Glossarium
699 2528 753 2547 etc:
772 2524 854 2548 Attare
873 2524 999 2552 viaticum,
1017 2524 1081 2553 quod
1099 2529 1140 2551 per

290 2561 353 2583 viam
371 2562 488 2588 portetur,
506 2562 602 2586 propter
619 2557 683 2587 qnod
697 2556 815 2586 portabile
828 2557 867 2578 vel
877 2555 991 2579 viaticum
1004 2555 1140 2583 appellatur.

291 2592 337 2615 Csr.
355 2591 437 2615 Δ4110νεῖ
463 2590 628 2617 itinerarium„
652 2589 714 2611 idem
737 2588 801 2617 qnod
824 2587 937 2611 viaticum
958 2593 999 2610 seu
1019 2585 1141 2616 portatile.

291 2624 393 2646 Vocatur
411 2623 479 2645 etiam
498 2621 667 2651 yestatorfflm,
686 2620 824 2647 levationm,
847 2619 982 2642 victricium.
999 2631 1030 2635 —
1047 2618 1142 2641 Inferius

291 2661 334 2683 pro
346 2656 416 2677 extra
428 2654 507 2683 ipsum
525 2653 564 2682 (ita
582 2653 600 2675 Α
617 2656 639 2675 et
656 2652 692 2674 ed.
710 2652 733 2681 2)
751 2651 768 2675 C
779 2652 821 2673 DE
839 2654 861 2673 et
877 2651 915 2673 ed.
937 2651 941 2672 1
963 2650 1033 2673 z'uoeta
1049 2649 1141 2679 ipsum,

291 2687 342 2709 Vat,
360 2686 428 2709 iuria
447 2687 469 2708 et
480 2691 529 2708 non.
545 2690 621 2714 supra
639 2683 724 2713 ipsum.

354 2717 363 2729 ⁴
380 2717 435 2739 Fide
453 2718 469 2739 A
481 2718 496 2739 Β
513 2718 535 2739 et
552 2717 589 2738 ed.
606 2717 619 2738 2
637 2714 800 2738 substituimus
816 2713 983 2737 attractionem
1000 2719 1043 2741 pro
1063 2713 1142 2735 extra-

292 2749 398 2773 ctionem.

355 2780 364 2792 ⁵
382 2780 437 2803 Cod.
455 2780 473 2802 Α
491 2782 513 2802 et
530 2779 565 2802 edi
585 2780 597 2801 2
612 2779 669 2807 post
688 2776 776 2800 Christi
797 2776 975 2799 sanctissimum
999 2775 1141 2799 convivium.

292 2812 387 2834 Inferius
404 2818 446 2839 pro
464 2810 519 2833 cedo
543 2810 585 2833 liti.
603 2810 657 2832 Post
683 2809 728 2838 (ita
746 2809 790 2831 AB
816 2812 838 2831 et
855 2808 891 2830 ed.
910 2808 933 2837 2)
960 2807 1005 2830 CD
1030 2806 1098 2834 cedo,
1116 2807 1144 2829 ut

292 2845 357 2873 post,
376 2843 425 2865 Vnt,
444 2848 498 2864 cum
516 2843 531 2864 E
548 2844 570 2864 et
587 2841 624 2863 ed.
646 2841 650 2862 1
673 2840 755 2867 credo,
773 2841 801 2862 ut
815 2841 877 2869 post.

356 2873 365 2886 ὓ
382 2875 412 2896 Ex
430 2875 473 2896 AB
491 2876 513 2895 et
530 2874 566 2896 ed.
590 2874 602 2894 2
620 2872 782 2900 supplevimus
800 2871 904 2894 cumino.
926 2870 1021 2893 inferius
1044 2875 1087 2897 pro
1110 2869 1143 2891 in-

293 2904 439 2934 dulgyemlum
458 2906 474 2927 B
492 2908 513 2927 et
531 2905 567 2927 ed.
586 2906 598 2926 2
616 2902 806 2933 impendendum.

356 2936 364 2948 ⁷
384 2937 423 2959 Ed.
441 2937 470 2958 2:
490 2936 569 2964 Incipit
585 2942 639 2963 pars
656 2936 720 2957 tortia
739 2935 808 2956 huius
825 2934 914 2961 operis,
932 2939 993 2962 quac
1010 2936 1043 2955 est
1065 2932 1094 2955 de
1111 2931 1143 2954 di-

293 2968 387 2995 sciplina
406 2968 464 2989 circa
483 2968 618 2995 temporalia
636 2966 811 2996 [corporalium
829 2968 851 2987 et
862 2965 938 2993 primo
956 2967 1054 2992 ponetur
1067 2963 1142 2986 distin-

295 2999 339 3021 ctio
356 2999 435 3021 tertiae
453 2999 532 3026 partis.

356 3029 365 3041 5
383 3029 426 3052 Csr.
445 3036 515 3057 supra
532 3036 551 3052 0.
570 3030 591 3051 8.

357 3059 366 3073 ⁹
384 3061 424 3083 Ed.
442 3061 455 3083 2
474 3061 537 3083 addit
555 3059 581 3083 de
598 3066 632 3083 ea.

1260 2364 1280 2377 ¹⁰
1297 2364 1370 2387 Codd.
1388 2363 1404 2386 C
1415 2364 1459 2385 DE
1476 2365 1498 2385 et
1515 2362 1551 2385 ed.
1568 2363 1573 2383 1
1596 2361 1632 2385 Ad
1649 2361 1706 2384 haec
1719 2360 1766 2390 [ed.
1785 2361 1792 2382 Ἰ1
1809 2360 1862 2390 hoc]
1876 2359 1941 2383 circa
1955 2365 1995 2388 ea,
2014 2359 2051 2382 ed.

1198 2398 1211 2419 2
1230 2395 1266 2419 Ad
1282 2396 1325 2419 hoc
1342 2402 1377 2418 ea.
1395 2395 1490 2417 Interius
1506 2396 1559 2422 post
1576 2392 1680 2423 officinae
1698 2393 1714 2415 Β
1731 2395 1754 2415 et
1770 2392 1806 2414 ed¹
1825 2393 1838 2414 2
1856 2391 1944 2414 addunt
1967 2390 1995 2414 cle
2017 2390 2050 2413 di-

1197 2427 1297 2457 sciplina
1315 2426 1415 2450 dicetur.

1261 2458 1280 2472 ¹¹
1299 2459 1340 2481 Ed.
1357 2460 1370 2481 2
1388 2458 1453 2480 addit
1469 2458 1577 2486 respecta
1595 2455 1698 2485 [eorum]
1716 2461 1776 2484 quae
1793 2454 1818 2477 in
1835 2453 1901 2477 nobis
1918 2455 1982 2477 sunt.

1261 2489 1280 2503 ¹²
1298 2491 1359 2518 Hng.
1376 2496 1387 2511 a
1407 2490 1429 2511 S.
1449 2489 1518 2515 Vici„
1536 2488 1564 2510 de
1586 2488 1681 2510 lnstitut.
1698 2487 1769 2509 novit.
1789 2492 1809 2508 0,
1836 2486 1870 2507 12.
1889 2486 1912 2507 111
1930 2484 2050 2513 principio.

1199 2522 1256 2545 lbid.
1273 2522 1332 2544 circa
1356 2522 1424 2543 finem
1443 2520 1518 2548 prima
1541 2519 1644 2542 custodia
1662 2519 1694 2541 sic
1716 2517 1867 2540 descrIbitur:
1885 2517 1961 2539 Primo
1981 2516 2050 2544 igitur

1199 2557 1233 2577 est
1250 2553 1354 2576 custodia
1372 2552 1509 2580 disciplinae
1532 2551 1553 2573 in
1576 2554 1656 2579 gestu,
1674 2553 1699 2572 ut
1716 2549 1901 2577 unumquodque
1918 2547 2049 2570 membrum

1199 2586 1220 2608 in
1238 2592 1265 2607 eo
1283 2585 1312 2607 ad
1330 2584 1393 2613 quod
1412 2586 1515 2606 creatum
1533 2585 1567 2605 est
1583 2582 1659 2604 officio
1681 2587 1706 2604 se
1722 2581 1838 2603 contineat
1862 2586 1937 2608 neque
1958 2579 2050 2601 alterius

1199 2616 1299 2639 membri
1316 2616 1469 2638 ministerium
1488 2615 1523 2637 sui
1535 2614 1676 2636 admixtione
1687 2612 1826 2640 contundat,
1846 2611 1869 2634 id
1886 2614 1931 2639 est,
1949 2614 1973 2633 ut
1990 2610 2049 2633 oculi

1199 2649 1304 2675 videant,
1323 2654 1390 2669 aures
1415 2647 1519 2673 audiant,
1547 2651 1613 2667 nares
1636 2645 1755 2672 olfaciant,
1778 2649 1805 2666 03
1828 2643 1949 2671 loquatur,
1968 2648 2050 2664 manns

1199 2682 1337 2708 operentur,
1362 2679 1434 2706 pedes
1460 2677 1590 2703 ambulent,
1619 2679 1733 2705 quatenus
1763 2680 1839 2703 neque
1870 2675 2049 2696 transmutentur

1199 2712 1273 2734 officia
1300 2710 1460 2733 membrorum
1486 2715 1562 2737 neque
1589 2707 1718 2730 inordinate
1747 2706 1939 2734 permisceantur.
1962 2717 1991 2720 —
2017 2705 2049 2726 ln-

1201 2743 1270 2765 serius
1282 2741 1381 2764 vocibus
1398 2740 1498 2764 alterius
1510 2739 1613 2770 officiam
1631 2740 1646 2761 Β
1664 2742 1686 2761 et
1703 2738 1738 2761 ed.
1752 2739 1765 2760 2
1783 2738 1922 2759 interserunt
1943 2735 2048 2759 membri.

1263 2772 1282 2786 ¹³
1299 2773 1373 2796 Codd.
1390 2772 1460 2796 CDE
1477 2774 1499 2794 et
1517 2771 1570 2794 edd.
1592 2772 1599 2793 l
1612 2789 1617 2797 ,
1637 2772 1649 2792 2
1671 2768 1879 2799 eaeemplificemus.
1901 2767 1996 2790 inferius
2007 2773 2049 2795 pro

1200 2805 1350 2829 coium-sione
1366 2804 1412 2827 CD
1428 2803 1545 2831 torsione,
1565 2803 1582 2824 E
1598 2801 1741 2829 retorsione,
1759 2803 1781 2823 et
1800 2806 1843 2828 pro
1866 2799 1991 2823 iactatione
2014 2804 2050 2821 ca-

1199 2837 1254 2866 pitis
1273 2837 1324 2858 Vat.
1341 2834 1469 2865 aqitatz'one
1487 2833 1578 2863 cupitis.

1264 2867 1283 2880 ¹4
1301 2868 1373 2895 Ηιιξς.1
1391 2867 1435 2889 loc.
1453 2867 1488 2889 cit.
1507 2866 1592 2888 Textus
1609 2864 1727 2892 originalis
1744 2863 1862 2885 hincinde
1873 2862 1940 2890 plura
1958 2862 2049 2884 interse-

1200 2900 1229 2922 rit
1246 2902 1267 2921 et
1279 2898 1396 2921 substituit
1407 2898 1458 2921 sine
1475 2896 1609 2920 distet-tione
1620 2895 1783 2918 membrorum
1800 2900 1843 2922 pro
1854 2893 1906 2917 sine
1924 2892 2048 2916 deiectione

1200 2929 1364 2953 membrorum
1381 2936 1408 2952 ac
1425 2929 1475 2952 sine
1492 2928 1587 2951 alterna
1603 2926 1774 2950 accubitatione
1796 2932 1838 2953 pro
1862 2924 1912 2948 sine
1930 2923 2049 2947 alterutra

1200 2961 1361 2985 accubatione.

1264 2992 1283 3005 ¹⁵
1302 2993 1341 3015 Ed.
1360 2993 1373 3014 2
1391 2990 1495 3015 Arcendi
1517 2990 1554 3014 vel
1570 2989 1677 3013 maxime
1701 2989 1726 3011 in
1748 2987 1843 3018 publico
1861 2988 1940 3017 pestus
1960 2985 2032 3015 inepti
2039 2993 2048 3013 ,-

1200 3024 1341 3047 conveniunt
1357 3024 1373 3046 C
1384 3024 1428 3045 DE
1445 3025 1467 3045 et
1485 3022 1521 3045 ed.
1541 3023 1548 3044 l
1559 3039 1564 3049 ,
1582 3021 1668 3044 omisso
1685 3023 1762 3043 tamen
1782 3018 1900 3046 maoeime,
1924 3021 1946 3040 et
1968 3024 1979 3039 a
2004 3016 2020 3039 C
2031 3016 2048 3038 D

1200 3059 1253 3084 post
1269 3055 1294 3078 in
1309 3054 1406 3085 publico
1424 3054 1501 3077 addito
1518 3054 1581 3076 sunt.
1600 3052 1694 3075 Interius
1711 3052 1761 3074 Vat.
1774 3051 1856 3074 omittit
1873 3047 1985 3072 dissolvit.

2063 353 2133 393 ⁸523?

2065 708 2133 731 Subdiu(

2079 737 2122 752 seem

2076 761 2131 777 11101111,

2066 1096 2091 1115 Du
2104 1097 2133 1118 leti

2064 1122 2090 1139 sto
2105 1121 2133 1141 ‘am

2066 1440 2110 1460 Secu
2121 1449 2129 1461 ι.
