2133 3317
0 306 2 310 ’
12 302 72 322 ndum.

5 951 72 995 18ΡῖξὲΙὲ-

266 214 461 243 OPUSCULUM
482 213 547 242 XIV.
570 212 677 249 QUARE
699 213 844 241 FRATRES
865 213 931 241 MlN.
955 213 1158 242 PRAEDICENT
1180 213 1220 242 ET
1242 213 1482 242 CONFESSIONES
1502 213 1653 242 AUDIANT.

91 293 177 322 multo
198 292 284 329 magis
304 294 393 328 potest
414 291 466 319 hoc
494 290 640 327 episcopus
661 293 688 318 et
710 290 831 318 maxime
851 291 932 318 Sum-

90 347 153 368 mus
174 338 310 372 Pontifex,
326 338 387 375 qui,
406 337 478 365 sicut
498 336 602 373 ubique
617 336 701 365 habet
722 336 864 373 potestatis
878 337 933 373 ple-

89 385 257 418 nitudinem,
285 384 323 412 ita
353 386 381 412 et
411 383 462 412 sibi
493 391 509 411 a
539 383 656 411 Domino
683 382 856 411 commissam
886 390 932 419 ge-

90 432 127 461 rit
139 430 262 460 omnium
276 429 455 459 ecclesiarum
470 429 696 463 sollicitudinem,
711 429 748 457 ita
769 432 799 457 ut
814 437 846 458 ea
861 437 932 465 quae

90 477 203 515 singulis
221 476 374 506 necessaria
396 476 562 513 probantur,
585 476 659 504 illius
673 475 846 512 providentia
866 483 932 512 sup-

90 525 225 562 pleantur.
248 523 372 560 Alioquin
393 531 481 551 vacua
502 525 573 551 esset
587 522 661 559 apud
682 522 772 558 ipsum
795 525 870 550 tanta
885 530 932 558 po-

90 573 187 604 testas,
208 577 292 607 quam
313 569 500 598 exsecutionis
521 569 642 598 efficacia
662 577 718 597 non
739 568 930 596 comitaretur.

89 617 240 646 Committit
259 619 352 645 autem
380 616 441 644 aliis
461 615 627 652 quandoque
648 615 721 644 vices
742 622 820 649 suas,
841 622 906 643 cum
922 613 931 629 ¹

89 672 140 701 pro
159 663 284 691 locorum
313 662 455 696 distantia,
477 662 520 690 vel
541 669 689 690 causarum
717 661 866 698 qualitate,
890 661 932 689 vel

90 718 140 747 pro
160 709 278 738 aliorum
300 709 387 746 magis
417 708 577 745 urgentium
609 707 782 744 negotiorum
815 715 932 743 occupa-

89 757 175 791 tione,
196 756 240 785 vel
261 764 312 792 pro
326 755 512 784 multitudinis
532 755 753 791 delinquentium
776 753 933 790 frequentia

90 807 116 833 et
136 803 307 832 necessitatis
327 802 508 836 festinatione,
527 801 570 830 vel
593 809 643 838 pro
664 801 789 838 corporis
810 800 933 829 imbecil-

90 851 177 883 litate,
192 849 235 878 vel
256 852 330 878 certe
346 856 396 885 pro
417 847 540 877 liberiori
555 847 670 884 spiritus
691 847 832 876 vacatione
847 855 932 884 expe-

89 897 143 931 dit,
165 904 230 925 eum
250 899 278 925 et
298 896 365 924 alios
386 903 480 924 secum
509 894 543 923 ad
564 894 656 923 oneris
677 894 821 931 pastoralis
849 894 932 923 susti-

88 943 209 973 nentiam
231 943 356 971 invitare.
378 958 417 962 ——
437 942 504 970 Nam
522 949 586 970 cum
601 941 735 969 Dominus
749 941 825 969 solus
840 940 933 969 omnia

88 990 147 1020 sine
167 990 290 1027 qualibet
317 989 478 1017 difficultate
501 988 587 1025 possit
607 987 634 1016 in
659 987 789 1016 omnibus
809 988 932 1024 operari,

88 1044 159 1074 quae
180 1035 314 1070 voluerit,
336 1035 408 1063 sicut
422 1043 457 1064 ex
479 1034 566 1063 nihilo
580 1037 679 1063 cuncta
699 1034 818 1067 creavit;
842 1038 933 1062 tamen

88 1083 217 1120 dignatur
238 1082 265 1110 in
281 1081 447 1119 quibusdam
469 1081 601 1117 operibus
616 1080 674 1109 suis
694 1080 797 1109 habere
822 1080 933 1108 coadiu-

88 1133 162 1159 tores
173 1130 184 1146 ³
199 1132 226 1158 et
240 1129 369 1162 vicarios,
391 1128 463 1157 sicut
478 1128 504 1156 in
520 1135 588 1156 cura
601 1127 758 1156 animarum
778 1130 806 1155 et
820 1127 847 1155 in
868 1135 933 1164 ope-

88 1177 166 1206 ribus
190 1175 342 1205 artificialis
373 1175 533 1203 industriae.
563 1174 591 1202 In
622 1175 674 1202 hoc
702 1174 748 1202 dat
772 1174 933 1211 exemplum

89 1223 223 1252 Ecclesiae
244 1222 415 1256 rectoribus,
436 1229 508 1250 onus
528 1220 720 1250 sollicitudinis
738 1228 804 1249 suae
825 1223 852 1249 et
872 1220 934 1249 aliis

88 1269 262 1306 impartiendi
272 1291 279 1303 ‚
300 1276 335 1297 ne
349 1276 399 1305 per
421 1268 545 1305 ipsorum
560 1267 712 1296 absentiam
726 1270 753 1296 et
768 1267 934 1296 insufficien-

89 1316 155 1345 tiam
176 1315 252 1345 salus
272 1315 396 1344 fidelium
415 1315 579 1351 negligatur.

167 1363 193 1391 9.
216 1362 363 1390 Praedictis
383 1369 449 1398 ergo
470 1361 503 1390 de
532 1361 623 1389 causis
644 1361 674 1389 in
696 1361 739 1389 his
766 1360 933 1389 novissimis

89 1409 265 1447 temporibus
283 1408 365 1437 -de
383 1408 486 1445 quibus
511 1408 649 1445 praedixit
666 1408 812 1444 Apostolus
823 1408 843 1442 ⁸,
859 1407 934 1445 quod

56 1453 61 1460 ‘
88 1455 239 1485 instabunt
254 1459 385 1492 tempora
396 1454 565 1491 periculosa
580 1462 616 1483 ex
634 1454 862 1491 multiplicatione
874 1462 934 1491 pec-

0 2069 75 2116 raa

0 2117 28 2135 tm.

0 2137 46 2160 intio
57 2139 74 2158 ι.

89 1506 214 1532 catorum
234 1505 262 1531 et
289 1501 486 1530 numerositate
515 1501 626 1530 rudium
654 1501 823 1538 populorum
843 1504 871 1529 et
891 1509 934 1530 se-

89 1549 218 1578 ductione
239 1548 444 1577 haereticorum
467 1551 495 1577 et
522 1548 635 1577 raritate
656 1548 794 1576 bonorum
815 1550 842 1576 et
862 1548 934 1576 diffi-

89 1596 190 1625 cultate
212 1595 323 1632 regendi
344 1598 372 1624 et
392 1594 587 1624 insufficientia
614 1595 802 1631 praelatorum
823 1597 850 1623 et
871 1602 934 1631 per-

89 1642 221 1680 plexitate
241 1649 357 1670 casuum
378 1641 579 1678 emergentium
602 1643 629 1669 et
656 1640 774 1669 aliorum
796 1640 934 1677 periculo-

89 1697 152 1718 rum
174 1688 308 1718 Ecclesiae
328 1688 531 1717 imminentium
553 1696 589 1716 ex
621 1687 704 1716 variis
725 1687 871 1716 eventibus
895 1704 934 1708 —

89 1735 210 1773 providit
240 1734 322 1764 Sedes
352 1734 501 1772 apostolica
535 1734 568 1763 ad
599 1734 767 1763 obviandum
803 1735 934 1771 praefatis

89 1782 221 1820 periculis
247 1781 360 1818 aliquod
387 1781 542 1810 remedium
570 1781 761 1810 subventionis
787 1781 933 1810 animabus

89 1829 283 1867 pereuntibus,
304 1828 378 1865 quod
399 1828 492 1857 divina
512 1827 684 1857 ordinatione
702 1828 835 1865 quosdam
863 1828 934 1857 Reli-

89 1876 229 1914 giosorum
247 1875 365 1904 Ordines
378 1875 498 1904 instituit
508 1875 529 1909 4,
548 1874 596 1912 qui
617 1874 707 1903 officio
722 1874 934 1911 praedicationis

89 1926 116 1953 et
137 1922 316 1952 consessionis
335 1922 386 1951 sibi
408 1921 555 1951 commisso
577 1921 742 1950 subveniant
767 1921 934 1958 indigentiae

89 1969 256 2007 populorum
277 1972 305 1998 et
325 1969 535 1998 insufficientiae
557 1968 721 1997 clericorum
743 1971 771 1998 et
798 1968 935 1997 obsistant

90 2016 219 2046 versutiis
234 2016 451 2049 baereticorum,
469 2018 498 2044 et
511 2016 564 2044 hoc
578 2015 606 2044 in
620 2015 748 2044 solatium
765 2018 792 2044 et
806 2015 934 2044 subleva-

92 2071 153 2092 men
174 2063 279 2097 oneris,
300 2071 359 2091 non
380 2062 411 2091 in
427 2062 648 2099 praeiudicium
668 2062 859 2099 plebanorum.
874 2061 933 2090 Non

91 2110 163 2140 enim
182 2109 369 2147 praeiudicat
389 2109 444 2143 eze,
463 2109 485 2138 si
506 2109 635 2138 dominus
657 2110 728 2146 Papa
748 2109 791 2138 vel
812 2109 932 2146 episcopi

90 2164 188 2186 eorum
207 2156 241 2185 de
261 2156 351 2185 officio
371 2164 422 2185 suo
443 2155 568 2190 solliciti,
589 2156 663 2192 quod
684 2156 866 2192 personaliter
881 2156 934 2184 im-

89 2203 166 2240 plere
185 2211 240 2232 non
260 2203 368 2237 valent,
390 2202 449 2231 aliis
468 2202 527 2231 loco
548 2210 598 2231 suo
616 2202 787 2239 implendum
808 2202 933 2231 commit-

90 2252 166 2284 tunt3
188 2249 260 2278 sicut
280 2256 331 2278 nec
346 2249 397 2277 hoc
418 2248 621 2285 praeiudicaret
635 2248 687 2282 eis,
709 2249 731 2277 si
754 2249 855 2277 vellent
870 2256 933 2285 per-

90 2295 219 2325 sonaliter
241 2295 268 2324 in
289 2295 427 2332 parochiis
447 2303 545 2324 eorum
573 2295 732 2332 praedicare
754 2296 796 2324 vel
827 2295 932 2324 confes-

154 2530 162 2544 ¹
180 2531 208 2553 lta
227 2531 263 2554 ed.
282 2532 306 2558 23
324 2531 381 2553 aliae
397 2533 456 2554 tum.
473 2531 568 2553 inferius
585 2537 627 2559 pro
644 2531 830 2561 delinquentium
847 2532 885 2559 (ita
904 2532 932 2560 A)

92 2570 145 2593 edd.
162 2569 341 2599 reqm'renlIum,
359 2573 381 2592 et
398 2576 440 2598 pro
457 2570 562 2599 empedsz't,
579 2576 634 2593 eum
651 2571 669 2592 A
685 2570 778 2599 turpedil
795 2572 880 2594 tumen.

154 2608 163 2621 ²
181 2609 249 2637 Epist.
268 2611 282 2632 Ι.
298 2609 350 2632 Cor.
368 2610 395 2636 3,
413 2610 438 2631 9:
461 2609 501 2631 Dei
518 2609 578 2631 enim
600 2615 681 2631 sumus
703 2610 826 2632 adiutores.
844 2621 874 2626 —
892 2610 933 2632 Su-

93 2648 170 2676 perius
187 2654 229 2676 pro
246 2647 309 2671 Nam
326 2653 381 2671 cum
398 2647 442 2676 (ita
459 2648 476 2670 B
493 2651 515 2670 et
527 2648 562 2670 cd.
581 2648 604 2676 2)
625 2648 673 2669 Vnt.
686 2650 708 2670 et
724 2648 759 2670 cd.
782 2649 787 2670 1
810 2647 872 2670 Nam
884 2648 934 2671 etsi.

95 2687 188 2709 inferius
205 2688 221 2709 Α
240 2687 322 2709 omittit
339 2688 359 2709 el
376 2686 574 2716 iususlicit’utae'um.

154 2724 163 2738 ³
181 2726 251 2753 Epist.
270 2726 291 2748 ΙΙ.
315 2726 373 2748 Tim.
392 2726 417 2752 3,
439 2726 461 2752 l,
485 2725 524 2747 ubi
542 2732 584 2753 pro
607 2724 751 2754 temporibus
772 2725 870 2753 Vulgata
891 2725 934 2748 (lie-

93 2763 134 2787 bus
152 2764 202 2791 (cfr.
219 2764 274 2786 ibid.
291 2765 305 2786 1.
323 2770 343 2786 c.
361 2764 387 2790 4,
406 2764 446 2792 l.).
463 2764 522 2786 Vide
538 2770 607 2791 supra
626 2770 678 2791 pag.
696 2764 752 2791 338,
771 2766 847 2786 notam
869 2764 902 2786 ¹2.

153 2802 163 2815 ⁴
181 2803 202 2825 ln
220 2803 256 2825 ed.
275 2804 287 2824 2
306 2805 406 2825 notatur:
431 2803 617 2824 Praedicatorum
639 2806 660 2824 et
678 2803 796 2824 Minoruni.
816 2815 844 2818 —
862 2804 935 2830 Supe-

93 2841 140 2863 rius
156 2848 198 2869 pro
214 2841 311 2871 aliquod
328 2841 371 2869 (ita
389 2842 415 2869 A)
433 2841 486 2863 edd.
504 2840 697 2870 quibuscumque.
710 2841 766 2863 Cnd.
784 2843 801 2863 A
819 2841 854 2863 hic
868 2841 933 2869 legit:

94 2879 192 2903 institui!
210 2879 326 2908 Ecclesia,
345 2879 387 2909 qui
401 2886 431 2903 eat
443 2879 540 2909 officio...
558 2879 697 2903 subrumari!
710 2879 799 2909 populo
821 2881 842 2903 et
859 2880 935 2910 insuf-

93 2918 206 2948 ficientiae
222 2922 266 2941 etc.

156 2957 165 2968 ⁵
182 2957 237 2979 le.
260 2958 276 2979 Λ
295 2957 378 2978 υιιιίιῑίι
401 2958 457 2979 luna:
480 2956 563 2979 itemto
586 2960 608 2979 ct
631 2957 724 2979 inferius
746 2963 788 2985 pro
809 2957 862 2986 qzu'u
885 2963 934 2980 non

94 2995 209 3018 substituit
226 2995 288 3025 quod
305 3002 360 3018 unu.

187 3044 210 3065 S,
223 3042 309 3065 lionae.
327 3055 357 3058 —
375 3042 442 3064 Toni.
456 3043 511 3064 X'lll.

1775 214 1831 243 377

989 291 1080 320 siones
1101 291 1210 325 audire,
1232 291 1268 320 ita
1283 291 1357 329 quod
1378 295 1405 320 et
1426 291 1476 328 ipsi
1491 291 1606 320 confessi
1628 300 1682 320 non
1704 294 1832 321 teneren-

990 340 1036 365 tur
1058 341 1124 365 tunc
1146 338 1265 366 iterat0⁵
1294 338 1417 375 plebanis
1438 338 1496 367 suis
1523 338 1661 372 confiteri,
1687 346 1750 367 cum
1778 339 1830 375 ipsi

989 384 1096 420 plebani
1119 384 1173 412 sint
1201 384 1295 413 vicarii
1323 385 1516 421 episcoporum
1538 385 1564 413 in
1593 385 1650 413 suis
1674 385 1830 422 parochiis,

989 430 1061 458 sicut
1080 430 1200 467 episcopi
1222 431 1328 459 Summi
1354 431 1490 460 Pontificis
1511 431 1538 460 in
1566 431 1663 460 officiis
1683 431 1734 460 sibi
1756 439 1830 461 com-

990 476 1091 509 missis,
1114 476 1179 512 quia
1205 484 1259 504 non
1286 477 1312 505 in
1340 477 1550 506 diminutionem
1578 485 1644 506 suae
1672 478 1829 514 potestatis,

989 522 1036 551 sed
1057 522 1085 551 in
1106 523 1274 551 adiutorium
1297 524 1467 552 sustentandi
1488 524 1580 553 oneris
1601 528 1666 553 sunt
1686 524 1830 554 inferiores

989 571 1113 605 pastores
1134 569 1325 605 superioribus
1346 570 1496 607 subrogati.

1070 616 1113 643 10.
1136 616 1273 649 Secundo,
1288 625 1346 645 uon
1366 616 1399 653 stc
1412 616 1453 645 eis
1471 617 1705 653 praeiudicium,
1727 618 1748 647 si
1765 626 1832 655 pon-

988 661 1041 690 dus
1062 662 1176 696 laboris,
1191 663 1265 699 quod
1287 663 1337 699 ipsi
1353 667 1464 700 portare
1486 667 1614 693 tenentur
1633 664 1659 692 in
1682 672 1750 693 cura
1774 665 1832 694 ani-

989 716 1115 743 marum,
1136 709 1281 738 allevietur
1302 710 1342 739 eis
1362 718 1411 747 per
1425 711 1542 739 aliorum
1563 711 1714 746 auxilium,
1730 714 1761 740 ut
1774 712 1832 740 ani-

989 763 1049 784 mae
1069 756 1224 790 salventur,
1246 764 1296 793 pro
1310 757 1412 794 quibus
1427 757 1476 794 ipsi
1498 757 1554 786 Deo
1569 758 1702 787 rationem
1718 758 1833 788 reddere

988 801 1089 830 debent
1110 802 1136 830 in
1158 802 1271 837 iudicio,
1294 803 1315 831 si
1337 811 1372 831 ex
1395 811 1491 832 eorum
1506 803 1671 840 negligentia
1692 805 1735 833 vel
1756 805 1832 841 igno-

989 849 1078 877 rantia
1099 849 1234 886 perirent,
1257 849 1294 878 ita
1321 853 1353 878 ut
1381 858 1431 886 pro
1458 850 1569 879 illarum
1597 851 1750 887 perditione
1779 851 1830 888 ipsi

988 895 1199 929 damnarentur;
1216 896 1363 925 Ezechielis
1379 897 1517 933 trigesimo
1532 901 1632 934 quarto
1643 898 1669 925 ⁶:
1687 899 1766 931 Ecce,
1781 907 1831 935 eyo

988 950 1077 978 supet·
1095 946 1228 978 pastores
1249 942 1401 980 requiram
1422 952 1539 981 ⁴‹Ji-eyem
1559 952 1656 972 meum
1684 945 1718 972 (Ie
1739 953 1832 973 manu

989 997 1088 1016 eorum
1110 992 1162 1017 etc,

1070 1036 1113 1063 ll.
1136 1035 1240 1069 Tertio,
1255 1035 1360 1072 nonsit
1380 1036 1420 1064 eis
1431 1037 1667 1073 praeiudicium,
1689 1038 1755 1074 quia
1775 1046 1830 1066 non

990 1082 1125 1110 minuitur
1148 1082 1342 1111 iurisdictionis
1356 1091 1452 1112 eorum
1475 1086 1594 1120 potestas
1609 1092 1645 1112 ex
1667 1085 1712 1113 tali
1734 1092 1831 1121 coope-

990 1129 1096 1157 ratione
1116 1129 1249 1163 allorum,
1271 1129 1318 1158 sed
1339 1132 1446 1158 tantum
1467 1130 1575 1166 pondus
1596 1131 1787 1159 sollicitudinis
1804 1134 1832 1160 et

990 1175 1100 1204 laboris.
1122 1175 1360 1211 Temperatissime
1388 1176 1490 1213 quippe
1511 1177 1549 1205 sic
1576 1176 1712 1213 disposuit
1738 1177 1830 1206 divina

991 1221 1134 1258 sapientia,
1156 1225 1183 1250 et
1204 1222 1322 1250 instituit
1343 1222 1424 1251 Sedes
1444 1223 1623 1260 apostolica⁷‚
1639 1227 1669 1252 ut
1684 1231 1733 1260 per
1753 1224 1833 1253 Ordi-

990 1276 1038 1297 nes
1060 1271 1235 1304 praenotatos
1255 1268 1282 1296 in
1310 1269 1511 1305 praedicatione
1535 1273 1563 1298 et
1590 1270 1758 1299 confessione
1785 1271 1832 1300 de-

990 1315 1078 1343 sectus
1105 1315 1170 1344 cleri
1202 1316 1396 1352 suppleantur,
1428 1319 1454 1345 et
1481 1317 1588 1345 animae
1619 1317 1776 1351 salventur,
1805 1321 1832 1346 et

990 1369 1080 1398 neque
1102 1362 1129 1389 in
1161 1362 1358 1398 temporalibus
1390 1370 1479 1399 neque
1510 1363 1537 1390 in
1565 1363 1756 1400 spiritualibus
1788 1364 1831 1393 ius

990 1408 1155 1436 clericorum
1177 1409 1351 1445 aliquatenus
1372 1409 1502 1442 violetur,
1525 1417 1571 1443 ne,
1596 1418 1646 1446 per
1667 1410 1832 1439 subtractio-

991 1462 1053 1483 nem
1076 1454 1187 1483 illorum
1209 1463 1280 1491 quae
1301 1455 1339 1484 eis
1360 1455 1421 1484 iure
1445 1455 1594 1490 debentur,
1623 1457 1767 1490 commoti,
1789 1465 1832 1485 sa-

991 1501 1057 1529 lutis
1078 1501 1231 1538 profectum
1253 1509 1302 1538 per
1323 1503 1432 1531 Fratres
1452 1503 1669 1539 promovendum
1692 1503 1719 1531 in
1742 1503 1832 1532 Eccle-

990 1548 1030 1576 sia
1051 1547 1231 1584 impedirent;
1253 1556 1316 1577 cum
1338 1549 1385 1576 vix
1406 1549 1487 1577 etiam
1509 1557 1582 1577 uunc
1603 1550 1757 1578 sustineant
1770 1550 1832 1587 qui-

990 1595 1068 1628 dam,
1090 1602 1137 1623 eos
1158 1602 1209 1631 pro
1229 1595 1384 1623 animarum
1413 1596 1500 1624 salute
1522 1595 1593 1624 inter
1621 1596 1747 1624 homines
1767 1604 1832 1625 con-

991 1641 1104 1670 versari.
1140 1642 1207 1670 Nam
1242 1649 1291 1670 nec
1325 1642 1446 1670 decimas
1479 1650 1575 1670 eorum
1611 1650 1660 1671 nec
1695 1643 1831 1679 primitias

990 1696 1039 1717 seu
1067 1688 1218 1717 oblationes
1240 1696 1289 1717 nec
1317 1688 1369 1716 alia
1389 1688 1480 1717 debita
1507 1689 1548 1717 eis
1568 1689 1753 1726 praeripimus
1780 1698 1832 1718 nec

990 1735 1123 1772 populum
1154 1735 1189 1763 ab
1216 1735 1371 1763 obedientia
1391 1743 1488 1763 eorum
1516 1735 1703 1764 abstrahimus
1723 1744 1774 1765 nec
1803 1737 1830 1765 in

989 1782 1090 1810 debitis
1110 1781 1269 1810 ministeriis
1290 1781 1348 1810 suis
1369 1790 1415 1810 eos
1439 1782 1578 1811 ullatenus
1599 1782 1772 1819 impedimus.
1793 1798 1832 1803 —

990 1829 1068 1865 Quod
1088 1832 1181 1857 autem
1206 1828 1371 1865 quandoque
1392 1828 1516 1865 Religiosi
1537 1828 1571 1857 ad
1599 1829 1743 1858 salvandos
1764 1829 1830 1858 fide-

990 1876 1029 1904 les
1050 1876 1078 1904 in
1101 1875 1218 1904 Ecclesia
1232 1879 1322 1904 essent
1344 1875 1470 1909 vocandi,
1491 1875 1645 1904 ostenditur
1660 1876 1688 1904 in
1710 1876 1831 1913 Evange-

990 1923 1026 1951 lio
1047 1923 1134 1951 Lucae
1145 1922 1165 1956 ⁸,
1187 1930 1249 1950 cum
1272 1922 1405 1951 Dominus
1431 1922 1503 1950 dixit
1524 1922 1616 1951 Petro:
1639 1923 1702 1951 Duc
1729 1923 1760 1951 in
1788 1923 1831 1952 al-

990 1972 1067 2003 tum,
1095 1972 1120 1997 et
1148 1969 1246 1997 laxate
1275 1968 1351 1997 retia
1380 1972 1479 1997 vestra
1506 1969 1538 1997 in
1557 1972 1723 2006 capturam.
1759 1969 1831 1998 Con-

990 2016 1139 2044 eluserwnc
1158 2018 1251 2044 autem
1276 2015 1404 2052 piscium
1428 2015 1643 2044 umltz'cudz'iwm
1672 2016 1829 2052 copiosam.

990 2062 1190 2099 Rumpebcttur
1225 2065 1322 2090 autem
1356 2065 1413 2090 rete
1446 2070 1564 2095 eorum,
1600 2065 1625 2090 et
1659 2067 1830 2091 annuerunt

988 2109 1092 2142 sociis,
1114 2108 1166 2146 qui
1185 2112 1269 2136 eram
1290 2108 1321 2136 in
1342 2108 1404 2136 ιιίία
1424 2108 1511 2142 navi,
1533 2112 1566 2137 ut
1585 2108 1714 2137 venirent
1734 2112 1758 2137 et
1777 2109 1830 2138 ad-

989 2156 1124 2184 iuvarent
1155 2164 1218 2189 eos,
1249 2158 1275 2183 et
1308 2155 1499 2192 impleverunt
1528 2155 1632 2184 ambas
1665 2156 1830 2184 naviculas.

989 2203 1071 2231 Mare
1091 2206 1132 2231 est
1152 2202 1306 2236 saeculum,
1324 2201 1463 2230 navicula
1478 2202 1560 2230 Ρεινι·
1572 2205 1613 2231 est
1632 2202 1750 2231 Ecclesia
1764 2202 1831 2231 fide-

990 2249 1056 2278 lium
1079 2249 1261 2286 populorum,
1290 2252 1346 2276 rece
1373 2251 1415 2277 est
1435 2248 1591 2285 evangelica
1617 2248 1750 2277 doctrina.
1781 2249 1831 2278 Per

989 2295 1104 2324 iusszmz
1127 2295 1244 2323 Domini
1265 2297 1303 2323 tot
1331 2294 1447 2331 piscium
1469 2294 1617 2323 multitudo
1639 2295 1829 2329 concluditur,

1052 2530 1062 2543 θ
1081 2532 1143 2554 Vei-s.
1166 2532 1202 2553 lO:
1222 2532 1290 2557 Ecce,
1307 2537 1351 2558 ego
1374 2531 1422 2558 ipse
1439 2537 1509 2558 super
1527 2534 1630 2559 pastores
1654 2531 1769 2560 requiram
1787 2534 1830 2554 ete.

989 2582 1020 2586 —
1037 2571 1079 2592 Pro
1097 2569 1270 2592 damnarentur
1289 2570 1332 2595 (lta
1349 2571 1366 2592 Α
1378 2570 1393 2592 13
1410 2573 1432 2592 et
1449 2570 1485 2592 ed.
1503 2570 1526 2597 2>
1546 2570 1594 2592 Vat.
1617 2576 1670 2592 cum
1695 2570 1732 2592 ed.
1760 2571 1764 2592 l
1792 2570 1832 2593 da-

990 2610 1110 2632 mnentur.

1054 2646 1062 2659 ⁷
1079 2647 1124 2669 Csr.
1141 2648 1237 2675 Gregor.
1255 2647 1292 2669 lX.
1305 2648 1377 2669 Breve
1394 2653 1430 2669 an.
1451 2647 1508 2669 1230
1521 2647 1559 2669 die
1580 2647 1585 2669 l
1606 2646 1672 2669 Febr.
1689 2646 1716 2670 Si
1733 2646 1829 2670 Ordinis

991 2685 1118 2714 (sbaralea‚
1136 2686 1218 2707 Bullar.
1234 2686 1376 2708 Franciscan.
1394 2688 1448 2708 tom.
1462 2687 1476 2708 l.
1488 2692 1511 2708 n.
1525 2685 1561 2708 46.
1573 2692 1626 2713 pag.
1639 2686 1691 2714 58),
1704 2686 1724 2708 in
1738 2692 1784 2714 quo
1796 2692 1832 2709 ec-

990 2725 1110 2747 clesiarum
1128 2725 1240 2752 praelatos
1253 2726 1355 2746 hortatur
1366 2724 1395 2746 ad
1408 2724 1584 2752 permissionem
1595 2724 1713 2747 Fratribus
1729 2725 1830 2747 (lundam

991 2763 1138 2791 praedicandi
1157 2763 1254 2785 verbum
1269 2763 1308 2785 Dei
1320 2763 1342 2785 in
1354 2763 1456 2791 ipsorum
1470 2763 1583 2791 parochiis
1595 2767 1617 2785 et
1628 2764 1744 2791 adiungit:
1765 2764 1831 2786 Volu-

991 2808 1043 2824 mus
1061 2804 1150 2828 tamen,
1167 2802 1230 2830 quod
1243 2808 1287 2824 non
1305 2802 1431 2830 percipiant
1442 2802 1556 2828 decimas,
1574 2802 1685 2830 primitias
1697 2805 1719 2824 et
1735 2802 1829 2825 oblatio-

991 2847 1043 2867 nes;
1059 2842 1100 2863 cfr.
1114 2841 1169 2862 iusi-a
1189 2847 1241 2868 pag.
1259 2841 1316 2867 380,
1333 2843 1385 2863 nota
1407 2842 1425 2863 Ι.
1441 2853 1472 2857 -
1489 2841 1583 2863 lnl'erius
1595 2842 1612 2863 A
1624 2842 1707 2864 omittit
1718 2841 1830 2864 commoti

991 2882 1013 2902 et
1029 2879 1053 2902 in
1071 2878 1183 2902 Ecclesia.

1052 2917 1061 2929 Β
1078 2918 1134 2946 Cap.
1151 2918 1176 2945 5,
1194 2918 1213 2940 la.
1232 2921 1254 2940 et
1270 2919 1292 2940 6.
1306 2925 1367 2947 seq:
1385 2918 1550 2941 Conclnserunt
1562 2919 1659 2947 piscium
1677 2922 1720 2941 etr.
1737 2919 1782 2941 Ctr.
1794 2926 1830 2942 su-

991 2963 1031 2985 pra
1049 2963 1101 2984 pag.
1120 2958 1178 2983 339,
1195 2960 1248 2980 nota
1266 2957 1287 2979 4.
1299 2969 1329 2974 -
1342 2958 1452 2985 Superius
1469 2959 1486 2980 Α
1504 2958 1586 2980 omittit
1602 2957 1743 2987 quumloque
1754 2961 1776 2980 ct
1788 2964 1830 2986 uro

989 2997 1065 3019 essent
1082 2995 1181 3019 vocandi
1196 2996 1311 3019 substituit
1326 2998 1382 3020 sunt
1399 2997 1475 3020 cociti
1491 3003 1545 3020 cum
1562 2996 1632 3020 clero.

1711 3044 1736 3065 lu

1849 625 1904 644 Ratio
1916 625 1934 643 2.

1848 1044 1903 1063 Ratio
1915 1045 1932 1063 3.

1851 1649 1964 1669 Notandum.

1848 1837 1898 1855 Confi
1902 1839 1972 1856 rmatur

1856 1860 1959 1884 Scriptura.
