2133 3317
158 1034 250 1053 Discretio

156 1057 253 1076 servanda.

152 1637 260 1657 Pulcritudo

130 1662 165 1704 {ilsii
174 1661 260 1680 materia-

143 2324 196 2346 item,
208 2324 261 2348 spiri-

172 2348 233 2366 tualis.

284 229 339 257 206

283 307 358 331 etiam
378 305 513 336 plurimum
531 302 680 334 fatigantur.
699 301 733 325 Hi
752 307 824 329 vero,
843 300 885 330 qui
903 298 1053 323 intrinsecus
1066 298 1131 322 caeci

284 350 344 374 sunt
362 349 387 373 et
406 348 468 372 muti
487 347 512 371 et
530 347 555 371 in
580 343 789 375 contemplatione
814 342 898 366 divina
925 341 950 366 et
975 341 1130 366 orationibus

284 392 379 417 devotis
398 398 423 415 se
442 388 556 414 nesciunt
574 394 707 418 occupare,
725 385 874 410 exteriorum
888 391 1006 409 sensnum
1020 383 1130 408 subsidia

284 433 407 465 quaerunt
426 433 450 457 et
468 430 649 462 longitudinem
662 428 795 459 temporis,
815 434 864 458 qua
882 426 1036 458 gravantur,
1056 426 1130 450 inuti-

282 477 348 501 libus
367 472 608 500 confabulationibus
635 471 771 502 expendere
799 469 929 500 satagunt.
957 468 1130 493 Exterioribus

283 518 347 543 enim
366 514 569 541 collocutionibus
582 514 645 538 velle
659 513 773 543 occupari
792 513 893 543 signum
912 512 1078 536 certissimum
1091 510 1130 536 est

283 561 378 584 animae
397 558 503 586 otiosae,
523 563 585 588 quae
604 556 635 580 ad
654 555 842 580 collocutionem
861 554 971 579 divinam
994 554 1065 578 nulla
1090 561 1129 585 pe-

282 602 350 627 nitus
369 600 496 625 devotione
514 599 622 624 levatur.
642 598 760 623 Nondum
777 597 842 622 certe
856 597 887 622 ad
901 597 1070 622 summitatem
1082 597 1129 621 lilii

282 643 449 676 pervenerunt
468 643 509 674 qui
527 642 641 672 linguam
660 648 731 665 suam
750 647 765 664 a
783 640 971 671 multiplicitate
996 640 1129 665 verborum

281 686 395 712 nesciunt
414 686 465 710 sive
483 684 574 709 nolunt
592 684 732 713 refrenare,
752 683 873 714 tantoque
891 683 968 707 altius
987 690 1012 707 se
1025 683 1128 714 quisque

280 729 378 754 noverit
397 729 422 753 in
441 727 565 752 virtutum
578 726 698 758 gradibus
711 726 865 756 ascendisse,
880 725 973 756 quanto
987 726 1069 750 minus
1082 725 1130 750 hu-

280 772 361 796 manis
379 771 508 802 colloquiis
526 769 678 799 delectatur,
698 769 747 793 nisi
766 769 830 794 forte
856 768 945 793 talium
964 768 1127 798 hominum¹,

279 816 305 840 in
324 815 413 846 quibus
432 815 485 845 ipse
504 813 571 838 Deus
590 812 715 844 loquitur,
736 812 761 837 et
780 819 823 843 per
836 818 898 843 quos
911 812 1015 836 verbum
1028 811 1073 836 Dei
1086 819 1127 836 au-

280 858 356 882 ditur.
375 857 448 881 Tales
467 857 532 881 enim
551 863 601 880 non
620 855 757 880 audiuntur
781 854 885 886 propter
904 862 943 884 se,
963 854 1006 878 sed
1025 854 1128 885 propter

282 901 375 930 Deum,
395 900 437 931 qui
457 899 481 924 et
499 898 599 923 habitat
618 898 643 923 et
661 898 772 929 loquitur
791 898 817 922 in
835 898 914 928 ipsis;
928 897 1021 922 etcum
1034 897 1128 921 talibus

279 943 400 974 loquendo
419 950 434 966 a
452 942 546 967 nostris
566 948 652 972 saepe,
667 940 786 972 operante
800 938 938 970 Domino²‚
958 939 1128 964 dubietatibus

280 986 436 1017 expedimur,
457 992 471 1009 a
490 984 575 1015 pravis
594 984 740 1008 abducimur
759 983 784 1008 et
803 984 829 1008 in
848 983 911 1008 bono
934 982 1061 1014 proposito
1074 989 1128 1008 con-

280 1028 411 1054 fortamur.
439 1027 617 1052 Verumtamen
644 1027 671 1051 in
700 1026 814 1051 omnibus
842 1026 998 1051 discretionis
1023 1025 1128 1056 spiritus

280 1071 405 1103 optandus
424 1071 462 1095 est
480 1071 505 1095 et
525 1070 633 1095 orandus
659 1077 674 1094 a
699 1069 818 1099 Domino,
843 1069 885 1098 ut,
912 1069 966 1100 ipso
985 1068 1126 1098 revelante,

280 1115 399 1144 sciamus,
420 1114 458 1138 cui
477 1113 576 1144 spiritui
596 1112 629 1137 sit
648 1110 829 1141 ci·edendum⁸,
850 1112 888 1137 cui
907 1111 1017 1136 cordium
1031 1111 1127 1136 nostro-

278 1166 333 1183 rum
353 1157 501 1188 simplicium
521 1156 554 1181 sit
572 1156 690 1187 cogitatio
710 1155 857 1184 revelanda,
877 1162 892 1179 a
911 1162 959 1186 quo
973 1154 1076 1179 verbum
1090 1162 1127 1178 sa-

277 1201 339 1225 lutis
357 1200 522 1229 audiendum3
542 1207 572 1224 ne
592 1199 740 1230 simplicit-as
759 1198 847 1223 nostra
866 1197 897 1222 ab
910 1197 989 1222 astuti
1003 1197 1127 1228 serpentis

277 1244 377 1269 fallacia
395 1243 522 1274 capiatur,
543 1243 585 1274 qui
604 1243 749 1274 plerumque
769 1242 836 1266 mala
855 1241 926 1267 bonis
951 1241 976 1265 et
1001 1241 1066 1265 falsa
1085 1248 1127 1265 ve-

277 1288 325 1317 ris,
346 1294 448 1312 erronea
467 1286 541 1311 rectis
561 1286 695 1310 admiscere
714 1285 851 1310 consuevit.

588 1372 672 1397 CAPUT
692 1371 812 1397 XXVIII.

334 1460 374 1484 Dc
394 1458 595 1490 contemplandis
615 1458 642 1483 in
661 1458 717 1489 ipso
738 1457 808 1488 lilio,
829 1457 857 1481 icl
874 1458 912 1482 est
930 1457 960 1481 (lc
979 1456 1066 1481 clccore

455 1503 478 1526 et
497 1501 644 1526 excellentia
664 1508 736 1525 uerae
754 1500 915 1532 virginitatis
925 1498 943 1524 ⁴.

347 1589 389 1613 93.
410 1589 464 1613 Iam
483 1595 549 1612 nunc
567 1588 599 1612 ad
617 1587 837 1618 contemplandum
861 1586 947 1611 florem
972 1586 1054 1617 ipsum
1079 1586 1126 1610 lilii

276 1633 412 1657 veniamus.
431 1631 506 1660 Vide,
527 1638 540 1656 o
560 1631 630 1662 virgo
644 1630 751 1659 Christi,
765 1630 861 1661 quanta
874 1629 1041 1660 pulcritudine
1054 1637 1126 1660 prae-

277 1675 384 1700 emineat
402 1674 447 1699 flos
466 1674 539 1703 tuus,
559 1673 605 1699 flos
624 1673 695 1698 tuum
715 1672 800 1698 florem
820 1673 968 1704 designans,
982 1672 1071 1697 ceteris
1084 1672 1126 1697 flo-

275 1719 345 1744 ribus
355 1717 372 1742 5.
391 1718 466 1747 Vide,
487 1717 607 1749 quantam
625 1724 685 1748 prae
699 1716 813 1741 omnibus
826 1716 943 1745 fioribus,
963 1717 1004 1747 qui
1024 1716 1123 1740 suntin

275 1762 356 1790 terra,
376 1761 485 1792 gratiam
504 1760 617 1785 obtineat
636 1759 775 1790 specialem.
794 1759 870 1788 Vide,
890 1758 1010 1790 quantam
1025 1758 1056 1783 ab
1069 1759 1124 1790 ipso

275 1805 369 1835 Sponso
388 1804 431 1828 tuo
449 1803 547 1828 laudem
567 1810 626 1834 prae
645 1802 741 1827 cunctis
755 1801 859 1827 fioribus
877 1802 1011 1826 mereatur.
1035 1800 1125 1826 Consi-

275 1847 375 1878 derate,
403 1844 517 1877 inquitss,
548 1845 607 1870 lilia
632 1845 704 1877 ayri,
731 1844 857 1876 quomodo
876 1845 999 1869 crescant.
1024 1843 1123 1875 Amen,

275 1890 330 1914 (lico
354 1889 437 1921 vobis,
463 1889 587 1920 quoniam
612 1895 657 1913 aec
683 1888 807 1913 Salomon
827 1888 854 1912 iit
873 1888 943 1912 omni
964 1887 1053 1919 gyloria
1075 1894 1125 1912 saa

277 1934 411 1964 coopertus
430 1934 467 1957 est
484 1933 551 1958 sicut
569 1939 650 1957 tinam
670 1939 699 1957 ev
719 1932 784 1956 istis.
803 1931 882 1962 Lege,
902 1938 915 1956 o
934 1931 1019 1962 virgo,
1033 1930 1058 1955 et
1071 1938 1125 1961 per-

275 1976 329 2007 lege
348 1976 373 2000 et
391 1983 464 2006 saepe
483 1975 564 2006 relege
584 1975 629 1999 hoc
647 1974 750 1999 verbum
770 1974 860 2005 Sponsi
879 1973 917 1998 tui
935 1973 960 1998 et
978 1973 1033 2004 lege
1052 1973 1077 1997 et
1090 1973 1125 1997 in-

275 2019 374 2050 tellige,
394 2018 516 2049 quantum
536 2019 562 2042 in
580 2017 655 2042 huius
673 2017 742 2042 floris
761 2016 972 2042 commendatione
991 2016 1061 2041 tuam
1074 2016 1125 2047 glo-

275 2063 337 2087 riam
357 2061 545 2087 commendavit.
571 2060 675 2086 Omnem
693 2060 779 2085 mundi
797 2060 904 2091 gloriam
923 2059 1124 2090 sapientissimus

275 2106 317 2130 ille
336 2105 444 2130 omnium
465 2104 568 2129 Creator
586 2104 612 2129 et
630 2104 742 2135 cognitor
761 2103 833 2128 unico
851 2102 895 2127 tuo
914 2102 1016 2127 flosculo
1038 2109 1124 2133 ceope-

276 2147 327 2171 ruit
345 2154 390 2171 nec
408 2147 515 2178 gloriam
534 2146 650 2175 flosculo,
671 2146 714 2170 sed
726 2145 855 2170 flosculum
870 2145 936 2170 omni
948 2145 1042 2176 gloriae
1056 2151 1125 2175 prae-

275 2190 343 2214 tulit.
356 2190 387 2214 In
401 2190 529 2214 Salomone
549 2190 628 2218 enim,
642 2189 671 2213 de
685 2196 732 2220 quo
748 2188 841 2220 legitur
852 2186 874 2217 ⁷,
893 2187 957 2219 quod
970 2187 1124 2219 mafflziflca-

276 2234 316 2258 tas
335 2234 373 2258 est
390 2239 467 2263 saper
490 2239 575 2257 omnes
594 2239 663 2263 reyes
682 2232 813 2256 universae
834 2232 916 2255 terrae
936 2231 963 2255 in
982 2230 1080 2255 <levitas
1099 2230 1124 2255 et

275 2276 380 2305 honore,
401 2283 485 2301 omnes
504 2275 590 2300 mundi
615 2275 709 2306 glorias
734 2274 807 2299 debes
831 2274 988 2305 intelligere3
1014 2274 1039 2298 in
1064 2273 1124 2298 flore

277 2326 335 2344 vero
353 2319 400 2343 lilii
418 2319 469 2348 tui,
489 2319 531 2349 qui
550 2318 620 2343 tuam
639 2318 664 2343 et
683 2318 791 2342 omnium
810 2318 936 2348 virginum
951 2317 1045 2341 Christi
1063 2316 1124 2348 figu-

279 2369 333 2386 ram
346 2362 423 2393 gerit,
437 2361 592 2393 virginitatis
605 2361 710 2392 gloriam
724 2361 900 2392 contemplare.
914 2375 949 2378 —
962 2360 986 2384 Si
999 2367 1057 2391 ergo
1071 2360 1124 2384 tan-

341 2578 348 2590 ¹
368 2579 397 2600 lta
415 2579 432 2600 A
442 2587 448 2605 3
465 2578 503 2601 ecl.
524 2579 529 2600 1
552 2582 574 2600 et
590 2579 647 2600 Bon.
665 2578 781 2601 eiusmodi
796 2578 929 2601 homimmz.

341 2608 349 2621 ²
367 2610 397 2631 lta
414 2609 447 2637 A,
464 2610 522 2632 Bon.
538 2616 591 2632 curn
609 2610 645 2632 ed.
668 2610 672 2631 1
694 2610 795 2633 Domino
819 2611 959 2639 cooperante
983 2610 1032 2635 (cfr.
1053 2610 1122 2632 Marc.

282 2640 307 2661 16
316 2657 321 2666 ,
339 2641 399 2668 Qu),
416 2641 456 2669 qui
473 2641 541 2663 etiam
560 2641 654 2663 inferius
666 2647 709 2669 pro
721 2641 887 2670 confortamur
901 2642 939 2670 (ita
951 2642 979 2669 Α)
993 2647 1046 2663 cuin
1059 2642 1094 2664 ed.
1112 2642 1117 2662 1

279 2670 395 2693 substituit
412 2671 592 2701 confirmamur.

342 2701 350 2714 ³
368 2702 437 2730 Epist.
456 2704 471 2725 1.
488 2703 549 2725 loan.
568 2703 592 2730 4,
615 2704 635 2725 1:
654 2702 784 2731 Carissimi,
801 2703 870 2725 nolite
887 2704 950 2726 omni
967 2703 1057 2731 spiritui
1076 2710 1122 2726 cre-

280 2733 343 2786 deret}
359 2745 388 2749 ——
406 2734 517 2761 Superius
534 2740 576 2762 pro
594 2734 700 2757 orandus
719 2735 758 2763 (ita
776 2735 802 2762 Α)
821 2735 859 2757 ed.
888 2735 892 2756 1
920 2738 942 2757 et
963 2735 1019 2757 Bon.
1043 2734 1123 2764 implo-

279 2769 324 2786 ran
340 2770 378 2786 us.

342 2794 352 2806 ‘¹
368 2795 424 2817 Bon.
442 2796 523 2818 omittit
542 2795 566 2818 id
581 2797 638 2819 est...
656 2795 817 2826 virglz'nilatis;
839 2798 857 2819 A
875 2797 930 2825 legit
946 2797 979 2820 De
997 2796 1047 2826 ipso
1065 2796 1122 2819 lilio.

343 2824 351 2837 ⁵
369 2827 399 2848 lta
415 2827 449 2853 A;
467 2827 503 2849 ed.
524 2827 529 2848 1
552 2830 573 2849 et
590 2828 645 2849 Bon.
659 2827 822 2857 praeemineat
839 2829 895 2851 tuus
913 2828 954 2851 isle
974 2828 1031 2857 flos,
1054 2829 1123 2851 tuum

280 2855 364 2884 florem
380 2856 518 2885 clesiqnans,
533 2864 594 2887 prae
611 2859 693 2882 ceteris
709 2858 818 2888 floribus.

342 2886 352 2899 ⁶
369 2887 445 2910 Matth.
463 2889 489 2915 6,
506 2889 543 2911 28.
561 2895 622 2918 seq.;
640 2890 680 2912 cfr.
697 2890 751 2912 Luc.
773 2891 812 2916 12,
830 2890 868 2913 27.

343 2917 351 2930 ⁷
369 2918 430 2940 Libr.
447 2919 479 2941 ΙΙΙ.
496 2920 552 2947 Reg.
572 2921 612 2948 rto,
630 2921 668 2943 23.
684 2933 715 2937 —
731 2921 843 2949 Superius
860 2928 902 2950 pro
919 2921 1027 2951 cognitor
1043 2921 1083 2950 (ita
1095 2921 1122 2950 A)

280 2949 335 2971 Bon.
353 2955 406 2971 curn
424 2950 460 2971 ed.
482 2951 486 2971 1
510 2950 629 2974 Conditor.

332 2979 352 3014 *⁸
369 2981 424 3002 Bon.
437 2987 490 3003 cum
502 2982 539 3003 ed.
556 2982 560 3003 1
577 2982 641 3004 addit
652 2982 777 3013 maynifice
794 2987 816 3005 et
834 2984 928 3006 inferius
945 2990 988 3012 pro
1005 2989 1122 3007 commen-

280 3010 335 3033 dari
352 3010 468 3034 substituit
485 3011 608 3035 honorari.

722 221 918 251 OPUSCULUM
939 221 970 249 X.
992 220 1079 248 VITIS
1099 219 1249 248 MYSTICA.
1271 219 1533 248 ADDITAMENTUM
1554 219 1596 248 IV.

1186 297 1241 322 tum
1259 297 1445 322 commendatur
1463 297 1494 322 ab
1513 298 1569 329 ipsa
1587 297 1701 323 Veritate
1722 297 1794 323 decor
1814 298 1861 322 lilii
1883 297 1934 327 tui,
1959 298 1988 322 ut
2013 299 2035 323 ei

1186 340 1251 365 iuste
1270 340 1416 365 subiiciatur
1435 341 1514 366 omnis
1526 341 1608 372 gloria
1620 341 1772 370 Salomonis,
1786 348 1858 372 quem
1871 348 1921 366 non
1933 341 2035 366 dubium

1186 383 1225 408 est
1243 383 1377 408 secundum
1395 383 1593 415 magnitudinem
1611 383 1705 415 gloriae
1730 390 1789 408 suae
1813 383 1889 408 fuisse
1900 383 1909 396 Β
1934 391 2034 415 cooper-

1186 426 1257 456 tum;
1276 426 1398 457 quantum
1418 426 1493 457 putas
1512 426 1732 451 commendandum
1751 433 1803 451 esse
1820 427 1903 457 ipsum
1916 426 1974 451 tuae
1987 428 2034 452 vir-

1186 469 1302 500 ginitatis
1320 469 1400 493 lilium
1419 468 1592 499 incorruptum
1611 469 1636 493 et
1652 469 1724 493 nulla
1736 469 1761 493 in
1775 469 1924 500 perpetuum
1937 470 2035 495 macula

1186 512 1407 543 corrumpendum,
1427 512 1496 537 cuius
1515 512 1555 536 vel
1573 512 1662 537 umbra
1681 512 1706 537 et
1725 512 1807 543 figura
1825 512 1926 537 tantum
1944 512 2035 538 meruit

1186 555 1372 580 commendari?
1392 555 1416 579 Si
1435 562 1505 580 omne
1525 554 1705 586 operimentum
1724 556 1804 580 omnis
1816 556 1910 587 gloriae
1929 556 2036 581 Salomo-

1185 598 1225 622 nis
1244 605 1293 623 non
1313 597 1396 628 potest
1415 597 1495 622 decori
1513 598 1588 622 unius
1601 597 1739 622 materialis
1751 598 1798 622 lilii
1811 599 1963 629 comparari,
1977 599 2033 630 quis

1186 640 1257 665 decor
1276 640 1463 671 comparabitur
1482 640 1540 665 tuae
1553 640 1652 665 florenti
1665 640 1820 672 virginitati,
1835 648 1897 672 quae
1911 641 1949 666 est
1962 641 2034 666 tuum

1185 684 1266 708 lilium
1279 691 1364 708 verum
1379 683 1403 708 et
1417 683 1547 714 spirituale
1559 681 1588 707 ⁹?
1606 683 1713 713 Nullus,
1732 684 1833 714 inquam
1845 693 1850 713 ;
1870 685 1928 715 quia
1941 684 1972 709 ad
1985 685 2036 709 cla-

1186 727 1287 751 ritatem
1313 726 1455 751 altitudinis
1480 726 1517 750 tui
1537 726 1631 751 decoris
1649 726 1747 751 decores
1766 726 1859 751 terreni
1878 734 2034 759 nequaquam

1186 769 1293 801 possunt
1311 769 1456 798 ascendere,
1476 769 1535 800 quia
1552 776 1597 793 nec
1617 768 1741 793 Salomon
1755 769 1782 793 in
1795 770 1866 794 omni
1882 769 1970 801 „cloria
1986 777 2035 795 sua

1186 813 1319 843 coopertus
1337 811 1390 841 fait
1406 812 1474 836 sicat
1490 819 1572 836 tinum
1590 818 1620 836 cx
1638 812 1695 836 istis
1705 810 1733 836 ¹⁰.
1870 804 1872 806 ¹

1256 854 1298 879 94.
1321 854 1380 880 Noli
1399 862 1457 886 ergo
1477 854 1607 879 subtristis
1626 854 1741 879 cantare:
1760 864 1772 876 <c
1785 855 1898 886 Regnum
1911 855 1997 880 mundi
2009 855 2034 881 et

1186 905 1282 922 omnem
1301 898 1417 922 ornatum
1437 897 1529 922 saeculi
1547 897 1685 928 contempsi
1699 897 1801 929 propter
1814 905 1923 923 amorem
1935 898 2035 924 Domini

1185 941 1233 965 mei
1251 940 1309 965 Iesu
1329 938 1451 965 Christi¹¹
1466 950 1490 970 »,
1510 940 1553 971 qui
1571 940 1617 965 tibi
1634 940 1710 965 etiam
1722 941 1748 965 in
1762 941 1888 972 praesenti
1900 941 1954 966 vita
1969 942 2035 968 deco-

1185 991 1237 1009 rem
1256 984 1323 1008 dedit
1342 984 1408 1009 omni
1426 984 1511 1009 decore
1530 984 1655 1009 mundano
1674 984 1806 1014 maiorem,
1834 985 1915 1009 lilium
1932 984 2035 1017 integri-

1185 1026 1247 1051 tatis
1265 1027 1323 1051 tuae
1342 1027 1389 1051 sibi
1407 1027 1576 1051 conservando
1601 1027 1626 1051 et
1644 1027 1691 1051 sibi
1714 1034 1774 1058 prae
1799 1027 1887 1052 ceteris
1912 1028 2035 1059 pulcritu-

1185 1069 1284 1094 dinibus
1303 1069 1426 1094 virtutum
1446 1069 1587 1100 specialiter
1606 1069 1739 1094 dedicando
1752 1070 1777 1094 et
1790 1070 1892 1101 speciali
1904 1070 2034 1096 dilectione

1184 1112 1371 1144 adstringendo.
1384 1113 1485 1137 Videbis
1497 1112 1637 1137 luculenter
1649 1112 1695 1137 hoc
1706 1113 1732 1137 in
1746 1112 1847 1138 Cantico
1859 1114 1965 1145 amoris,
1977 1114 2033 1144 ubi,

1184 1155 1273 1180 ceteris
1292 1155 1395 1180 floribus
1415 1162 1476 1186 pene
1495 1156 1606 1185 omissiS,
1632 1155 1717 1180 florem
1741 1155 1815 1180 tuum
1839 1156 1939 1187 saepius
1957 1157 2033 1182 nomi-

1184 1198 1230 1223 nat
1257 1205 1347 1223 nomen
1375 1198 1425 1222 lilii
1450 1199 1550 1229 saepius
1573 1198 1728 1224 inculcando.
1753 1198 1828 1224 Sicut
1856 1199 1941 1224 liliam
1966 1200 2033 1224 inter

1183 1242 1289 1273 spinas,
1308 1242 1345 1266 sic
1364 1242 1448 1266 amica
1466 1248 1523 1266 mca
1543 1241 1610 1266 tuter
1628 1240 1745 1271 filias¹²;
1763 1242 1788 1266 et
1812 1242 1889 1267 item:
1913 1242 2033 1269 Dilectus

1183 1291 1254 1309 meus
1274 1284 1401 1309 clcscenclit
1420 1283 1455 1308 acl
1472 1284 1586 1308 areolam
1605 1285 1766 1315 aromatum,
1785 1286 1816 1309 ut
1834 1285 1894 1310 lilia
1907 1285 2032 1317 collinam

1184 1327 1209 1352 et
1227 1335 1332 1352 rursus:
1358 1327 1477 1352 Dilectus
1495 1334 1566 1352 ineas
1584 1327 1664 1358 milii,
1684 1329 1708 1352 ct
1725 1334 1770 1359 eqo
1789 1327 1831 1352 illi
1851 1328 1896 1359 qai
1909 1328 2032 1359 pascitur

1185 1371 1252 1395 inter
1271 1370 1336 1395 lilia.
1355 1370 1490 1395 Laudabile
1507 1370 1602 1399 lilium,
1616 1371 1695 1395 amica
1707 1370 1810 1402 Sponsi3
1824 1371 1930 1396 amabile
1942 1372 2032 1402 lilium,

1183 1414 1248 1445 quod
1266 1414 1393 1445 colligitur
1411 1421 1426 1438 a
1445 1414 1548 1444 Sponso.
1568 1413 1625 1438 Non
1645 1414 1723 1443 enim,
1743 1413 1773 1438 ut
1791 1414 1909 1445 aestimo,
1938 1415 2033 1447 colligi-

1183 1457 1239 1486 tur,
1258 1457 1288 1481 ut
1305 1456 1375 1481 ultra
1393 1457 1547 1486 marcescat3
1567 1457 1609 1481 sed
1627 1457 1657 1481 ut
1675 1457 1700 1482 in
1720 1457 1801 1481 altari
1826 1464 1904 1482 aureo
1930 1458 2033 1483 colloce-

1183 1500 1238 1529 tur,
1259 1499 1328 1530 qaod
1345 1501 1382 1524 est
1400 1501 1458 1524 unte
1477 1499 1600 1524 tim-onum
1618 1500 1727 1524 Domini
1738 1498 1771 1531 ¹³,
1791 1500 1815 1524 id
1829 1500 1878 1530 est,
1891 1500 1921 1525 ut
1933 1501 2032 1526 colloce-

1183 1542 1226 1567 tur
1244 1543 1270 1567 in
1288 1542 1389 1567 caelesti
1409 1542 1565 1572 sanctuario,
1585 1541 1614 1566 ut
1632 1542 1666 1566 sit
1693 1542 1775 1573 ipsum
1802 1543 1881 1567 lilium
1908 1543 1940 1567 ad
1962 1550 2032 1568 orna-

1182 1585 1294 1610 mentum
1313 1585 1419 1610 aliorum
1438 1584 1599 1614 Sanctorum,
1619 1585 1644 1609 in
1664 1585 1754 1616 quibus
1772 1585 1893 1610 Dominus
1912 1586 2031 1617 tanquam

1182 1629 1207 1653 in
1226 1628 1302 1653 altari
1321 1635 1395 1653 aureo
1414 1628 1553 1659 requiescit.
1577 1628 1717 1653 Delicatum
1746 1628 1856 1659 profecto
1883 1629 1978 1659 lilium,
2003 1630 2030 1655 in

1182 1678 1230 1703 quo
1249 1671 1361 1702 pascitur
1379 1671 1507 1702 Sponsus;
1527 1678 1576 1696 non
1595 1671 1659 1702 quod
1681 1672 1708 1696 in
1734 1671 1781 1696 hoc
1808 1672 1860 1697 solo
1879 1672 2029 1702 delectetur,

1182 1715 1225 1739 sed
1243 1715 1268 1739 in
1287 1714 1333 1739 hoc
1352 1714 1459 1745 quadam
1482 1714 1583 1745 speciali
1608 1714 1784 1745 praerogativa
1809 1714 1947 1740 dilectionis
1973 1715 2030 1746 plus

1182 1758 1238 1782 aliis
1257 1757 1403 1782 delectatur.
1423 1757 1475 1782 Nec
1493 1757 1625 1782 immerito.
1645 1757 1743 1788 Duplex
1756 1757 1821 1782 enim
1834 1757 1925 1783 bonum
1938 1758 1964 1782 in
1977 1759 2030 1783 vir-

1181 1801 1295 1832 ginibus,
1315 1801 1379 1832 quod
1398 1801 1423 1825 in
1442 1800 1499 1825 aliis
1518 1800 1615 1825 Sanctis
1633 1808 1683 1825 non
1702 1801 1842 1832 virginibus
1861 1801 1967 1832 simplex
1979 1801 2026 1826 est.

1183 1844 1244 1869 Cum
1262 1845 1328 1869 enim
1346 1844 1400 1869 tota
1419 1844 1529 1868 Ecclesia
1548 1844 1618 1875 virgo
1638 1843 1671 1868 sit
1689 1844 1716 1868 in
1734 1844 1831 1873 anima,
1857 1851 1909 1869 non
1934 1844 2030 1869 liabens

1181 1887 1312 1911 maculam
1324 1894 1404 1918 aeque
1417 1889 1556 1918 mayamss,
1575 1887 1601 1911 in
1620 1886 1667 1911 fide
1686 1886 1711 1911 et
1730 1894 1773 1917 spe
1789 1886 1814 1911 et
1827 1887 1932 1912 caritate
1950 1888 2031 1912 incor-

1181 1929 1270 1961 rupta,
1292 1930 1395 1961 propter
1408 1929 1472 1961 quod
1486 1929 1511 1954 et
1523 1929 1596 1961 viryo
1609 1929 1733 1960 appellari
1746 1929 1856 1954 meretur
1869 1929 1894 1954 et
1907 1937 1922 1954 a
1935 1930 2030 1961 Sponso

1180 1973 1295 2003 laudari3
1315 1972 1410 2004 quanta
1427 1965 1500 1997 laude
1520 1972 1595 2003 putas
1614 1972 1690 2004 digna
1708 1980 1761 1997 esse
1780 1972 1833 1997 lilia
1852 1972 1953 2003 nostra,
1967 1980 2030 2004 quae

1180 2016 1227 2041 hoc
1244 2015 1339 2040 habent
1358 2016 1409 2040 tam
1428 2016 1455 2040 in
1473 2022 1575 2046 corpore
1594 2022 1669 2046 quam
1687 2016 1714 2040 in
1726 2015 1823 2045 anima,
1837 2015 1902 2047 quod
1915 2015 1969 2041 tota
1981 2016 2029 2041 Eo-

1181 2059 1256 2084 clesia
1274 2058 1351 2083 habet
1369 2058 1469 2083 tantum
1488 2058 1513 2082 in
1532 2059 1637 2082 anima?
1650 2058 1727 2087 Quasi
1739 2058 1840 2089 quidam
1853 2058 1929 2089 adeps
1942 2058 1967 2083 et
1979 2066 2031 2083 me-

1181 2102 1258 2131 dulla,
1272 2101 1380 2125 medulla
1393 2100 1471 2126 totius
1484 2100 1607 2126 Ecclesiae
1621 2100 1681 2126 sunt
1690 2101 1800 2132 virgines
1814 2101 1907 2126 Christi
1921 2101 1946 2126 et
1958 2108 2030 2133 quae-

1181 2145 1237 2169 dam
1251 2144 1387 2176 singularis
1406 2144 1551 2169 excellentia
1562 2141 1582 2154 ¹⁵
1600 2144 1705 2169 aliorum
1717 2144 1807 2170 florum
1816 2164 1822 2174 ,
1836 2145 1925 2176 Sponsi
1937 2145 2029 2176 ample-

1181 2188 1252 2212 xibus
1271 2187 1420 2212 familiarius
1436 2187 1603 2212 inhaerentes.

1252 2230 1294 2254 95.
1313 2230 1367 2255 Hoc
1385 2231 1468 2255 autem
1488 2230 1627 2262 virginibus
1647 2230 1685 2255 est
1704 2238 1858 2262 summopere
1871 2231 2029 2256 consideran-

1181 2274 1253 2303 dum,
1266 2274 1308 2304 qui
1319 2271 1338 2285 ¹⁶
1356 2273 1402 2297 lilii
1419 2272 1585 2304 pulcritudine
1599 2273 1768 2302 delectantur,
1783 2274 1847 2305 quod
1859 2273 1905 2299 flos
1918 2274 1965 2298 lilii
1977 2273 2030 2298 tam

1180 2317 1286 2341 interius
1304 2323 1378 2347 quam
1397 2316 1505 2340 exterius
1525 2316 1600 2341 albeis
1620 2316 1665 2341 est.
1686 2316 1749 2346 Quid
1774 2317 1839 2341 enim
1863 2324 1907 2348 per
1925 2317 2030 2342 exterio-

1181 2367 1233 2384 rem
1252 2359 1349 2390 partem
1369 2358 1437 2383 floris
1456 2358 1539 2383 albam
1558 2359 1606 2383 nisi
1624 2359 1747 2383 munditia
1766 2359 1889 2390 corporis;
1909 2359 1967 2391 quid
1985 2367 2029 2391 per

1244 2577 1253 2590 ⁰
1271 2578 1381 2600 Contextu
1399 2577 1517 2604 exigente,
1538 2576 1700 2599 substituimus
1715 2575 1841 2605 spirituale
1860 2582 1903 2603 pro
1920 2575 2029 2605 speciale-

1243 2608 1263 2621 ¹⁰
1280 2610 1356 2631 Mattn.
1375 2608 1400 2636 6,
1418 2608 1454 2630 29.
1474 2621 1503 2623 —
1520 2608 1632 2635 Superius
1649 2607 1686 2629 ed.
1705 2608 1712 2628 =1
1735 2610 1756 2629 et
1775 2608 1829 2629 Bon.
1854 2609 1931 2629 contra
1957 2607 1975 2629 A
2000 2608 2029 2629 le-

1181 2644 1252 2668 gunt:
1270 2640 1371 2667 Nullus,
1390 2639 1506 2668 inquam,·
1525 2638 1581 2668 quia
1601 2638 1734 2661 claritatem
1759 2637 1892 2661 altitudinis
1910 2637 1946 2661 tui
1966 2637 2030 2661 deco-

1180 2672 1214 2695 ris
1231 2671 1314 2694 nullus
1329 2672 1405 2700 polest
1422 2670 1491 2693 decor
1509 2672 1619 2693 terrenus
1636 2669 1803 2692 transcendere
1821 2672 1864 2692 etc.

1244 2702 1262 2715 ¹¹
1280 2703 1382 2725 Breviar.
1400 2703 1496 2724 Roman.
1519 2701 1647 2724 Commune
1664 2707 1711 2723 non
1728 2701 1793 2729 Virg.
1810 2701 1880 2729 Resp.
1892 2701 1920 2723 ad
1936 2701 1987 2723 lect.
2005 2702 2027 2723 8.

1181 2735 1224 2756 Pro
1242 2733 1289 2757 mei
1305 2734 1342 2762 (ita
1361 2734 1388 2762 A)
1407 2734 1463 2756 Bon.
1480 2739 1534 2755 cum
1552 2733 1588 2755 ed.
1608 2734 1615 2754 11
1637 2732 1721 2755 nostri.

1243 2764 1263 2777 ¹²
1281 2764 1346 2788 Cant.
1363 2766 1388 2790 2,
1408 2766 1436 2791 23
1454 2764 1539 2786 deinde
1557 2764 1582 2791 6,
1605 2764 1622 2786 l.
1640 2767 1662 2786 et
1679 2765 1704 2790 2,
1727 2764 1762 2785 16.

1245 2796 1264 2809 ¹³
1282 2797 1354 2824 Apoc.
1372 2797 1398 2823 8,
1416 2797 1437 2818 3.
1455 2796 1496 2818 Ed.
1519 2797 1523 2817 1
1546 2797 1600 2818 aute
1616 2794 1696 2818 oculos
1708 2794 1811 2817 Domini.
1823 2807 1853 2811 —
1866 2794 1961 2817 Inferius
1973 2800 1999 2817 ex
2010 2794 2029 2816 A

1180 2828 1274 2871 suppl?
1281 2834 1342 2887 &Ege
1356 2834 1384 2886 ἔξ
1395 2826 1520 2880 ἕἹΜΙέ-ιδῇε
1530 2828 1671 2886 ἓῗζζιὲιιῖἔῗέἐξᾷ
1687 2857 1786 2879 nominis
1800 2856 1868 2886 vir-qo
1881 2857 1922 2879 csr.
1935 2856 2028 2883 Isidor.,

1180 2890 1218 2912 XI.
1237 2891 1365 2918 Etyinolog.
1384 2896 1403 2912 c.
1421 2891 1442 2911 2.
1460 2896 1484 2911 n.
1497 2890 1533 2911 24.
1546 2901 1577 2905 —
1589 2889 1683 2911 Inferius
1695 2895 1738 2916 pro
1750 2887 1869 2917 appellari
1881 2888 1920 2916 (ita
1931 2887 1958 2916 A)
1972 2888 2029 2910 Bon.

1181 2928 1234 2944 curn
1252 2922 1289 2944 ed.
1310 2922 1314 2943 1
1337 2920 1473 2950 appellatur
1492 2923 1513 2943 et
1530 2920 1567 2943 hic
1584 2920 1670 2943 liabent
1686 2926 1728 2948 pro
1745 2919 1789 2942 hoc
1805 2919 1898 2942 liabent.

1245 2952 1264 2965 ¹5
1282 2953 1322 2975 Ed.
1344 2953 1349 2974 1
1372 2955 1394 2974 et
1410 2953 1466 2974 Bon.
1482 2954 1560 2974 contra
1572 2953 1603 2979 A,
1616 2952 1701 2974 omisso
1713 2951 1820 2978 superuis
1831 2949 1937 2973 medulla
1949 2949 2028 2978 totius,

1181 2984 1218 3006 hic
1235 2983 1377 3006 substituunt
1395 2986 1416 3006 et
1433 2982 1538 3012 quadam
1554 2982 1676 3012 singulari
1692 2981 1840 3005 eoecellentia.

1245 3013 1264 3027 ¹⁶
1282 3016 1312 3037 lta
1330 3015 1366 3037 ed.
1385 3015 1393 3036 *l
1416 3020 1469 3037 cum
1486 3015 1520 3041 Ag
1537 3014 1593 3036 Bon.
1612 3020 1679 3043 quae.

2051 859 2117 880 uortati

2050 1406 2133 1442 Notand'l.

2045 2237 2071 2256 Du
2086 2237 2116 2256 lex
2126 2237 2129 2240 ⁴

2067 2266 2078 2280 a
2087 2260 2129 2280 berit
