2133 3317
148 721 221 739 Donum
235 720 261 739 la-

146 749 260 768 cryniarum.

132 1286 199 1304 Mentis
212 1290 262 1304 sere-

169 1310 225 1328 nitas.

155 1757 263 1775 llumilitas.

143 2369 233 2387 Omnibus
246 2373 266 2387 so

160 2392 247 2411 subiecit.

278 212 333 240 570

277 290 404 319 sensibus
426 292 569 318 venustate
590 288 721 325 pudoris,
744 291 791 322 ut,
814 288 925 325 plenum
948 288 1001 317 iam
1034 289 1126 317 carnis

276 340 420 366 assecutus
441 335 609 369 dominium,
630 334 734 372 foedus
756 344 823 364 cum
844 335 937 364 oeulis
955 336 1100 373 pepiyz'sse
1116 337 1125 352 ¹

276 383 431 417 videretur,
447 382 521 419 quod
542 390 596 411 000
612 383 701 411 solum
717 382 855 411 carnalem
871 385 1013 419 aspectum
1029 383 1126 419 procul

276 430 431 466 refugeret,
453 429 500 458 sed
532 432 559 458 et
589 430 731 458 curiosum
765 429 893 458 vanitatis
924 429 1126 466 cuiuscumque

276 477 430 506 contuitum
453 477 565 505 omnino
586 480 704 506 caveret.

586 571 678 599 Lectio
700 571 786 599 tertia
801 571 820 598 2.

356 665 475 699 Verum,
498 664 561 693 licet
582 665 673 693 cordis
693 668 721 693 et
748 665 873 702 corporis
894 665 1043 702 puritatem
1065 666 1127 694 ade-

278 715 357 748 ptus,
381 712 604 740 sanctificationis
626 712 744 749 quodam
777 712 858 741 modo
889 713 1063 749 proximaret
1094 713 1127 742 ad

277 759 398 795 apicem3
421 768 474 788 non
497 759 620 788 cessabat
650 762 740 788 tamen
773 759 959 796 lacrymarum
992 760 1128 789 imbribus

278 806 379 843 iugiter
401 807 496 835 oculos
527 807 642 843 expiare
670 807 803 835 mentales
831 807 990 836 caelestium
1019 808 1128 836 clarita—

277 856 336 881 tum
359 853 577 890 concupiscendo
600 854 763 882 munditiam
785 856 812 882 et
832 862 1031 891 corporeorum
1048 855 1128 883 lumi-

279 908 345 928 num
368 900 592 936 parvipendendo
614 901 758 929 iacturam.
780 901 848 929 Cum
878 901 950 929 enim
977 909 1014 930 ex
1042 902 1128 930 conti—

279 955 335 976 nuo
356 947 423 976 ssetu
446 947 633 976 infirmitatem
657 948 802 977 oculorum
832 948 995 977 incurrisset
1023 949 1128 985 gravis-

279 994 391 1028 simam,
412 994 545 1023 suadente
567 995 688 1029 medico,
710 996 785 1032 quod
817 996 968 1024 abstineret
996 1004 1011 1024 a
1040 996 1129 1033 lacry-

278 1042 345 1076 mis,
368 1042 389 1070 si
412 1042 537 1079 corporei
561 1043 636 1071 visus
658 1043 815 1071 caecitatem
832 1043 914 1072 vellet
928 1043 1066 1080 effugere,
1082 1052 1128 1072 ne—

279 1096 419 1125 quaquam
442 1089 573 1123 assensit;
597 1090 677 1118 malle
699 1098 728 1118 se
756 1098 882 1119 asserens
910 1091 1062 1127 corporalis
1089 1091 1129 1119 vi-

280 1143 327 1164 sus
350 1136 441 1165 lumen
464 1137 608 1171 amittere,
631 1145 714 1174 quam
737 1137 888 1174 lacrymas,
910 1138 1013 1175 quibus
1031 1138 1130 1167 oculus

281 1183 449 1211 emundatur
471 1183 596 1217 interior,
618 1188 650 1212 ut
673 1185 760 1213 Deum
783 1185 876 1213 videre
897 1185 1074 1221 praevaleat,
1087 1193 1130 1214 re—

279 1238 375 1266 pressa
397 1230 542 1259 devotione
563 1231 679 1268 spiritus
700 1232 842 1268 impedire.
866 1232 928 1261 Erat
950 1241 1062 1269 quoque
1086 1233 1129 1261 vir

279 1277 335 1306 Deo
357 1277 473 1306 devotus
495 1279 567 1306 inter
589 1279 776 1315 lacrymarum
798 1279 903 1316 irrigua
926 1280 1035 1308 caelesti
1061 1288 1129 1317 qua-

279 1324 340 1352 dani
364 1324 535 1353 iucunditate
557 1333 673 1354 serenus
696 1328 748 1353 tam
772 1329 863 1354 mente
885 1334 967 1363 quam
990 1326 1073 1360 facie,
1089 1330 1130 1355 ut-

278 1375 341 1408 pote
363 1372 409 1409 qui
434 1381 484 1409 pro
505 1373 688 1401 conscientiae
709 1377 818 1402 sanctae
841 1374 930 1402 nitore
946 1377 1021 1402 tanta
1036 1374 1129 1411 persu—

282 1427 330 1448 sus
351 1424 410 1447 erat
433 1420 563 1449 unctione
585 1420 718 1455 laetitiae,
741 1424 773 1449 ut
793 1424 819 1449 et
836 1424 926 1450 mente
942 1421 968 1449 in
985 1421 1072 1450 Deum
1089 1422 1129 1450 in—

282 1469 421 1494 cessanter
443 1467 591 1495 excederet
612 1471 639 1495 et
661 1468 686 1496 in
711 1468 819 1496 cunctis
840 1468 972 1505 operibus
997 1476 1129 1497 manuum

280 1513 340 1541 eius
361 1513 462 1550 iugiter
484 1514 647 1543 exsultaret.

576 1608 669 1637 Lectio
691 1613 800 1647 quartu
813 1609 831 1637 3.

359 1702 489 1731 Omnium
522 1703 659 1731 virtutum
691 1706 784 1732 custos
815 1707 842 1732 et
873 1703 956 1732 decor
989 1703 1131 1732 humilitas

280 1749 347 1778 adeo
370 1750 460 1778 virum
483 1750 530 1778 Dei
553 1750 594 1778 3111
612 1750 681 1779 iuris
696 1750 840 1784 effecerat,
855 1753 901 1784 ut,
917 1751 1045 1787 quamvis
1060 1751 1131 1779 mul-

282 1797 369 1833 tiplex
392 1797 417 1825 in
440 1805 472 1825 eo
503 1797 622 1834 fulgeret
654 1798 847 1834 praerogativa
878 1798 1031 1832 virtutum,
1064 1798 1131 1826 haec

281 1847 371 1872 tamen
394 1844 421 1872 111
444 1844 502 1881 ipso
524 1847 657 1881 tanquam
678 1844 705 1873 10
728 1845 864 1873 Minorum
887 1845 1000 1873 minimo
1026 1845 1133 1882 praeci-

282 1899 370 1928 puum
393 1891 534 1920 videretur
556 1895 682 1921 assecuta
704 1892 868 1921 dominium.
892 1892 919 1920 ln
943 1892 1055 1929 propria
1070 1892 1131 1929 qui-

281 1938 341 1967 dem
364 1938 553 1975 reputatione,
576 1947 631 1976 qua
652 1947 681 1968 se
703 1939 841 1968 fatebatur
862 1939 1016 1967 maximum
1037 1946 1131 1975 pecca—

281 1988 390 2019 torum,
413 1994 530 2022 prorsus
551 1986 589 2014 nil
611 1990 670 2014 erat
692 1986 742 2014 nisi
766 1986 849 2014 fictile
870 1985 1007 2023 quoddam
1031 1989 1058 2014 et
1073 1993 1131 2014 sor-

281 2032 376 2060 didum
398 2033 556 2066 vasculum,
578 2041 642 2062 cum
658 2033 684 2061 in
701 2033 817 2062 veritate
832 2041 879 2061 vas
894 2036 965 2062 esset
980 2033 1132 2062 sanctifica-

282 2079 363 2107 tionis
385 2079 519 2114 electum,
542 2080 720 2109 multiformis
742 2080 854 2109 virtutis
874 2083 902 2109 et
922 2080 1027 2117 gratiae
1051 2080 1131 2108 ador-

281 2127 391 2155 natione
414 2127 617 2164 praefulgidum
638 2131 665 2157 et
686 2127 870 2157 sanctitudine
889 2127 1053 2156 dedicatum.
1069 2128 1132 2156 Stu-

282 2173 364 2202 debat
385 2174 496 2210 quidem
519 2182 697 2211 summopere
718 2175 745 2202 in
767 2175 855 2203 oculis
877 2175 935 2203 suis
956 2175 1132 2211 aliorumque

283 2220 430 2255 vilescere,
453 2221 576 2250 defectus
597 2222 624 2250 iu
647 2230 676 2250 se
699 2222 814 2250 latentes
836 2221 947 2258 publica
961 2221 1131 2250 consessione

282 2267 410 2305 detegere
431 2268 559 2305 donaque
580 2269 689 2297 Datoris
711 2269 830 2305 pectoris
850 2276 951 2297 arcano
973 2268 1079 2302 celare,
1100 2270 1133 2296 ut

283 2322 459 2351 nequaquam
481 2318 589 2352 pateret
602 2316 705 2352 gloriae
727 2315 801 2352 quod
822 2315 929 2344 occasio
950 2318 1058 2352 poterat
1073 2323 1132 2344 esse

283 2362 388 2390 ruinae.
412 2363 496 2396 Sane,
518 2365 549 2391 ut
571 2363 708 2399 perfectae
730 2363 893 2391 humilitatis
911 2370 1019 2391 omnem
1036 2363 1132 2399 imple-

287 2412 329 2437 ret
351 2409 483 2438 iustitiam
495 2410 515 2444 4,
538 2417 566 2438 se
588 2410 679 2446 ipsum
701 2410 769 2438 adeo
790 2410 897 2439 studuit
911 2418 966 2438 non
981 2410 1070 2438 solum
1086 2417 1132 2438 su—

283 2456 456 2492 perioribus,
479 2464 576 2485 verum
598 2457 680 2485 etiam
702 2456 881 2485 inferioribus
902 2456 1037 2491 subdere,
1058 2456 1133 2493 quod

283 2506 310 2531 et
331 2503 404 2532 socio
426 2503 547 2538 itineriS,
569 2504 774 2540 quantumlibet
794 2503 927 2540 simplici,
949 2503 1133 2532 obedientiam

285 2550 448 2586 promittere
470 2550 567 2579 solitus
588 2554 662 2585 erat,
685 2554 717 2579 ut
745 2559 800 2579 non
832 2553 960 2587 tanquam
994 2550 1134 2587 praelatus

686 210 883 239 OPUSCULUM
904 210 994 239 XXIV.
1017 210 1167 239 LEGENDA
1190 210 1294 240 MlNOR
1317 211 1432 240 SANCTI
1452 212 1628 240 FRANClSCl.

1183 297 1219 318 ex
1240 290 1405 319 auctoritate
1426 290 1614 327 praeciperet,
1636 290 1682 319 sed
1706 294 1836 328 tanquam
1859 292 1983 321 minister
2004 297 2031 323 et

1184 344 1283 365 servus
1303 337 1385 365 etiam
1407 337 1524 366 subditis
1545 345 1581 366 ex
1604 338 1759 367 humilitate
1781 343 1899 375 pareret.

1484 432 1576 460 Lectio
1597 433 1701 470 quanta
1712 433 1732 460 ⁵.

1264 525 1369 554 Sociam
1391 533 1503 562 quoque
1524 529 1634 554 sanctae
1657 526 1820 555 humilitatis
1841 532 2030 564 paupertatem

1184 572 1323 601 excelsam
1346 573 1486 609 perfectus
1507 573 1608 601 Christi
1631 576 1750 602 sectator
1772 574 1886 603 caritate
1908 575 1958 604 sibi
1974 580 2032 606 stu-

1184 619 1245 648 duit
1267 619 1305 648 sic
1325 619 1493 656 desponsare
1515 624 1665 657 perpetua,
1687 621 1762 657 quod
1783 630 1836 650 non
1864 622 1953 651 solum
1982 632 2032 660 pro

1184 674 1217 694 ea
1239 669 1345 703 patrem
1366 670 1540 704 matremque
1563 667 1691 704 reliquit,
1720 676 1817 697 verum
1849 670 1930 698 etiam
1962 679 2032 707 quae

1185 713 1289 742 babere
1320 714 1411 751 potuit
1439 714 1569 743 universa
1590 714 1727 751 dispersit.
1756 716 1840 745 Nemo
1872 720 1926 745 tam
1955 717 2031 753 auri,

1185 769 1269 798 quam
1292 761 1343 789 iste
1364 761 1482 798 cupidus
1503 762 1689 798 paupertatis,
1710 763 1913 792 necthesanri
1942 768 2033 794 custo-

1185 808 1275 837 diendi
1298 808 1440 837 sollicitior
1462 808 1552 843 ullus,
1575 817 1658 846 quain
1673 809 1724 838 iste
1740 810 1824 839 huius
1838 812 2032 848 evangelicae‘5

1187 855 1368 892 margaritae3
1391 863 1454 884 cum
1476 858 1503 883 et
1524 863 1540 883 a
1562 856 1697 893 principio
1719 857 1865 894 Religionis
1890 866 1980 895 usque
2000 859 2034 888 ad

1186 906 1303 931 mortem
1326 902 1435 936 tunica,
1457 902 1562 931 chorda
1582 906 1609 931 et
1631 903 1809 933 femoralibus
1827 904 1919 940 diveS,
1935 906 1961 934 in
1977 906 2034 935 sola

1186 949 1329 977 videretur
1360 949 1472 985 gloriari
1505 949 1622 986 penuria
1650 952 1677 978 et
1705 954 1825 987 egestate
1856 952 1990 988 gaudere.v
2008 953 2033 981 Si

1186 996 1297 1033 quando
1318 996 1390 1025 enim
1414 996 1607 1033 pauperiorem
1631 1004 1659 1025 se
1691 998 1848 1034 quempiam
1881 999 2034 1028 secundum

1187 1043 1356 1072 exteriorem
1380 1043 1505 1072 habitum
1529 1046 1671 1078 cerneret⁷
1700 1045 1879 1082 semetipsum
1909 1047 2035 1082 protinus

1186 1099 1307 1128 arguens
1329 1091 1468 1119 excitabat
1489 1090 1522 1119 ad
1544 1091 1648 1125 simile,
1664 1094 1795 1128 tanquam
1811 1093 1831 1121 si
1848 1094 1957 1122 aemula
1971 1102 2036 1131 pau-

1186 1141 1294 1174 pertate
1316 1141 1494 1172 concei'taI]S‚
1516 1138 1587 1166 vinci
1610 1146 1639 1167 se
1660 1139 1687 1166 in
1710 1139 1755 1167 illo
1777 1140 1892 1176 spiritus
1917 1141 2034 1178 quadam

1188 1185 1329 1213 nobilitate
1357 1185 1475 1213 timeret.
1510 1185 1631 1220 Etenim,
1654 1186 1719 1222 quia
1748 1186 1833 1223 ipsam
1863 1191 1894 1216 ut
1921 1188 2034 1217 arrham

1187 1232 1349 1260 hereditatis
1379 1236 1508 1261 aeternae
1539 1233 1668 1261 omnibus
1703 1233 1813 1263 caducis
1849 1235 2035 1271 praetulerat,

1186 1277 1297 1307 fallaces
1317 1278 1426 1307 divitias
1456 1279 1530 1307 velut
1552 1279 1664 1308 feudum
1693 1280 1726 1308 ad
1755 1281 1851 1309 horam
1875 1289 2034 1311 concessum

1187 1325 1225 1353 nil
1248 1328 1396 1362 reputans,
1420 1326 1490 1354 hanc
1513 1334 1579 1362 prae
1600 1327 1700 1363 opibus
1721 1328 1828 1364 magnis
1843 1328 1953 1357 amabat
1967 1332 1994 1357 01
2008 1329 2035 1357 10

1187 1380 1218 1401 03
1240 1376 1354 1401 cunctos
1375 1373 1487 1410 optabat
1508 1373 1659 1408 excedere,
1682 1375 1729 1411 qui
1752 1382 1787 1403 ex
1813 1375 1907 1403 eadem
1935 1375 2036 1405 didice-

1189 1423 1232 1448 rat
1256 1420 1414 1448 inseriorem
1438 1428 1466 1448 se
1488 1421 1619 1449 omnibus
1640 1424 1780 1458 reputare.

1498 1515 1591 1543 Lectio
1612 1519 1695 1543 sexta
1707 1516 1726 1544 ⁷.

1269 1609 1397 1637 lixcrevit
1418 1612 1566 1645 propterea
1578 1609 1588 1625 s
1611 1609 1653 1637 vir
1674 1609 1721 1637 Dei
1738 1617 1787 1646 per
1802 1610 1950 1639 altissimae
1969 1619 2036 1648 pau-

1189 1655 1304 1691 pertatis
1325 1663 1448 1683 amorem
1472 1655 1499 1683 in
1522 1660 1631 1684 sanctae
1653 1656 1835 1692 simplicitatis
1850 1660 1904 1685 tam
1923 1657 2037 1694 opulen-

1190 1705 1231 1730 tas
1252 1701 1376 1736 divitias,
1399 1706 1445 1736 ut,
1474 1710 1537 1731 cum
1572 1703 1640 1731 nihil
1672 1711 1789 1739 prorsus
1820 1703 1936 1733 haberet
1966 1705 2037 1734 inter

1190 1749 1340 1777 mundialia
1360 1750 1522 1786 proprium,
1545 1750 1571 1778 111
1594 1751 1653 1787 ipso
1670 1754 1758 1779 tamen
1773 1751 1868 1780 mundi
1887 1752 1971 1781 huius
1986 1752 2038 1781 Au-

1189 1800 1265 1825 ctore
1296 1797 1421 1825 omnium
1453 1805 1594 1833 possessor
1626 1797 1767 1826 videretur
1798 1806 1857 1827 esse
1892 1799 2037 1828 bonorum.

1189 1843 1261 1872 Dum
1284 1844 1357 1872 enim
1379 1844 1524 1873 oculorum
1547 1844 1605 1873 acie
1627 1845 1799 1880 columbina,
1822 1845 1937 1882 simplici
1963 1846 2038 1875 vide-

1191 1891 1254 1920 licet
1275 1891 1376 1920 mentis
1397 1891 1547 1920 intentione
1561 1891 1581 1926 ⁹,
1604 1900 1731 1929 puroque
1753 1893 1947 1929 speculationis
1975 1900 2038 1922 con-

1192 1938 1264 1967 tuitu
1287 1938 1379 1967 omnia
1400 1938 1427 1967 in
1449 1947 1590 1967 summum
1613 1939 1750 1968 referebat
1771 1939 1905 1977 Opificem
1933 1939 2039 1977 ipsum-

1191 1994 1246 2023 que
1268 1986 1409 2015 Factorem
1432 1986 1661 2023 recognoscebat,
1683 1987 1793 2015 amabat
1813 1990 1840 2015 et
1861 1987 1989 2016 laudabat
2010 1987 2036 2016 in

1189 2033 1334 2067 omnibus;
1366 2041 1488 2070 superna
1518 2033 1601 2062 fiebat
1634 2034 1777 2071 largitione
1809 2034 1985 2069 clementiae,
2007 2038 2038 2063 ut

1190 2081 1282 2109 omnia
1303 2080 1331 2109 in
1354 2081 1409 2109 Deo
1430 2084 1458 2109 et
1478 2081 1565 2110 Deum
1588 2081 1615 2109 in
1637 2082 1766 2110 omnibus
1786 2082 1947 2118 possideret.
1969 2082 2037 2111 Con·
2052 2087 2133 2130 3:133235

1190 2127 1356 2156 sideratione
1378 2135 1490 2164 quoque
1511 2128 1616 2164 primae
1638 2128 1752 2165 originis
1777 2128 1900 2157 omnium
1929 2132 2038 2158 creatu·
2051 2135 2131 2162 stanam

1190 2182 1249 2208 ras,
1265 2174 1469 2211 quantumlibet
1490 2175 1623 2209 modicas,
1638 2174 1747 2212 fratris
1762 2175 1804 2204 vel
1818 2176 1931 2204 sororis
1945 2177 2038 2213 appel-

1191 2221 1264 2250 labat
1285 2221 1458 2255 nominibus,
1482 2224 1612 2258 tanquam
1634 2222 1669 2251 ab
1696 2231 1752 2251 nno
1780 2230 1874 2251 seeum
1903 2226 2038 2253 exeuntes

1190 2268 1341 2304 principio,
1363 2276 1534 2305 quamquam
1567 2269 1627 2297 illas
1648 2269 1815 2298 viscerosius
1842 2270 2039 2307 complectere-

1191 2318 1237 2343 tur
1250 2315 1273 2331 ¹⁰
1294 2319 1321 2343 et
1342 2315 1466 2349 dulcius,
1489 2324 1560 2353 quae
1582 2316 1682 2345 Christi
1711 2317 1950 2346 mansuetudinem
1966 2318 2037 2354 piam

1192 2362 1371 2391 similitudine
1392 2363 1511 2391 naturali
1534 2363 1719 2400 praetendunt
1740 2367 1767 2392 et
1781 2364 1941 2401 Scripturae
1955 2365 2038 2402 signi-

1191 2409 1318 2438 ficatione
1339 2409 1468 2446 figurant,
1501 2410 1688 2446 Quamobrem
1719 2411 1924 2447 supernaturali
1956 2411 2054 2440 fiebat.

1193 2456 1325 2485 influente
1347 2457 1466 2491 virtute,
1488 2461 1519 2486 ut
1540 2461 1642 2486 natura
1669 2457 1818 2487 brutorum
1847 2458 1892 2495 pio
1919 2458 2037 2495 quodam

1191 2504 1271 2532 modo
1293 2507 1454 2533 moveretur
1475 2504 1508 2533 ad
1530 2504 1639 2541 ipsum,
1670 2505 1717 2534 sed
1745 2507 1773 2534 et
1803 2513 1887 2534 sensu
1918 2506 2038 2535 carentia

1192 2554 1322 2587 parerent
1352 2551 1385 2579 ad
1414 2551 1563 2588 placitum,
1585 2559 1616 2580 ac
1648 2552 1668 2580 si
1692 2552 1763 2581 idem
1794 2552 1837 2581 vir
1865 2556 1977 2582 sanctus
2007 2556 2039 2581 ut

350 2822 356 2834 ¹
375 2822 420 2845 Cfr.
439 2823 477 2845 lob
495 2824 537 2851 31,
560 2824 577 2845 1.

349 2861 357 2873 ²
376 2861 430 2884 111111,
449 2868 468 2884 c.
486 2862 507 2884 5.
525 2869 547 2884 n.
566 2863 586 2884 8.

350 2899 358 2912 ³
376 2900 432 2923 lbid.
450 2908 469 2923 c.
487 2902 508 2924 6.
526 2908 547 2923 0Δ
570 2903 586 2923 l.
605 2903 627 2924 ⁶2.
644 2903 666 2924 3.
685 2902 706 2924 l.

350 2938 360 2951 ⁴¹
377 2939 422 2962 cfr.
441 2941 517 2962 Matih.
535 2942 560 2969 3,
577 2942 612 2964 15.
624 2942 746 2969 Boi-nard„
759 2942 832 2964 Serm.
846 2942 867 2963 in
879 2941 964 2964 Octava
980 2942 1132 2970 Epiphaniae,

287 2984 309 3000 n.
328 2977 354 3006 4,
372 2979 449 3007 docet,
467 2980 559 3002 tertium
578 2981 677 3007 gradum
694 2981 793 3003 iustitiae
811 2986 861 3003 esse
882 2989 893 3000 «
905 2987 929 3003 se
946 2981 1077 3003 inferiorem
1097 2987 1133 3002 ex-

288 3017 366 3040 hibere
384 3018 452 3040 etiarn
470 3018 514 3046 ipsi
532 3019 664 3041 inferiori».

1255 2824 1263 2837 ⁵
1283 2824 1338 2847 ibid.
1356 2831 1375 2846 (·.
1393 2825 1415 2847 7.
1433 2832 1454 2847 n.
1477 2826 1493 2847 1.
1512 2826 1533 2847 6.

1254 2862 1263 2875 ⁶
1280 2863 1336 2886 Cod.
1353 2865 1371 2886 A
1389 2863 1460 2887 linitas
1477 2863 1648 2893 improbabiles.

1254 2901 1262 2914 ⁷
1281 2902 1338 2925 ibid.
1356 2909 1375 2925 c.
1394 2903 1414 2924 fi.
1434 2909 1454 2925 n.
1477 2903 1495 2925 i.
1513 2906 1534 2925 et
1551 2909 1571 2926 c.
1589 2904 1610 2925 S.
1629 2910 1651 2925 n.
1668 2904 1690 2925 6.

1254 2941 1263 2954 ⁸
1281 2942 1338 2965 Cod.
1354 2943 1372 2964 Α
1390 2942 1503 2965 Eoecrecit
1518 2944 1650 2972 praetcrea.

1253 2979 1263 2992 ⁹
1280 2980 1336 3003 Cod.
1354 2981 1372 3003 111
1391 2981 1510 3004 interiore.

1253 3018 1272 3031 ¹⁰
1289 3019 1344 3042 Cod.
1363 3020 1381 3041 M
1400 3019 1602 3049 commemoretur.

2048 536 2127 561 Pauperi,

2059 1617 2111 1636 Ditiss
2124 1623 2133 1636 :s

2071 1641 2090 1659 in
2101 1633 2122 1672 Ds
