2133 3317
287 242 346 271 424

288 319 399 348 mulieri
421 318 626 347 Samaritanae:
649 317 696 344 Da
723 314 797 344 milii
818 314 924 349 bibere,
946 317 973 344 et
1003 315 1030 343 in
1053 320 1136 342 cruce

159 381 202 400 Au,
215 380 270 400 mio,
288 367 338 395 ait:
361 366 433 395 Sitio
449 377 475 393 ».
496 380 533 385 ——
548 363 684 400 Amplius,
707 362 835 399 quamvis
849 362 910 391 eius
931 361 1023 390 omnia
1044 363 1136 389 essent

288 416 315 441 et
336 412 360 441 ei
382 412 416 440 ab
440 410 570 439 omnibus
598 409 782 442 deberentur,
805 408 863 445 ipse
891 411 983 437 tamen
1012 415 1066 436 non
1095 410 1137 435 est

288 466 357 488 usus
378 466 429 486 sua
450 459 584 494 potestate
612 456 677 484 talia
698 455 842 492 exigendo.
865 455 919 484 Nec
947 454 1021 483 enim
1043 454 1137 490 exegit

288 513 337 542 per
361 504 507 541 imperium
523 502 711 537 auctoritatis,
733 502 781 531 sed
800 510 849 539 per
870 501 983 530 modum
1006 501 1137 538 pauperis

288 551 421 585 mendici,
444 551 516 579 sicut
536 550 608 578 dixit
630 550 753 578 Zachaeo
781 550 871 578 Lucae
895 549 1001 578 decimo
1022 556 1094 576 nono
1111 549 1135 576 ¹:

289 598 444 627 Festinans
459 597 605 632 descende,
617 597 689 635 quia
700 595 784 625 lioclie
795 599 861 630 etc.;
877 596 913 624 ibi
929 595 1036 624 Glossa:
1053 607 1067 620 α
1079 595 1137 623 Νο11

161 659 272 683 Exemplum
289 645 422 674 invitatus
443 652 472 673 se
486 644 625 673 invitat».
642 660 678 664 —
694 644 723 672 ln
745 643 791 672 tali
810 643 892 672 etiam
914 642 1003 671 forma
1017 642 1136 679 Apostoli

161 683 261 725 issffis'mio-
290 694 500 728 processerunt,
521 690 625 727 quibus
646 690 710 718 licet
727 689 820 718 onmia
840 689 1023 723 deberentur,
1045 691 1136 717 tamen

289 742 321 767 ut
341 745 479 775 pauperes
500 739 668 774 receperunt
688 744 724 765 ex
753 735 942 765 misericordia
963 735 1014 764 sibi
1042 735 1137 764 datum

144 800 188 819 Loci
195 799 274 818 duorum
290 785 324 814 ad
344 785 545 814 necessitatem.
562 800 599 804 —
615 784 694 817 Item,
722 782 881 811 Bernardus
894 782 904 798 ²
926 785 1049 811 tractans
1069 782 1137 811 illud

150 824 259 842 ⁰⁰⁰²⁰¹¹¹¹¹¹'
290 832 422 861 verbum:
447 831 519 860 Cum
540 830 640 868 factus
661 834 733 858 esset
754 830 835 858 Iesus
857 838 1006 858 annorum
1031 829 1138 857 [luode-

290 879 357 913 cim,
369 879 449 907 dicit:
468 890 480 903 «
492 879 572 912 Utte,
588 878 693 914 inquit,
706 877 837 911 Domine,
857 884 907 914 per
925 876 1017 905 omnia
1028 879 1139 913 nostrae

289 926 445 963 paupertati
469 925 656 954 conformares
678 927 705 953 et
726 931 823 952 omnes
840 924 912 952 vitae
933 924 1073 952 humanae
1095 931 1139 952 ca-

290 973 425 1002 lamitates
443 972 616 1009 susciperes,
638 971 716 1009 quasi
743 979 817 1000 unus
835 971 861 999 in
877 970 962 999 turba
982 978 1139 1007 pauperum

290 1020 388 1057 stipem
403 1028 453 1057 per
465 1019 534 1048 ostia
546 1018 721 1048 mendicabas
731 1030 758 1046 ».
772 1018 887 1047 ——Huic
901 1017 1050 1046 concordat
1064 1017 1139 1054 quod

290 1070 402 1096 sanctus
417 1066 600 1103 Augustinus,
619 1073 703 1102 super
720 1065 857 1094 Psalmum
873 1064 1054 1093 centesimum
1071 1072 1139 1101 qua-

290 1114 477 1151 dragesimum
499 1116 610 1142 sextum
623 1113 643 1147 ³,
665 1120 750 1149 super
765 1112 849 1141 illud:
874 1111 932 1147 Qui
948 1111 1090 1148 producit
1108 1111 1139 1139 in

290 1160 437 1189 montibus
457 1158 594 1197 foenum,
616 1159 682 1187 dicit
703 1159 730 1187 in
752 1158 895 1195 originali:
922 1169 936 1183 α
951 1158 1044 1186 Loculi
1060 1160 1140 1186 erant

290 1207 428 1236 commissi
450 1206 532 1235 Iudae
554 1206 704 1243 proditori,
726 1208 753 1234 et
774 1206 811 1234 illi
835 1205 883 1242 qui
904 1205 1096 1238 conferebant,
1112 1205 1139 1233 in

291 1254 395 1283 loculos
418 1253 526 1282 Domini
549 1253 740 1286 conferebant,
763 1252 814 1281 nisi
830 1252 902 1281 forte
923 1252 1043 1288 putatis,
1065 1251 1140 1288 quod

290 1302 425 1330 Dominus
446 1301 503 1330 ibat
524 1304 552 1329 et
572 1300 700 1337 petebat,
725 1302 774 1328 aut
795 1299 951 1336 indigebat,
973 1299 1018 1328 cui
1047 1299 1139 1336 Angeli

291 1348 456 1378 serviebant.
479 1348 571 1384 Quare
592 1355 673 1384 egere
694 1347 799 1380 voluit,
821 1347 873 1375 nisi
894 1349 926 1375 ut
945 1346 1024 1375 daret
1045 1354 1141 1375 exem-

291 1396 367 1433 plum
396 1394 559 1428 montibus,
582 1397 613 1423 ut
634 1396 765 1431 parerent
790 1392 909 1431 foenum
924 1395 962 1421 n?
989 1393 1059 1422 Haec
1087 1393 1140 1421 Au-

291 1442 428 1479 gustinus.

372 1489 417 1518 23.
441 1489 477 1518 Ad
500 1488 613 1517 tertium
634 1488 798 1522 dicendum,
820 1488 892 1517 sicut
910 1487 976 1516 dicit
996 1486 1141 1524 Apostolus

145 1544 234 1571 nesp.aa
243 1546 279 1563 ter·
292 1537 326 1565 ad
349 1537 483 1565 Romanos
514 1535 620 1564 decimo
648 1535 787 1572 quinto4:
810 1534 1018 1563 Probaverunt
1048 1534 1140 1562 Mace-

184 1571 239 1587 ”m'
292 1583 382 1612 donia
416 1587 442 1611 et
470 1582 587 1611 Achaia
611 1582 791 1611 collationem
822 1582 956 1620 aliquam
983 1580 1082 1618 facere
1109 1581 1141 1609 in

288 1639 435 1668 pauperes
456 1633 645 1664 sanctorum,
668 1629 720 1667 qui
740 1633 810 1657 sunt
831 1629 862 1657 in
884 1628 1054 1657 Ierusalem.
1070 1627 1140 1656 Pla-

291 1678 350 1706 cuit
372 1677 448 1706 enim
476 1677 532 1711 eis,
556 1680 581 1705 et
608 1676 749 1705 debitores
777 1679 847 1704 sunt
868 1684 978 1704 eorum.
1008 1675 1086 1704 Nam
1115 1675 1143 1703 si

290 1724 495 1762 spiritualium
517 1733 620 1753 eorum
637 1723 802 1761 participes
823 1722 899 1761 facti
918 1726 988 1751 sunt
1007 1722 1139 1760 pentiles,

291 1772 390 1801 debent
414 1775 439 1800 et
466 1772 498 1800 in
526 1771 699 1800 carnalibus
727 1771 901 1799 ministrare
929 1770 978 1798 eis.
1009 1770 1047 1798 lbi
1075 1769 1142 1798 dicit

291 1819 400 1854 Glossa,
429 1818 503 1856 quod
529 1830 543 1844 «
563 1821 643 1847 erant
670 1817 827 1852 debitores,
849 1817 915 1854 quia
943 1817 981 1845 illi
1003 1824 1141 1854 pauperes

290 1867 424 1896 miserant
451 1866 491 1895 eis
522 1865 768 1903 praedicatores».
791 1865 859 1893 Cum
889 1864 975 1902 igitur
1006 1863 1050 1893 isti
1072 1872 1141 1901 pau-

291 1922 372 1952 peres
392 1914 504 1943 Fratres
525 1913 574 1942 toti
603 1913 708 1942 mundo
736 1912 852 1941 mittunt
880 1911 1098 1949 praedicatores,
1126 1919 1141 1940 a

291 1964 348 1990 toto
368 1961 472 1990 mundo
494 1964 610 1998 possunt
634 1960 760 1997 accipere
789 1959 944 1989 necessaria
964 1959 1037 1988 vitae
1065 1967 1140 1988 suae.

291 2008 363 2037 Nulli
385 2016 451 2045 ergo
465 2008 636 2036 iniuriantur
657 2007 686 2035 in
701 2007 770 2041 hoc,
792 2006 858 2043 quia
872 2006 940 2043 legis
961 2005 1141 2035 testimonio5

291 2055 420 2089 docetur,
441 2055 515 2092 quod
539 2054 632 2083 «nulli
653 2054 718 2083 facit
739 2053 869 2082 iniuriam
891 2053 939 2090 qui
961 2053 1051 2081 utitur
1080 2052 1142 2081 iure

292 2110 388 2136 suo»;
411 2102 462 2130 nisi
491 2101 561 2130 forte
589 2101 650 2129 ideo
671 2100 776 2129 faciunt
803 2100 950 2134 iniuriam,
973 2099 1039 2136 quia
1067 2098 1141 2136 quod

518 238 715 269 OPUSCULUM
737 237 803 266 XVI.
826 235 1000 265 EXPOSITIO
1022 235 1125 264 SUPER
1146 234 1300 263 REGULAM
1322 235 1475 264 FRATRUM
1497 233 1659 263 MINORUM.
1681 233 1750 262 CAP.
1769 233 1811 262 VI.

1192 316 1303 349 possent
1321 312 1447 349 accipere
1462 320 1525 341 611111
1541 312 1660 346 honore,
1675 311 1814 348 accipiunt
1832 319 1895 340 cum
1914 314 2042 340 extrema

1192 359 1361 388 confusione.

1272 406 1354 440 Item,
1383 406 1476 434 omnia
1497 406 1569 435 bona
1598 406 1732 435 Ecclesiae
1760 405 1861 434 Christi
1890 408 1917 433 et
1945 412 2041 433 omnes
2057 411 2132 436 Anam

1193 452 1402 489 superfluitates
1422 453 1539 481 divitum
1561 456 1626 481 sunt
1654 461 1711 481 una
1732 460 1777 481 res
1805 452 1915 489 publica
1937 459 2041 488 paupe-

1194 507 1266 527 rum.
1301 499 1329 527 ln
1361 499 1572 535 participatione
1600 502 1693 528 autem
1726 499 1811 528 huius
1843 499 1882 527 rei
1914 498 2042 535 publicae

1194 548 1270 574 tanto
1296 546 1490 582 unusquisque
1512 546 1605 574 minus
1626 546 1694 574 alios
1723 546 1820 580 laedit,
1848 548 1953 582 quanto
1974 553 2043 582 pau-

1194 592 1317 621 cioribus
1338 596 1379 621 est
1401 595 1555 621 contentus.
1579 593 1632 621 Hoc
1653 592 1758 621 faciunt
1777 593 1888 621 Fratres
1902 593 1962 627 isti,
1978 592 2042 629 qui,

1194 647 1258 668 cum
1280 642 1392 675 possent
1407 639 1501 668 vivere
1522 642 1554 668 ut
1568 639 1613 667 alii
1635 639 1727 668 clerici
1750 639 1778 668 in
1794 639 1911 668 statibus
1929 639 2044 668 honoris

1194 689 1222 715 et
1242 685 1416 720 affluentiae,
1438 686 1537 714 vivunt
1558 686 1586 714 in
1607 689 1681 714 statu
1714 686 1879 723 ignominiae
1904 688 1931 715 et
1961 694 2043 714 aeru-

1194 740 1283 767 mnae,
1299 732 1485 761 mendicantes
1500 741 1551 769 pro
1566 740 1596 761 se
1611 732 1692 769 ipsis,
1708 732 1780 761 sicut
1801 732 1902 761 Paulus
1917 740 1968 769 pro
1982 732 2044 761 aliis

1196 779 1376 814 mendicavit,
1398 783 1429 808 ut
1451 782 1526 816 patet
1547 780 1575 808 in
1597 779 1726 816 Epistolis
1748 779 1844 814 511156,
1866 779 1893 808 111
1922 779 2043 808 collectis

1195 835 1246 864 pro
1268 827 1440 864 pauperibus
1460 827 1601 856 faciendis.

1274 874 1320 902 24.
1343 873 1382 902 Ad
1402 874 1533 902 ultimum
1554 873 1715 908 dicendum,
1736 873 1811 910 quod
1826 873 1847 902 si
1871 873 1982 901 beatius
2003 875 2044 901 est
2072 885 2132 912 nom

1195 921 1292 958 mayis
1320 921 1393 949 clare
1420 929 1511 959 quam
1543 920 1693 957 accipere,
1721 920 1870 949 beatissimi
1903 923 1968 949 sunt
1995 919 2044 957 qui
2057 911 2133 957 quami„

1195 968 1288 997 omnia
1308 968 1453 997 dederunt.
1477 968 1553 997 Unde
1574 967 1796 1004 Hieronymus⁷z
1824 979 1837 993 <t
1851 968 1935 996 Nemo
1956 967 2046 1004 perfe-

1196 1016 1268 1045 ctius
1282 1018 1390 1053 erogat,
1406 1023 1490 1052 quam
1512 1015 1560 1052 qui
1575 1015 1626 1044 sihi
1648 1015 1718 1043 nihil
1733 1017 1896 1044 reservat».
1913 1031 1950 1035 -
1965 1014 2044 1049 Item,

1196 1063 1218 1091 si
1240 1063 1366 1099 recipere
1387 1062 1517 1091 diminuit
1537 1062 1571 1090 de
1592 1061 1776 1095 beatitudine,
1798 1069 1864 1098 ergo
1889 1061 1937 1098 qui
1958 1061 2046 1098 magis

1196 1110 1336 1146 recipiunt
1350 1110 1437 1146 magis
1457 1109 1603 1143 deficiunt,
1619 1112 1646 1137 et
1667 1109 1714 1146 qui
1731 1109 1824 1137 minus
1838 1108 1977 1145 recipiunt
1994 1108 2046 1137 mi-

1196 1165 1250 1186 nus
1271 1156 1412 1185 deficiunt.
1435 1157 1463 1185 In
1486 1157 1537 1185 hac
1559 1159 1638 1193 parte
1659 1157 1728 1185 tales
1748 1159 1815 1185 sunt
1835 1156 1880 1185 isti
1908 1163 2046 1192 pauperes

1197 1204 1225 1232 in
1247 1207 1305 1232 toto
1327 1204 1401 1232 clero
1422 1212 1459 1232 ex
1481 1211 1532 1232 sua
1553 1203 1731 1240 professione.
1748 1219 1785 1224 —
1801 1203 1881 1237 Item,
1902 1202 1966 1231 licet
1980 1202 2046 1231 dare

1196 1250 1358 1287 simpliciter
1380 1251 1416 1279 sit
1443 1250 1551 1279 beatius
1579 1258 1662 1287 quam
1691 1250 1831 1286 recipere,
1861 1252 1952 1278 tamen
1981 1257 2047 1278 cum

1197 1296 1407 1325 circumstantia
1428 1299 1520 1325 tantae
1545 1296 1711 1324 humilitatis
1732 1296 1856 1333 recipere
1877 1298 1919 1324 est
1939 1295 2047 1324 beatius

1197 1352 1282 1381 quam
1302 1343 1377 1372 dare.
1397 1343 1473 1372 Unde
1487 1343 1521 1371 ad
1540 1342 1726 1379 receptionem
1741 1342 1892 1379 discipulos
1913 1350 1979 1371 suos
1992 1342 2046 1371 Do·
2124 1374 2125 1378 ,

1196 1391 1290 1420 minus
1312 1390 1483 1425 informavit,
1505 1398 1575 1427 quos
1601 1389 1691 1418 nudos
1712 1398 1762 1426 per
1789 1390 1900 1419 saecula
1926 1389 2046 1419 destina·
2124 1384 2126 1423 ἶ

1197 1438 1237 1466 vit
1248 1438 1268 1466 ⁵.
1292 1454 1328 1458 —
1353 1437 1470 1466 Vadant
1493 1445 1559 1474 ergo
1580 1436 1689 1465 Fratres
1710 1445 1767 1473 pro
1787 1436 1966 1474 eleemosyna
1979 1445 2046 1465 con-
2062 1435 2126 1471 11111111,Ι

1196 1485 1332 1522 fidentem·
1346 1493 1397 1513 nec
1412 1487 1531 1521 oportet,
1553 1492 1599 1512 eos
1620 1483 1817 1512 verecundari
1823 1507 1832 1518 ,
1854 1483 1927 1522 quia
1948 1483 2046 1512 Domi-
2125 1515 2127 1519 ‚

1197 1540 1255 1561 nus
1273 1540 1331 1569 pro
1351 1531 1435 1560 nobis
1458 1540 1488 1559 se
1509 1530 1578 1568 fecit
1604 1539 1765 1568 pauperem
1786 1530 1818 1559 in
1846 1529 1898 1559 1106
1919 1530 2047 1564 mundo:
2125 1522 2126 1545 ¹

1198 1579 1246 1608 sed
1266 1579 1436 1616 glorientur,
1451 1578 1517 1615 quia
1537 1578 1634 1606 datum
1656 1580 1698 1606 est
1715 1578 1755 1606 eis
1773 1586 1830 1614 pro
1850 1577 1967 1606 nomine
1981 1577 2048 1605 Iesu

1198 1626 1403 1655 contumeliam
1415 1625 1483 1663 pati
1494 1625 1514 1660 ⁹,
1536 1625 1606 1654 nihil
1628 1625 1796 1654 habentibus
1816 1624 1844 1653 in
1866 1625 1919 1653 hoc
1934 1624 2046 1653 mundo.

1277 1674 1323 1702 25.
1346 1673 1398 1702 Sed
1420 1681 1471 1710 pro
1498 1672 1581 1701 tertio
1602 1672 1692 1701 addit:
1714 1672 1794 1700 Haec
1822 1675 1863 1700 est
1887 1671 1939 1700 illa
1968 1670 2048 1700 celsi-
2061 1682 2106 1710 Pais
2126 1680 2133 1725 11

1199 1721 1268 1749 tudo
1290 1720 1453 1749 altissimae
1472 1719 1667 1757 paupertatis.
1690 1719 1782 1755 Quare
1803 1718 1979 1753 altissimae,
1995 1718 2047 1747 nisi
2064 1708 2133 1757 ἷῖᾎοίἶ

1198 1767 1264 1805 quia
1285 1776 1300 1796 a
1321 1767 1427 1795 mundo
1448 1766 1650 1795 remotissimae
1671 1769 1698 1795 et
1718 1773 1768 1803 per
1794 1773 1967 1803 consequens
1987 1773 2048 1794 cae-
2064 1755 2128 1794 ‘³²¹⁸'i

1198 1815 1290 1844 lorum
1306 1822 1391 1851 regno
1403 1814 1427 1831 ¹⁰
1448 1821 1556 1842 summe
1571 1813 1690 1847 vicinae,
1712 1813 1751 1841 illi
1772 1812 1855 1841 etiam
1870 1812 1942 1841 vitae
1959 1814 2049 1841 aeter·
2127 1836 2128 1842 ,

1198 1870 1265 1896 nae,
1280 1865 1312 1890 111
1333 1863 1375 1890 651
1388 1860 1534 1898 possibile,
1557 1860 1727 1894 simillimae,
1748 1859 1797 1888 ubi
1812 1859 1882 1888 nihil
1903 1862 2048 1888 terrenum

1198 1912 1240 1939 est
1267 1909 1430 1946 proprium,
1462 1908 1506 1937 vel
1528 1910 1696 1937 commune?
1717 1907 1794 1936 Unde
1825 1906 1934 1936 subdit:
1968 1907 2049 1943 Quae
2127 1871 2130 1940 Ι

1198 1966 1259 1991 vos,
1280 1955 1453 1985 carissimos
1472 1954 1585 1993 fratres
1604 1963 1692 1990 meos,
1714 1953 1830 1983 heredes
1857 1957 1883 1983 et
1902 1962 1984 1991 reyes
2004 1962 2049 1982 re-

1198 2004 1251 2042 yni
1271 2003 1421 2032 caelorum
1450 2002 1595 2036 instituit;
1620 2002 1681 2031 ideo
1709 2001 1842 2036 heredes,
1864 2001 1930 2038 quia
1956 2000 2049 2030 omnia

1198 2050 1402 2080 dimittentibus
1423 2058 1474 2087 pro
1502 2057 1588 2086 regno
1620 2049 1760 2078 caelorum
1789 2048 1963 2086 promittitur
1991 2048 2048 2085 glo-

1198 2098 1257 2126 riae
1287 2097 1438 2134 margarita
1450 2097 1489 2130 ¹¹;
1512 2096 1573 2125 ideo
1592 2104 1688 2133 reyes,
1714 2096 1780 2133 quia
1811 2095 1947 2124 solutione
1977 2094 2049 2123 facta

357 2294 364 2307 ¹
385 2295 450 2317 Vers.
468 2295 489 2317 5.
507 2307 538 2311 —
555 2295 634 2317 Glossa
652 2297 685 2317 est
706 2293 867 2317 interlinearis
885 2294 948 2322 apud
965 2294 1094 2322 Lyranum,
1116 2299 1143 2315 ex

295 2334 414 2361 Ambros.,
431 2334 486 2356 Vlll.
506 2334 527 2356 in
550 2334 605 2355 Luc.
624 2334 649 2360 9,
669 2334 690 2355 2.
713 2340 735 2355 n.
754 2333 794 2355 82:
815 2342 826 2353 α
838 2333 907 2361 Apud
929 2333 1027 2355 alterum
1045 2332 1143 2362 [scilicet

295 2373 434 2402 Zachaeum]
453 2379 542 2395 senon
568 2373 718 2395 invitaturum
741 2372 856 2395 invitat».
874 2372 915 2394 Ed.
941 2373 948 2394 1
971 2378 1024 2394 611111
1050 2372 1095 2394 AG
1121 2375 1143 2394 et

294 2413 373 2435 Glossa
390 2413 473 2435 omittit
489 2418 521 2435 se.
533 2424 564 2428 —
581 2412 693 2440 Superius
711 2415 763 2440 post
780 2413 802 2434 et
818 2411 840 2434 ei
856 2412 873 2433 D
889 2412 972 2439 repetit
988 2411 1082 2439 omnia,
1101 2417 1142 2439 pro

293 2451 323 2475 ab
340 2451 449 2475 omnibus
467 2452 483 2473 B
501 2451 617 2474 substituit
634 2450 663 2474 ab
675 2450 810 2474 hominibus
822 2453 844 2473 et
856 2456 898 2478 pro
913 2449 1062 2473 auctoritatis
1075 2450 1093 2472 D
1102 2456 1144 2479 po-

294 2490 392 2514 testatis.

356 2529 365 2542 ²
384 2530 424 2552 Vel
442 2530 519 2558 potius
544 2529 655 2552 Aelredus
680 2528 753 2551 abbas
773 2529 880 2551 Rievallis
897 2529 918 2551 in
945 2529 1019 2551 Traet.
1046 2529 1076 2551 de
1093 2530 1142 2551 lesu

294 2575 366 2597 puero
384 2568 513 2595 duodenni,
526 2569 548 2591 111
566 2574 613 2597 quo
625 2568 751 2596 explicatur
766 2568 820 2591 illud
832 2569 887 2591 Luc.
899 2569 926 2595 2,
939 2568 981 2591 42:
994 2567 1052 2591 Cum
1064 2568 1142 2597 factus

293 2610 353 2631 esset
368 2610 411 2631 etc.
430 2615 451 2630 n.
469 2608 491 2630 6.
508 2607 555 2631 Csr.
572 2613 643 2636 supra
660 2613 715 2635 pag.
732 2607 791 2636 274,
809 2610 861 2629 nota
879 2607 900 2629 3.

356 2645 366 2658 ³
385 2647 449 2669 Vers.
467 2647 489 2669 8.
507 2653 529 2669 n.
552 2646 587 2668 l7.
607 2646 736 2674 Respicitur
748 2646 826 2668 Matth.
844 2645 870 2674 4,
889 2646 913 2668 11
925 2653 930 2668 :
943 2646 1023 2673 Angeli
1039 2651 1143 2668 accesse-

294 2689 347 2709 runt
364 2689 386 2709 et
402 2685 562 2709 ministrabant
573 2686 602 2708 61.
620 2686 705 2708 Textus
716 2685 835 2713 originalis
852 2685 971 2708 hincinde
987 2685 1097 2708 nonnulla
1109 2685 1142 2708 in-

295 2725 391 2747 terserit.
409 2724 453 2747 Csr.
470 2731 541 2753 supra
559 2724 644 2752 Opusc.
667 2724 706 2747 XI.
722 2724 837 2752 Apologia
860 2730 1003 2752 pauperum,
1027 2729 1047 2746 e.
1066 2724 1102 2746 12.
1119 2730 1142 2747 n.

295 2764 333 2786 32.
350 2764 374 2786 in
392 2764 443 2786 fine.
462 2765 511 2787 Vat.
525 2770 578 2786 cum
596 2763 653 2786 6(1.1
676 2766 699 2786 et
715 2763 822 2791 pluribus
833 2763 901 2786 codd.
919 2769 1042 2791 perperam
1060 2763 1143 2790 allegat

295 2803 330 2825 Ps.
349 2804 405 2830 103,
425 2803 466 2825 lli:
483 2802 620 2826 Producens
637 2802 734 2832 foenum
750 2801 869 2830 iumentis,
881 2802 904 2824 in
917 2802 983 2825 cuius
1000 2802 1143 2830 expositione

296 2842 370 2870 agitur
387 2842 481 2871 quidem
500 2843 529 2865 de
546 2843 625 2865 loculis
643 2842 693 2870 (cfr.
710 2848 780 2870 supra
799 2848 852 2870 pag.
877 2842 935 2869 415,
958 2844 1010 2864 11013
1035 2841 1080 2870 1.),
1102 2841 1143 2864 sed

296 2881 355 2904 dicta
373 2881 483 2904 sententia
501 2888 546 2904 nou
564 2881 672 2904 occurrit.

359 2918 369 2932 ⁴
386 2920 452 2942 Vers.
470 2921 507 2942 26.
525 2927 573 2949 seq.
592 2933 621 2936 —
639 2921 717 2943 Glossa
730 2923 764 2942 est
781 2919 955 2948 interlinearis,
974 2925 1035 2948 quae
1052 2926 1064 2942 a
1076 2920 1143 2942 Petro

297 2958 428 2981 Lombardo
445 2959 478 2981 sic
495 2958 628 2981 exhibetur:
646 2959 671 2981 Et
687 2964 743 2981 vere
760 2961 814 2981 sunt
831 2957 958 2986 debitores,
976 2964 1033 2981 nam
1050 2957 1072 2981 si
1087 2964 1143 2987 qen-

297 2996 348 3020 tiles
364 2996 423 3026 sacti
438 2999 494 3020 sunt
504 2997 632 3026 participes
649 2997 827 3027 spiritualium,
846 2997 868 3019 id
880 3000 914 3020 est
931 2997 1110 3025 praedicationis
1122 2999 1144 3019 et

297 3037 513 3063 sacramentorum,
529 3042 626 3064 eorum,
650 3037 672 3058 id
690 3039 724 3059 est
746 3037 896 3064 ludaeorum,
914 3036 954 3065 qui
977 3037 1089 3059 miserunt
1110 3036 1144 3058 eis

1200 2292 1372 2321 praedicatores
1389 2290 1419 2314 ab
1438 2291 1595 2318 ierosolymis,
1613 2289 1696 2313 debent
1711 2290 1791 2318 utique
1808 2291 1831 2312 et
1847 2289 1889 2317 ipsi
1910 2289 2049 2313 ministrare

1199 2332 1232 2355 eis
1249 2331 1274 2354 in
1291 2330 1442 2358 carnalibus,
1461 2330 1484 2352 id
1501 2332 1536 2352 est
1553 2329 1650 2352 ludaeis.
1664 2328 1709 2352 Csr.
1721 2330 1837 2356 Lwanus,
1854 2329 1878 2351 in
1896 2330 1958 2351 hunc
1974 2329 2017 2351 loc.

1262 2369 1271 2382 ⁵
1289 2370 1352 2392 Libr.
1363 2371 1387 2392 L.
1405 2370 1492 2397 Digest.
1504 2369 1536 2391 tit.
1555 2369 1591 2391 17.
1614 2369 1644 2391 de
1655 2369 1750 2396 Regulis
1766 2368 1836 2396 iuris,
1848 2369 1892 2396 leg.
1910 2368 1953 2391 56:
1973 2376 1985 2388 ιι
1996 2368 2049 2390 Ν111-

1200 2410 1235 2432 1115
1252 2409 1344 2432 videtur
1361 2409 1414 2432 dolo
1441 2409 1529 2436 facere,
1548 2409 1589 2437 qui
1614 2414 1656 2431 suo
1675 2408 1724 2430 iure
1750 2408 1855 2435 utitur»,
1873 2410 1896 2430 et
1920 2407 1964 2435 leg.
1991 2407 2048 2430 1941

1199 2449 1271 2471 Ν61110
1288 2448 1401 2471 damnum
1421 2448 1486 2475 facit,
1504 2448 1547 2470 nisi
1572 2447 1612 2476 qui
1632 2447 1656 2470 id
1673 2447 1737 2475 fecit,
1758 2447 1822 2476 quod
1848 2447 1922 2469 facere
1942 2446 1977 2469 ius
2002 2452 2047 2468 11011

1200 2487 1276 2510 habet.
1289 2500 1318 2503 —
1331 2487 1425 2509 Inferius
1437 2493 1480 2515 pro
1490 2487 1592 2516 possunt
1613 2486 1659 2508 fide
1670 2486 1688 2508 G
1706 2488 1728 2508 et
1744 2485 1781 2508 ed.
1795 2486 1803 2507 1
1819 2484 1981 2508 substituimus
1994 2490 2048 2514 pos-

1199 2528 1262 2555 sent,
1281 2533 1323 2554 pro
1340 2525 1461 2555 accipiunt
1477 2526 1495 2548 D
1512 2524 1590 2555 maqis
1602 2524 1694 2554 eliqunt
1709 2523 1825 2553 accipere,
1843 2526 1866 2546 et
1883 2522 1981 2546 vocibus
1992 2528 2047 2546 eum

1199 2567 1309 2589 eaelrema
1326 2566 1341 2588 Α
1356 2568 1378 2587 61
1395 2565 1433 2587 ed.
1451 2565 1459 2587 1
1481 2565 1620 2587 interserunt
1638 2563 1710 2587 omni.

1262 2603 1272 2617 ⁶
1289 2605 1334 2628 Cfr.
1352 2611 1422 2633 supra
1440 2611 1494 2633 pag.
1513 2604 1571 2633 342,
1588 2606 1642 2626 nota
1659 2604 1681 2625 6.

1262 2643 1271 2656 ⁷
1290 2644 1348 2667 Vide
1366 2650 1436 2672 supra
1454 2650 1508 2672 pag.
1528 2644 1586 2671 413,
1603 2646 1681 2666 notam
1701 2643 1723 2665 6.

1263 2682 1272 2695 ⁵
1289 2683 1333 2706 Csr.
1351 2689 1421 2711 supra
1434 2689 1453 2705 6.
1467 2683 1487 2705 4.
1501 2689 1523 2705 n.
1536 2683 1558 2705 3.
1570 2688 1619 2711 seq.
1631 2694 1662 2698 —
1674 2682 1717 2704 Pro
1729 2680 1826 2705 saecula
1837 2681 1856 2703 D
1873 2683 1896 2703 et
1912 2680 1950 2703 ed.
1968 2681 1976 2703 1
1997 2686 2049 2704 sae·
2130 2707 2131 2717 ἵ

1199 2722 1289 2746 culum.
2130 2732 2131 2747 1

1262 2760 1272 2774 ⁹
1289 2762 1337 2784 Act.
1356 2762 1383 2789 5,
1401 2761 1437 2784 411.
1455 2774 1486 2778 —
1503 2760 1607 2784 Subinde
1625 2762 1677 2788 post
1693 2759 1718 2783 in
1735 2759 1779 2783 hoe
1795 2759 1884 2783 mundo
1907 2759 1943 2782 ed.
1966 2760 1974 2781 1
1994 2765 2048 2782 cum

1199 2802 1218 2824 G
1236 2801 1300 2823 addit
1316 2800 1389 2823 verba
1401 2800 1509 2828 superius
1526 2800 1600 2828 posita
1623 2799 1679 2829 quia
1701 2798 1842 2822 Dominus...
1853 2798 1878 2821 in
1890 2798 1933 2822 hoc
1944 2797 2048 2826 mundo,

1199 2847 1260 2869 quae
1277 2840 1309 2862 ibi
1326 2840 1395 2862 etiam
1413 2840 1442 2862 ab
1459 2840 1506 2862 AD
1523 2839 1667 2862 omittuntur.

1263 2878 1282 2891 ¹⁰
1300 2880 1342 2901 Pro
1359 2879 1482 2902 caelorum
1499 2884 1573 2908 reqno
1591 2879 1609 2901 G
1626 2881 1648 2901 et
1665 2878 1702 2901 ed.
1721 2879 1729 2900 1
1751 2877 1824 2901 caelo.

1263 2917 1281 2930 ¹¹
1295 2918 1371 2940 Matth.
1383 2918 1418 2946 19,
1428 2918 1457 2940 29
1466 2926 1471 2940 :
1480 2918 1507 2940 Et
1515 2917 1598 2945 omnis,
1607 2917 1648 2946 qui
1657 2916 1776 2945 reliquerit
1784 2916 1904 2939 domum...
1914 2916 2047 2944 centuplum

1200 2957 1297 2985 accipiet
1314 2960 1336 2979 et
1353 2957 1425 2979 vitam
1442 2959 1558 2979 aeternam
1576 2955 1712 2984 possidebit.
1729 2955 1775 2978 Cfr.
1792 2954 1847 2978 ibid.
1866 2955 1908 2982 13,
1930 2954 1967 2977 45.
1984 2960 2047 2983 seq„

1200 2995 1240 3018 ubi
1258 2996 1287 3018 de
1304 2995 1428 3023 margarita
1446 2995 1550 3022 inventa,
1563 2997 1658 3023 propter
1670 3001 1740 3024 quam
1754 2993 1935 3021 comparandam
1947 2993 2049 3020 negotia-

1200 3037 1235 3058 tor
1247 3035 1325 3057 omnia
1338 3041 1379 3057 sua
1392 3034 1479 3057 vendit.
1490 3047 1521 3051 —
1534 3035 1584 3057 Vat.
1596 3040 1649 3057 cum
1663 3034 1681 3056 D
1689 3032 1840 3063 promittitur
1851 3032 1930 3062 yloria
1941 3033 2046 3055 aeterna.
