2133 3317
498 223 695 252 OPUSCULUM
717 223 734 251 l.
757 223 927 251 SPECULUM
947 223 1156 253 DISClPLlNAE.
1180 225 1258 254 PARS
1280 226 1435 255 SECUNDA.

99 302 302 334 praesumtuosus
321 302 346 326 et
359 301 440 326 audax
458 301 483 326 et
501 301 572 332 quasi
585 308 658 325 vacca
676 301 808 325 lasciviens
827 309 841 325 a
860 302 941 332 prima

99 345 270 370 informatione
288 345 403 369 declinat.
423 343 510 369 Cessat
527 343 619 372 oratio,
639 343 707 374 tepet
720 343 830 371 devotio,
850 344 941 368 confes-

99 389 134 413 sio
153 387 309 418 peccatorum
328 387 478 418 negligitur,
497 386 526 411 ut
544 387 616 417 putes
630 393 684 411 eum
703 386 748 411 aut
767 387 806 411 sui
824 387 939 416 oblitum,

98 431 142 456 aut
160 437 209 455 11011
227 430 318 454 habere
343 430 478 460 peccatum.
498 429 568 454 Facit
593 429 690 460 quidem
710 430 788 454 dilata
807 430 940 461 confessio,

98 474 127 499 ut
144 473 273 504 negligens
301 473 408 497 mundus
425 472 560 503 appareat,
590 473 648 497 licet
674 480 723 498 non
752 473 857 501 existat;
883 473 940 498 dum

98 517 184 547 culpas
211 515 327 540 absorbet
355 515 457 544 oblivio,
485 522 534 540 non
550 515 557 527 ¹
586 515 702 540 absolvit.
727 515 940 546 Multiplicantur,

99 560 156 584 dum
175 565 223 584 non
242 559 375 587 curantur,
395 558 516 587 offensae,
536 558 730 589 multiplicatae,
749 566 779 583 110
804 558 942 583 discernan-

99 602 141 626 tur
159 601 184 626 et
201 601 370 632 corrigantur,
396 600 542 631 impediunt.
565 601 700 625 Multitudo
725 601 880 631 peccatorum
900 601 942 625 im-

99 644 177 676 pedit,
197 651 227 668 ue
246 644 386 668 videantur.
405 643 475 668 Unde
488 645 558 675 piger
571 644 631 668 tunc
644 644 682 668 est
700 645 803 668 maxime
823 641 945 672 vitiosus,

98 695 153 713 cum
172 688 233 712 vitia
251 694 301 712 non
320 687 442 719 agnoscit.
461 687 499 712 Sic
517 687 575 717 filia
593 687 670 717 fortia
688 687 716 711 in
740 687 942 712 deminoratione

99 731 148 756 erit
156 729 175 755 ².
194 731 328 755 Iustorum
350 731 435 755 atttem
452 730 543 755 semita
569 731 644 761 quasi
664 730 708 754 litu
731 730 866 761 splendens
883 738 943 761 pro-

99 773 165 799 cedit
182 775 205 798 et
224 773 313 798 crescit
330 780 410 804 usque
429 773 463 797 acl
475 772 617 804 perfectam
636 773 710 798 diem.

169 817 192 841 2.
213 816 322 841 Professi
341 823 399 847 ergo
419 816 585 847 profiteantur
611 815 758 846 profectum,
779 810 945 846 111-0081111111οἒ

49 873 63 880 ‹·
77 873 84 877 -
98 866 152 884 nem
173 859 338 890 proscribant.
355 858 431 883 Dabit
449 858 480 882 ad
499 858 544 883 hoc
563 858 718 883 hionilitatis
737 859 761 883 et
776 859 943 889 paupertatis

38 897 39 900 ¹
58 896 64 900 ’
81 900 87 906 “
99 902 240 928 constantia
258 909 433 933 perseverans,
448 901 586 930 affectuum
599 901 624 925 et
639 908 762 926 curarum
776 902 881 926 abiectio
898 903 943 925 ter-

99 951 234 975 renarum,
249 944 395 969 exercitat‘io
410 944 529 968 caritatis
541 944 566 968 et
580 951 641 974 quae
657 944 829 974 complectitur
847 945 942 973 omnia,

20 993 33 1012 κ’,
58 1000 85 1019 .·.·
99 987 312 1013 considerationis
326 987 441 1011 attentio.
453 1001 489 1004 ——
506 996 518 1008 ‹<
528 986 628 1011 Summa
639 986 755 1017 Relig-iosi
768 987 849 1011 virtus
863 987 944 1011 humi-

102 1029 178 1056 litas³
189 1040 202 1052 ²>
215 1037 277 1061 quae
290 1031 372 1061 ipsum
385 1030 465 1058 curat,
480 1029 576 1060 perficit
588 1030 613 1053 et
625 1030 764 1054 conservat.
778 1030 833 1054 Sine
846 1029 943 1054 humili-

99 1073 153 1098 tate
165 1073 236 1097 nulla
249 1073 344 1102 virtus,
358 1073 428 1097 nulla
442 1072 558 1103 perfectio
572 1073 616 1097 aut
629 1073 780 1104 acquiritur,
800 1072 844 1097 aut
863 1080 943 1097 serva-

100 1116 150 1141 tur.
160 1116 290 1142 Virtutum
301 1115 420 1147 siquidem
430 1116 520 1140 bouum
531 1115 652 1147 quoddam
663 1123 691 1140 ac
701 1115 791 1140 stabile
801 1115 944 1140 fundamen—

99 1159 152 1184 tum
172 1159 211 1183 est
222 1158 360 1183 humilitas.
373 1158 482 1189 Nempe,
502 1159 522 1182 si
544 1158 617 1182 nutet
635 1158 693 1187 illa,
716 1158 838 1182 virtutum
858 1165 944 1189 aggre-

99 1202 168 1234 gatio
195 1209 244 1227 non
263 1202 302 1226 est
329 1202 376 1226 nisi
396 1202 475 1226 ruina.
505 1201 538 1225 Et
556 1202 672 1232 quoniam
694 1211 707 1223 ‹<
720 1201 750 1226 ad
775 1201 943 1226 humilitatem

99 1245 239 1270 humiliatio
258 1245 299 1269 via
317 1244 374 1269 est⁴
389 1255 413 1273 »,
435 1252 484 1269 non
511 1244 658 1269 erubescant
675 1244 779 1269 humilia
804 1252 847 1269 nec
865 1244 944 1269 humi-

99 1287 181 1312 litatis
205 1287 285 1312 officia
310 1287 380 1312 facile
399 1288 520 1318 respuant
543 1295 572 1312 ac
595 1287 713 1318 imp0s1ta
738 1287 942 1312 recommendent.

100 1330 186 1356 Omnis
204 1330 235 1355 ab
260 1331 295 1355 eis
320 1331 512 1361 praesumtionis
536 1330 638 1355 audacia
663 1330 842 1361 proscribatur.
870 1330 944 1355 Anti-

100 1373 226 1406 quioribns
244 1374 271 1398 in
289 1373 379 1398 Ordine
398 1373 531 1398 Fratribus
552 1373 678 1402 deferant,
697 1381 725 1398 ac
744 1381 841 1404 semper
859 1381 943 1398 eorum

100 1417 213 1449 respectu
232 1424 257 1442 se
276 1417 384 1441 iuniores
402 1417 427 1441 et
446 1417 553 1441 novitios
568 1416 693 1447 reputent.
713 1416 752 1441 Ad
770 1417 892 1441 exteriora
905 1416 943 1441 vel

99 1460 200 1486 honoris
218 1461 322 1485 alicuius
341 1460 420 1485 officia
439 1459 541 1491 provehi
559 1467 608 1484 11011
625 1459 749 1484 affectent.
768 1459 862 1484 Multos
875 1467 944 1490 prae-

100 1511 207 1535 propera
224 1504 298 1528 nimis
311 1503 432 1534 promotio
445 1510 460 1527 a
472 1503 594 1527 virtutum
614 1503 663 1527 iam
681 1502 813 1534 incipiente
832 1502 942 1533 profectu

100 1553 144 1578 per
161 1546 249 1571 vitium
268 1546 383 1571 elationis
408 1545 502 1570 deiecit.
525 1555 538 1567 ‹<
551 1545 597 1575 Qui
622 1545 739 1570 mundum
759 1545 888 1573 deserunt,
907 1545 944 1570 ait

100 1588 206 1614 Sanctus
219 1588 237 1617 ⁵,
256 1588 288 1613 ad
300 1588 423 1613 exteriora
441 1587 521 1613 officia
534 1587 636 1619 provehi
654 1594 703 1612 non
716 1587 819 1617 (10110111,
839 1588 886 1612 nisi
900 1595 944 1618 per

99 1631 267 1656 humilitatem
285 1631 379 1656 diutius
398 1632 423 1656 in
442 1631 549 1655 eiusdem
571 1630 654 1655 muudi
672 1630 816 1661 contemptu
841 1631 944 1655 soliden-

38 1671 82 1699 ³¹t1·.
100 1675 181 1700 tur».
199 1675 234 1699 Et
252 1675 310 1706 quia
334 1681 454 1700 novorum
475 1674 500 1699 et
523 1674 647 1699 iuniorum
671 1674 778 1699 tentatio
804 1674 867 1699 solet
891 1681 944 1699 esse

101 1717 172 1743 facile
190 1717 331 1749 superbire.
351 1717 444 1742 nescire
463 1717 562 1742 modum
580 1716 731 1741 humilitatis
749 1724 862 1745 servare,
879 1717 904 1741 et
923 1717 945 1741 si

101 1761 165 1786 forte
183 1761 209 1785 iu
227 1760 310 1792 aliquo
329 1760 455 1791 praesint,
469 1760 542 1785 officii
557 1759 637 1784 metas
650 1759 762 1784 excedere
781 1767 810 1784 ac
828 1759 856 1783 de
875 1760 945 1784 mini-

100 1804 148 1828 mis
165 1803 271 1835 grandia
289 1803 396 1832 iaetare;
415 1802 549 1827 attendant
567 1802 614 1827 sibi
639 1809 713 1833 super
738 1802 777 1826 his
801 1802 943 1833 vigilanter.

106 1855 119 1868 κ
131 1846 188 1871 Nou
207 1846 290 1877 potest
308 1846 396 1870 intimo
414 1845 577 1870 conscientiae
594 1845 735 1870 testimonio
753 1845 855 1876 gloriari
874 1852 945 1869 vera-

101 1888 174 1918 citer,
193 1889 242 1913 nisi
261 1888 303 1920 qui
321 1889 473 1913 extrinsecas
491 1888 610 1919 gloriolas
629 1887 735 1918 perfecte
754 1885 897 1918 1081100111Β
910 1897 936 1911 ».

172 1931 196 1956 3.
215 1932 363 1962 Paupertas
381 1932 407 1956 in
426 1931 540 1956 omnibus
558 1930 667 1962 placeat,
681 1937 725 1955 nec
741 1930 831 1955 iterum
850 1931 901 1955 sive
919 1931 945 1954 in

54 1985 59 1988 ⁴
100 1975 186 2004 libris,
206 1975 302 1999 sivein
326 1974 382 1999 aliis
407 1981 490 1998 rerum
516 1981 541 1999 se
563 1974 642 1998 velint
660 1973 792 1998 sarcinulis
818 1973 945 1998 onustare.

101 2017 216 2043 Perfecta
235 2025 318 2042 rerum
337 2017 440 2042 abiectio
459 2024 474 2041 a
492 2024 552 2041 cura
576 2016 674 2047 expedit
692 2016 811 2045 mentem,
837 2016 869 2040 ab
887 2015 946 2040 infe—

101 2061 182 2086 ctione
200 2060 324 2085 affectum.
347 2060 426 2085 Nemo
450 2060 477 2084 in
496 2059 589 2084 Christi
614 2059 767 2090 expeditione
785 2059 886 2084 liberior
909 2059 946 2083 nil

101 2103 217 2128 habente.
244 2103 270 2128 Si
296 2103 421 2134 aliquibus
448 2102 539 2134 egent,
566 2102 684 2127 studeant
710 2102 836 2133 parcitati.
867 2102 946 2133 Super

102 2154 187 2172 omnes
205 2146 306 2171 divitias
333 2146 434 2170 divitem
454 2145 514 2170 facit
541 2145 686 2176 paupertas.
706 2145 773 2170 Haec
801 2152 896 2176 quoque
920 2145 946 2169 111

102 2189 170 2215 victu
188 2189 214 2214 et
239 2189 266 2214 iu
284 2189 323 2214 his
351 2196 413 2220 quae
432 2189 514 2213 carnis
542 2188 615 2218 sunt,
635 2188 739 2213 maxime
766 2187 946 2219 amplectenda.

102 2232 160 2257 Non
178 2232 217 2257 est
244 2232 380 2263 evangelici
407 2232 524 2263 pauperis
542 2231 650 2263 gaudere
673 2230 819 2262 superfluis,
846 2231 946 2255 luxibus

102 2275 245 2307 indulgere,
264 2274 289 2299 et
307 2274 372 2306 quod
389 2282 434 2299 nec
458 2274 548 2299 divites
571 2281 667 2305 semper
686 2273 806 2305 possunt,
831 2273 894 2298 velle
919 2274 947 2298 in

104 2318 220 2343 omnibus
238 2317 369 2343 abundare
387 2325 432 2342 uec
441 2317 582 2348 penuriam
600 2317 665 2341 scire
678 2317 739 2347 pati
752 2315 770 2341 ⁷.

1786 227 1837 255 6⁶21

1066 302 1092 327 4.
1110 303 1306 328 Familiaritates
1325 304 1464 335 superfluas
1488 305 1595 336 fugiant.
1619 314 1631 327 <‹
1644 305 1716 334 Esto,
1737 305 1772 329 ait
1791 305 1842 336 qui-

997 345 1053 370 dam
1067 344 1086 376 8,
1104 346 1199 370 cunctis
1219 346 1353 377 benignus,
1378 348 1469 372 1101111111
1488 347 1608 377 blandus,
1628 349 1713 379 paucis
1739 347 1842 372 familia-

997 388 1046 416 ris,
1066 388 1179 413 omnibus
1197 396 1290 420 aequus
1303 400 1327 415 ».
1347 389 1380 413 Et
1398 390 1503 415 Sanctus
1515 389 1537 414 ⁹:
1562 400 1574 412 «
1587 390 1658 420 Tria,
1679 391 1773 422 inquit,
1798 390 1842 415 Re-

997 431 1112 461 ligiosum
1133 432 1267 462 quemlibet
1294 432 1393 456 decent:
1418 440 1496 463 pauca
1523 433 1603 464 loqui,
1633 441 1724 464 paucos
1752 433 1842 458 habere

998 473 1132 498 familiares
1151 474 1175 498 et
1202 474 1308 499 multum
1334 482 1439 499 orare».
1467 476 1514 500 Ubi
1539 476 1612 500 multi
1632 476 1780 504 familiares,
1809 476 1843 500 ibi

998 516 1091 541 multae
1109 517 1244 541 locutiones
1269 518 1293 541 ct
1313 518 1378 542 sibili
1405 519 1552 549 singulares.
1581 519 1605 543 Si
1633 519 1779 543 familiarem
1803 519 1843 543 ad-

998 558 1090 588 mittis,
1110 560 1143 583 sit
1161 567 1232 591 quem
1252 561 1333 589 aetas,
1353 569 1446 591 mores,
1467 561 1580 586 discretio
1600 562 1624 586 et
1646 562 1764 587 honestas
1783 563 1844 586 insi-

998 602 1070 633 gniat
1088 602 1113 626 et
1131 603 1292 627 commendet.
1317 604 1487 629 Familiaritas
1506 605 1527 628 si
1552 604 1627 629 fuerit
1646 604 1774 633 ordinata,
1793 612 1843 629 11011

999 645 1046 668 erit
1065 644 1170 673 blanda,
1190 645 1316 675 improba,
1343 647 1454 677 puerilis.
1474 647 1520 671 Est
1543 647 1653 671 modesta
1672 647 1791 678 quaedam
1817 648 1843 672 iu

999 687 1086 712 sancta
1107 687 1275 712 familiaritate
1304 689 1437 718 severitas,
1466 690 1504 714 est
1529 690 1554 714 et
1571 690 1681 714 iustitiae
1707 690 1841 719 rectitudo,

999 730 1028 754 ut
1046 730 1190 754 nullatenus
1210 731 1297 755 vitium
1318 731 1444 760 foveatur,
1468 739 1512 756 nec.
1540 739 1584 762 pro
1612 733 1689 757 amico
1718 732 1843 763 proximus

999 772 1146 798 offendatur.
1167 773 1244 803 Noli,
1265 775 1301 798 ait
1319 774 1462 805 Sapiens¹⁰,
1478 782 1529 805 pro
1549 775 1629 799 amico
1650 776 1768 799 inimicus
1787 776 1844 806 ficri

994 816 1125 847 proximo.
1144 816 1311 841 Saeoulztrium
1338 818 1440 849 deniquo
1460 818 1619 842 familiaritas
1638 818 1772 843 indiscreta
1797 819 1844 843 Be-

998 859 1080 890 1131081
1093 859 1197 890 quietem
1219 860 1390 890 multIpliciter
1409 860 1539 892 inquietat.
1554 860 1655 885 Nullius
1671 861 1779 891 gratiam
1793 869 1844 885 mu-

999 901 1109 925 nusculis
1125 903 1276 932 comparent.
1290 903 1314 926 Si
1328 903 1386 933 quid
1399 903 1462 927 forte
1476 903 1548 927 alicui
1568 903 1606 928 vel
1626 911 1699 927 cause.
1712 902 1730 915 ¹¹
1752 903 1842 933 exacti,

999 945 1137 968 necessaria
1162 952 1264 975 prorsus
1292 945 1426 976 Religionis
1454 946 1507 977 lege
1537 946 1637 970 licentia
1664 946 1842 977 praetium-uta,

1000 987 1150 1015 obtulerint,
1169 987 1287 1012 honestas
1307 989 1341 1013 rei
1361 989 1385 1013 et
1412 989 1497 1013 vilitas
1516 989 1590 1020 pretii
1614 989 1794 1020 Roligiosorum
1819 989 1844 1014 et

1000 1037 1136 1061 pauperum
1156 1031 1266 1055 exenium
1287 1039 1339 1055 esse
1359 1031 1472 1062 probent.

1071 1073 1094 1097 5.
1114 1073 1171 1097 Non
1202 1073 1360 1104 frequentent
1379 1075 1530 1105 propinquos
1559 1082 1602 1099 1100
1627 1074 1788 1099 exterioribus
1819 1082 1845 1100 se

999 1116 1127 1146 implicent
1145 1117 1223 1145 curis,
1254 1116 1296 1140 sed
1316 1117 1405 1141 salutis
1434 1117 1549 1148 propriae
1576 1124 1709 1146 memores,
1734 1118 1844 1148 agendae

999 1159 1083 1189 potius
1102 1159 1267 1189 poenitentiae
1287 1160 1383 1184 vacent.
1403 1160 1460 1184 Non
1479 1160 1552 1184 cadat
1570 1168 1585 1184 a
1605 1161 1685 1185 mente
1711 1160 1843 1191 professio,

1000 1202 1042 1226 sed
1061 1209 1170 1232 semper,
1197 1202 1228 1226 ad
1247 1203 1305 1233 quid
1331 1203 1457 1232 venerint,
1477 1203 1587 1234 cogitent
1601 1202 1630 1227 ¹².
1653 1204 1762 1228 Pensent
1781 1204 1845 1235 quod

1000 1245 1028 1269 de
1047 1244 1194 1276 quibusdam
1213 1246 1249 1269 ait
1268 1245 1369 1270 sanctus
1383 1246 1530 1277 Gregorius:
1555 1256 1567 1268 «
1580 1246 1670 1278 Saepe,
1686 1247 1774 1278 iuquit,
1788 1254 1846 1271 non-

999 1288 1062 1312 nulli
1081 1288 1182 1319 apertae
1201 1288 1335 1319 pravitatis
1354 1289 1407 1313 vias
1426 1289 1557 1318 deserunt,
1577 1290 1720 1314 sanctitatis
1732 1290 1845 1314 habitum

1000 1331 1115 1360 sumunt3
1136 1338 1251 1362 moxque,
1272 1331 1301 1355 ut
1320 1332 1400 1362 prima
1418 1332 1505 1356 limina
1530 1332 1591 1357 bene
1610 1333 1708 1357 vivendi
1736 1333 1846 1365 contige-

1000 1374 1065 1403 rint,
1085 1373 1169 1402 obliti,
1188 1375 1230 1405 qni
1249 1374 1356 1403 fuerint,
1376 1375 1454 1406 affligi
1477 1375 1525 1399 iam
1551 1382 1594 1406 per
1617 1376 1794 1406 poenitentiam
1817 1376 1846 1400 (10

999 1417 1177 1441 consummatis
1196 1417 1312 1448 nequitiis
1332 1417 1435 1446 nolunt,
1455 1417 1553 1442 laudari
1572 1418 1654 1442 autem
1674 1418 1702 1442 de
1731 1418 1846 1443 inchoata

999 1459 1096 1484 iustitia
1118 1459 1255 1490 appetunt,
1285 1467 1398 1491 praeesse
1417 1460 1505 1485 ceteris
1528 1460 1603 1485 etiam
1631 1461 1773 1486 melioribus
1792 1468 1846 1486 con-

999 1503 1130 1533 cupiscunt
1142 1513 1167 1526 ».
1186 1503 1220 1527 Et
1233 1503 1290 1534 post
1304 1510 1395 1534 pauca:
1420 1513 1432 1525 «
1445 1503 1476 1528 In
1496 1503 1582 1533 rebus,
1601 1503 1648 1533 ait,
1665 1503 1846 1535 multiplicibus

999 1546 1111 1577 occupati
1130 1545 1204 1577 atque
1222 1546 1278 1577 ipsa
1302 1547 1460 1577 occupatione
1483 1546 1590 1576 confusi,
1614 1553 1663 1571 non
1689 1547 1768 1571 solum
1794 1554 1846 1578 per-

1000 1588 1100 1620 petrata
1119 1589 1217 1613 minime
1230 1589 1381 1620 deplorant,
1401 1589 1443 1614 sed
1462 1589 1542 1614 adhuc
1555 1597 1616 1620 quae
1636 1589 1796 1620 deplorentur
1809 1597 1846 1614 ex-

1000 1632 1160 1663 aggerant».
1178 1632 1315 1656 Secundum
1333 1632 1482 1663 Apostolum
1495 1631 1529 1656 ¹³:
1555 1632 1637 1657 Nemo
1655 1633 1772 1657 militans
1790 1633 1845 1658 Deo

999 1675 1116 1705 implicat
1133 1682 1159 1700 se
1180 1675 1289 1706 negotiis
1311 1675 1504 1707 saecularibus,
1522 1676 1551 1700 ui
1575 1676 1598 1700 ei
1614 1675 1736 1706 placcat,
1756 1676 1797 1700 cui
1820 1683 1846 1701 sc

995 1718 1126 1748 probavit.
1145 1717 1181 1742 De
1199 1718 1289 1742 Sancto
1307 1718 1400 1749 legitur
1412 1717 1441 1747 ¹⁴,
1460 1718 1524 1749 quod
1548 1728 1560 1740 «
1573 1718 1667 1749 quanto
1684 1719 1763 1750 magis
1776 1726 1801 1744 se
1815 1719 1846 1743 ab

1000 1760 1116 1784 humanis
1135 1761 1201 1785 curis
1213 1760 1238 1785 et
1257 1760 1385 1791 colloquiis
1398 1761 1585 1792 sequestrabat,
1605 1761 1677 1785 tanto
1694 1761 1731 1785 illi
1744 1761 1847 1786 vicinior

1001 1803 1025 1828 et
1053 1803 1214 1834 propinquior
1242 1803 1309 1828 Deus
1337 1804 1428 1828 erat».
1456 1803 1566 1828 Vitanda
1593 1804 1697 1828 maxime
1725 1804 1846 1836 colloquia

1001 1846 1140 1871 mulierum.
1160 1846 1216 1871 Non
1237 1845 1320 1877 potest
1348 1846 1400 1871 toto
1428 1847 1499 1871 corde
1517 1846 1631 1871 habitare
1659 1854 1713 1872 cum
1741 1847 1846 1872 Domino

1001 1889 1043 1920 qui
1061 1889 1191 1913 mulierum
1210 1889 1348 1913 accessibus
1366 1889 1506 1920 copulatur.

1072 1931 1096 1956 6.
1120 1931 1246 1956 Caritatis
1259 1931 1376 1963 obsequia
1388 1932 1494 1957 libenter
1507 1932 1660 1963 impendant.
1675 1933 1772 1957 Caritas
1786 1940 1845 1958 sem-

1002 1982 1045 2006 per
1064 1975 1160 2000 reddita
1185 1982 1281 2006 semper
1300 1975 1394 1999 detinet
1418 1975 1560 2000 debitorem.
1586 1975 1654 2000 Haec
1676 1976 1759 2000 autem
1787 1982 1847 2007 quo-

1001 2017 1072 2042 modo
1091 2017 1195 2048 negetur
1213 2017 1311 2048 amicis,
1326 2024 1388 2048 quae
1400 2017 1475 2042 etiam
1489 2017 1592 2042 debetur
1604 2018 1709 2042 inimicis
1720 2017 1759 2041 ¹⁵¹?
1777 2017 1847 2042 Post-

1002 2067 1076 2091 quam
1094 2060 1133 2084 vel
1152 2059 1257 2084 orationi
1271 2060 1429 2090 vacaverint,
1442 2060 1481 2084 vel
1500 2060 1532 2084 ad
1551 2060 1660 2084 studium
1677 2067 1703 2085 se
1721 2060 1845 2090 dederint,

1002 2102 1033 2127 ad
1052 2102 1207 2127 serviendum
1227 2102 1359 2127 Fratribus
1372 2102 1492 2134 surgant3
1512 2103 1537 2128 et
1550 2104 1571 2127 si
1589 2110 1686 2128 necesse
1704 2102 1791 2133 fuerit,
1811 2103 1847 2128 of-

1003 2144 1099 2169 ficiales
1117 2152 1183 2169 nunc
1200 2144 1280 2174 hunc,
1299 2152 1365 2169 nunc
1387 2145 1472 2175 illum,
1491 2145 1595 2170 discrete
1620 2145 1704 2170 tamen
1723 2145 1748 2170 et
1773 2145 1848 2177 prout

1002 2187 1154 2219 oportuerit,
1173 2188 1272 2217 iuvent,
1296 2188 1336 2217 ut,
1362 2188 1496 2212 secundum
1520 2188 1682 2219 apostolicam
1710 2188 1847 2213 doctrinam

1002 2230 1027 2255 et
1045 2230 1123 2255 vitam
1137 2229 1167 2260 ¹⁵,
1180 2231 1302 2256 manibus
1315 2231 1366 2255 suis
1381 2231 1528 2256 laborantes
1541 2231 1606 2263 quod
1619 2230 1710 2256 bonum
1725 2231 1776 2261 est,
1790 2232 1848 2257 alio-

1003 2281 1058 2299 rum
1076 2273 1196 2298 Fratrum
1214 2274 1288 2298 etiam
1313 2274 1489 2305 corporaliter,
1509 2274 1529 2298 si
1548 2274 1602 2299 fieri
1627 2274 1723 2305 potest,
1746 2275 1848 2305 partici-

1003 2317 1092 2348 pantes
1110 2316 1251 2346 laboribus,
1270 2317 1295 2341 iu
1309 2317 1422 2341 caritatis
1441 2324 1538 2348 semper
1550 2317 1710 2342 exerceantur
1733 2317 1847 2348 operibus

167 2450 174 2463 ²
192 2450 248 2473 Fide
265 2450 308 2472 AB
325 2453 348 2472 et
364 2449 400 2472 cd.
419 2450 432 2472 2
449 2449 611 2478 supplevimus
627 2455 682 2472 uon.

166 2480 175 2494 ²
193 2482 258 2504 Eccli.
276 2482 318 2509 22,
336 2482 357 2503 3.
375 2484 397 2503 et
413 2481 497 2503 deiude
514 2481 581 2503 Prov.
599 2480 625 2508 4,
647 2481 680 2502 ¹8.

166 2512 176 2525 ¹⁵
194 2513 280 2541 isidor„
298 2514 329 2535 lli.
348 2514 410 2535 Sent.
427 2518 446 2534 c.
468 2513 502 2534 19.
519 2518 543 2534 n.
561 2512 581 2534 1Ι.
598 2524 629 2528 -
647 2512 734 2534 Deinde
751 2512 787 2534 ed.
801 2512 948 2540 2111080111ιί-

106 2547 142 2567 tur
158 2550 219 2573 quoe
236 2544 313 2573 ipsum
330 2545 406 2571 creat,
423 2543 500 2573 reficit
515 2544 536 2566 ει
552 2545 689 2571 conservat,
702 2550 743 2571 pro
759 2543 850 2573 perficit
861 2545 882 2566 et
894 2549 948 2566 coiz-

105 2576 184 2598 εειται
201 2576 217 2597 B
233 2576 288 2603 legit
304 2574 381 2605 reficit
396 2576 417 2597 et
433 2575 590 2598 consummat.

169 2606 178 2618 ⁴
196 2606 315 2634 Bernard„
333 2607 401 2634 Epist.
419 2606 455 2627 87.
474 2612 495 2628 n.
519 2606 551 2627 tt.
568 2617 599 2622 ·—
616 2605 710 2628 interius
730 2612 771 2633 pro
794 2611 822 2628 ac
838 2605 948 2635 imposita

106 2636 151 2666 (ita
167 2637 183 2659 C
193 2638 212 2660 D
222 2638 237 2660 E
249 2641 271 2660 et
282 2637 319 2659 ed.
338 2638 359 2664 1)
371 2637 408 2659 0(1.
426 2638 439 2659 2
451 2636 488 2660 vel
504 2636 612 2666 imposita
621 2655 626 2664 ‚
647 2637 697 2659 Vat.
709 2642 752 2660 *nec
760 2636 876 2666 imposita.
889 2636 947 2659 Sub-

106 2669 158 2692 inde
175 2675 216 2696 pro
229 2668 407 2698 Antiquior-ihus
417 2668 454 2690 ed.
467 2669 480 2690 2
493 2667 661 2695 Primioribns,
673 2674 733 2697 quae
745 2668 813 2690 etiam
826 2668 909 2690 omittit
920 2673 949 2691 ac

105 2705 197 2743 semp?
194 2705 303 2759 ῦΐὲἓὲἷῖι,
313 2700 463 2753 7ξ1111ῗι1111ἔ1101.
481 2736 502 2752 c.
519 2730 556 2752 47,
574 2737 594 2752 n.
612 2730 650 2752 78.
662 2742 691 2746 —
705 2730 815 2757 Superius
834 2730 883 2752 Vat.
895 2736 948 2752 cum

107 2761 144 2784 ed.
162 2762 170 2784 vl
191 2762 275 2784 omittit
291 2761 421 2791 incipiente.

168 2791 178 2805 ⁶
197 2793 316 2820 ilci-nard,
333 2793 433 2815 Tractat.
462 2793 492 2815 de
514 2791 619 2815 moribus
643 2795 665 2814 et
689 2792 764 2814 officio
786 2792 948 2820 episcoporum

108 2823 171 2849 (alias
188 2825 257 2852 Epist.
276 2824 335 2853 te),
352 2830 372 2847 0.
389 2825 412 2846 3.
429 2830 451 2846 n.
472 2824 506 2846 ΙΙ.
522 2836 553 2840 -
571 2823 681 2851 Superius
697 2829 739 2851 pr«)
755 2822 845 2846 iactare
861 2823 949 2850 0(1(1.1,

107 2855 122 2877 2
138 2854 252 2878 iactitare.

169 2885 178 2899 ⁷
196 2887 251 2909 Phil.
270 2886 296 2913 4,
315 2886 354 2908 ⁴2:
382 2886 433 2908 Scio
458 2890 480 2908 et
497 2885 632 2911 abundare,
650 2885 736 2914 ubique
754 2888 776 2908 ct
795 2885 817 2907 iu
841 2885 949 2907 omnibus

108 2916 223 2940 institutus
247 2924 311 2945 snm,
335 2921 355 2939 et
381 2917 500 2940 abundare
525 2919 546 2939 et
572 2916 691 2944 penuriam
717 2917 771 2943 pau.
787 2928 818 2932 —
839 2917 949 2944 Superius

108 2947 160 2970 Vat.
177 2951 198 2970 et
214 2948 252 2971 ed.
271 2949 278 2970 1
301 2949 379 2976 legunt
395 2954 437 2971 nec
454 2947 535 2971 divites
548 2948 663 2977 possunt,
682 2953 773 2976 semper
792 2946 854 2970 velle.

169 2978 179 2992 ¹³
196 2980 281 3002 Auctor
297 2979 347 3002 iibri
366 2979 410 3002 iam
428 2979 514 3008 pluries
530 2979 619 3006 allegati
636 2978 666 3000 dc
683 2979 785 3007 Quatuor
808 2977 948 3005 Virtutibus,

108 3015 130 3032 c.
145 3010 174 3033 de
191 3010 343 3034 Continentia.

1066 2449 1076 2463 ⁹
1092 2449 1166 2472 Codd.
1182 2450 1226 2472 AB
1243 2452 1265 2472 et
1281 2449 1318 2471 ed.
1336 2449 1349 2470 ‘2
1366 2450 1464 2472 sauctus
1480 2448 1627 2472 Bernartius.

1067 2480 1086 2493 ¹⁰
1104 2481 1170 2503 Eccii.
1188 2481 1214 2507 6,
1234 2481 1252 2502 1.

1067 2511 1086 2524 ¹¹
1104 2512 1144 2534 Ed.
1162 2513 1175 2533 2
1192 2517 1257 2534 casu.
1275 2510 1379 2533 Subinde
1396 2517 1438 2538 pro
1456 2516 1557 2540 prorsus
1576 2511 1625 2533 Vnt.
1642 2510 1718 2539 prius.

1067 2542 1086 2555 ²⁴³
1103 2543 1168 2565 Guili.
1186 2542 1258 2565 abbas
1275 2544 1298 2564 S.
1314 2542 1465 2569 Theoderici,
1484 2542 1505 2564 iu
1523 2542 1573 2564 Vita
1592 2542 1614 2563 S.
1632 2542 1753 2570 Bernardi,
1772 2541 1810 2564 lib.
1830 2543 1845 2565 1.

1006 2580 1026 2596 c.
1045 2574 1066 2595 4.
1083 2581 1105 2596 11.
1124 2574 1165 2600 Ἰ19,
1183 2575 1262 2596 refert:
1281 2574 1330 2601 ipsc
1348 2580 1403 2595 xero
1420 2573 1452 2595 nil
1470 2573 1512 2595 tale
1530 2573 1559 2595 (10
1575 2579 1600 2595 se
1617 2573 1739 2595 aestimans
1755 2577 1795 2596 aut
1811 2580 1846 2596 cn-

1005 2605 1091 2633 gitans,
1110 2605 1185 2632 potius
1210 2605 1239 2627 ad
1256 2604 1385 2627 custodiam
1409 2604 1443 2627 sui
1462 2604 1538 2626 cordis
1562 2607 1584 2626 et
1608 2605 1721 2631 propositi
1743 2607 1846 2626 constan-

1005 2636 1072 2664 tiam,
1098 2637 1141 2658 hoc
1165 2642 1257 2664 semper
1284 2636 1304 2658 in
1330 2635 1413 2662 eorde,
1438 2641 1508 2663 saepe
1533 2636 1601 2658 etiam
1627 2635 1649 2657 in
1673 2642 1712 2658 ore
1733 2635 1846 2658 habebat:

1009 2676 1018 2687 α
1032 2667 1158 2693 uei-narde,
1178 2667 1304 2694 uernarde,
1323 2667 1352 2689 ad
1370 2667 1425 2695 quid
1443 2666 1524 2689 venisti
1539 2667 1568 2688 2⁶?
1587 2678 1618 2683 —
1639 2667 1700 2689 Duae
1722 2667 1847 2689 sentcntiae

1004 2698 1245 2752 Gregffl'ithabfflistlu'l
1257 2698 1406 2751 VUL2MZOEL
1423 2704 1442 2720 c.
1461 2698 1497 2720 47,
1515 2704 1538 2720 11.
1553 2697 1592 2719 77.

1112 2729 1174 2751 'nst
1201 2731 1215 2751 i.
1245 2729 1291 2751 ‘im.
1370 2745 1375 2751 .

1020 2790 1051 2813 Η)
1069 2760 1087 2774 ¹⁴
1105 2736 1172 2788 1111οά
1189 2760 1310 2788 Rufinum,
1328 2747 1410 2782 l-listor.
1435 2760 1569 2782 monachor.
1594 2765 1613 2781 c.
1636 2760 1653 2781 l.
1670 2760 1699 2782 ‹lc
1724 2760 1746 2782 S.
1764 2761 1847 2782 loaune

1005 2797 1016 2814 a
1026 2797 1034 2813 J
1053 2795 1095 2813 ate.

1068 2821 1087 2834 ¹⁵
1105 2822 1148 2844 (Ἰν.
1166 2823 1241 2844 Mattu.
1254 2822 1280 2850 5,
1298 2822 1336 2844 41.
1351 2828 1417 2850 seqq.

1068 2853 1087 2866 ¹⁶
1106 2853 1174 2881 Epist.
1191 2854 1206 2876 Ι.
1223 2853 1274 2875 Cor.
1293 2853 1317 2880 ti,
1344 2854 1380 2875 12:
1399 2854 1424 2875 Et
1440 2852 1585 2880 laboramus,
1602 2856 1724 2881 operantes
1741 2853 1847 2876 manibus

1005 2885 1094 2907 nostris.
1112 2884 1154 2907 Cir.
1174 2884 1221 2907 Act.
1234 2884 1278 2912 20,
1297 2884 1335 2911 3'·;
1356 2885 1370 2906 1.
1388 2884 1469 2906 Thess.
1481 2885 1507 2910 2,
1526 2884 1546 2906 9.
1564 2887 1587 2906 et
1600 2884 1622 2906 ll.
1640 2891 1659 2906 c.
1677 2885 1703 2910 3,
1722 2885 1750 2906 8:
1768 2885 1847 2913 Neque

1005 2916 1076 2943 gratis
1094 2922 1176 2944 panem
1203 2915 1395 2938 manducavimus
1419 2915 1449 2938 ab
1466 2915 1555 2944 aliquo,
1572 2915 1612 2937 scd
1636 2915 1657 2937 111
1678 2915 1756 2938 labore
1780 2918 1802 2938 ct
1823 2916 1846 2938 in

1006 2947 1149 2974 fatigatione,
1166 2950 1232 2969 nocte
1248 2949 1271 2969 et
1287 2947 1324 2969 dic
1341 2950 1462 2974 operantes
1479 2950 1522 2968 etc.
1534 2958 1564 2963 —
1576 2947 1687 2974 Superius
1703 2947 1739 2969 ed.
1757 2947 1770 2969 2
1782 2947 1848 2969 omit-

1006 2978 1031 3000 tit
1047 2977 1155 3007 offlciules
1172 2981 1194 3000 et
1216 2978 1312 3000 interius
1328 2977 1445 3000 substituit
1461 2983 1514 3000 cuin
1535 2977 1551 3000 C
1562 2978 1605 3000 DE
1621 2977 1782 3001 exercitentur
1804 2984 1847 3006 pro

1004 3010 1170 3032 exerceantur.

1863 311 1915 333 lietu,
1928 312 1972 330 aile-

1854 337 1917 360 ctuuiu
1929 336 1980 354 abie-

1894 360 1938 378 ctio,

1862 1080 1913 1102 item,
1927 1085 1982 1098 cura-

1867 1109 1907 1121 rum
1920 1104 1971 1122 abie-

1899 1129 1942 1145 0110.

1865 1939 1917 1962 item,
1931 1939 1979 1958 cari—

1905 1965 1940 1982 tas.
