2133 3317
124 921 198 941 Diversi
214 926 254 945 gra-

136 945 171 963 dus
192 945 254 969 perfe-

136 969 204 987 etionis
220 969 254 987 Or-

135 992 208 1011 diuum.

142 1393 204 1416 Quare
221 1392 255 1411 Or-

124 1416 148 1434 do
162 1416 254 1434 Minoi-nm

124 1440 171 1458 nihil
178 1439 214 1458 sibi
222 1445 254 1463 ap-

124 1463 215 1487 propriet.

269 226 327 256 340

592 304 731 340 Qumis-no
752 303 794 332 IV.

487 397 549 426 Cur
571 398 694 426 Fratres
714 397 905 426 mendicent&

350 492 431 526 Item,
454 499 517 520 cum
540 491 660 520 sufficiat
683 491 717 520 ad
746 491 893 528 Religionis
920 491 1117 528 perfectionem

271 540 309 568 nil
330 539 433 568 habere
455 538 600 576 proprium
621 538 647 566 in
671 538 781 575 speciali
803 541 830 567 et
851 538 955 567 habere
970 538 1118 575 possessio-

269 594 318 615 nes
339 594 390 623 pro
411 585 573 614 necessitate
595 585 623 613 in
643 585 800 619 communi,
826 585 899 614 sicut
926 593 1021 614 omnes
1048 585 1118 614 Reli—

269 633 364 670 giones
391 632 571 669 antiquorum
604 632 717 660 Patrum
750 631 886 660 Benedicti
916 635 943 660 et
974 632 1118 669 Augustini

269 682 296 708 et
317 680 451 713 aliorum,
473 678 606 707 videtur2
638 679 825 707 inconsultum
856 682 883 708 et
913 679 1006 716 aliquo
1037 679 1118 707 modo

269 728 377 755 tentare
398 726 504 759 Deum,
526 725 599 762 quod
622 729 715 754 tantus
736 725 811 754 Ordo
836 728 958 762 exponat
986 733 1015 754 se
1042 734 1118 754 men-

269 773 372 802 dicitati
393 772 584 809 quotidianae,
607 773 684 801 velut
705 773 821 801 caelitus
835 776 999 810 exspectans
1014 773 1118 802 victum

269 828 368 854 suum,
391 827 453 848 cum
478 823 569 856 posset
589 820 668 848 aliter
690 820 802 849 habere.

349 867 516 904 Respondeo.
538 867 671 896 Perfectio
691 867 816 897 diversos
836 867 921 896 habet
947 867 1066 904 gradus,
1092 870 1119 897 et

270 914 341 943 alius
361 914 415 942 alio
436 914 581 943 sublimior
602 917 658 949 est,
680 922 730 943 nec
751 915 911 951 perfectioni
934 914 1052 943 aliorum
1067 914 1119 943 Or-

270 962 366 990 dinum
388 961 574 998 praeiudicat,
596 961 663 998 quin
684 962 766 990 altior
793 970 826 990 eo
854 961 941 998 possit
968 961 1085 990 inveniri
1098 962 1117 990 ³.

277 1009 398 1037 Tentare
419 1012 517 1036 autem
540 1008 631 1036 Deum
653 1016 707 1037 non
733 1012 774 1037 est
802 1008 862 1037 eius
889 1008 1119 1045 promissionibus

269 1055 383 1085 credere
404 1058 431 1084 et
452 1055 512 1084 eius
533 1055 654 1084 consiliis
674 1055 787 1084 obedire
807 1058 835 1084 et
855 1055 915 1084 eius
930 1056 1044 1092 vestigia
1058 1056 1119 1084 imi-

270 1103 339 1137 tari;
355 1102 481 1130 Matthaei
497 1102 604 1131 decimo
618 1110 690 1130 nono
701 1103 728 1130 4:
746 1104 838 1131 Amen
852 1102 916 1130 dico
930 1102 1027 1136 vobis,
1043 1103 1120 1141 quod

270 1157 337 1183 vos,
359 1149 411 1187 qui
431 1149 590 1187 reliquistis
611 1149 711 1177 omnia
732 1152 757 1177 et
776 1149 868 1177 secuti
885 1150 952 1177 estis
967 1158 1027 1183 me,
1042 1150 1120 1177 secle-

271 1196 338 1225 bitis
365 1204 455 1232 super·
485 1196 565 1224 sedes
585 1198 638 1225 etc.
659 1196 794 1225 Dominus
821 1199 913 1225 antem
942 1196 1022 1225 istam
1053 1204 1120 1233 pau-

270 1246 405 1280 pertatem
427 1243 522 1271 docuit
542 1246 569 1272 et
590 1243 694 1276 tenuit.
709 1246 741 1271 ut
755 1243 793 1271 nil
808 1244 988 1280 possessionis
1003 1244 1030 1271 in
1045 1247 1121 1272 terra

271 1290 401 1324 haberet,
424 1290 551 1318 Matthaei
567 1293 664 1319 octavo
675 1290 702 1318 ⁵:
728 1290 830 1327 Vulpes
844 1289 944 1327 foveas
959 1289 1081 1324 habent,
1097 1293 1122 1318 et

269 1337 401 1365 volucres
422 1337 495 1365 caeli
516 1336 616 1371 nidos,
633 1337 729 1365 Filius
743 1341 841 1365 autent
857 1336 982 1365 hominis
996 1345 1054 1365 non
1070 1336 1121 1365 lut—

272 1383 323 1417 bet,
336 1383 387 1412 ubi
400 1388 490 1421 eaput
505 1384 627 1412 reclinet.
641 1401 679 1404 —
690 1384 782 1412 Multis
796 1387 888 1413 antem
901 1384 935 1412 de
946 1384 1036 1412 causis
1047 1383 1122 1412 Ordo

270 1434 364 1459 noster
379 1431 417 1459 nil
434 1431 576 1468 proprium
592 1431 713 1468 possidet
727 1431 754 1459 in
770 1431 822 1459 hoc
836 1431 953 1459 mundo:
966 1434 996 1459 ut
1009 1431 1123 1468 vestigia

270 1478 371 1506 Christi
384 1478 533 1514 perfectius
548 1478 702 1507 imitemur:
716 1478 749 1507 St
760 1478 803 1507 vis
812 1477 958 1515 perfectus
969 1487 1037 1512 esse,
1051 1478 1123 1506 vacle

270 1528 295 1554 et
308 1525 396 1554 vende
411 1525 511 1554 onmia
523 1526 533 1542 ⁶
549 1529 617 1560 etc,
633 1529 665 1554 ut
680 1526 793 1562 laqueos
808 1526 939 1554 avaritiae
955 1526 1061 1555 facilius
1075 1526 1122 1554 de-

270 1572 420 1607 clinemus,
442 1573 587 1609 Apostolus
599 1573 625 1601 ⁷:
649 1573 708 1608 Qui
727 1573 828 1601 uolunt
848 1573 951 1601 divites
969 1573 1036 1609 fieri
1050 1573 1122 1601 inci-

271 1620 345 1648 ctunt
365 1623 432 1653 etc.;
455 1622 487 1648 ut
508 1620 604 1656 culpas
620 1620 821 1656 superfluitatis
836 1620 945 1656 plenius
960 1621 1120 1657 expiemus:

274 1667 393 1695 Omnem
414 1666 612 1695 substantiam
633 1667 738 1695 (lomus
758 1675 831 1695 sztcte
852 1667 964 1701 tradem·
985 1670 1017 1695 ut
1045 1668 1123 1695 altio-

271 1714 310 1743 ris
331 1714 422 1743 meriti
444 1714 560 1751 gloriam
583 1722 787 1751 consequamur
809 1722 858 1751 per
884 1715 975 1743 varias
1005 1715 1123 1743 virtutes

272 1761 457 1798 paupertatis,
482 1762 609 1790 Matthaei
632 1762 767 1798 quinto-⁹³:
793 1762 875 1790 Beati
892 1770 1039 1798 pauperes
1063 1762 1123 1798 spi-

272 1809 351 1842 ritu,·
372 1811 404 1837 ut
425 1809 569 1837 liberiores
590 1809 677 1837 simus
692 1812 783 1838 mente
805 1808 839 1837 ad
858 1809 1011 1846 spiritualia
1032 1809 1123 1838 studia

272 1856 420 1889 orationis,
442 1855 696 1892 contemplationis,
712 1855 852 1884 lectionis:
870 1855 962 1884 Nolite
974 1856 1123 1893 possidere

273 1911 385 1931 aurum
406 1905 473 1937 etc.;
496 1906 527 1931 ut
549 1902 761 1939 praedicationis
783 1902 875 1931 studio
903 1903 1061 1939 expeditius
1082 1903 1123 1931 in-

273 1950 434 1984 tendamus;
456 1952 487 1978 nt
510 1950 627 1979 verbum
650 1950 698 1978 Dei
731 1950 823 1978 minus
856 1950 962 1986 trepide
994 1950 1123 1978 omnibus

273 2005 476 2033 proponamus3
499 2000 530 2025 ut
549 1997 637 2034 magis
658 1997 796 2025 confidere
817 2005 914 2025 omnes
936 1997 962 2025 in
982 2005 1045 2025 eum
1062 2004 1123 2033 spe—

273 2046 366 2072 rantes
387 2044 550 2077 doceamus;
572 2047 604 2072 ut
624 2044 766 2072 occasione
786 2044 919 2080 petendae
933 2044 1123 2080 eleemosynae

273 2090 307 2118 ad
328 2090 447 2118 alierum
469 2091 685 2119 aedificationem
710 2090 885 2127 frequentius
913 2098 1062 2123 exeamus;
1092 2093 1124 2119 ut

273 2137 319 2173 qui
342 2137 421 2165 nobis
443 2137 612 2166 subveniunt
634 2138 659 2165 in
682 2137 883 2173 temporalibus
897 2137 1053 2165 fiducialius
1068 2137 1123 2173 spi-

274 2183 385 2211 ritualia
407 2183 567 2220 requirant;
588 2187 619 2212 ut
641 2184 728 2220 magis
759 2184 831 2212 cauti
865 2184 952 2212 simus
982 2184 1017 2211 ab
1048 2183 1122 2211 omni

273 2230 416 2265 scandalo,
439 2239 495 2267 quo
516 2231 604 2267 magis
625 2231 755 2259 timemus
776 2230 803 2258 in
826 2230 1026 2267 temporalibus
1041 2230 1122 2266 depe-

273 2277 345 2311 rire;
368 2280 399 2305 ut
420 2280 495 2306 tanto
517 2278 680 2306 humiliores
701 2278 802 2311 simus,
825 2280 929 2314 quanto
951 2277 1037 2314 magis
1057 2277 1122 2305 sub-

273 2324 341 2353 sidio
362 2325 480 2353 aliorum
502 2325 666 2362 indigemus.
689 2325 721 2353 Et
741 2325 807 2361 quia
825 2324 980 2361 spiritualia
995 2324 1123 2353 fidelibus

637 225 833 255 OPUSCULUM
854 225 918 254 XIII.
941 224 1250 254 DETERMINATIONES
1270 225 1512 262 QUAESTIONUM.
1530 202 1614 254 I’ARS
1636 225 1653 254 I.

1174 303 1358 339 seminamus,
1380 312 1435 332 non
1455 308 1512 332 tam
1533 311 1570 333 ex
1590 304 1679 341 gratia
1699 304 1734 333 ab
1755 304 1794 333 eis
1815 304 1935 333 carnalia
1955 305 2020 334 sub-

1175 350 1243 379 sidia
1263 354 1474 387 exspectamus,
1495 351 1584 380 Lucae
1605 351 1749 379 decimo-⁰²:
1773 351 1887 389 Diqnus
1905 355 1945 380 est
1958 360 2020 390 ope-

1174 397 1280 426 rarius
1300 398 1428 426 mercede
1457 406 1532 432 sua,
1561 401 1588 426 et
1615 398 1813 435 Hieronymus:
1847 399 2021 429 «Redituum

1176 445 1375 481 possessionem
1408 445 1488 473 nobis
1518 445 1664 481 providere
1692 453 1745 473 non
1774 448 1898 482 oportet,
1920 447 1967 475 sed
1988 447 2022 476 ad

1174 499 1298 520 mensam
1321 491 1428 520 Domini
1450 494 1581 528 tanquam
1603 491 1697 520 fideles
1717 495 1911 529 cooperatores
1925 501 2022 523 occur-

1175 546 1312 567 ramus».

1504 632 1642 668 Quans'rlo
1662 633 1694 661 V.

1196 726 1258 755 Cur
1279 726 1402 755 Fratres
1422 725 1605 764 frequentius
1624 731 1766 755 maneant
1785 727 1817 756 in
1837 727 2004 757 civitatibus

1497 776 1522 802 et
1543 773 1658 810 oppidis
1671 774 1701 801 ¹⁰.

1257 867 1323 896 Item
1345 875 1465 904 quaero:
1488 875 1552 896 cum
1573 867 1700 904 Religiosi
1721 876 1737 896 a
1757 868 1881 897 tumultu
1902 870 2024 899 saecula-

1176 914 1251 943 rium
1271 914 1445 951 frequentius
1458 915 1479 931 1¹
1502 922 1561 943 sese
1582 922 1712 951 separare
1726 915 1884 944 studuerint
1899 919 1925 945 et
1939 917 1966 945 in
1981 925 2024 946 so-

1179 960 1343 990 litudinibus
1364 961 1505 996 habitare,
1527 961 1593 998 quid
1615 964 1672 995 est,
1694 961 1769 999 quod
1791 970 1838 991 vos
1851 963 2025 1000 frequentius

1177 1007 1204 1036 in
1229 1008 1387 1036 civitatibus
1409 1011 1435 1037 et
1456 1008 1564 1045 oppidis
1583 1016 1696 1037 manere
1718 1009 1826 1044 soletis,
1847 1010 1925 1047 quasi
1947 1011 2025 1040 volu-

1177 1055 1305 1092 ptuosius
1325 1055 1362 1084 ibi
1385 1055 1529 1092 pascendi,
1551 1058 1578 1084 et
1598 1055 1750 1092 inquietius
1771 1059 1798 1085 et
1813 1056 1968 1087 indevotius
1988 1058 2025 1087 ihi

1176 1102 1297 1130 vivatis?

1257 1149 1423 1186 Respondeo.
1446 1150 1514 1178 Tres
1535 1152 1600 1178 sunt
1631 1158 1730 1179 causae
1762 1150 1942 1188 praecipuae,
1974 1160 2025 1188 pro

1178 1196 1281 1233 quibus
1302 1197 1374 1224 inter
1396 1196 1522 1225 homines
1542 1197 1645 1225 morari
1667 1197 1803 1226 solemus:
1829 1206 1885 1226 una
1912 1201 2026 1235 propter

1178 1251 1275 1272 eorum
1298 1242 1546 1279 aedificationem,
1578 1246 1610 1271 ut
1640 1245 1795 1281 promptius
1822 1245 1861 1273 eis
1888 1245 2025 1280 adsimus,

1178 1290 1290 1327 quaudo
1319 1290 1468 1326 requirunt
1489 1298 1505 1318 a
1526 1290 1605 1318 nobis
1632 1291 1844 1327 poenitentiam,
1872 1292 2027 1322 doctrinam

1179 1340 1206 1365 et
1227 1336 1325 1365 salutis
1346 1336 1505 1371 consilium,
1526 1340 1554 1365 et
1574 1337 1685 1366 videant
1706 1337 1732 1366 in
1755 1338 1833 1367 nobis
1854 1339 1942 1368 bonae
1963 1347 2028 1368 con-

1180 1384 1345 1412 versationis
1361 1384 1531 1420 exemplum.
1547 1384 1572 1412 Si
1588 1384 1661 1413 enim
1678 1385 1776 1414 remoti
1791 1393 1915 1415 essemus
1929 1386 1964 1415 ab
1978 1387 2026 1421 eis,

1179 1439 1230 1460 nec
1246 1431 1295 1468 ipsi
1312 1435 1424 1468 possent
1444 1432 1477 1460 ad
1496 1440 1562 1466 nos,
1577 1432 1688 1469 quando
1703 1433 1869 1470 indigerent,
1885 1434 2027 1463 commode

1180 1478 1326 1513 accedere,
1348 1481 1375 1506 et
1397 1478 1508 1507 difficile
1529 1483 1616 1513 esset,
1639 1487 1688 1508 nos
1710 1480 1790 1509 toties
1804 1481 1913 1515 vocari,
1928 1484 1955 1510 et
1970 1489 2027 1510 ma-

1180 1525 1221 1553 ior
1243 1528 1315 1553 esset
1336 1525 1415 1553 nobis
1437 1525 1601 1562 inquietudo
1615 1526 1745 1555 continue
1759 1534 1876 1556 currere
1890 1530 1917 1556 et
1931 1535 2027 1556 recur-

1180 1580 1244 1601 rere
1266 1580 1349 1609 quam
1371 1573 1443 1601 inter
1458 1581 1504 1601 eos
1520 1581 1647 1607 manere,
1663 1576 1689 1602 et
1704 1574 1868 1611 priusquam
1881 1575 1904 1591 ¹2
1920 1575 2028 1604 venire—

1180 1627 1259 1653 mus,
1289 1619 1396 1648 affectio
1417 1623 1444 1648 et
1465 1620 1641 1657 compunctio
1661 1621 1865 1658 requirentium
1886 1623 2028 1659 poeniten-

1182 1667 1247 1695 tiam
1270 1675 1352 1703 saepe
1374 1667 1514 1704 tepuisset.

1262 1714 1388 1743 Secunda
1409 1722 1492 1743 causa
1512 1718 1554 1743 est
1574 1718 1688 1751 propter
1709 1715 1901 1753 indigentiam
1915 1717 2028 1746 victua-

1182 1760 1269 1794 lium,
1291 1761 1357 1797 quia
1372 1761 1399 1788 in
1416 1761 1482 1789 locis
1500 1761 1616 1790 desertis
1634 1770 1688 1790 non
1704 1761 1905 1797 inveniremus,
1921 1764 2029 1800 quoties

1182 1807 1268 1844 pr01³
1295 1808 1557 1844 supervenientibus
1578 1809 1620 1837 vel
1642 1809 1827 1838 residentibus
1848 1810 1891 1838 vel
1911 1811 2030 1840 infirmis

1184 1855 1386 1892 indigeremus,
1402 1855 1450 1891 qui
1465 1854 1544 1884 nobis
1563 1856 1718 1884 necessaria
1739 1856 1810 1885 vitae
1824 1857 2029 1893 ministrarent,

1182 1909 1245 1930 eum
1268 1910 1317 1938 per
1339 1909 1389 1930 nos
1410 1910 1465 1930 non
1480 1902 1641 1931 habeamus.
1658 1903 1788 1932 Extranei
1803 1903 1900 1938 etiam,
1916 1905 1963 1941 qui
1979 1912 2029 1941 pro

1182 1948 1295 1977 consilio
1320 1949 1549 1986 supervenirent,
1565 1957 1628 1978 cum
1644 1950 1734 1978 statim
1750 1958 1803 1979 non
1819 1954 1930 1987 possent
1945 1959 2030 1988 expe-

1180 1995 1233 2024 diri
1258 1999 1285 2024 et
1316 1995 1461 2030 recedere,
1490 1999 1656 2033 cogerentur
1684 1996 1827 2026 nobiscum
1855 1998 2030 2035 frequentius

1182 2043 1332 2080 hospitari,
1354 2043 1428 2080 quod
1455 2043 1548 2071 multis
1569 2043 1602 2072 de
1624 2044 1714 2072 causis
1735 2045 1894 2074 nullatenus
1915 2045 2029 2082 expedi-

1181 2092 1224 2118 ret
1252 2093 1367 2126 propter
1396 2089 1630 2126 inquietudinem,
1656 2090 1840 2127 suspicionem
1861 2094 1888 2120 et
1909 2099 2028 2128 pauper-

1180 2139 1273 2164 tatem.

1259 2183 1352 2211 Tertia
1382 2186 1423 2212 est
1451 2191 1534 2212 causa
1561 2187 1675 2220 propter
1705 2185 1870 2220 tuitionem,
1896 2186 1978 2223 quia,
2005 2186 2027 2215 si

1180 2233 1262 2258 extra
1283 2229 1410 2258 homines
1431 2238 1620 2264 moraremur,
1636 2239 1686 2259 nec
1701 2231 1786 2260 libros
1800 2240 1851 2260 nec
1866 2232 1964 2261 calices
1979 2240 2029 2262 nec

1180 2280 1271 2305 vestes
1292 2284 1341 2305 nec
1356 2277 1410 2304 alia
1425 2277 1580 2305 necessaria
1600 2277 1671 2306 vitae
1684 2278 1707 2294 ¹4
1728 2286 1840 2307 servare
1855 2286 1999 2315 possemus
2012 2287 2029 2308 a

1181 2323 1336 2352 latronibus
1348 2324 1390 2352 vel
1406 2323 1591 2360 praedonibus
1607 2324 1649 2353 vel
1663 2325 1849 2354 servientibus
1863 2326 2026 2362 potentium.

336 2521 344 2534 ¹
364 2523 392 2544 lta
411 2522 492 2550 codd.;
511 2522 574 2544 Vae:
588 2521 637 2545 Cui·
650 2522 748 2544 Fratres
760 2522 865 2545 illinet-es
882 2521 943 2545 nihil
959 2521 1060 2545 habeant
1070 2528 1124 2551 pro-

270 2560 366 2590 prium,
384 2567 426 2584 nec
443 2561 466 2584 in
483 2560 591 2591 speciali,
609 2567 651 2584 nec
668 2561 692 2583 in
709 2561 838 2584 communi.

336 2600 345 2613 ‘-'
363 2601 420 2623 Edd.
437 2600 556 2624 videretur
574 2603 595 2623 et
613 2601 708 2623 interius
725 2602 842 2630 (zi-spectet
858 2607 900 2628 pro
918 2602 1064 2630 empectans.

337 2639 345 2651 ³
363 2639 408 2662 Ct'r.
426 2646 495 2668 supra
514 2640 598 2667 opusc.
617 2640 655 2662 Xl.
673 2640 785 2667 Apologia
804 2646 947 2667 pauperum,
965 2646 984 2662 c.
1002 2640 1023 2662 3.
1041 2646 1063 2661 n.
1084 2640 1121 2662 20.

274 2682 296 2701 et
313 2684 333 2701 c.
352 2679 387 2700 10.
405 2685 428 2700 n.
447 2679 468 2700 8.
486 2679 507 2700 in
526 2679 576 2701 tine.
594 2691 625 2694 ——
642 2679 694 2700 Post
708 2678 861 2708 praeiudicat
876 2679 893 2701 Α
907 2679 923 2700 Β
941 2679 1029 2701 addunt
1047 2679 1123 2701 incon-

275 2724 332 2745 grue
349 2717 426 2740 alteri.

337 2757 346 2769 ⁴
364 2758 428 2779 Vers.
447 2758 484 2779 28.
503 2757 561 2780 Vide
578 2763 648 2785 supra
667 2757 753 2785 Opusc.
778 2758 816 2779 Xl.
841 2758 953 2785 Apologia
979 2763 1123 2785 pauperum,

275 2802 295 2818 c.
317 2797 350 2818 12.
367 2803 388 2818 n.
407 2797 443 2818 22.
461 2803 526 2825 seqq.
544 2809 574 2812 —
592 2797 635 2818 Pro
658 2795 707 2819 etas
730 2795 930 2826 pronn'sstonilms
956 2796 1009 2819 edd.
1036 2795 1125 2819 Christi

274 2835 481 2864 promissionibus.

339 2872 348 2885 ⁵
367 2874 432 2896 Vcrs.
449 2875 491 2902 203
509 2875 549 2896 cfr.
566 2874 621 2896 Luc.
638 2875 665 2901 9,
683 2875 725 2903 58,
743 2880 813 2903 quein
831 2875 848 2896 B
865 2875 955 2902 allegat.

338 2910 347 2923 ⁶
365 2913 440 2934 lllatth.
463 2913 500 2940 19,
518 2914 555 2935 21,

339 2950 347 2963 ⁷
365 2951 433 2979 Epist.
452 2952 466 2974 1.
483 2953 543 2974 Tim.
561 2953 586 2980 6,
605 2953 627 2974 9.
643 2965 674 2969 —
692 2952 795 2975 Subinde
817 2953 929 2981 allegatur
951 2953 1018 2975 Prov.
1037 2954 1062 2980 6,
1080 2953 1123 2975 31ι

276 2990 438 3018 Depreliensus
455 2997 549 3020 quoque
566 2992 647 3014 reddet
664 2993 795 3020 septuplum
814 2995 836 3014 et
852 2998 945 3014 omnem
964 2994 1007 3014 etc.

338 3028 347 3041 ὅ
366 3030 431 3052 vers.
450 3031 470 3052 3.
490 3043 517 3046 —-
535 3031 643 3059 Sequitur
661 3031 737 3053 Matth.
764 3032 802 3060 10,
821 3032 847 3058 9,
870 3031 911 3053 uhi
935 3037 979 3059 pro
1003 3030 1123 3060 possidere

1181 2521 1250 2544 codd.
1264 2522 1379 2550 portare,
1398 2522 1438 2544 cfr.
1456 2521 1510 2543 Luc.
1533 2521 1571 2548 10,
1590 2521 1616 2543 4;
1634 2522 1705 2543 Nolite
1722 2524 1814 2549 portare
1837 2522 1967 2551 saeculum,
1991 2526 2029 2544 ne·

1181 2567 1227 2589 que
1245 2566 1325 2588 peram
1343 2563 1392 2583 etc.'

1245 2598 1254 2611 ⁹
1272 2600 1337 2622 Vers.
1355 2600 1376 2622 7.
1396 2599 1441 2622 Cfr.
1460 2600 1473 2621 Ι.
1491 2599 1542 2622 Cor.
1560 2599 1587 2626 9,
1608 2600 1647 2622 ll:
1666 2600 1687 2621 Si
1705 2606 1747 2622 nos
1763 2599 1831 2622 vobis
1854 2600 1979 2628 spiritualia
1996 2606 2029 2623 se-

1181 2639 1337 2666 minavimus,
1355 2645 1469 2666 magnum
1487 2642 1532 2666 est,
1545 2639 1564 2661 si
1576 2645 1617 2661 nos
1629 2639 1726 2660 carnalia
1738 2641 1814 2661 vestra
1827 2640 1957 2661 metamus?
1969 2639 2029 2662 Vide

1181 2684 1251 2706 supra
1271 2678 1355 2706 Opusc.
1374 2678 1411 2700 Xl.
1430 2678 1542 2706 Apologia
1560 2684 1704 2706 pauperum,
1722 2684 1740 2700 c.
1758 2678 1781 2700 9.
1798 2684 1819 2700 n.
1839 2678 1876 2700 13.
1893 2684 1971 2707 seqq,
1989 2678 2028 2701 ubi

1180 2718 1305 2740 duodecim
1318 2717 1425 2739 utilitates
1443 2717 1585 2745 paupertatis
1596 2718 1730 2739 atteruntur.
1742 2716 1786 2740 Csr.
1799 2718 1821 2739 S.
1835 2717 1930 2745 Tliom.,
1943 2718 2027 2745 Opusc.

1180 2757 1288 2784 superius
1306 2757 1344 2778 eit.
1362 2763 1382 2778 c.
1401 2756 1424 2779 7.
1439 2768 1471 2773 ·—-
1489 2757 1521 2778 De
1537 2757 1648 2779 sententia
1665 2757 1769 2785 litei-on„
1788 2763 1859 2785 quam
1877 2763 1923 2779 nnn
1944 2757 2028 2779 inveni-

1180 2802 1246 2823 mus,
1264 2797 1305 2818 csr.
1321 2802 1391 2824 snpra
1410 2802 1463 2824 pag.
1482 2795 1538 2823 275,
1556 2799 1607 2817 nota
1627 2796 1647 2818 6.
1666 2799 1688 2818 et
1704 2802 1758 2824 pag.
1771 2796 1829 2822 279,
1847 2799 1899 2818 nota
1912 2796 1976 2818 7.—
1989 2796 2028 2818 Su·

1180 2835 1260 2863 perius
1277 2841 1319 2863 pro
1336 2840 1386 2857 non
1405 2836 1454 2857 lam
1477 2834 1516 2863 (ita
1534 2835 1559 2861 B)
1577 2835 1595 2856 Α
1607 2834 1623 2857 C
1640 2840 1687 2857 non
1709 2834 1771 2863 iam,
1789 2835 1842 2857 edd.
1860 2840 1906 2857 non
1925 2836 2026 2858 lantum.

1243 2873 1263 2886 ¹⁰
1281 2874 1342 2896 Van:
1362 2873 1412 2897 Cur
1428 2874 1527 2897 Fratres
1544 2874 1648 2897 Minores
1664 2880 1712 2897 non
1730 2873 1815 2903 clepunt
1833 2873 1855 2896 in
1874 2873 1971 2897 deserto.

1244 2912 1262 2925 ¹²
1280 2913 1336 2935 Edd.
1353 2912 1486 2936 saecularis
1501 2912 1654 2942 frequentiae.

1243 2951 1262 2964 ¹2
1280 2952 1353 2974 Codd.
1370 2952 1387 2974 Α
1398 2952 1414 2974 Β
1431 2953 1566 2981 postquam.
1584 2951 1687 2974 Subinde
1699 2958 1741 2980 pro
1753 2951 1844 2982 affectio
1857 2952 1909 2974 edd.
1921 2951 2027 2981 affectus.

1242 2989 1262 3004 ¹⁸
1280 2992 1310 3013 Ex
1328 2991 1395 3013 codd.
1413 2991 1575 3019 supplevimus
1588 2997 1642 3020 pro.

1242 3029 1262 3042 ¹4
1279 3031 1345 3057 Edd.‚
1363 3029 1534 3058 refragantibus
1551 3031 1627 3058 codd„
1644 3037 1687 3058 pro
1705 3030 1765 3054 vitae
1781 3030 1924 3053 substituunt
1940 3031 1996 3053 tute.

2042 1156 2085 1175 Tres
2093 1162 2111 1176 ca
2117 1163 2133 1178 ιθ.

2044 1724 2110 1743 Secum

2045 2193 2112 2213 Tertia.
2118 2191 2119 2194 ’
