2133 3317
401 257 449 279 ΤΗΙ

151 295 212 317 Multi
229 295 258 317 ad
275 298 361 317 tantam
379 294 549 318 tribulationem
571 294 675 322 veniunt,
692 297 717 317 ut

151 339 163 355 a
180 334 228 356 Deo
245 333 337 361 penitus
353 334 454 356 derelicti
471 339 522 356 esse
536 333 659 356 videantur
671 334 715 356 176

152 373 166 394 2
183 384 214 390 -
230 372 380 395 sustinendae
395 375 450 395 sunt
473 372 584 400 patienter
610 372 654 394 443
677 373 716 395 22.

151 410 195 432 493
213 410 228 433 1)
245 423 276 427 -
292 411 423 439 perducunt
438 410 468 433 ad
493 411 590 438 gloriam
617 410 661 433 443
685 412 714 433 22

149 461 181 466 -
197 450 220 471 ln
233 448 406 472 tribulationum
418 449 548 471 sufferentia
560 449 654 472 viriliter
665 456 716 478 per-

150 488 304 510 severandum
321 491 356 510 est
366 488 472 516 exemplo
483 487 566 510 Christi
579 488 622 511 177
636 489 657 511 3.
670 488 715 511 416

154 526 181 548 12
200 538 229 543 -
247 526 361 549 Meditatio
378 526 434 548 caeli
457 527 524 554 erigit
546 527 569 549 in
591 526 716 550 tribulatio-

149 564 218 587 nibus
235 565 264 587 58
282 565 296 586 8
319 576 352 582 ·-
376 571 422 587 non
440 569 473 587 est
490 566 552 588 aliud
569 566 612 588 nisi
629 567 714 589 aeterni

150 603 228 631 gaudii
245 603 339 625 materia
351 603 405 626 ibid.
416 616 448 621 —
459 604 488 626 ab
500 604 608 627 omnibus
620 605 715 628 abscon-

149 641 240 664 dendae
256 645 309 664 sunt
327 642 371 664 496
388 648 400 665 a

195 912 252 935 Utin
268 924 299 929 —
316 918 383 935 mons
399 912 443 935 563
462 913 476 935 3

195 951 277 974 Unci-10
298 963 330 969 -
354 951 452 980 Spiritus
469 952 491 974 S.
508 951 575 974 docet
592 952 621 974 de
637 952 712 975 omni-

148 989 205 1017 bus,
222 996 282 1018 quae
299 990 422 1017 expediunt
438 990 468 1012 ad
484 990 580 1013 salutem
602 990 643 1012 147
665 992 670 1013 l

195 1028 330 1051 Uncuenruu
355 1041 386 1046 --
409 1028 459 1051 Mali
481 1032 503 1051 et
523 1033 656 1056 peccatores
672 1035 711 1051 un-

147 1067 218 1095 gendi
234 1069 287 1090 sunt
304 1067 411 1090 fomentis
426 1068 618 1094 exhortationum,
632 1074 711 1090 conso-

146 1105 265 1134 lationum,
281 1106 411 1129 orationum
429 1109 451 1128 et
465 1106 646 1134 promissionum
669 1107 712 1129 135

150 1145 177 1167 15
193 1157 224 1162 -
241 1145 301 1173 Quid
318 1145 347 1168 sit
364 1145 422 1168 truhi
439 1145 512 1168 odore
522 1145 654 1168 caelestium
672 1152 711 1168 un-

147 1186 286 1211 guentorum
303 1183 333 1206 55
351 1184 375 1206 -11

193 1223 248 1245 Uaro
265 1234 296 1239 —
312 1222 393 1246 Anima
410 1225 433 1246 et
449 1228 534 1251 corpus
551 1223 634 1246 Christi
652 1224 711 1246 Divi-

147 1261 211 1284 nitati
228 1261 252 1283 in
268 1267 367 1289 persona
378 1262 427 1285 Filii
437 1262 529 1284 counita
541 1266 600 1290 sunt,
612 1265 637 1285 ut
649 1263 710 1286 idem

147 1302 208 1322 esset
224 1300 285 1322 Deus
301 1302 324 1322 et
340 1301 419 1327 homo,
434 1301 498 1323 salva
522 1302 644 1330 utriusque
660 1308 711 1330 pro-

146 1339 243 1366 prietate
259 1342 354 1362 naturae
369 1339 396 1361 71
418 1340 431 1362 3
448 1352 479 1357 -
496 1340 538 1362 Via
555 1340 642 1363 unitiva
660 1347 712 1363 con·

146 1377 204 1400 sistit
220 1377 243 1401 in
260 1378 405 1406 susceptione
422 1379 504 1407 Sponsi
524 1379 552 1401 12
576 1380 584 1401 1
609 1392 637 1396 -
658 1380 711 1402 Gra-

147 1415 192 1438 dus
208 1416 261 1438 viae
278 1417 380 1440 unitivae
398 1417 427 1440 14
445 1418 466 1439 6.
498 1418 523 1440 15
549 1419 561 1439 8
586 1430 617 1435 ——
641 1419 711 1442 Amor

146 1458 180 1477 est
196 1455 232 1478 vis
249 1455 336 1478 unitiva
353 1456 398 1478 252
416 1457 429 1478 2
449 1468 481 1473 -
497 1457 635 1480 sustinentia
653 1464 712 1480 mor-

146 1493 174 1516 tis
191 1497 285 1522 propter
302 1495 413 1517 honorem
432 1495 471 1518 Dei
488 1495 537 1518 unit
553 1496 600 1519 Deo
617 1496 712 1519 immor-

194 1767 242 1790 νη
258 1779 289 1783 -
306 1767 387 1795 triplex
404 1770 481 1791 contra
499 1768 601 1797 ingratos
626 1770 711 1797 proter-

146 1808 183 1828 tur
203 1805 245 1828 123
265 1806 294 1828 10

194 1844 314 1867 Vae-‚aures
323 1857 355 1862 —
367 1846 454 1868 Poenae
470 1848 566 1869 statutae
583 1850 662 1870 contra
673 1853 711 1869 va-

147 1886 227 1911 gantes
243 1883 288 1906 454
305 1883 329 1906 b.
347 1884 392 1906 455
408 1891 421 1906 a

195 1923 316 1946 VALVENSIS
332 1935 363 1939 —
379 1923 491 1946 dioecesis
508 1925 552 1947 562
574 1925 579 1947 l

194 1962 293 1985 Varuns
308 1975 339 1978 —
354 1962 544 1991 Concupiscentia
556 1964 663 1986 vanitatis
677 1967 711 1987 est

147 2001 264 2029 appetitus
281 2001 380 2030 favoris,
397 2002 471 2024 laudis
487 2005 509 2024 et
528 2003 633 2030 honoris,
650 2009 710 2032 quae

146 2042 200 2062 sunt
215 2046 276 2062 vana
293 2043 316 2062 et
331 2040 432 2063 reddunt
448 2041 565 2064 hominem
590 2048 677 2065 vanum
697 2042 709 2065 4

147 2078 170 2101 5.
187 2078 230 2100 iOS
249 2079 262 2101 3
279 2091 310 2096 -
327 2079 419 2107 Triplex
436 2083 471 2102 est
486 2086 564 2102 rerum
581 2081 710 2103 mundana-

146 2123 199 2140 rum
215 2118 306 2140 vanitas
323 2118 351 2140 44
369 2119 390 2140 2.
413 2124 465 2147 sqq.
489 2131 520 2135 —
544 2120 639 2148 quando
664 2126 708 2142 non

146 2157 175 2179 sit
191 2159 313 2184 peccatum
330 2157 426 2180 mortale
444 2157 488 2180 433
500 2157 515 2180 7
526 2171 557 2174 ——
569 2159 709 2181 incentivum

146 2195 253 2218 vanitatis
269 2199 303 2219 est
319 2196 428 2224 superbia
450 2198 475 2219 12
494 2198 506 2219 2
518 2209 549 2214 -
562 2198 625 2220 Vana
638 2198 709 2225 gloria

146 2234 219 2257 oritur
234 2240 261 2257 ex
277 2235 386 2263 superbia
404 2235 449 2258 432
467 2236 488 2258 6.
506 2236 549 2258 439
568 2236 581 2259 4
603 2249 634 2253 -
651 2237 710 2259 Divi-

147 2273 191 2296 tiae
207 2277 260 2296 sunt
275 2274 366 2296 occasio
383 2274 489 2297 vanitatis
506 2275 550 2297 280
568 2276 598 2298 25
616 2288 646 2292 -
657 2276 710 2298 Cre-

145 2315 221 2335 scente
232 2313 344 2340 vanitate,
357 2313 472 2336 humilitas
489 2314 599 2336 minuitur
617 2314 658 2337 401
681 2315 705 2337 11

192 2351 271 2374 Vsum
287 2364 318 2368 —
335 2352 413 2380 templi
430 2353 528 2375 scissum
546 2356 580 2376 est
596 2353 619 2375 in
636 2357 710 2376 morte

144 2389 226 2413 Christi
243 2390 274 2412 79
291 2391 320 2413 29

192 2429 308 2452 Veneriae
330 2441 360 2446 —
382 2430 405 2452 S.
423 2430 558 2453 Franciscus
580 2430 709 2453 ambulavit

144 2474 187 2496 per
202 2468 300 2496 paludes
318 2469 464 2491 Venetiarum
482 2470 527 2491 528
546 2470 559 2491 9

192 2507 263 2530 Vsum
276 2520 306 2524 —
317 2507 489 2530 Absurdissime
500 2508 596 2535 dicitur,
607 2514 648 2531 eos
663 2515 708 2531 non

144 2551 266 2574 peccasse,
282 2546 368 2575 quibus
385 2547 453 2568 venia
470 2547 538 2569 datur
555 2547 600 2569 244
624 2547 653 2569 15
678 2560 709 2564 -

145 2585 178 2607 De
190 2588 282 2612 accepta
296 2585 363 2607 venia
375 2588 467 2613 gratum
479 2591 530 2608 esse
538 2588 630 2614 oportet
639 2586 683 2608 537
693 2586 707 2608 5

192 2624 287 2646 Vennum
304 2636 336 2641 —
351 2624 487 2652 producitur
504 2631 516 2646 a
533 2627 610 2647 mente
633 2625 660 2647 17
680 2625 704 2647 11

144 2675 174 2679 -
191 2665 268 2685 nostra
285 2663 402 2690 nuntiant,
419 2664 477 2692 quid
493 2664 554 2686 intus
574 2666 657 2691 agatur
682 2664 705 2686 in

144 2701 214 2724 corde
231 2701 276 2723 204
294 2702 323 2724 87
339 2714 372 2719 -
389 2701 458 2725 Verbi
475 2703 607 2725 vehiculum
624 2705 659 2725 est
669 2702 709 2725 lin·

145 2746 190 2768 gua
208 2740 238 2762 78
256 2740 284 2762 28
296 2752 327 2758 —
339 2741 372 2763 De
389 2740 467 2763 verbis
484 2740 590 2764 habenda
607 2744 642 2763 est
653 2747 707 2764 cura

144 2779 292 2807 permodica,
308 2780 384 2807 magis
405 2783 482 2802 autem
507 2780 649 2802 discutienda
674 2783 708 2803 est

145 2817 212 2840 verbi
228 2818 338 2841 sententia
355 2818 400 2841 240
418 2819 431 2840 3
448 2830 479 2835 -
496 2818 579 2841 Verbis
599 2819 709 2847 simplici-

145 2855 201 2883 bus,
216 2857 333 2879 consuetis
350 2859 372 2879 et
387 2856 486 2880 rudibus
496 2857 623 2880 declinatur
635 2857 708 2880 curio-

145 2894 216 2917 sitatis
232 2895 328 2922 vitium,
345 2896 436 2918 fovetur
452 2896 546 2919 devotio
563 2899 585 2918 et
602 2896 709 2919 aedifica-

144 2936 181 2956 tur
198 2933 251 2956 fidei
269 2934 342 2961 pietas
358 2934 387 2956 68
405 2935 418 2956 2
436 2947 465 2951 —-
482 2938 558 2957 nostra
576 2938 706 2958 mensurata

144 2978 195 2995 esse
212 2972 297 2995 debent
315 2972 358 2995 443
372 2974 401 2995 22
412 2985 443 2990 -
456 2973 560 3001 virginis,
571 2974 646 3002 qualia
659 2980 709 2996 esse

845 218 945 247 lNDEx
966 218 1214 248 ALPHABETICUS.

796 295 894 318 Tamum
913 308 942 312 —
959 296 1069 319 solvenda
1093 296 1181 319 ratione
1205 296 1311 324 praedio-

749 339 800 356 rum
819 334 865 356 309
884 335 912 357 12

796 372 924 395 Tium-Aris
940 385 971 390 —
988 373 1079 401 insigne
1092 376 1277 401 repraesentatur
1289 374 1311 396 in

749 412 812 433 omni
829 412 921 434 scientia
947 412 960 435 3
982 412 987 434 1
1018 425 1047 428 -
1072 413 1131 435 Lnus
1156 412 1312 435 sanctissimae

749 449 866 472 Trinitatis
883 450 912 472 95
931 450 944 473 4

796 489 908 512 Τηιετιτιᾼ
925 502 955 506 -
972 495 1064 517 semper
1080 496 1173 513 summo
1184 490 1260 512 studio
1272 490 1311 512 de-

748 527 853 555 pellenda
869 530 904 551 est
921 528 966 551 495
983 534 995 551 a
1012 540 1043 546 -
1060 529 1082 551 ln
1101 529 1187 551 tristitia
1205 529 1258 551 latet
1274 529 1311 552 via

748 567 889 589 confusionis
906 566 960 590 ibid.
983 579 1015 584 --
1040 567 1109 590 debet
1125 574 1175 590 esse
1193 568 1213 590 in
1231 568 1313 591 contri·

749 605 810 628 tione
829 606 856 627 16
878 606 904 628 10

797 644 920 667 Tantarum
936 657 968 662 -
985 645 1030 667 560
1048 646 1061 668 2

1006 775 1053 823 U

745 914 782 935 tali
800 913 852 936 ibid.
870 926 901 931 —
917 915 941 937 ln
958 915 1106 938 meditatione
1123 915 1214 938 unionis
1230 916 1270 938 Dei
1287 919 1310 939 et

745 953 834 975 animae
851 956 885 976 est
901 954 953 976 finis
970 954 1045 977 omnis
1062 954 1201 982 cognitionis
1218 958 1240 978 et
1257 961 1309 983 ope-

744 991 838 1014 rationis
854 995 876 1014 et
892 998 947 1014 vera
964 993 1075 1020 sapientia
1091 993 1105 1015 7
1125 994 1152 1015 18

791 1031 873 1054 uix-ms
882 1043 914 1047 —
926 1032 1090 1059 appropriatur
1102 1032 1168 1061 Patri,
1176 1033 1231 1061 quia
1243 1033 1309 1061 origo

748 1069 774 1092 17
797 1070 822 1092 12

791 1109 919 1131 Umvznsuu
943 1121 975 1126 -
999 1109 1061 1132 Deus
1076 1110 1105 1132 ad
1123 1110 1225 1133 universi
1247 1116 1310 1133 com-

745 1147 869 1175 pletionem
886 1147 991 1171 diversas
1002 1148 1119 1172 constituit
1131 1155 1208 1172 rerum
1220 1149 1309 1177 species

744 1185 789 1208 243
807 1186 836 1208 12

791 1225 894 1248 ὈκΒΑΝυε
911 1238 941 1242 -—
965 1226 1033 1254 Apud
1050 1232 1156 1249 eremum
1174 1228 1197 1249 S.
1221 1226 1308 1250 Urbani

745 1264 767 1286 S.
784 1264 918 1287 Franciscus
934 1265 1078 1292 aegritudine
1095 1266 1232 1293 gravissima
1249 1266 1309 1289 labo-

744 1301 810 1325 rabat
826 1303 871 1325 5¹9
890 1303 918 1325 -10

791 1342 908 1365 ΠευκΛιιιιε
936 1355 965 1358 -
992 1342 1106 1366 absolutio
1131 1344 1237 1371 neganda
1262 1347 1308 1371 est,

744 1380 818 1403 donec
835 1381 954 1404 restituant
972 1381 1016 1404 467
1034 1388 1046 1404 a

792 1420 849 1442 Usus
860 1432 890 1436 ——
902 1426 948 1442 non
960 1423 1035 1448 potest
1046 1424 1160 1449 perpetuo
1176 1427 1188 1444 a
1206 1422 1308 1444 dominio

744 1459 847 1486 separari
865 1459 909 1482 312
926 1459 939 1481 7
965 1472 996 1476 -
1017 1460 1058 1482 Per
1077 1461 1206 1483 facultatem
1231 1461 1308 1483 utendi

744 1497 831 1520 habere
847 1497 946 1520 dicimur
966 1504 1047 1526 omne,
1072 1505 1119 1528 quo
1144 1500 1243 1528 utimur,
1268 1500 1308 1522 etsi

1002 1629 1047 1676 V

743 1769 842 1792 debeant
859 1770 898 1792 201
921 1771 949 1793 82
966 1783 998 1787 -
1009 1771 1092 1793 Variae
1109 1772 1202 1799 regulae
1219 1772 1242 1794 in
1259 1778 1308 1794 ver-

744 1807 779 1831 bis
795 1809 923 1832 servandae
941 1809 986 1832 485
1003 1811 1016 1832 2
1034 1822 1064 1827 —
1082 1811 1114 1833 De
1136 1811 1263 1839 frequentia
1285 1814 1307 1834 et

744 1848 853 1875 parcitate
869 1848 995 1871 verborum
1014 1849 1058 1872 204
1076 1850 1104 1871 88
1117 1862 1148 1866 -
1160 1850 1223 1878 Quae
1235 1849 1306 1873 verba

743 1887 867 1909 resecanda
885 1887 931 1909 sint
947 1888 988 1910 201
1010 1889 1047 1910 82.
1066 1889 1110 1911 203
1129 1889 1158 1910 86
1169 1901 1200 1905 -
1212 1889 1307 1911 Studen-

743 1925 800 1948 dum
818 1929 852 1948 est
868 1926 946 1949 verbis
962 1927 1069 1955 caritatis,
1087 1927 1220 1950 humilitatis
1236 1930 1258 1950 et
1270 1934 1307 1956 pa-

743 1964 776 1987 cis
793 1965 837 1986 203
856 1965 884 1987 86
901 1977 932 1982 -
948 1966 1021 1988 otiosa
1038 1969 1060 1988 et
1076 1966 1195 1989 inhonesta
1212 1967 1307 1989 vitanda

743 2006 796 2025 sunt
813 2003 858 2026 485
880 2005 884 2026 l
903 2016 934 2020 —
946 2004 1078 2027 Verborum
1090 2006 1206 2033 prolixitas
1217 2011 1307 2028 eorum-

743 2048 790 2070 que
805 2043 938 2066 occasiones
954 2044 1124 2071 praecidendae
1149 2048 1202 2067 sunt
1225 2045 1269 2067 494
1291 2045 1306 2068 b

744 2092 774 2096 —
790 2083 908 2105 Arctitudo
924 2082 1050 2105 verborum
1069 2084 1167 2111 pertinet
1192 2084 1221 2106 ad
1243 2084 1307 2107 casti-

744 2122 859 2150 gationem
877 2122 980 2149 corporis
998 2122 1042 2144 250
1065 2123 1089 2144 19
1116 2135 1145 2138 -
1171 2123 1203 2145 De
1227 2123 1307 2146 verbis

743 2159 834 2186 otiosis,
858 2159 947 2182 nocivis
971 2162 993 2182 et
1018 2160 1152 2188 periculosis
1177 2160 1234 2183 ratio
1255 2161 1307 2184 red-

743 2198 819 2221 denda
836 2198 859 2221 in
875 2198 914 2220 die
930 2198 1008 2221 iudicii
1026 2199 1070 2221 489
1096 2200 1110 2221 2
1135 2211 1167 2216 —
1191 2200 1235 2228 Qui
1257 2200 1307 2222 vult

743 2238 816 2260 vitare
840 2236 911 2260 verba
937 2238 1019 2260 nociva
1044 2237 1114 2260 debet
1137 2238 1210 2261 vitare
1235 2239 1306 2261 otiosa

743 2275 796 2299 ibid.
813 2288 844 2293 —
860 2276 956 2299 Devotio
973 2277 1073 2299 exterius
1090 2278 1210 2305 componit
1234 2277 1306 2300 verba

746 2315 789 2337 147
808 2316 821 2337 2

789 2366 819 2370 -
837 2353 913 2376 Verba
931 2353 990 2376 vitae
1008 2354 1171 2382 dispensantur
1195 2361 1207 2377 a
1233 2361 1306 2377 sacer-

742 2392 836 2415 dotibus
852 2392 874 2414 in
891 2392 1062 2420 dispensatione
1083 2393 1210 2422 doctrinae,
1233 2394 1306 2417 indul-

742 2431 833 2459 gentiae
850 2434 872 2453 et
887 2431 1038 2454 eucharistIae
1055 2432 1068 2454 6
1090 2432 1115 2454 12
1133 2444 1164 2449 -
1179 2433 1259 2461 Angeli
1275 2434 1305 2456 ci-

742 2469 825 2492 bantur
842 2470 921 2493 Verbo
937 2471 1036 2493 increato
1048 2474 1071 2493 et
1082 2472 1190 2493 mortales
1200 2472 1305 2494 homines

742 2508 821 2531 Verbo
836 2509 954 2532 incarnato
971 2509 992 2531 in
1010 2510 1045 2531 Ss.
1057 2510 1205 2533 Sacramento
1218 2511 1261 2532 103
1275 2511 1303 2533 12

741 2560 772 2564 -
789 2548 889 2570 Pretiosa
905 2552 958 2570 sunt
974 2548 1046 2571 verba
1065 2549 1102 2571 Dei
1121 2549 1160 2571 371
1183 2555 1236 2571 a—
1252 2550 1302 2572 Non

741 2586 826 2609 debent
849 2587 1004 2615 principaliter
1029 2587 1132 2615 impendi
1152 2594 1195 2615 pro
1222 2594 1303 2616 corpo-

741 2626 772 2648 ris
796 2625 904 2648 alImento
929 2625 984 2648 ibid.
1007 2638 1039 2642 —
1061 2626 1156 2654 Magnae
1181 2627 1304 2655 impietatis

741 2667 810 2692 atque
827 2664 938 2692 perfidiae
954 2667 988 2687 est
1013 2665 1085 2687 divini
1103 2665 1168 2688 verbi
1193 2666 1303 2689 ministr1s

740 2703 904 2731 impedimenta
922 2703 1033 2731 praebere
1050 2704 1095 2726 319
1112 2705 1126 2726 9
1143 2716 1174 2721 -—
1186 2705 1304 2727 Praedica-

741 2742 772 2764 tio
789 2741 854 2764 verbi
871 2741 911 2764 Dei
929 2741 1008 2764 brevis
1023 2748 1073 2765 esse
1090 2742 1159 2765 debet
1176 2743 1220 2766 430
1234 2744 1261 2766 12
1275 2756 1303 2760 -

741 2783 860 2802 aeternum
878 2783 912 2802 est
929 2781 951 2802 in
974 2781 1021 2803 Deo
1047 2784 1156 2810 tanquam
1183 2782 1302 2810 proprium

741 2825 854 2847 personae
872 2819 900 2841 17
919 2819 942 2841 11
964 2832 994 2836 —
1011 2819 1115 2843 Christus
1139 2823 1173 2843 est
1198 2820 1302 2843 Verbum

742 2858 867 2880 increatum
884 2861 906 2880 et
923 2858 1064 2881 incarnatum
1090 2859 1136 2881 242
1163 2860 1190 2882 12
1216 2872 1245 2876 -
1270 2860 1304 2882 in-

741 2899 844 2919 creatum
861 2900 895 2920 est
911 2897 1022 2925 sapientia
1039 2901 1062 2920 et
1073 2898 1110 2920 lux
1122 2898 1143 2920 in
1156 2901 1232 2921 mente
1244 2905 1304 2921 snm-

741 2936 774 2958 mi
794 2936 893 2963 artificis,
910 2936 1045 2964 inspiratum
1064 2937 1086 2959 in
1105 2937 1220 2960 mentibus
1236 2943 1304 2965 ange-

741 2974 790 2997 licis
806 2978 874 3003 atque
891 2974 975 3002 beatis,
993 2975 1135 2998 incarnatum
1154 2976 1174 2998 in
1187 2976 1304 2999 mentibus

1853 222 1910 250 747

1603 259 1661 282 ven

1392 298 1475 320 Turum
1493 310 1523 314 —-
1540 298 1563 320 ln
1580 298 1705 326 Evangelio
1731 298 1798 321 unius
1821 299 1911 322 tunicae

1345 336 1438 358 nomine
1454 336 1603 364 designantur
1620 337 1716 360 vestitus
1731 338 1853 360 necessarii
1867 338 1910 360 400

1349 375 1384 397 10.
1401 375 1445 397 404
1463 376 1487 397 21
1505 388 1534 392 -
1546 375 1628 398 Christi
1639 382 1684 398 non
1698 377 1738 399 suit
1749 377 1778 399 de
1790 377 1862 399 serico
1874 377 1910 399 vel

1345 420 1449 441 purpura
1467 414 1512 436 405
1529 414 1559 436 24
1575 427 1606 430 —
1623 414 1704 437 Christi
1721 418 1770 437 erat
1790 415 1819 437 de
1836 415 1910 438 viliori

1345 459 1431 480 genere
1440 453 1538 475 vestium
1549 454 1685 476 Palaestinae
1695 454 1738 476 406
1752 454 1781 476 24
1792 466 1824 471 -
1836 454 1910 477 incon-

1345 491 1417 514 sutilis
1433 491 1516 514 Christi
1533 492 1630 515 indivisa
1648 493 1700 515 data
1717 496 1752 515 est
1768 499 1809 521 per
1823 496 1908 516 sortem

1345 530 1375 552 78
1393 531 1422 552 26

1393 569 1520 592 'sunriruno
1546 582 1576 586 —
1601 570 1741 598 flagitiorum
1766 571 1908 594 recordanda

1345 613 1398 630 cum
1417 608 1506 635 pudore
1525 609 1552 630 12
1571 609 1583 631 2

1393 646 1532 670 Tuscana
1551 660 1580 663 —
1598 648 1638 670 541
1660 649 1673 670 9

1343 923 1389 939 uon
1406 917 1434 939 sit
1451 917 1519 940 nobis
1535 919 1657 946 proprium
1675 920 1720 942 323
1738 920 1767 942 20
1784 932 1815 937 -
1827 926 1906 943 rerum

1343 956 1503 983 temporalium
1520 958 1649 979 necessario
1666 963 1768 980 annexus
1790 962 1824 981 est
1846 959 1907 981 vitae

1343 995 1458 1022 praesenti
1475 995 1520 1017 272
1538 996 1551 1017 3
1568 1008 1599 1011 —-
1616 996 1680 1019 Nulla
1698 1000 1772 1024 potest
1789 1004 1838 1020 esse
1851 1004 1905 1025 pro·

1343 1033 1410 1055 sessio
1431 1033 1524 1056 omnino
1549 1035 1710 1062 temporalium
1734 1042 1811 1058 rerum
1839 1043 1906 1059 usum

1343 1071 1453 1094 abdicans
1470 1073 1515 1095 312
1527 1073 1541 1094 5
1552 1085 1583 1090 -
1594 1074 1745 1102 Evangelicae
1759 1075 1906 1102 perrect10nis

1342 1113 1377 1133 est
1393 1117 1461 1133 usum
1478 1118 1556 1134 rerum
1575 1113 1736 1140 temporalium
1753 1120 1799 1136 non
1811 1115 1906 1137 omnino

1343 1149 1451 1178 reiicere,
1467 1151 1507 1173 sed
1525 1153 1613 1173 arctare
1632 1151 1676 1173 273
1694 1152 1707 1173 3

1389 1189 1519 1212 Usurnucru
1545 1202 1576 1206 —
1600 1196 1678 1213 rerum
1704 1191 1749 1213 vita
1775 1192 1906 1214 mortalium

1342 1233 1421 1250 carere
1438 1230 1513 1255 potest
1530 1229 1574 1250 312
1593 1229 1607 1250 5

1388 1267 1455 1289 Urite
1464 1267 1564 1289 —idem
1574 1270 1608 1290 est
1616 1268 1679 1296 quod
1689 1269 1812 1291 honestum
1821 1270 1866 1291 290
1880 1270 1885 1291 1
1896 1270 1900 1291 Ι

1389 1306 1436 1328 Uva
1454 1318 1485 1322 —
1501 1306 1631 1329 comeditur
1647 1309 1669 1329 et
1686 1306 1772 1330 bibitur
1797 1309 1841 1330 228
1861 1308 1906 1331 174

1341 1356 1372 1361 -
1389 1350 1435 1367 non
1452 1345 1590 1373 colliguntur
1607 1346 1637 1368 de
1653 1347 1726 1374 spinis
1743 1346 1787 1369 419
1805 1348 1834 1369 22

1388 1384 1451 1406 Uxon
1466 1396 1497 1401 —
1514 1385 1646 1413 quomodo,
1663 1386 1745 1408 marito
1769 1386 1865 1408 intrante
1882 1386 1904 1408 in

1342 1422 1497 1451 Religionem,
1514 1427 1598 1446 voveat
1614 1425 1776 1447 continentiam
1794 1426 1838 1447 398
1852 1426 1904 1447 5—

1341 1461 1376 1484 An
1394 1462 1481 1484 uxorati
1498 1462 1583 1485 intrare
1601 1464 1688 1491 possint
1705 1464 1727 1486 in
1744 1464 1854 1486 Ordinem
1866 1464 1905 1486 Mi-

1342 1507 1424 1523 norum
1442 1500 1496 1524 ibid.

1338 1772 1487 1796 rationalibus
1498 1774 1560 1796 carni
1574 1774 1642 1796 unitis
1654 1774 1683 1796 85
1697 1775 1724 1797 46
1736 1787 1767 1792 -
1777 1775 1903 1797 increatum

1339 1814 1374 1834 est
1389 1813 1510 1840 speculum
1527 1813 1676 1836 intellectuale
1692 1817 1714 1836 et
1730 1815 1848 1842 exemplar
1868 1820 1904 1836 ae-

1340 1853 1429 1874 ternum
1448 1852 1516 1874 totius
1534 1852 1653 1875 machinae
1670 1853 1792 1876 mundialis
1809 1853 1854 1875 242
1872 1853 1901 1875 12

1339 1902 1369 1906 --
1386 1891 1428 1913 Per
1445 1890 1548 1913 Verbum
1566 1891 1707 1914 aeternaliter
1725 1892 1811 1914 dictum
1825 1893 1902 1914 omnia

1339 1929 1499 1957 producuntur
1515 1932 1537 1952 et
1553 1936 1594 1958 per
1613 1930 1716 1953 Verbum
1732 1931 1796 1953 carni
1812 1931 1902 1953 unitum

1339 1971 1487 1996 reparantur,
1504 1972 1671 1996 promoventur
1695 1973 1717 1992 et
1739 1970 1847 1992 finiuntur
1872 1969 1902 1992 85

1341 2007 1368 2029 48
1387 2019 1416 2023 —
1433 2007 1575 2030 incarnatum
1594 2008 1614 2030 in
1627 2011 1743 2031 assumtae
1755 2009 1902 2031 humanitatis

1339 2046 1513 2068 conversatione
1535 2047 1651 2074 exemplar
1676 2050 1710 2069 est
1735 2050 1757 2069 et
1781 2048 1901 2075 speculum

1339 2084 1443 2107 omnium
1459 2085 1599 2113 gratiarum,
1610 2086 1721 2108 virtutum
1734 2088 1755 2108 et
1767 2086 1902 2108 meritorum

1340 2123 1385 2146 243
1407 2124 1432 2146 12
1449 2136 1480 2140 -
1497 2124 1640 2147 incarnatum
1657 2127 1691 2147 est
1707 2125 1817 2152 originale
1842 2125 1902 2152 prin-

1338 2162 1426 2190 cipium
1443 2163 1530 2190 gratiae
1547 2162 1602 2186 ibid.
1620 2176 1648 2179 —
1665 2166 1754 2192 septem
1771 2163 1854 2186 Christi
1879 2163 1901 2185 in

1339 2207 1420 2223 cruce:
1437 2201 1539 2229 primum
1558 2202 1602 2224 172
1620 2203 1642 2224 2.
1672 2202 1712 2224 173
1730 2203 1743 2224 3
1769 2214 1799 2218 -
1824 2208 1902 2224 secun-

1338 2240 1395 2262 dum
1414 2240 1457 2262 173
1477 2240 1498 2262 l.
1516 2240 1560 2263 174
1578 2241 1591 2262 2
1608 2253 1639 2257 -
1657 2241 1747 2263 tertium
1769 2241 1810 2263 174
1829 2241 1850 2263 1.
1867 2247 1901 2270 sq.

1338 2291 1369 2296 —
1385 2282 1494 2308 quartum
1522 2279 1565 2302 175
1589 2280 1610 2302 1.
1634 2280 1677 2302 176
1704 2281 1717 2301 2
1741 2292 1772 2296 -
1794 2280 1901 2308 quintum

1339 2318 1383 2340 176
1402 2319 1423 2340 1.
1441 2318 1484 2340 177
1502 2319 1524 2340 2.
1541 2324 1576 2346 sq.
1593 2330 1624 2334 —
1641 2321 1729 2341 sextum
1754 2318 1798 2340 178
1822 2319 1842 2340 1.
1865 2325 1901 2347 sq.

1337 2368 1368 2372 —
1384 2357 1508 2384 septimum
1529 2356 1572 2378 179
1589 2357 1594 2378 1
1612 2368 1639 2373 —
1653 2360 1742 2385 septem
1755 2357 1836 2379 Christi
1848 2361 1901 2380 sunt

1337 2394 1403 2423 quasi
1419 2398 1508 2422 septem
1527 2395 1576 2417 solia
1595 2401 1687 2423 semper
1704 2396 1800 2418 virentia
1822 2396 1862 2418 172
1890 2397 1895 2417 l

1338 2446 1367 2449 —
1383 2434 1416 2456 De
1437 2434 1574 2462 praestantia
1598 2434 1724 2457 verborum
1747 2434 1828 2457 Christi
1856 2436 1899 2457 190

1337 2473 1374 2494 28.
1391 2479 1426 2501 sq.
1443 2484 1474 2489 —-
1490 2472 1664 2495 Commendatio
1677 2473 1801 2496 verborum
1818 2473 1900 2496 Christi

1338 2512 1382 2533 192
1400 2511 1430 2533 50

1383 2550 1530 2573 Vanecuwnus
1547 2563 1576 2566 —
1599 2551 1759 2573 Monasterium
1785 2552 1808 2573 S.
1831 2551 1900 2574 Vere-

1337 2589 1405 2611 cundi
1424 2589 1468 2611 527
1487 2589 1500 2611 6

1385 2627 1482 2650 Venti-As
1499 2640 1527 2643 —
1545 2628 1641 2650 includit
1657 2628 1816 2657 aequalitatem
1834 2629 1859 2651 17
1873 2629 1898 2651 12

1336 2678 1367 2683 -
1383 2667 1546 2694 appropriatur
1563 2667 1631 2694 Filio,
1648 2667 1701 2696 quia
1720 2667 1797 2695 imago
1814 2667 1868 2690 ibid.

1382 2717 1413 2722 —
1430 2705 1451 2727 in
1469 2706 1543 2733 prima
1562 2706 1688 2728 hierarchia
1712 2708 1746 2728 est
1762 2706 1897 2729 advocanda

1337 2750 1378 2772 per
1394 2744 1506 2771 gemitum
1524 2747 1547 2767 et
1563 2745 1703 2773 orationem,
1727 2745 1839 2767 audienda
1857 2751 1899 2773 per

1337 2783 1438 2806 studium
1464 2786 1486 2805 et
1513 2783 1646 2811 lectionem,
1674 2784 1828 2806 annuntianda
1856 2789 1897 2811 per

1336 2822 1467 2850 exemplum
1483 2825 1506 2844 et
1523 2822 1717 2850 praedicationem
1741 2823 1768 2844 18
1791 2822 1816 2844 14
1828 2834 1858 2839 -
1876 2823 1897 2844 in

1336 2860 1437 2883 secunda
1455 2861 1581 2884 hierarchia
1599 2864 1633 2883 est
1650 2861 1755 2884 adeunda
1773 2868 1814 2889 per
1839 2862 1896 2884 resu-

1337 2899 1400 2927 giuin
1426 2903 1448 2922 et
1474 2900 1674 2926 commissionem,
1701 2900 1896 2928 apprehendenda

1337 2944 1378 2966 per
1402 2939 1476 2961 zelum
1501 2941 1524 2961 et
1549 2939 1739 2966 aemulationem,
1761 2939 1895 2961 associanda

1337 2983 1377 3005 per
1388 2977 1422 2999 sui
1435 2980 1593 3006 contemptum
1605 2981 1628 3000 et
1637 2978 1833 3000 mortificationem
1844 2977 1897 3001 ibid.
