2133 3317
143 574 236 594 noriano.

110 1168 115 1171 .
128 1142 240 1170 Humiliatio

110 1172 129 1194 in
143 1172 240 1186 cii-cumei-

110 1196 170 1210 smne.

124 1658 194 1676 Contra
212 1663 242 1676 su-

136 1682 228 1709 perbivnrn.

142 2229 225 2252 Sequere

134 2253 206 2271 stellam
220 2254 239 2270 et

132 2276 238 2299 exemplum

133 2299 237 2323 Magorum.

255 209 293 237 72

254 286 351 323 elegit,
373 284 529 322 panniculis
550 283 669 317 involvi,
691 283 761 311 lacte
779 281 904 318 virgineo
926 281 999 318 pasci
1022 284 1050 311 et
1063 281 1105 310 in-

255 335 296 363 ter
317 332 418 361 bovem,
438 334 465 360 et
486 330 594 359 asinum
625 329 656 359 in.
684 328 829 366 praesepio
861 328 999 357 reclinari.
1028 328 1108 357 Tunc

259 391 273 405 (ι
286 379 385 409 illuxit,
402 378 481 409 nobis
501 377 560 406 dies
580 376 779 413 redemptionis
799 383 900 409 novae,
922 375 1109 412 reparationis

254 427 400 464 antiquae,
422 424 560 454 felicitatis
581 426 729 457 aeternae;
752 426 819 452 tunc
841 430 891 459 per
912 425 1009 451 totum.
1024 430 1108 451 mun.-

254 474 324 503 dum
344 472 471 502 melliflui
490 471 554 500 facti
575 473 645 500 sunt
662 470 729 500 caeli
742 471 752 487 ¹
767 482 794 498 ι).

333 518 545 556 Complectere2
574 518 668 555 itaque
699 525 789 551 nunc,
816 517 907 546 anima
935 525 1016 551 mea,
1041 516 1108 546 divi,-

254 575 321 597 num
343 566 414 595 illud
434 573 582 603 praesepe,
603 567 636 594 ut
657 564 739 601 pueri
756 564 874 601 pedibus
889 564 961 594 labia
976 564 1109 601 tuafigas

255 618 282 643 et
302 614 397 643 oscula
417 613 548 651 gemines.
571 611 676 642 Deinde
697 615 841 648 pastorum
864 611 999 641 excubias
1014 613 1109 641 mente.

255 664 411 698 pertracta,
442 660 609 697 Angelorum
637 658 741 687 mirare
762 661 983 688 concurrentem
999 658 1107 687 exerci-

256 712 332 742 tum,
353 707 462 737 caelesti
485 707 619 736 melodiae
640 709 703 734 tuas
724 705 870 742 interpone
892 708 1001 742 partes,
1023 705 1107 734 corde

255 759 282 784 et
307 762 355 783 ore
383 754 546 783 decantans:
573 753 677 782 Gloria
698 752 730 780 in
758 751 912 781 altissimis
932 752 1008 787 Deo,
1030 755 1056 781 et
1077 752 1108 781 in

255 806 337 831 terra
354 810 418 839 pax
440 800 607 831 hominibus
628 801 719 830 honac
738 800 898 829 voluntatis
909 800 933 828 3.,

373 897 498 926 Fnucrus
519 896 548 925 ΙΙ.
572 896 722 925 ΗωιηιτΑε
744 902 994 924 CONVERSATIONIS„

439 991 521 1020 lesus
532 1013 541 1025 ,
561 988 723 1027 conformis
744 988 891 1018 Patribus
902 989 922 1017 4.

337 1086 362 1115 3.
386 1084 489 1114 Octavo
510 1092 610 1121 nempe
630 1084 674 1113 die
696 1083 907 1113 circumciditur
929 1090 999 1119 puer
1021 1084 1049 1111 et
1062 1090 1111 1111 vo-

259 1135 338 1162 catur
360 1133 452 1166 lesam,
474 1135 521 1166 ut,
554 1131 696 1168 sanguinis
717 1131 765 1160 sui
782 1130 905 1167 pretium
928 1138 979 1167 pro
1000 1133 1027 1158 te
1055 1137 1112 1158 nou

257 1180 370 1210 tardans
391 1178 549 1213 effundere,
573 1181 653 1207 tuum
675 1186 704 1207 se
729 1178 907 1207 verissimum
939 1175 1110 1206 Salvatorem

256 1226 397 1261 ostendat,
419 1226 547 1255 Patribus
568 1225 769 1262 repromissum
790 1227 849 1253 tam
868 1224 954 1253 verbo
976 1232 1059 1261 quam
1075 1223 1112 1252 si-

257 1282 311 1311 guo
338 1274 434 1311 eisque
465 1273 647 1302 assimilatum
670 1280 720 1309 per
741 1272 834 1300 omnia
854 1275 966 1308 praeter
984 1271 1112 1309 ignorau-

257 1321 323 1350 tiam
344 1324 371 1350 et
392 1323 546 1358 peccatum.
579 1320 695 1356 Propter
726 1319 801 1356 quod
832 1322 859 1347 et
891 1318 1111 1347 circumcisionis

257 1368 363 1405 accepit
384 1367 573 1405 signaculum,
596 1367 668 1396 sicut
689 1369 716 1395 et
737 1366 851 1395 veniens
865 1365 996 1402 apparuit
1017 1365 1048 1394 in
1069 1365 1110 1393 si-

258 1414 423 1444 militudine
444 1414 546 1443 carnis
566 1413 694 1451 pcccati,
717 1416 749 1441 ut
767 1413 800 1441 de
811 1416 930 1450 peccato
952 1412 1109 1440 itctiiiizaret

254 1462 430 1500 peccatam⁵
458 1461 594 1498 nobisque
622 1461 702 1489 fieret
729 1460 804 1489 salus
826 1463 853 1488 et
874 1459 1043 1496 sempiterna
1065 1459 1108 1487 iu-

258 1510 346 1543 stitia,
368 1509 403 1538 ab
425 1509 581 1537 humilitate
602 1516 715 1538 sumens
736 1507 863 1542 initium,
885 1515 957 1544 quae
984 1506 1108 1535 omnium

258 1560 299 1586 est
320 1556 400 1585 radix
424 1559 574 1593 custosque
596 1556 741 1584 virtutum.

339 1603 418 1640 Quid
438 1603 531 1641 iqitzir
551 1602 703 1640 superbis,
726 1606 807 1630 terra
829 1605 853 1630 et
875 1601 996 1630 eiizisss?
1018 1602 1111 1638 Agnus

259 1651 407 1685 innocens,
428 1650 480 1689 qui
501 1650 572 1678 toltit
590 1653 712 1687 peccata
733 1649 855 1683 writnclz',
888 1657 946 1678 non
975 1648 1110 1677 abhorret

259 1697 479 1727 circumcisionis
505 1696 681 1730 cauterium;
704 1699 731 1724 et
752 1700 799 1730 tu,
820 1698 949 1732 peccator
970 1703 1035 1724 cum
1057 1694 1110 1728 sis,

259 1753 323 1774 cum
345 1744 502 1782 praetendis
523 1747 550 1773 te
572 1744 693 1777 iustum,
716 1742 871 1771 remedium
893 1742 1001 1779 refugis
1013 1741 1112 1771 salutis

258 1794 402 1826 aeternae,
425 1791 459 1820 ad
480 1799 564 1828 quam
587 1790 733 1827 pervenire
754 1790 916 1819 nullatenus
944 1792 1037 1826 potes,
1059 1788 1111 1818 nisi

259 1839 326 1868 velis
347 1838 479 1875 subsequi
503 1837 637 1867 humilem
659 1837 838 1866 Salvatorem.

467 1933 566 1967 Iesus,
589 1932 685 1970 tlsa‘csis
705 1936 899 1961 monstratas.

339 2029 364 2056 6.
387 2028 454 2056 Nato
475 2027 592 2056 Domino
614 2027 641 2055 in
664 2026 824 2055 Bethlehem
847 2026 944 2060 tudae,
964 2026 1043 2055 stella
1058 2026 1117 2054 Ma·-

259 2075 300 2112 gis
321 2075 348 2104 in
371 2075 477 2104 oriente
498 2074 650 2112 apparuit⁷
671 2077 698 2103 et
720 2081 810 2110 usque
831 2073 865 2102 ad
886 2073 999 2102 domum
1022 2073 1113 2101 humi-

259 2122 292 2151 lis
314 2122 393 2159 Regis
415 2122 527 2159 praevia
547 2121 672 2150 claritate
694 2120 836 2158 perduxit.

339 2170 397 2198 Noli
419 2169 473 2198 iam
495 2173 522 2198 et
544 2172 574 2197 tu
596 2168 630 2197 al)
652 2168 726 2197 illius
747 2167 862 2196 orientis
894 2170 921 2196 et
952 2167 1113 2204 praeeuntis

261 2217 354 2246 stellae
376 2217 515 2245 declinare
536 2216 661 2253 fulgore,
683 2215 750 2252 quin
774 2215 882 2252 potius,
905 2223 1050 2243 sacrorum
1073 2222 1113 2243 re-

261 2272 327 2301 gum
349 2272 440 2293 comes
462 2264 592 2297 esl'ectus,
616 2263 780 2291 ludaeorum
803 2262 975 2299 Scripturam
1003 2261 1113 2290 Christo

261 2311 450 2340 testiinonium
471 2311 664 2348 perhibentem
686 2312 798 2347 accepta
819 2313 846 2338 et
870 2309 1039 2338 fraudulenti
1069 2317 1113 2338 re-

655 204 853 233 OPUSCULUM
874 204 914 232 ΠΙ,
936 203 1065 233 LtGNUM
1082 203 1190 232 VITAE.
1212 203 1259 232 Da
1277 203 1445 232 MYSTERIO
1467 203 1617 232 ORIGINIS.

1162 281 1203 318 gis
1224 281 1331 310 declina
1352 281 1494 310 malitiam.
1517 281 1587 310 Cum
1607 290 1693 316 auro,
1726 282 1811 311 thure
1841 285 1868 311 et
1899 283 2015 319 myrrha

1162 328 1304 357 Christum
1317 336 1409 365 regem
1422 328 1473 357 ut³
1486 336 1584 357 verum
1596 329 1685 357 Deum
1694 332 1721 358 et
1729 329 1869 358 hominem
1881 338 2016 359 venerare

1163 379 1190 404 et
1211 384 1275 404 cum
1297 376 1430 412 primitiis
1448 375 1574 413 gentium
1594 376 1782 405 vocandarum
1803 376 1838 405 ad
1858 376 1940 405 fidem
1962 377 2016 405 hu-

1163 422 1256 451 milem
1278 423 1367 451 Deum
1388 422 1416 451 in
1445 430 1517 451 cuno
1548 422 1683 451 iacentem
1704 423 1805 457 adora,
1827 423 1961 452 confitere
1989 426 2017 452 et

1163 469 1261 503 lauda,
1283 472 1315 498 ut
1330 469 1369 498 sic
1383 469 1411 498 in
1427 469 1539 498 somnis
1557 470 1768 504 commonitus,
1784 478 1819 499 ne
1834 470 2015 499 Herodianam

1164 516 1278 545 secteris
1299 516 1476 553 superbiam,
1499 519 1561 553 post
1581 516 1697 553 vestigia
1719 517 1833 546 humilis
1855 517 1956 546 Christi
1972 526 2016 546 re-

1164 562 1294 592 vertaris
1315 563 1346 591 in
1367 563 1514 600 regionem
1536 567 1627 591 tuam.

1376 657 1476 691 Iesus,
1497 657 1665 686 submissus
1687 657 1805 695 legibus.

1246 752 1272 779 7.
1294 751 1352 780 Non
1374 750 1504 780 suffecit⁰
1527 751 1660 788 magistro
1681 752 1846 781 humilitatis
1867 752 2018 789 perfectae,

1167 806 1231 827 cum
1253 798 1325 827 Patri
1346 806 1396 836 per
1418 798 1510 827 omnia
1530 802 1602 827 esset
1624 799 1763 836 aequalis,
1793 799 1867 836 quod
1895 808 1925 829 se
1953 800 2019 829 sub-

1167 845 1245 874 deret
1266 845 1438 874 humillimae
1453 845 1576 883 Virgini,
1597 845 1650 875 nisi
1665 849 1692 875 et
1706 854 1735 875 se
1750 846 1929 875 submitteret
1943 847 2019 884 Legi,

1167 894 1306 929 quatenus
1327 900 1374 920 eos
1394 891 1448 930 qui
1466 891 1520 920 sub
1542 892 1613 929 Lege
1633 896 1733 927 erant,
1750 892 2020 922 redimerettibera-

1168 942 1265 978 rct'qzte
1294 948 1313 968 a
1333 940 1471 968 servitute
1503 939 1704 977 corruptionis
1725 939 1757 968 iiz
1778 940 1938 969 libertatem
1958 940 2020 977 9ἰο-

1169 986 1233 1015 riae
1252 986 1384 1023 filiorum
1407 986 1466 1015 Dei.
1490 987 1607 1023 Propter
1626 987 1700 1024 quod
1722 990 1750 1016 et
1770 988 1900 1022 Matrem,
1922 995 2021 1025 quarn-

1168 1042 1253 1071 quam
1275 1034 1502 1069 mundissimam,
1525 1035 1613 1072 legem
1634 1035 1836 1071 purificationis
1864 1035 1952 1064 voluit
1972 1035 2021 1064 ob-

1169 1089 1297 1116 servare,
1312 1084 1340 1110 et
1354 1090 1383 1110 se
1398 1081 1488 1118 ipsum
1498 1105 1505 1116 ,
1520 1082 1645 1110 omnium
1661 1082 1889 1119 Redemptorem,
1911 1085 1944 1111 ut
1964 1081 2021 1120 pri-

1168 1128 1339 1165 mogenitum
1362 1128 1475 1162 redimi,
1497 1128 1525 1157 in
1547 1129 1650 1166 templo
1664 1129 1713 1158 Dei
1735 1129 1845 1164 offerri,
1860 1133 1887 1158 et
1902 1129 2020 1158 hostiam

1168 1183 1220 1212 pro
1242 1183 1271 1203 se
1292 1175 1369 1209 dari,
1391 1176 1586 1212 praesentibus
1607 1179 1634 1205 et
1655 1176 1862 1205 exsultantibus
1883 1176 1971 1205 iustis.

1248 1222 1364 1251 Exsulta
1386 1223 1471 1259 igitur
1493 1225 1520 1251 et
1534 1225 1565 1251 tu
1581 1230 1644 1251 cum
1667 1223 1713 1251 illo
1728 1223 1808 1252 beato
1823 1231 1889 1252 sene
1904 1227 1931 1252 et
1946 1224 2022 1252 Anna

1168 1269 1320 1307 longaeva3
1342 1270 1460 1307 procede
1481 1269 1510 1299 in
1531 1278 1680 1299 occursum
1709 1270 1804 1299 Matris
1832 1274 1859 1299 et
1891 1271 2020 1306 Parvuli;

1168 1317 1261 1346 vincat
1282 1317 1479 1346 verecundiam
1499 1325 1593 1352 amor,
1616 1317 1736 1354 depellat
1751 1318 1879 1347 timorem
1894 1318 2019 1347 affectus.

1168 1364 1290 1401 Accipias
1311 1368 1338 1393 et
1360 1367 1392 1393 tu
1412 1364 1545 1393 Infantem
1568 1365 1596 1393 in
1618 1365 1698 1393 ulnas
1720 1367 1783 1394 tuas
1803 1365 1935 1402 dicasque
1957 1374 2021 1395 cum

1168 1419 1270 1448 sponsa
1282 1411 1323 1439 ¹⁰:
1351 1411 1443 1440 Tenui
1462 1420 1528 1439 eam
1549 1420 1600 1440 nce
1621 1412 1778 1440 dimittam.
1801 1412 1935 1449 Tripudia
1956 1420 2021 1441 cum

1168 1459 1215 1487 illo
1236 1459 1409 1488 sanctissimo
1430 1467 1495 1488 sene
1516 1467 1548 1488 ac
1569 1459 1701 1488 concine:
1723 1458 1809 1488 Nanc
1823 1460 1947 1489 dimittis
1960 1469 2022 1489 set·—

1168 1515 1238 1535 vam
1268 1510 1368 1541 titum,
1393 1507 1529 1541 Domine,
1551 1507 1713 1536 secandam
1733 1507 1856 1536 verbum
1878 1511 1961 1536 titum
1991 1507 2027 1536 inf

1166 1561 1248 1590 pace.

1413 1647 1510 1681 Iesus,
1532 1656 1620 1685 reptio
1640 1646 1774 1686 fugatas.

1249 1742 1275 1769 S.
1299 1741 1433 1778 Quoniam
1455 1745 1550 1770 auten]
1568 1741 1754 1771 humilitatem
1770 1742 1920 1779 perfectam
1936 1742 2022 1771 trium

1170 1788 1325 1826 specialiter
1346 1788 1476 1817 adornari
1497 1789 1577 1818 decet
1598 1789 1731 1818 comitatu
1745 1789 1896 1824 virtutum,
1918 1789 2022 1818 scilicet

1169 1836 1356 1873 paupertatis
1387 1836 1414 1864 in
1442 1836 1572 1873 fugiendo
1598 1836 1707 1865 divitias
1728 1840 1760 1865 ut
1780 1836 1903 1866 fomenta
1924 1844 2023 1875 super-

1170 1883 1246 1917 biae,
1263 1883 1424 1920 patientiae
1445 1891 1512 1912 vero
1533 1884 1562 1912 in
1582 1884 1739 1921 aequanimi
1761 1884 1939 1921 perpessione
1959 1892 2023 1913 con-

1170 1933 1308 1967 temptus,
1331 1930 1507 1959 obedientiae
1528 1939 1641 1968 quoque
1655 1931 1681 1959 in
1697 1931 1794 1960 alienis
1808 1932 1930 1968 parendo
1945 1940 2024 1961 man-

1170 1977 1255 2006 datis:
1278 1977 1338 2006 ideo
1369 1977 1463 2006 divina
1489 1977 1712 2014 dispositione11,
1734 1978 1825 2007 altiori
1847 1978 2025 2015 permittente

1171 2025 1300 2059 consilio,
1315 2025 1381 2053 dum
1404 2025 1524 2054 Herodes
1545 2025 1649 2062 impius
1664 2025 1813 2062 parvulum
1830 2034 1922 2063 regem
1939 2034 2024 2063 quae-

1171 2072 1222 2106 rit,
1245 2076 1276 2100 ut
1298 2072 1410 2109 perdat,
1432 2080 1570 2109 supernae
1592 2072 1768 2101 revelationis
1789 2073 1903 2101 oraculo
1924 2073 1952 2102 iu
1974 2074 2024 2102 Ae-

1170 2122 1287 2156 gyptum
1309 2119 1478 2148 transfertur
1500 2122 1532 2148 ut
1552 2120 1718 2156 peregrinus
1733 2123 1759 2149 et
1780 2128 1903 2157 pauper,
1926 2121 2023 2149 simul-

1170 2175 1225 2204 que
1246 2166 1273 2195 in
1296 2167 1449 2195 coaetaneis
1471 2167 1595 2204 parvulis
1617 2167 1704 2204 ipsius
1725 2175 1809 2196 causa
1829 2167 1927 2196 occisis
1952 2168 2028 2197 occi--

1169 2214 1246 2242 ditur
1267 2216 1294 2242 et
1314 2214 1392 2250 quasi
1408 2214 1436 2242 in
1451 2214 1575 2251 quolibet
1591 2214 1756 2243 trucidatur.
1773 2214 1895 2243 Tandem
1917 2215 2023 2244 Herode

1170 2261 1316 2295 defuncto,
1338 2261 1419 2289 iuxta
1439 2260 1564 2289 divinum
1586 2262 1735 2298 imperium
1758 2261 1903 2290 reducitur
1924 2262 1951 2290 in
1968 2265 2024 2291 ter-

1171 2316 1230 2337 ram
1253 2308 1318 2336 luda
1330 2308 1363 2342 ¹²,
1385 2308 1479 2345 ibique
1500 2311 1681 2337 conversatus
1695 2311 1722 2337 et
1740 2316 1867 2337 crescens
1888 2311 1976 2338 aetate
1997 2312 2025 2338 et

327 2470 334 2482 ¹
352 2470 453 2492 Breviar.
466 2470 564 2492 Roman.
576 2469 683 2492 Officium
696 2469 787 2491 Nativit.
798 2468 891 2491 Domini
900 2469 964 2491 Noct.
978 2469 1074 2496 l.Resp.
1085 2469 1114 2497 2.,

263 2510 315 2539 ubi,
333 2511 462 2537 refragante
479 2509 596 2537 originali,
614 2515 656 2537 pro
674 2508 842 2538 redemptionis
864 2515 939 2532 norae
962 2510 1009 2531 sere
1033 2515 1115 2531 omues

263 2549 331 2572 codd.
348 2548 514 2578 redemptionis
532 2550 636 2571 nostrae.
654 2548 700 2571 Csr.
717 2548 776 2575 Leo,
794 2548 867 2570 Serui.
886 2548 910 2570 21
934 2548 965 2577 (2.
983 2548 1005 2570 in
1022 2547 1115 2577 Naum).

326 2587 335 2600 ‘³
353 2589 382 2611 lta
403 2589 448 2610 scre
465 2594 546 2610 omnes
563 2587 645 2614 codd.;
664 2588 715 2610 Vat.
735 2587 907 2617 contemptim-e.

327 2626 335 2640 ³
352 2628 407 2650 Luc.
426 2628 452 2655 2,
475 2627 507 2650 14.
526 2628 569 2650 Pro
587 2626 612 2650 in
628 2626 753 2650 altissimis
778 2627 848 2655 pauci
872 2627 942 2649 codd.
959 2633 1013 2649 cum
1031 2626 1114 2650 ilesali

264 2666 288 2690 in
304 2666 410 2690 excelsis.

326 2706 336 2718 ¹
353 2706 426 2729 Codd.
444 2706 553 2729 ACWZ
571 2708 593 2728 et
614 2707 619 2728 l
642 2706 679 2728 hic
695 2705 781 2728 liabent
798 2706 888 2728 titulum
902 2706 1036 2735 Ieszis,pro
1048 2704 1115 2728 nohis

264 2746 343 2768 natus.
361 2745 417 2767 Dein
435 2745 536 2774 Propter
556 2751 599 2768 nos
625 2744 706 2774 utiquc
730 2744 881 2767 redimendos
903 2744 982 2774 pretio
1004 2743 1116 2767 sacratis-

264 2784 320 2807 simi
338 2783 466 2813 sanqualis
483 2785 504 2807 ct
521 2783 688 2814 informandos
706 2783 814 2813 eoeemplo
836 2784 956 2813 perfectae
973 2783 1115 2806 hzmzitttatis

260 2823 381 2853 part-ulus
398 2824 470 2846 viatus
487 2824 522 2846 est
537 2825 559 2846 et
574 2823 645 2846 (lictus
663 2822 728 2846 nobis
747 2822 805 2852 [lsai.
823 2823 849 2851 9,
868 2822 908 2852 6.].
927 2822 1014 2846 Octauo
1031 2828 1115 2852 nempe

265 2862 326 2891 (Vnt.
345 2861 432 2885 Octavo
450 2863 571 2892 namque).
588 2875 620 2879 --
637 2863 669 2885 De
686 2863 863 2885 circumcisione
880 2863 919 2885 cfr.
937 2862 992 2884 Luc.
1010 2863 1037 2889 2,
1056 2862 1093 2884 21.

328 2900 337 2913 ⁵
354 2902 420 2923 Rom.
438 2902 465 2928 S,
482 2902 511 2928 33
530 2902 580 2924 Vat.
598 2908 651 2924 cum
671 2902 770 2930 Vulgata
788 2905 810 2924 et
826 2901 933 2930 pluribus
959 2901 1028 2924 codd.
1046 2900 1070 2923 in
1086 2900 1115 2924 si-

264 2940 422 2964 militudinem
441 2940 497 2969 (scil.
515 2940 622 2969 mittens,
641 2941 697 2963 dum
716 2941 751 2963 hic
769 2941 853 2968 legitur
872 2941 964 2964 veniens
982 2939 1114 2970 apparuit).

327 2978 337 2992 c,
354 2980 421 3002 Eccli.
440 2980 482 3006 slO,
502 2980 530 3008 ὓς
549 2980 633 3002 deinde
650 2980 773 3007 respicitur
791 2981 850 3002 loan.
873 2980 890 3007 l,
909 2980 946 3002 29.

328 3018 336 3031 ⁷
354 3018 400 3042 Csr.
417 3019 493 3042 Matili.
511 3020 532 3041 2.
550 3025 615 3048 seqq.
628 3032 658 3035 —-
669 3018 743 3042 Codd.
754 3019 772 3041 A
782 3018 798 3042 C
808 3019 864 3041 WZ
882 3021 903 3041 et
916 3020 924 3041 41
941 3020 1115 3047 prosequuntur

1173 2473 1234 2498 (litae
1248 2467 1389 2497 praeclaros
1407 2467 1461 2490 illos
1478 2469 1501 2491 et
1516 2467 1657 2497 tizaqizificos
1674 2466 1739 2491 viros
1756 2473 1843 2497 usque,
1862 2468 1880 2496 Q
1898 2469 1987 2490 tautum
2004 2468 2026 2490 et

1173 2513 1211 2530 eos
1227 2513 1309 2536 usquc.
1329 2507 1380 2529 Vat.
1397 2507 1449 2529 voci
1468 2506 1565 2529 Izzmzilis
1582 2506 1689 2535 praefigit
1706 2506 1784 2535 illius,
1802 2509 1824 2529 et
1841 2506 1926 2529 deinde
1943 2512 2025 2535 perpe-

1172 2553 1223 2568 ram
1241 2546 1311 2568 habet
1327 2545 1435 2576 fnlqores
1452 2552 1494 2574 pro
1511 2545 1614 2576 szthore.
1625 2546 1668 2568 Pro
1680 2552 1808 2569 sacrorum
1820 2552 1906 2575 repam
1918 2546 1934 2568 E
1943 2546 1959 2568 L
1972 2551 2026 2569 saiz-

1173 2587 1267 2609 ctormn
1284 2592 1385 2615 requm;
1403 2586 1504 2615 deniquo
1522 2586 1573 2608 vat.
1592 2588 1645 2613 post
1661 2585 1725 2615 regiis
1743 2585 1807 2608 addit
1824 2584 1931 2608 Hei-odis.

1235 2624 1245 2637 ⁸
1263 2625 1314 2647 Vat.
1331 2631 1384 2647 cum
1402 2624 1519 2647 nonnullis
1543 2624 1612 2647 codd.
1635 2625 1668 2653 et,
1686 2630 1713 2646 ac
1730 2624 1824 2646 inferius
1846 2630 1971 2652 perperam
1994 2623 2027 2647 ml

1172 2664 1244 2695 finem
1260 2670 1303 2692 pro
1321 2663 1353 2687 mt
1368 2663 1446 2694 fidem.
1463 2664 1517 2686 Post
1538 2665 1566 2687 ut
1585 2663 1619 2687 sic
1637 2664 1715 2687 OPcc
1738 2663 1849 2686 adiiciunt
1870 2663 1981 2691 tandeim·
2004 2666 2026 2686 et

1173 2704 1225 2726 Vat.
1242 2703 1352 2733 sequaris
1368 2703 1507 2733 superbiam
1524 2709 1566 2731 pro
1584 2703 1679 2726 secteris
1695 2702 1840 2732 superbiam.

1236 2742 1246 2755 ⁰
1263 2743 1336 2766 Codd.
1354 2743 1397 2766 AC
1408 2744 1462 2765 WZ
1480 2746 1503 2765 et
1525 2743 1529 2765 l
1551 2743 1600 2766 Nec
1616 2742 1709 2772 sufficit.
1725 2755 1758 2758 —-
1774 2742 1818 2765 Csr.
1841 2742 1871 2765 de
1893 2743 2029 2770 praesenta-

1174 2782 1234 2805 tione
1253 2783 1276 2804 in
1294 2783 1380 2810 templo
1399 2783 1452 2805 Luc.
1471 2783 1499 2810 2,
1517 2782 1595 2804 ‘tl-32.
1612 2782 1709 2804 Interius
1725 2781 1880 2810 respiciuntur
1892 2781 1939 2803 Gal.
1959 2781 1985 2808 4,
2003 2780 2025 2803 5.

1173 2824 1195 2844 et
1211 2822 1279 2844 Rom.
1298 2822 1325 2850 8,
1343 2822 1381 2844 21.

1237 2860 1257 2873 ¹⁰
1274 2861 1339 2884 Cant.
1356 2862 1382 2889 3,
1401 2861 1422 2883 4.
1440 2863 1463 2883 et
1479 2861 1539 2883 infra
1557 2862 1610 2883 Luc.
1629 2862 1656 2888 2,
1674 2861 1711 2883 29.
1722 2873 1755 2876 —
1767 2861 1817 2883 Vat.
1834 2866 1905 2888 supra
1922 2861 1975 2888 post
1991 2859 2026 2882 Ιη-

1172 2901 1262 2930 fantem
1279 2901 1343 2923 addit
1361 2901 1440 2923 Iesum
1458 2902 1480 2923 et
1497 2901 1554 2922 insi-a
1572 2902 1625 2928 post
1641 2906 1695 2923 sene
1712 2900 1776 2922 addit
1792 2899 1910 2923 Simeone.

1236 2938 1255 2951 ¹¹
1273 2939 1330 2962 Cod.
1348 2940 1363 2961 1²
1381 2938 1475 2962 (livinae
1491 2938 1651 2967 dispositionis
1672 2938 1761 2962 altiori.
1779 2951 1810 2955 —
1826 2938 1859 2960 De
1877 2938 1932 2965 ruga
1950 2937 1971 2959 in
1985 2936 2025 2959 Ae-

1173 2981 1272 3007 gyptum
1291 2981 1334 3001 etc.
1351 2979 1391 3001 cfr.
1409 2979 1486 3000 Mattli.
1505 2979 1526 3005 2,
1546 2978 1622 3000 '13-23.

1237 3016 1256 3029 ¹²
1274 3017 1348 3040 Codd.
1366 3017 1400 3039 IN
1410 3017 1427 3039 O
1438 3017 1478 3039 ΡΞ
1496 3022 1521 3039 cc
1539 3023 1565 3039 ee
1583 3015 1608 3039 in
1626 3015 1746 3044 Iitclaeam,
1767 3017 1859 3039 terram
1876 3014 1944 3037 luda.

2056 757 2114 776 Purifi·
2119 759 2132 779 io

2036 780 2133 804 Virginisat

2036 809 2113 828 praesen
2119 807 2132 826 io

2036 828 2112 847 Christi.

2038 1226 2117 1246 Ilortatii

2040 1749 2090 1772 Fuga
2098 1749 2116 1768 in
2128 1758 2133 1763 -

2037 1775 2115 1799 gyptum·
2125 1777 2133 1791 ἰ

2057 1801 2115 1815 exerci

2037 1820 2092 1838 trium
2105 1825 2115 1838 v
2125 1828 2133 1834 ==

2075 1845 2117 1862 tum,
