2133 3317
491 207 687 236 OPUSCULUM
709 207 763 235 XV.
786 207 941 237 EPISTOLA
962 209 1005 237 DE
1027 209 1192 238 SANDALIIS
1213 210 1464 240 APOSTOLORUM.
1797 213 1853 242 389

191 287 234 314 10.
256 284 334 321 Quod
361 288 453 313 autem
482 284 590 313 Domini
620 285 687 313 haec
713 285 797 313 verba
824 285 952 314 mandata

5 340 96 369 flavam
112 341 165 362 non
186 334 292 360 tantum
314 331 511 367 spiritualiter,
533 330 580 359 sed
601 331 683 359 etiam
705 331 739 359 ad
758 331 877 360 litteram
893 332 952 360 fue-

0 392 2 396 ·
22 367 96 412 iffi?
111 379 167 409 rint
187 378 346 410 observata,
362 380 436 414 patet
450 384 486 405 ex
500 377 713 406 auctoritatibus
728 377 889 414 praedictis;
906 386 953 415 pa-

111 428 149 455 tet
168 424 249 454 etiam
270 431 307 453 ex
328 423 444 460 picturis
465 426 492 452 et
512 424 660 453 caelaturis
680 425 878 462 antiquissimis
904 426 952 453 lai-

110 479 221 505 corum;
246 473 320 507 patet
347 470 429 499 etiam
450 478 487 499 ex
508 470 574 507 ipsis
602 471 731 500 sandaliis
757 472 951 508 Apostolorum

110 521 137 548 et
156 517 256 547 Christi
284 517 501 553 discipulorum,
527 525 598 554 quae
623 525 713 554 usque
734 518 763 546 in
784 518 950 547 hodiernum

109 565 180 594 diem
200 564 228 592 in
249 563 389 600 plerisque
418 563 483 592 locis
504 564 539 592 ad
568 564 652 593 huius
680 564 804 593 veritatis
831 564 952 601 adstipu-

110 611 238 640 lationem
258 613 284 639 et
305 610 476 639 devotionem
499 610 623 639 fidelium
651 614 846 645 reservantur;
876 614 951 648 patet

108 658 187 688 etiam
209 665 245 686 ex
259 657 353 686 Glossa
368 657 449 686 Marci
465 657 595 694 superius
607 659 616 674 ¹
632 658 762 694 allegata;
779 660 854 694 patet
867 658 950 686 etiam

108 704 206 734 ibidem
227 712 263 733 ex
284 704 338 732 alia
357 703 467 732 Glossa:
494 715 507 728 «τ
522 704 677 732 Matthaeus
697 708 724 733 et
745 705 832 733 Lucas
847 712 950 733 memo-

107 754 183 785 rant,
199 750 344 779 Dominum
359 750 463 779 dixisse
476 750 633 786 discipulis,
650 753 681 779 ut
698 759 748 778 nec
763 751 881 788 vz'ryam
895 750 949 779 fer-

107 800 183 832 rent;
205 797 328 831 Marcus,
344 804 378 825 ne
393 796 460 833 quid
477 796 604 825 tollerent
617 797 679 825 nisi
693 797 809 834 virgam
824 800 948 825 tanturn.

107 844 158 873 Sed
178 843 217 872 illi
238 843 377 880 accipiunt
398 843 515 871 realiter
540 843 661 879 virgam,
690 843 798 872 Marcus
819 851 868 880 per
889 843 950 872 vir-

104 899 174 929 9am
201 893 362 927 potestatem
390 889 540 926 accipiendi
570 890 725 918 necessaria
752 898 768 918 a
789 890 906 918 subditis
921 902 947 918 ».

106 938 175 974 Ergo
197 937 269 965 sicut
289 939 316 965 et
336 936 490 964 Matthaeus
511 939 538 964 et
555 937 641 965 Lucas
656 936 762 973 virgam
779 937 890 966 realiter
904 945 949 965 ac-

106 984 226 1021 cipiunt,
248 983 286 1012 sic
307 986 334 1011 et
354 983 547 1011 calceamenta.
574 994 587 1007 «t
603 983 634 1011 Et
656 983 729 1011 Plato
750 983 853 1018 dicit2,
880 984 949 1012 duas

106 1030 278 1060 summitates
299 1029 424 1066 corporis
445 1037 498 1058 non
515 1037 575 1058 esse
589 1029 733 1064 velandas,
750 1038 840 1067 neque
854 1038 949 1059 assue-

105 1081 160 1107 tam
182 1077 242 1106 fieri
264 1076 404 1105 mollitiem
427 1076 528 1105 debere
555 1076 652 1113 capitis
679 1081 706 1105 et
734 1077 854 1114 pedum;
883 1085 947 1106 cum

105 1124 172 1153 haec
193 1123 342 1152 habuerint
360 1123 535 1157 firmitatem,
554 1126 646 1152 cetera
660 1123 818 1152 robustiora
841 1127 946 1152 sunt».

104 1171 183 1205 Item,
204 1170 335 1207 magister
350 1169 377 1198 in
392 1169 509 1198 Historia
521 1169 544 1203 ³,
566 1170 613 1206 qui
628 1170 694 1199 dicit
708 1170 762 1199 sic:
783 1182 796 1195 α
810 1171 867 1199 Non
884 1179 948 1207 por-

104 1217 196 1247 tabitis
216 1217 399 1246 calceamenta
413 1224 504 1253 neque
519 1217 632 1253 virgam.
650 1217 805 1246 Secundum
824 1218 946 1246 Marcum

103 1263 231 1294 sandaliis
245 1263 288 1292 vel
307 1262 400 1296 soleis,
416 1262 443 1291 id
457 1265 498 1291 est
520 1263 669 1299 peronibus
690 1263 730 1291 uti
752 1263 817 1292 iussi
840 1266 905 1292 sunt
921 1275 947 1292 ι».

104 1312 185 1345 item,
207 1311 285 1339 losue
305 1310 444 1347 quint04:
467 1309 547 1338 Soloe
568 1309 794 1338 calceamentum
816 1314 899 1339 ticam
914 1311 948 1339 cle

101 1357 224 1395 pedibus
245 1357 321 1391 tuis,
343 1357 456 1385 Glossa:
483 1368 496 1382 «
511 1357 540 1384 Hi
563 1360 628 1385 sunt
656 1356 754 1393 pedes,
783 1365 854 1393 quos
882 1357 948 1385 lavit

103 1405 178 1434 Iesus
191 1415 219 1432 n.
241 1404 298 1432 Non
320 1406 412 1432 autem
435 1403 543 1440 ignorat
557 1403 704 1440 prudentia
719 1406 781 1438 tua,
800 1404 947 1432 Dominum

104 1451 192 1480 lesum
206 1459 260 1480 non
276 1454 383 1479 tantum
399 1450 481 1487 pedes
495 1450 687 1487 Apostolorum
704 1450 878 1487 spirituales,
900 1450 947 1479 sed

102 1497 184 1527 etiam
204 1497 362 1534 corporales
382 1497 526 1526 humiliter
546 1497 676 1526 abluisse.

184 1545 228 1573 11.
250 1544 326 1573 Patet
346 1544 429 1573 etiam
451 1547 591 1581 postremo
612 1552 661 1580 per
680 1544 831 1581 gloriosum
846 1544 947 1572 Christi

104 1590 265 1629 signiferum
295 1590 487 1625 Franciscum,
516 1591 583 1628 qui,
612 1591 717 1627 Spiritu
746 1593 840 1619 sancto
868 1598 947 1619 reve-

103 1638 191 1672 lante,
213 1637 294 1666 iuxta
315 1637 461 1667 litteralem
476 1637 646 1666 intellectum
661 1637 793 1674 praedicti
808 1637 947 1674 praecepti

102 1684 233 1714 Ordinem
261 1692 344 1713 suum
373 1687 401 1713 et
428 1684 558 1721 Regulam
580 1684 714 1718 instituit,
742 1683 864 1712 Domino
885 1692 947 1712 coo—

98 1734 219 1769 perante
246 1734 271 1759 et
298 1739 458 1759 sermonem
485 1730 677 1768 confirmante
704 1730 887 1769 sequentihus
908 1730 947 1758 si-

100 1778 206 1816 9nz'35,
228 1780 256 1806 et
276 1777 358 1806 etiam
380 1778 518 1812 servavit;
541 1781 569 1806 et
589 1777 669 1806 iuxta
684 1778 759 1806 hunc
777 1777 946 1806 intellectum

102 1833 151 1862 per
172 1832 201 1853 se
222 1824 255 1853 ad
277 1824 477 1861 providentiam
499 1824 583 1861 signis
604 1824 832 1861 praecedentibus
847 1824 948 1852 confir-

102 1871 250 1901 mationem
273 1871 377 1900 meruit
397 1871 531 1900 obtinere.
547 1887 583 1892 —
599 1871 744 1906 Ceterum,
764 1871 784 1900 si
801 1874 948 1908 praecepta

103 1918 259 1955 evangelica
280 1918 314 1947 de
334 1926 389 1947 non
404 1918 546 1955 portandis
560 1918 752 1947 calceamentis
767 1918 947 1954 spiritualiter

103 1967 210 1994 tantum
223 1964 257 1993 ab
272 1964 406 2002 Apostolis
421 1964 558 1994 intellecta
572 1964 686 1993 fuerunt
700 1967 728 1993 et
742 1967 866 1999 servata,
881 1972 947 2001 ergo

101 2011 170 2040 illud
184 2011 257 2049 quod
273 2011 374 2040 ibidem
386 2011 398 2028 ⁶
413 2011 561 2040 inseritur:
580 2011 682 2040 Gratis
697 2011 862 2048 accepistis,
875 2020 947 2048 gyra-

103 2058 139 2087 tis
159 2058 245 2091 datc;
266 2060 294 2087 et
314 2058 400 2087 illud:
428 2058 565 2095 Infirmos
593 2061 711 2092 curate,
739 2061 871 2086 mortuos
897 2066 947 2086 sa-

103 2105 224 2139 scitate;
244 2108 272 2134 et
292 2105 360 2134 illud
373 2116 379 2133 ι
402 2104 493 2133 Nolite
505 2105 653 2142 possidere
667 2113 780 2133 aarum
794 2113 883 2142 neque
896 2113 946 2132 ar-

102 2155 219 2189 gentam
240 2154 292 2181 etc.
314 2151 393 2188 Quod
414 2159 497 2188 quam
519 2151 706 2188 perniciosum
729 2151 764 2179 sit
784 2154 811 2179 et
831 2158 947 2187 evange-

166 2296 173 2309 ¹
192 2297 258 2319 Num.
277 2297 299 2319 4.
317 2310 346 2313 —
363 2298 442 2320 Glossa
459 2304 508 2326 seq.
533 2300 568 2320 est
592 2297 718 2320 ordinaria
744 2297 881 2325 (secundum
904 2298 947 2319 Au-

104 2338 175 2364 gust.,
193 2336 217 2358 ll.
234 2336 262 2359 dc
281 2336 398 2358 Consensn
424 2336 560 2364 Evangelist.
579 2342 598 2359 c.
616 2337 653 2358 30.
671 2343 693 2358 n.
710 2336 794 2363 711-74,
820 2342 889 2365 quem
912 2342 947 2358 se-

104 2375 181 2404 quitur
198 2375 271 2403 Beda,
289 2375 311 2398 in
329 2376 396 2397 Marc.
416 2376 443 2402 6,
461 2376 482 2397 8.
500 2376 557 2404 seq.)
577 2375 598 2397 in
617 2376 683 2398 Marc.
702 2376 728 2403 6,
746 2376 768 2397 8.
782 2376 803 2397 1η
816 2376 861 2397 fine
873 2378 947 2397 textus

104 2413 219 2442 originalis
235 2414 300 2436 addit
316 2413 431 2443 intelliqil.
448 2414 611 2442 Respiciuntur
636 2414 713 2436 Matth.
738 2414 778 2442 10,
800 2415 836 2436 to.
853 2416 875 2436 et
892 2415 946 2436 Luc.

104 2452 131 2480 9,
148 2453 173 2480 33
192 2454 232 2475 cfr.
250 2459 320 2481 supra
338 2459 391 2481 pag.
410 2453 469 2480 275,
487 2456 539 2475 nota
557 2454 579 2475 9.

165 2490 174 2504 ²
192 2492 325 2514 Secundum
342 2493 447 2514 Glossam
469 2491 619 2514 ordinariam
642 2492 678 2520 (ex
699 2492 802 2520 Hieron.)
825 2492 846 2514 in
870 2492 946 2514 Matth.

105 2531 144 2558 10,
163 2531 199 2552 10.
217 2536 286 2558 supra
305 2536 360 2558 pag.
371 2531 429 2558 307,
442 2533 495 2553 nota
508 2531 529 2553 6.
541 2531 670 2559 allegatam.
681 2531 725 2553 Crr.
737 2537 806 2559 supra
820 2537 873 2559 pag.
888 2531 945 2559 387,

104 2572 156 2592 nota
175 2569 195 2591 8.
213 2569 284 2592 verba
301 2569 424 2592 Clementis
441 2570 592 2592 Alexandrini.

166 2608 175 2620 ³
192 2607 247 2636 Cap.
266 2609 303 2631 50.
321 2608 365 2631 Csr.
383 2614 453 2636 supra
471 2615 525 2637 pag.
542 2609 600 2635 388,
618 2612 671 2631 nota
689 2609 716 2636 2,
733 2608 773 2631 ubi
791 2609 859 2631 etiam
871 2609 900 2631 de
908 2614 946 2638 pe-

104 2646 202 2670 ronibus
220 2647 284 2676 (edd.
302 2653 424 2676 perperam
439 2647 584 2677 petonz'bus).
600 2648 680 2670 Finem
699 2650 774 2670 textus
785 2648 903 2675 originalis
914 2648 947 2669 sic

105 2685 209 2708 exhibet:
227 2687 358 2709 Secundum
377 2687 478 2709 Marcum
496 2686 533 2715 [6,
551 2686 584 2716 9.]
602 2692 658 2709 vero
670 2687 738 2709 soleis
749 2686 784 2709 vel
796 2687 902 2709 sandaliis
914 2686 946 2709 uti

105 2723 160 2746 iussi
176 2727 241 2751 sunt,
260 2725 282 2747 id
300 2728 334 2747 est
350 2725 483 2753 peronibuS.

166 2762 175 2774 ⁴
193 2763 258 2786 Vers.
280 2764 313 2785 16.
332 2776 360 2779 -
378 2764 457 2786 Glossa
483 2767 517 2786 est
540 2763 665 2787 ordinaria
686 2764 721 2792 (cx
739 2764 851 2791 Origene,
869 2764 889 2785 in
907 2763 945 2785 lib.

105 2801 153 2824 lesu
172 2802 235 2824 Nave
252 2803 331 2825 homil.
348 2803 369 2825 6.
387 2809 409 2825 n.
427 2804 474 2832 3.):
492 2803 537 2825 Nos
553 2809 610 2825 vero
634 2803 653 2825 si
676 2803 721 2825 vita
742 2805 764 2824 et
781 2803 868 2825 meritis
884 2808 946 2824 acce-

105 2839 187 2863 damus
204 2841 233 2863 ad
252 2841 325 2864 Deum
344 2845 367 2864 et
382 2842 446 2869 digni
464 2842 602 2869 efficiamur,
628 2844 653 2864 ut
676 2842 767 2864 assistat
791 2841 857 2863 nobis
872 2842 945 2868 Deus,

105 2878 192 2901 dicetur
209 2879 290 2907 nobis,
308 2883 333 2902 ut
349 2881 467 2903 solvamus
483 2887 496 2903 a
513 2880 613 2908 pedibus
629 2881 719 2903 animae
736 2883 836 2907 nostrae,
854 2880 872 2902 si
889 2880 945 2909 quid

105 2916 128 2939 in
145 2917 177 2940 eis
195 2920 231 2940 est
248 2919 350 2941 mortalis
367 2919 460 2941 vinculi.
478 2919 505 2941 lli
523 2922 575 2941 sunt
592 2919 652 2941 enim
670 2919 755 2947 pedeS,
773 2925 832 2947 quos
848 2919 903 2941 lavit
920 2920 949 2941 le-

105 2961 156 2982 sus,
174 2962 234 2984 quos
251 2957 294 2979 nisi
311 2957 404 2983 laverit,
421 2963 468 2979 non
485 2957 623 2980 habebimus
641 2960 729 2985 partem
746 2963 799 2979 cum
818 2957 853 2980 illo
873 2957 946 2986 [ioan.

107 2993 149 3021 13,
167 2994 188 3016 5.
207 2994 248 3024 8.].

1010 286 1077 315 licae
1097 287 1205 316 veritati
1227 288 1391 323 adversum,
1414 293 1462 318 tua
1476 290 1575 326 peritia
1589 298 1643 318 non
1658 290 1774 327 ignorat.
1791 291 1854 325 Ubi,

1008 341 1124 369 quaeso,
1145 337 1217 362 esset
1238 335 1305 363 illud
1327 335 1398 364 Petri
1420 337 1536 365 Actuum
1552 337 1633 365 tertio
1646 337 1675 365 ⁷:
1692 337 1855 374 Arqentam

1008 383 1032 407 el
1053 388 1165 408 aarum
1186 389 1245 409 non
1265 385 1305 409 est
1326 381 1422 411 milti?
1443 386 1471 411 et
1498 383 1566 411 illud
1593 384 1709 412 Actuum
1738 386 1853 412 octavo:

1010 426 1141 455 Pecunia
1169 430 1222 455 lact
1249 432 1341 456 tecum
1361 429 1400 457 sit
1420 429 1451 458 in
1474 430 1684 466 perdicionem,
1713 431 1854 468 quoniam

1008 472 1117 500 dommi
1138 473 1189 501 Dei
1208 474 1384 503 eoeislimasti
1400 476 1528 512 pecunia
1548 477 1716 513 possideri?
1737 480 1764 506 et
1786 477 1854 506 illud

1008 519 1123 547 Actuum
1147 528 1237 548 nono:
1260 521 1397 559 Dansqae
1417 522 1462 551 illi
1480 531 1604 551 manum
1625 523 1715 552 erexit
1729 532 1809 557 eam,
1825 524 1853 552 in

1007 565 1185 595 suscitatione
1200 567 1356 596 Tabithae?
1377 568 1446 597 Haec
1467 577 1533 606 ergo
1554 570 1575 598 si
1597 569 1631 598 ab
1646 570 1779 607 Apostolis
1793 570 1852 599 fue-

1007 614 1073 639 runt
1095 612 1232 641 intellecta
1253 613 1286 642 ad
1313 614 1433 643 litteram
1455 619 1481 644 et
1502 620 1627 650 servata,
1649 624 1714 653 ergo
1735 620 1763 645 et
1783 617 1852 646 illud

1006 657 1039 686 de
1064 658 1255 688 calceamentis
1286 661 1320 689 ab
1351 662 1484 698 Apostolis
1511 670 1565 690 non
1594 663 1750 699 portandis,
1780 671 1851 700 quae

1007 704 1154 740 praedictis
1182 706 1240 734 sine
1267 707 1357 735 medio
1384 711 1594 737 connectuntur.
1624 726 1663 729 —
1691 710 1849 744 Praeterea,
1891 717 1965 736 Dictum

1006 750 1100 779 Graeci
1114 751 1124 767 ⁸
1147 752 1336 788 praedicantes
1359 754 1550 791 Evangelium,
1572 763 1642 792 quos
1664 758 1782 784 cernunt
1803 763 1849 792 pe-
1867 740 1988 759 craecorum.

1007 797 1116 825 cuniam
1138 806 1192 826 non
1214 799 1338 836 accipere
1360 808 1409 829 nec
1424 801 1557 830 calceatos
1571 801 1710 835 incedere,
1726 802 1772 831 sed
1787 811 1850 831 san-

1005 843 1098 877 daliis,
1122 844 1164 873 vel
1185 845 1265 873 soleis
1289 846 1345 880 uti,
1374 847 1546 883 apostolicos
1574 852 1736 885 nuncupant
1763 852 1790 877 et
1818 852 1850 878 ut

1005 890 1105 919 Christi
1127 891 1276 928 discipulos
1298 897 1475 922 venerantur.
1497 894 1620 923 Monachi
1642 895 1723 924 etiam
1746 895 1848 931 Indiae,
1866 903 1953 930 Memphi
1969 903 1997 921 in-

1005 936 1077 965 sicut
1098 937 1142 966 ille
1165 938 1259 966 retulit
1282 939 1363 973 mihi,
1390 940 1437 976 qui
1466 940 1548 975 vidit,
1576 941 1767 970 calceamentis
1795 950 1849 970 non
1906 926 1955 946 ‘³¹³⁸'

1005 985 1140 1015 utuntur,
1163 984 1245 1012 nudis
1267 985 1382 1021 pedibus
1404 986 1567 1016 incedentes.

1086 1031 1128 1058 12.
1152 1031 1220 1059 Haec
1241 1035 1334 1060 auten]
1356 1033 1452 1069 scripsi
1475 1036 1538 1063 tuae
1559 1034 1690 1070 peritiae,
1713 1037 1743 1063 ut
1757 1034 1790 1063 de
1805 1042 1848 1063 ce·
1865 1043 1956 1062 ssot-tatio.

1005 1079 1065 1104 tero
1085 1079 1183 1105 contra
1204 1080 1243 1105 tot
1264 1081 1291 1107 et
1313 1082 1387 1107 tanta
1408 1079 1563 1108 testimonia
1577 1080 1718 1109 Christum
1740 1085 1767 1109 et
1788 1081 1849 1110 eius

1004 1123 1217 1160 perfectissimos
1237 1125 1386 1162 discipulos
1407 1134 1460 1154 non
1482 1127 1597 1156 infames
1623 1130 1650 1156 et
1677 1128 1849 1165 evangelicae

1005 1170 1128 1198 veritatis
1143 1171 1265 1207 regulam
1282 1175 1312 1200 ut
1333 1172 1383 1200 lux
1408 1173 1587 1202 clarissimam
1609 1174 1780 1210 expositione
1802 1177 1850 1203 tua

1004 1217 1118 1253 mystica
1132 1225 1186 1245 non
1201 1218 1341 1247 obscures.
1357 1219 1436 1253 Nam,
1453 1220 1605 1249 secundum
1619 1221 1758 1257 quandam
1772 1221 1848 1250 Glos-
1880 1229 1909 1248 ne
1919 1234 1975 1256 sensu

1004 1271 1061 1292 sam
1087 1272 1171 1300 super
1192 1265 1397 1300 Matthaeum9,
1423 1278 1436 1291 «
1451 1275 1554 1303 pravus
1581 1270 1622 1296 est
1646 1268 1772 1302 auditor,
1799 1268 1847 1305 qui
1860 1254 1995 1295 11¹2¹igr⁸2²2ii⁰50⁸r²t

1004 1310 1147 1339 manifesta
1168 1311 1228 1339 vult
1248 1311 1366 1341 obscure
1387 1313 1542 1350 intelligi».
1566 1314 1656 1342 lnnuit
1677 1315 1759 1343 etiam
1780 1315 1846 1343 Gre-
1889 1301 1962 1324 ptum

1003 1357 1098 1393 gorius
1119 1357 1145 1385 in
1167 1358 1315 1387 Moralibus
1336 1359 1362 1387 in
1385 1360 1524 1396 prooemio
1537 1361 1559 1377 ¹⁰
1581 1360 1702 1390 trifariae
1724 1361 1848 1398 Scriptu-

1004 1411 1051 1432 rae
1072 1403 1202 1432 modum:
1230 1416 1243 1429 «
1258 1405 1326 1433 Sunt
1347 1406 1419 1434 enim
1441 1414 1512 1443 quae
1534 1407 1663 1436 historice
1686 1408 1728 1436 vel
1749 1408 1782 1436 ad
1804 1408 1848 1437 lit-

1004 1453 1090 1478 teram
1113 1451 1225 1487 intelligi
1247 1456 1404 1488 nequeunt,
1426 1456 1457 1481 ut
1478 1453 1545 1482 illud
1568 1454 1628 1483 lob:
1651 1454 1848 1491 Saspemlz'um

1003 1497 1083 1534 elcyz'l
1105 1497 1208 1526 anima
1229 1507 1314 1531 mea,·
1335 1502 1362 1527 et
1384 1499 1470 1528 illud:
1493 1501 1598 1529 Pereat
1622 1501 1699 1536 dies,
1729 1502 1760 1530 2⁷12
1787 1511 1848 1540 qua

1003 1547 1093 1572 natas
1113 1553 1201 1578 ἕψῃ,-
1222 1545 1356 1581 quaedam
1377 1546 1522 1581 historice,
1538 1548 1679 1577 moraliter
1700 1551 1728 1577 et
1748 1548 1849 1585 allego-

1004 1590 1060 1619 rice
1081 1590 1289 1628 intelliguntur;
1311 1593 1462 1629 quaedam,
1484 1594 1510 1622 in
1532 1594 1634 1630 quibus
1662 1595 1709 1631 qui
1736 1603 1848 1624 sensum

1004 1637 1112 1666 litterae
1133 1638 1245 1675 negligit
1266 1638 1388 1667 oblatum
1411 1640 1534 1669 veritatis
1554 1640 1605 1669 sibi
1625 1641 1718 1670 lumen
1734 1641 1849 1670 abscon—

1003 1683 1083 1712 dit».
1106 1683 1218 1713 Certum
1240 1687 1281 1713 est
1301 1688 1394 1714 autem
1416 1694 1451 1715 ex
1474 1687 1635 1723 praedictis,
1658 1688 1742 1716 trium
1761 1688 1848 1717 Evan-

1003 1731 1165 1767 gelistarum
1196 1732 1345 1760 sententias
1376 1733 1504 1769 superius
1524 1734 1546 1750 ¹¹
1574 1734 1702 1771 allegatas
1732 1743 1787 1764 non
1819 1735 1847 1763 in

1004 1777 1094 1814 primo
1115 1786 1231 1814 genere,
1253 1778 1299 1807 sed
1321 1779 1347 1807 in
1371 1780 1491 1808 secundo
1511 1783 1539 1809 et
1560 1781 1641 1809 tertio
1662 1781 1804 1810 contineri.

1086 1824 1128 1853 13.
1145 1824 1282 1859 Ceterum,
1297 1825 1370 1862 quod
1386 1829 1506 1863 quatuor
1521 1827 1707 1864 Evangelistae
1720 1828 1751 1862 ¹²,
1771 1828 1847 1857 loan-
1872 1840 1932 1858 nouus
1945 1840 1995 1859 sm-

1004 1871 1046 1899 nis
1068 1871 1203 1907 Baptistae
1224 1871 1407 1900 humilitatem
1428 1872 1617 1902 admirabilem
1643 1874 1846 1910 praedicanteS,
1861 1864 1927 1906 ffiffiff'
1938 1869 1994 1888 ‘³¹⁹⁰'

985 1917 1186 1955 ,introducunt
1214 1918 1303 1954 ipsum
1332 1918 1483 1954 dicentem,
1512 1920 1585 1957 quod
1607 1928 1661 1949 non
1683 1921 1718 1949 sit
1738 1921 1847 1959 dlynas

1002 1963 1111 1992 solvere
1145 1965 1306 2002 corriglz'am
1342 1965 1604 1995 calceamentorum
1638 1967 1755 2002 Christi,
1790 1968 1848 1996 sive

1004 2010 1090 2047 ipsius
1112 2011 1307 2040 calceamenta
1324 2016 1467 2049 portare;
1495 2013 1568 2049 quod
1597 2013 1779 2050 spiritualiter
1807 2014 1848 2043 in-

1004 2057 1181 2094 telligendum
1203 2058 1253 2092 sit,
1274 2066 1309 2087 ex
1331 2058 1433 2088 Glossis
1454 2059 1618 2088 Sanctorum
1640 2061 1776 2090 annotatis
1796 2061 1847 2090 ibi-

1003 2103 1064 2132 dem
1080 2104 1182 2133 clarius
1196 2104 1349 2134 innotescit.
1365 2105 1471 2134 Dicitur
1490 2106 1595 2135 loannis
1616 2107 1706 2143 primo
1718 2107 1759 2135 ¹³:
1782 2107 1847 2136 Non

1003 2159 1071 2179 sanz
1086 2151 1204 2188 dignas,
1219 2155 1252 2179 at
1265 2151 1376 2180 solvam
1391 2152 1454 2180 eius
1467 2153 1630 2190 corriqz'am
1642 2153 1830 2183 calceamenti
1837 2165 1847 2188 ,-

1066 2297 1075 2309 ⁵
1093 2298 1160 2320 Marc.
1181 2298 1220 2324 16,
1239 2298 1276 2320 ⁴20.
1294 2310 1322 2313 —
1340 2298 1363 2320 ln
1381 2298 1468 2326 Regula
1485 2304 1505 2321 c.
1523 2299 1544 2320 2.
1560 2298 1658 2321 dicitur:
1676 2299 1701 2321 Et
1718 2300 1756 2328 qui
1768 2306 1848 2323 neces-

1003 2336 1068 2359 sitate
1085 2339 1200 2364 coguntur
1218 2337 1307 2364 possint
1324 2340 1416 2364 portare
1433 2337 1593 2360 calceamenta.

1066 2374 1076 2387 ⁶
1093 2376 1167 2397 Matth.
1187 2376 1226 2402 10,
1245 2376 1271 2403 8,
1290 2375 1329 2398 ubi
1346 2379 1368 2398 et
1389 2382 1437 2404 seq.
1461 2376 1537 2404 locus;
1566 2376 1645 2399 tertius
1662 2376 1719 2399 ibid.
1736 2384 1758 2399 v.
1776 2378 1798 2400 9.
1815 2390 1847 2395 —

1004 2413 1106 2436 Vocibus
1122 2420 1178 2444 erqo
1196 2414 1256 2436 z'llad
1277 2415 1324 2437 Vat.
1343 2415 1455 2437 interserit
1471 2416 1499 2438 el.
1516 2415 1610 2437 inferius
1628 2422 1670 2443 pro
1687 2422 1759 2445 qaam
1768 2416 1848 2446 perni-

1003 2453 1094 2476 ciosum
1111 2454 1128 2475 A
1146 2455 1167 2475 et
1184 2453 1237 2475 edd.
1259 2453 1276 2479 1,
1294 2454 1308 2475 2
1326 2454 1442 2482 quantum
1456 2453 1626 2482 perniciosam.

1067 2491 1075 2504 ⁷
1094 2493 1159 2514 Vers.
1178 2493 1199 2514 6.
1216 2504 1247 2509 --
1264 2493 1314 2514 Duo
1331 2499 1396 2521 seqq.
1413 2493 1456 2515 loci
1473 2496 1525 2515 suut
1542 2493 1590 2516 Act.
1609 2494 1633 2521 8,
1651 2494 1687 2516 20.
1706 2497 1728 2517 et
1745 2495 1770 2522 9,
1789 2494 1825 2517 41.

1066 2530 1075 2543 ‘³
1093 2530 1137 2553 Csr.
1155 2537 1225 2559 supra
1243 2531 1328 2559 Opusc.
1349 2532 1386 2554 Xl.
1404 2531 1514 2559 Apologia
1532 2538 1674 2560 pauperum,
1692 2539 1712 2555 c.
1730 2534 1765 2555 ¹l0.
1785 2540 1805 2556 n.
1824 2534 1846 2557 8.

1004 2570 1075 2592 verba
1093 2570 1197 2598 Gregorii
1215 2570 1280 2597 Naz.,
1298 2569 1338 2592 ubi
1355 2570 1448 2597 dicitur,
1466 2570 1528 2599 quod
1546 2571 1693 2593 desiderabat
1705 2573 1842 2601 monachos,

1002 2609 1041 2637 qui
1061 2609 1209 2636 Evangelium
1222 2609 1282 2631 taciti
1299 2609 1469 2636 praedicantes,
1486 2609 1562 2632 nudos
1579 2610 1651 2637 pedes
1667 2610 1801 2639 apostolicis
1817 2610 1845 2634 si-

1002 2646 1068 2670 miles
1086 2646 1208 2669 habebant.

1064 2683 1074 2697 ⁹
1091 2685 1146 2713 Cap.
1165 2686 1204 2714 15,
1223 2686 1265 2713 15,
1285 2686 1307 2708 in
1324 2692 1394 2714 quein
1412 2687 1488 2709 locum
1505 2687 1584 2709 Glossa
1601 2686 1727 2710 ordinaria
1745 2687 1781 2717 (ex
1799 2688 1847 2714 Hie-

1001 2725 1077 2753 ron.):
1096 2725 1195 2747 Vitiosus
1213 2727 1247 2747 est
1264 2725 1367 2752 auditor,
1383 2725 1423 2754 qui
1441 2726 1476 2748 vel
1493 2725 1592 2748 obscura
1608 2726 1738 2754 manifeste,
1751 2727 1786 2749 vel
1800 2733 1846 2749 nia-

1001 2764 1082 2786 niseste
1099 2764 1159 2786 dicta
1176 2763 1274 2786 obscure
1291 2764 1340 2786 vult
1357 2764 1488 2792 intelligere.

1067 2802 1086 2815 ¹⁰
1102 2802 1159 2830 Cap.
1176 2803 1197 2825 3.
1209 2805 1231 2825 et
1244 2802 1269 2831 4,
1281 2809 1307 2825 ex
1319 2802 1404 2831 quihus
1416 2809 1488 2831 pauca
1501 2806 1589 2826 tantum
1601 2805 1733 2827 atteruntur.
1745 2805 1847 2833 Allegan-

1003 2844 1038 2864 tur
1057 2841 1095 2863 lob
1112 2841 1140 2869 7,
1159 2842 1194 2864 15.
1213 2844 1235 2864 et
1252 2842 1278 2869 3,
1296 2842 1316 2864 3.
1335 2842 1389 2864 Cod.
1407 2842 1425 2864 A
1442 2845 1464 2864 et
1480 2842 1516 2865 ed.
1535 2843 1543 2865 1
1565 2843 1672 2866 omittunt
1685 2843 1710 2866 in
1723 2844 1846 2873 prooemio

1001 2882 1023 2902 et
1041 2879 1134 2902 inferius
1152 2878 1316 2909 intclliyunlw·
1334 2886 1360 2902 ac
1376 2879 1488 2903 oblatam.
1700 2881 1718 2894 ¹¹
1737 2883 1804 2905 Num.
1824 2883 1846 2905 9.

1065 2917 1084 2931 ¹²
1102 2919 1177 2941 Matth.
1195 2919 1222 2946 3,
1242 2919 1283 2946 11,
1300 2918 1339 2941 ubi
1356 2919 1454 2942 dicitur:
1471 2919 1541 2942 Cuius
1565 2926 1611 2943 non
1633 2927 1684 2943 sum
1702 2921 1786 2949 dignus
1804 2922 1846 2944 cal-

1003 2960 1119 2980 ceamenta
1134 2958 1234 2986 portare
1244 2966 1252 2985 ,·
1270 2958 1338 2980 Marc.
1357 2958 1377 2985 1,
1393 2957 1418 2986 7;
1436 2959 1489 2981 Luc.
1508 2959 1534 2986 3,
1552 2959 1598 2987 ⁴¹⁶3
1617 2960 1677 2982 loan.
1696 2960 1717 2987 1,
1734 2959 1770 2982 27.

1065 2995 1084 3008 ¹⁵
1103 2996 1166 3018 Vcrs.
1184 2995 1221 3018 27.
1240 3009 1268 3012 —
1285 2997 1364 3019 Glossa
1382 2999 1416 3019 est
1431 2996 1563 3021 ordinaria.
