2133 3317
0 1897 63 1939 ffir-

0 1949 2 1954 ·
14 1943 56 1963 tria.

686 221 883 250 OPUSCULUM
904 222 921 250 Ι.
944 222 987 251 DE
1009 222 1146 252 TRIPLICI
1168 222 1228 251 VlA.
1814 226 1830 252 7

83 300 214 330 omnium
235 300 428 333 Sanctorum,
450 299 642 337 impletionem
667 299 800 327 omnium
820 299 929 328 deside-

83 347 198 376 riorum
219 347 246 375 in
274 354 304 375 se
331 346 405 383 ipso,
431 346 478 383 qui
503 349 544 375 est
571 346 632 375 fons
660 348 688 374 et
715 345 777 374 finis
805 346 928 374 omnium

83 394 236 428 bonorum,
271 393 319 430 qui
350 396 391 422 est
423 395 530 421 tantum
562 393 683 427 bonum,
714 392 789 429 quod
819 392 929 421 excedit

82 448 191 469 omnem
209 440 392 478 petitionem,
414 447 495 468 omne
525 439 719 473 desiderium,
740 446 850 467 omnem
881 447 928 467 cze-

82 487 296 521 stimadonem,
318 490 346 516 et
366 494 416 516 nos
443 489 519 515 tanto
539 486 612 515 bono
639 485 736 523 dignos
758 488 884 522 reputat,
905 486 928 514 si

82 533 221 570 diligimus
241 536 268 562 et
289 533 446 570 appetimus
460 532 552 569 ipsum
566 539 651 569 super
666 531 757 560 onmia
772 535 799 560 et
813 535 927 569 propter

82 588 126 614 se;
148 583 176 609 et
196 580 256 609 ideo
278 587 342 609 cum
363 579 437 608 omni
458 579 594 608 desiderio
621 581 648 608 et
669 579 768 608 aflectu
797 582 824 607 et
845 579 927 608 bene-

82 627 200 656 volentia
219 626 353 656 debemus
374 626 401 655 in
423 626 514 663 ipsum
536 625 657 655 tendere.

474 727 538 763 §a

213 821 243 845 De
259 820 299 844 via
315 820 443 852 perfectiva
460 821 483 844 et
500 820 590 851 triplici
607 821 657 844 eius
675 820 793 844 exercitio.

162 908 205 935 15.
228 907 368 936 Postremo
399 906 542 944 sequitur,
564 906 684 944 qualiter
713 915 763 936 nos
793 914 926 936 exercere

27 987 32 991 ,
63 954 213 983 -debemus
234 953 268 982 ad
295 953 459 991 iqniculum
486 953 655 990 sapientiae.
679 954 733 983 Hoc
761 956 854 983 autem
887 954 926 982 fa-

81 1000 208 1029 ciendum
230 1002 272 1029 est
302 1000 355 1029 hoc
386 1000 497 1029 ordine:
520 1000 586 1037 quia
617 1000 668 1029 iste
696 1000 856 1037 igniculus¹
885 1003 927 1029 est

54 1047 59 1052 '
80 1047 170 1084 primo
191 1047 432 1085 congyreyandzts,
448 1047 569 1076 secundo
583 1047 828 1084 inflammandus,
844 1048 926 1076 tertio

57 1113 64 1118 -
79 1093 283 1123 sublevandus,
305 1109 344 1114 —
365 1094 555 1131 Congregatur
586 1097 679 1123 autem
705 1102 755 1131 per
787 1094 926 1123 reductio-

40 1148 142 1170 ⁴*nem
163 1140 314 1170 affectionis
334 1140 369 1169 ab
400 1141 475 1169 omni
503 1148 597 1170 amore
625 1144 786 1175 creaturae,
808 1149 824 1170 a
845 1141 926 1170 cuius

30 1183 58 1216 .“
79 1187 190 1225 quidem
211 1195 305 1216 amore
325 1187 406 1216 debet
427 1188 534 1217 affectio
549 1188 686 1222 revocari,
702 1188 832 1225 quoniam
847 1196 925 1217 amor

80 1237 224 1264 creaturae
244 1242 299 1263 non
317 1234 454 1271 proficic,·
475 1237 502 1263 et
523 1234 545 1263 si
566 1235 688 1271 proficit,
703 1243 758 1264 non
773 1235 884 1272 resioit‚·
898 1238 926 1264 et

80 1281 102 1310 si
123 1280 225 1315 reficit,
246 1289 301 1310 non
321 1280 447 1319 suffieit;
468 1284 495 1310 et
515 1281 576 1310 ideo
597 1281 687 1310 omnis
709 1290 786 1310 amor
808 1282 870 1311 talis
891 1282 926 1311 ab

79 1327 180 1357 affectu
200 1327 282 1357 debet
302 1328 414 1356 omnino
435 1328 566 1365 elongari.

160 1375 204 1403 16.
234 1374 375 1409 Secundo,
403 1374 637 1411 inflammandus
666 1378 723 1409 est,
754 1379 781 1404 et
809 1376 861 1404 hoc
889 1384 925 1405 ex

60 1421 265 1450 -eonversione
291 1420 453 1459 affectionis
479 1430 569 1459 snper
594 1430 724 1450 amorem
754 1422 867 1459 Sponsi.
895 1423 925 1451 Et

79 1468 132 1497 hoc
152 1467 265 1505 quidem
286 1467 318 1496 fit
345 1467 387 1496 vel
410 1467 596 1505 comparando
623 1468 715 1505 ipsum
736 1477 859 1498 amorem
891 1469 925 1498 ad

78 1523 108 1544 se
128 1515 243 1552 ipsum,
265 1514 308 1543 vel
329 1514 363 1543 ad
385 1513 519 1553 affectum
532 1523 731 1552 supernorum
746 1515 865 1550 civium,
881 1517 925 1545 vel

79 1561 112 1591 ad
133 1562 231 1599 ipsum
253 1561 407 1598 Sponsum.
430 1562 507 1591 Tunc
528 1565 621 1591 autem
636 1562 689 1591 hoc
704 1562 799 1597 facit2,
814 1563 925 1600 quando

81 1608 213 1643 attendit,
235 1608 309 1645 quod
330 1614 389 1645 per·
411 1616 534 1637 amorem
565 1609 689 1646 suppleri
720 1612 810 1646 potest
831 1610 925 1638 omnis

80 1654 259 1692 indigyentia,
280 1655 354 1692 quod
376 1662 425 1692 per
453 1662 577 1684 amorem
605 1658 646 1684 est
671 1656 698 1684 in
721 1656 808 1685 Beatis
830 1657 924 1685 omnis

79 1700 146 1730 boni
166 1701 369 1735 abnndantia,
391 1701 466 1739 quod
487 1709 537 1739 per
557 1710 680 1731 amorem
702 1703 822 1732 habetur
837 1703 924 1740 ipsius

78 1757 190 1777 summe
210 1748 412 1777 desiderabilis
437 1749 616 1786 praesentia.
649 1750 718 1779 Haec
750 1753 831 1784 sunt,
852 1758 924 1787 quae

79 1795 207 1825 affectum
227 1796 407 1825 inflammant.

161 1843 204 1871 17.
225 1843 333 1877 Tertio,
348 1842 546 1871 sublevandus
559 1846 617 1878 est,
632 1846 659 1872 et
674 1843 726 1872 hoc
741 1851 827 1880 supra
842 1852 924 1872 omne

78 1889 226 1924 sensibile,
248 1889 439 1927 z'maqtnabite
467 1892 494 1918 et
522 1889 713 1927 intelligibile,
735 1890 788 1919 hoc
809 1890 923 1923 ordine,

78 1939 110 1965 ut
130 1936 213 1965 homo
243 1936 399 1965 immediate
426 1936 460 1965 de
488 1936 563 1973 ipso,
591 1944 674 1973 quem
706 1939 783 1973 optat
804 1936 924 1973 perfecte

78 1983 207 2020 diligere,
229 1983 319 2020 primo
340 1983 496 2012 meditando
516 1983 589 2012 dicat
610 1983 674 2017 sibi,
691 1984 765 2021 quod
780 1984 825 2013 ille
841 1992 924 2021 quem

78 2029 179 2067 diligit,
199 2038 255 2058 non
276 2033 318 2059 est
338 2030 496 2068 sensibilis,
517 2030 583 2067 quia
604 2039 659 2059 non
674 2034 715 2060 est
729 2031 860 2065 visibilis,
875 2039 924 2060 au-

78 2077 184 2111 dibilis,
205 2076 368 2112 odorabilis,
389 2077 549 2114 gustabilis‚
571 2077 725 2114 tangibilis‚
747 2080 774 2107 et
794 2078 855 2107 ideo
870 2086 925 2107 non

78 2125 120 2152 est
140 2123 291 2158 sensibilis,
312 2123 360 2152 sed
382 2127 457 2152 totns
478 2123 679 2153 desiderabilis
690 2124 709 2152 ³.
733 2124 871 2159 Secundo,
893 2127 925 2153 ut

79 2169 194 2207 cogitet,
215 2170 290 2207 quod
319 2178 373 2199 non
404 2173 446 2199 est
473 2170 691 2208 imaginabilis,
714 2170 779 2208 quia
807 2179 862 2199 non
883 2173 925 2200 est

79 2216 275 2251 terminabilis,
297 2216 467 2254 figurandis,
488 2217 685 2251 numerabilis,
708 2217 924 2254 circumscripti-

79 2263 154 2298 bilis,
169 2263 389 2297 commutabilis,
410 2267 437 2293 et
459 2263 519 2293 ideo
540 2272 595 2292 non
609 2266 651 2293 est
665 2263 861 2301 imaginabilis,
877 2264 924 2293 sed

143 2539 150 2552 ¹
169 2539 220 2562 Vat.
237 2545 291 2562 cum
308 2540 389 2567 paucis
406 2540 474 2563 codd.
492 2540 556 2563 addit
573 2539 704 2570 sapientiae
720 2540 818 2564 sollicite
835 2543 856 2565 et
873 2541 925 2564 cliti-

79 2579 167 2608 qenter.
606 2578 610 2581 ⁴

142 2616 151 2629 ²
168 2617 246 2640 Plures
264 2617 334 2640 codd.
351 2620 373 2640 et
390 2617 441 2640 Yat.
458 2618 498 2648 fit,
517 2618 532 2640 Β
550 2617 619 2641 homo
637 2617 680 2641 hoe
691 2618 761 2647 facit,
775 2619 791 2641 A
804 2618 868 2648 fucit,
883 2619 925 2648 qni

78 2655 189 2684 attendit,
206 2656 222 2678 L
232 2656 250 2679 O
266 2656 305 2686 fit,
323 2656 418 2686 quando
434 2656 534 2680 attendit
550 2656 620 2680 homo
637 2657 701 2687 quod
716 2660 759 2680 etc.
772 2658 868 2680 lnserius
881 2664 923 2686 pro

79 2694 225 2718 abundantia
243 2695 338 2718 ALOS
355 2695 588 2725 superabundantia,
606 2695 645 2719 ubi
662 2697 707 2718 EM
718 2697 733 2718 Ρ
750 2700 924 2726 prosequuntur

79 2733 166 2757 scilicet
182 2733 256 2764 ipsius
274 2740 367 2758 summe
383 2734 544 2758 desiderabitis
559 2735 703 2765 praesentia.

143 2772 152 2785 ³
169 2772 233 2796 Cant.
250 2773 276 2800 5,
297 2773 333 2796 46.
354 2785 385 2790 —
402 2773 544 2796 Praecedens
561 2774 688 2802 propositio
701 2774 789 2802 integre
802 2775 922 2798 exhibetur

80 2811 110 2834 ab
127 2812 208 2840 EST,
226 2811 285 2840 Vnt,
302 2812 388 2835 omisso
413 2811 540 2840 smsibilis,
558 2812 615 2842 quid
639 2818 687 2836 non
710 2815 756 2841 est,
775 2820 818 2842 pro
835 2815 857 2837 et
872 2813 923 2837 ideo

41 2863 44 2868 ·
80 2856 127 2873 non
144 2851 178 2874 est
193 2849 309 2873 sensibilis
327 2850 366 2879 (ita
383 2851 452 2873 etiam
469 2851 512 2874 LN
523 2851 573 2880 ΡΖ)
591 2851 708 2874 substituit
732 2853 775 2875 aut
799 2851 922 2876 sensibilis.

83 2889 160 2912 Simile
176 2889 273 2912 recurrit
290 2889 313 2911 in
326 2889 418 2912 duabus
429 2896 494 2919 seqq.
506 2890 716 2919 propositionibuS‚
728 2897 787 2920 quas
798 2892 847 2919 ipsa
860 2898 924 2920 prae-

81 2927 119 2951 bet
135 2928 180 2951 sic:
197 2927 307 2951 Secundo
332 2928 428 2957 couitet,
448 2928 512 2958 quod
528 2929 568 2952 ille
587 2935 656 2959 quem
681 2929 799 2959 ‹litz'qenclo
817 2930 922 2960 quaerit,

82 2971 131 2990 non
148 2967 182 2990 est
206 2965 384 2990 terminabilis...
407 2967 594 2996 commutabilis,
619 2969 663 2991 aut
684 2967 858 2997 imayz'nabilis,
883 2969 924 2993 sed

81 3006 143 3029 totns
160 3005 329 3029 clesz·de1·ab1·tis.
349 3006 425 3029 Tertio
442 3006 538 3036 coquet,
556 3007 619 3037 quod
630 3007 669 3031 ille
681 3014 749 3037 quem
766 3007 855 3038 (liliati,
874 3014 922 3032 non

986 303 1061 328 totns
1075 300 1285 329 desiderabilis.
1311 301 1419 335 Tertio,
1440 303 1472 330 ut
1493 301 1607 338 cogitet,
1623 301 1697 338 quod
1712 309 1766 330 non
1789 304 1831 330 est

985 346 1183 383 intelliyibilis,
1205 348 1271 384 quia
1291 356 1346 376 non
1361 351 1401 377 est
1415 348 1652 382 demonstrabilis,
1667 348 1829 383 definibilis,

984 393 1144 430 opinabilis,
1166 394 1359 429 aestimabilis,
1381 395 1594 432 investigabilis,
1625 398 1652 424 et
1683 394 1744 424 ideo
1775 403 1830 424 non

984 443 1025 468 est
1047 440 1241 477 intelligibilis,
1264 441 1310 470 sed
1332 445 1408 470 totus
1429 441 1630 470 desiderabilis
1640 443 1660 470 ⁴¹.

1374 543 1439 578 §a

1331 635 1487 659 Gorollarium.

1065 720 1108 748 18.
1132 720 1172 748 Ex
1194 721 1236 749 his
1257 721 1341 758 igitur
1364 722 1465 759 liquide
1487 725 1575 759 patet,
1597 723 1716 760 qualiter
1738 723 1771 752 ad
1787 731 1829 752 sa-

984 766 1115 803 pientiam
1129 775 1222 796 sacrae
1234 768 1393 804 scripturae
1408 769 1570 805 pervenitur
1585 769 1741 798 meditando
1756 770 1830 798 circa

984 813 1055 841 viam
1078 814 1268 850 purgativam,
1298 815 1507 844 illuminativam
1539 818 1566 844 et
1588 816 1774 853 perfectivam.
1797 817 1829 845 Et

983 867 1037 888 non
1059 860 1148 888 solum
1170 868 1264 889 sacrae
1286 861 1444 898 scripturae
1460 863 1636 897 continentia,
1652 863 1735 891 immo
1746 863 1828 892 etiam

983 906 1073 934 omnis
1094 906 1233 935 meditatio
1255 911 1349 936 nostra
1369 909 1474 936 versari
1496 908 1576 938 debet
1597 909 1670 938 circa
1686 910 1745 938 ista.
1761 909 1829 938 Nam

982 952 1072 981 omnis
1092 952 1232 981 meditatio
1253 954 1383 990 sapientis
1405 958 1453 983 aut
1478 958 1519 983 est
1550 955 1623 984 circa
1654 964 1743 993 opero.
1775 954 1829 984 lut-

982 1007 1090 1033 mana,
1113 1000 1276 1037 cogitand0⁵
1296 1001 1407 1035 scilicet,
1423 1002 1489 1038 quid
1506 1002 1587 1031 homo
1608 1002 1703 1031 fecerit
1720 1005 1747 1031 et
1762 1002 1828 1039 quid

982 1046 1080 1075 debeat
1100 1046 1206 1081 facere,
1228 1050 1254 1076 et
1276 1056 1347 1084 quae
1375 1048 1410 1077 sit
1438 1049 1507 1077 ratio
1533 1057 1661 1083 movens3
1684 1052 1732 1078 aut
1754 1049 1827 1078 circa

982 1101 1072 1130 opera
1092 1093 1210 1127 divina,
1226 1094 1369 1131 cogitando
1384 1095 1495 1129 scilicet,
1511 1099 1615 1132 quanta
1630 1096 1703 1124 Deus
1721 1095 1826 1124 homini

982 1140 1174 1174 commiserit,
1196 1141 1262 1177 quia
1282 1142 1373 1169 omnia
1394 1144 1507 1178 propter
1522 1142 1612 1178 ipsum
1632 1142 1707 1176 fecit,
1723 1145 1827 1179 quanta

982 1185 1125 1214 dimiserit
1146 1189 1174 1215 et
1194 1190 1297 1224 quanta
1317 1188 1503 1225 promiserim
1524 1192 1551 1217 et
1572 1189 1599 1217 in
1621 1189 1672 1217 boc
1694 1188 1827 1217 claudun-

982 1236 1029 1261 tur
1050 1241 1134 1270 opera
1154 1233 1331 1267 conditionis,
1355 1235 1536 1271 reparationis
1557 1238 1584 1264 et
1605 1235 1825 1272 glorificationis;

982 1283 1030 1308 aut
1052 1280 1125 1309 circa
1155 1284 1349 1319 utrorumque
1377 1282 1545 1318 principia,
1567 1290 1638 1319 quae
1667 1285 1731 1311 sunt
1753 1282 1827 1311 Deus

982 1330 1009 1355 et
1030 1327 1134 1361 anima,
1156 1327 1274 1364 qualiter
1297 1328 1351 1356 sint
1383 1329 1498 1357 invicem
1528 1329 1691 1366 copulanda.
1722 1329 1752 1357 Et
1781 1329 1826 1357 liic

982 1377 1056 1403 stare
1076 1374 1157 1403 debet
1178 1375 1267 1403 omnis
1288 1375 1428 1403 meditatio
1443 1379 1552 1409 nostra,
1568 1376 1633 1413 quia
1649 1376 1693 1405 hic
1708 1379 1749 1405 est
1764 1376 1826 1404 finis

982 1421 1071 1450 omnis
1092 1421 1254 1458 cognitionis
1268 1425 1295 1450 et
1309 1423 1488 1459 operationis,
1504 1426 1531 1451 et
1545 1426 1586 1451 est
1600 1423 1733 1460 sapientia
1747 1430 1825 1456 vera,

982 1468 1009 1496 in
1031 1476 1087 1505 qua
1107 1471 1148 1497 est
1169 1469 1287 1505 cognitio
1309 1477 1358 1505 per
1380 1477 1473 1497 veram
1494 1469 1695 1506 experientiam
1707 1469 1726 1496 ⁶.

1063 1516 1106 1543 19.
1130 1515 1158 1543 ln
1180 1515 1338 1544 huiusmodi
1361 1519 1453 1544 autem
1474 1516 1650 1545 meditatione
1666 1519 1722 1545 tota
1735 1516 1826 1545 anima

981 1561 1062 1590 debet
1093 1569 1152 1591 esse
1183 1562 1303 1596 intenta,
1325 1566 1352 1591 ct
1374 1563 1425 1591 hoc
1454 1563 1605 1592 secundum
1634 1571 1729 1592 omnes
1754 1563 1827 1592 vires

981 1616 1059 1642 suas,
1081 1609 1184 1638 scilicet
1205 1609 1358 1638 secundum
1373 1610 1534 1644 rationem,
1549 1611 1739 1648 syncleresim,
1761 1619 1827 1639 eon-

980 1655 1132 1684 seientiam
1154 1659 1180 1684 et
1201 1656 1385 1685 voluntatem.
1409 1657 1475 1685 Nam
1490 1658 1517 1685 in
1532 1657 1691 1686 huiusmodi
1713 1657 1826 1686 medita-

982 1702 1055 1731 tione
1076 1703 1154 1731 rcttio
1176 1703 1382 1740 percunctando
1403 1704 1484 1732 offert
1505 1704 1736 1741 propositionem,
1758 1712 1827 1742 syn-

982 1749 1090 1778 deresis
1111 1750 1301 1779 sententiando
1322 1750 1427 1787 profert
1454 1750 1657 1785 definitionem,
1679 1751 1824 1779 eonscien-

981 1796 1024 1825 tia
1044 1796 1215 1825 testificando
1236 1797 1318 1825 infert
1349 1797 1567 1832 conclusionem,
1589 1797 1723 1826 voluntas
1751 1805 1827 1834 prae-

981 1843 1106 1880 eligendo
1126 1843 1214 1872 defert
1235 1844 1407 1873 solutionem.
1425 1844 1506 1872 Verbi
1528 1844 1631 1881 gratia,
1654 1844 1675 1873 si
1697 1844 1759 1881 quis
1780 1852 1827 1873 ve-

982 1890 1035 1918 lit⁷
1058 1890 1183 1919 meditari
1215 1890 1287 1919 circa
1318 1891 1391 1919 viam
1423 1891 1614 1928 purgativam,
1645 1891 1726 1926 debet
1747 1892 1826 1920 ratio

981 1945 1133 1974 quaerere,
1155 1937 1221 1974 quid
1243 1937 1340 1966 debeat
1362 1937 1420 1966 fieri
1443 1938 1476 1966 de
1492 1938 1611 1972 homine,
1627 1939 1675 1975 qui
1691 1938 1825 1975 templum

982 1984 1030 2012 Dei
1052 1983 1206 2017 violaverit;
1228 1984 1393 2022 synderesis
1414 1985 1573 2021 respondet,
1589 1985 1662 2022 quod
1683 1987 1732 2014 aut
1746 1985 1826 2014 debet

981 2030 1119 2068 disperdi,
1134 2034 1182 2059 aut
1197 2031 1324 2060 lamentis
1338 2031 1521 2068 poenitentiae
1535 2032 1665 2069 purgari3
1681 2032 1826 2060 eonscien-

983 2078 1025 2106 tia
1046 2078 1177 2107 assumit:
1201 2078 1242 2106 Tu
1262 2086 1292 2107 es
1313 2078 1372 2107 ille:
1389 2086 1454 2115 ergo
1469 2079 1512 2107 vel
1527 2081 1636 2115 oportet
1651 2081 1676 2107 te
1690 2078 1825 2113 damnari,

983 2125 1025 2153 vel
1060 2124 1242 2161 poenitentiae
1277 2125 1397 2153 stimulis
1428 2125 1530 2162 affligi;
1562 2125 1659 2154 deinde
1689 2125 1826 2154 voluntas

981 2171 1140 2208 praeeligit,
1163 2171 1280 2205 scilicet,
1310 2171 1397 2208 quia⁸
1418 2174 1528 2201 recusat
1555 2172 1756 2201 damnationem
1783 2180 1826 2201 ae-

981 2220 1105 2252 ternam,
1137 2218 1254 2247 assumit
1289 2218 1444 2247 voluntarie
1480 2218 1663 2255 poenitentiae
1697 2219 1824 2248 lamenta.

981 2264 1062 2293 quta
1083 2265 1158 2294 hunc
1179 2265 1293 2294 modum
1314 2265 1342 2293 in
1363 2265 1422 2294 aliis
1444 2265 1494 2294 viis
1515 2268 1556 2294 est
1577 2265 1794 2303 intelligendum.

980 2543 1015 2565 est
1031 2541 1245 2565 demonstrabilis...
1264 2540 1443 2571 investigabilis,
1461 2543 1504 2565 aut
1520 2541 1682 2571 intelliqibilis,
1704 2542 1745 2565 sed
1762 2544 1825 2566 totus

980 2580 1149 2604 desiderabilis.

1043 2619 1052 2632 ⁴
1070 2620 1101 2642 De
1119 2621 1162 2642 lioc
1180 2626 1277 2642 nurnero
1294 2621 1333 2642 cfr.
1352 2621 1366 2642 1.
1385 2621 1446 2642 sent.
1463 2620 1485 2642 d.
1504 2621 1541 2642 22.
1558 2626 1580 2649 q.
1602 2621 1627 2647 l;
1646 2620 1718 2643 ltiner.
1743 2621 1825 2643 mentis

980 2659 1004 2681 in
1022 2659 1107 2687 Deum,
1125 2665 1144 2680 c.
1161 2659 1190 2686 73
1209 2659 1321 2687 Brexiloq.
1339 2665 1363 2687 p.
1381 2658 1407 2680 Y.
1425 2665 1445 2680 c.
1463 2659 1484 2680 6.

1043 2696 1052 2709 ⁵
1069 2698 1162 2720 Plurimi
1179 2698 1247 2720 codd.
1266 2698 1301 2719 hic
1319 2700 1340 2720 et
1357 2698 1426 2726 paulo
1443 2697 1537 2721 inferius
1549 2704 1591 2726 pro
1603 2697 1727 2727 cogitando
1746 2699 1826 2727 legunt

981 2736 1119 2766 cogitanda,
1138 2737 1153 2758 E
1170 2736 1313 2759 meditando.
1331 2737 1434 2759 Subinde
1459 2743 1502 2764 pro
1519 2743 1579 2767 quae
1596 2737 1626 2761 sit
1643 2737 1705 2760 ratio
1723 2738 1740 2760 A
1752 2738 1822 2760 DFll

980 2777 995 2798 S
1006 2776 1022 2797 U
1040 2775 1097 2805 qnid
1113 2774 1144 2798 sit
1160 2775 1229 2797 ratt'o.

1043 2813 1052 2825 Β
1069 2813 1114 2836 Csr.
1132 2813 1165 2836 lll.
1183 2814 1244 2836 sent.
1261 2814 1284 2836 d.
1310 2813 1347 2836 35.
1365 2821 1388 2842 q.
1407 2815 1426 2836 l.
1445 2826 1475 2831 —
1498 2814 1609 2842 Superius
1631 2814 1728 2837 vocibus
1749 2816 1771 2838 el
1791 2816 1826 2838 est

981 2853 1026 2875 DH
1044 2853 1182 2875 interserunt
1198 2852 1252 2880 hoe,
1272 2853 1315 2874 ER
1327 2852 1397 2875 NOU
1415 2852 1480 2876 llaec.

1044 2891 1052 2903 ⁷
1071 2892 1148 2914 Plures
1165 2891 1234 2914 codd.
1253 2891 1308 2918 rnlt,
1330 2894 1351 2914 et
1374 2891 1468 2914 inferius
1485 2898 1528 2920 pro
1544 2892 1679 2921 respondet,
1698 2892 1760 2922 quod
1777 2899 1822 2915 non

981 2931 1048 2959 pauci
1066 2930 1134 2953 codd.
1151 2930 1286 2959 respondet,
1305 2930 1368 2960 quia.

1043 2968 1052 2981 Β
1070 2969 1143 2992 Codd.
1161 2970 1193 2991 llll
1202 2970 1217 2991 P
1229 2975 1296 2999 qnae.
1309 2969 1412 2992 Subinde
1425 2976 1467 2997 pro
1479 2971 1575 2993 recusat
1591 2971 1607 2992 E
1617 2970 1635 2992 M
1646 2970 1662 2992 N
1672 2970 1687 2992 Ρ
1698 2970 1715 2992 U
1726 2970 1744 2991 V
1763 2970 1824 2999 refu-

979 3008 1023 3038 yil,
1044 3011 1065 3031 et
1082 3015 1124 3037 pro
1137 3007 1314 3038 intelligendum
1327 3009 1377 3032 Val.
1390 3015 1443 3031 cuni
1456 3009 1569 3032 nonnullis
1580 3009 1650 3032 codd.
1662 3008 1823 3032 incedendum.

1870 919 1947 943 Triplex

1860 943 1954 961 obiectum

1855 966 1963 993 meditatio-

1889 995 1924 1008 nis.

1840 1525 1906 1545 Modus
1916 1526 1973 1545 buius

1854 1549 1961 1576 meditatio·

1888 1578 1924 1592 uls.
