2133 3317
364 267 416 289 PER

113 305 255 332 singularum
268 305 368 333 partium
381 305 450 327 huius
467 304 612 332 perfectionis
630 303 675 326 245

115 344 137 366 5.
165 350 199 372 sq.
230 344 274 366 246
301 345 323 366 6.
351 351 402 373 sqq.
428 344 472 366 247
500 344 535 365 10.
565 349 616 371 sqq.
645 355 676 359 —

114 383 172 405 Arca
189 386 222 405 est
240 383 314 411 figura
331 383 477 411 perfectionis
495 382 539 404 246
562 383 575 403 8
598 393 629 398 —
653 382 674 403 ln

113 424 171 444 statu
190 422 335 449 perfectionis
352 422 538 444 collocatvotum
550 420 676 448 Religionis

114 460 158 482 248
178 461 206 482 13
222 473 253 477 -
271 461 347 483 Status
371 460 494 488 Religionis
516 459 622 487 perducit
647 459 676 481 ad

114 500 277 527 perfectionem
296 500 337 522 251
363 499 392 521 25
414 512 443 515 -—
465 498 677 527 supererogationis

116 538 218 560 consistit
236 539 256 560 in
275 538 381 561 exercitio
399 538 500 565 vit-tutis,
518 538 540 559 in
563 541 618 559 voto
636 538 677 559 Re-

113 577 213 604 ligionis,
230 578 251 599 in
269 577 344 599 officio
362 577 508 605 praelationis
534 576 577 598 249
597 577 625 598 19
647 588 676 591 —

114 615 260 643 Comparatio
288 616 434 643 perfectionis
458 616 488 638 ad
512 615 676 644 perfectionem

114 654 137 676 in
154 655 236 677 eodem
255 657 277 677 et
294 655 317 677 in
334 655 427 677 diverso
445 661 529 683 genere
553 654 605 678 ibid.
632 655 676 677 250

115 694 151 715 20.
169 700 221 722 sqq.
240 706 269 710 —
281 694 359 722 Qualis
370 697 441 717 status
453 694 574 722 religiosus
585 695 614 716 sit
626 700 676 722 per-

116 733 194 754 fectior
211 733 260 755 aliis
278 732 307 755 ib.
324 734 353 755 20
370 746 401 749 -
418 733 508 755 Diversi
526 736 579 755 sunt
591 733 677 761 gradus

113 772 258 799 perfectionis
274 772 352 800 quoad
369 773 470 795 officium
488 773 632 800 praelationis
648 772 676 795 ib.

115 810 140 832 21
161 822 192 827 -
209 811 336 833 Differentia
354 811 430 840 quoad
449 811 612 839 perfectionem
637 812 678 833 Re-

116 849 250 877 ligiosorum
268 853 289 872 et
314 850 449 872 clericorum
476 851 522 872 sola
549 850 676 872 necessaria

115 888 260 911 retinentium
279 889 324 911 310
343 889 379 911 17.
396 896 446 918 sqq.
464 901 494 905 —
519 890 543 911 ln
559 895 606 917 quo
623 895 678 911 con-

115 927 178 950 sistat
195 928 319 950 differentia
339 928 395 950 inter
419 928 583 956 perfectionem
605 930 677 950 status

114 967 215 994 religiosi
233 969 255 989 et
271 967 417 995 praelationis
442 967 482 989 251
509 967 545 989 23.
571 973 622 995 sqq.
647 979 677 983 —

115 1006 148 1028 Ad
166 1006 330 1034 perfectionem
348 1009 420 1028 status
437 1006 562 1033 Religionis
584 1005 678 1034 requiri-

115 1047 152 1067 tur
168 1044 283 1067 abdicatio
301 1045 447 1072 proprietatis
465 1045 505 1066 251
528 1045 556 1067 53
574 1056 604 1060 -
617 1045 677 1066 Viris

114 1084 221 1112 perfectis
245 1090 291 1106 non
319 1087 353 1106 est
381 1086 529 1111 praeceptum
559 1083 678 1111 possidere

115 1122 174 1145 bona
193 1123 305 1145 Ecclesiae
322 1123 361 1144 29l
386 1122 421 1144 ⁴5.
439 1129 474 1151 sq.
492 1135 521 1138 -—
542 1126 614 1144 status
630 1123 678 1144 sine

115 1162 254 1190 perfectione
271 1161 345 1183 meriti
363 1167 405 1189 pro
423 1161 514 1183 modico
527 1161 633 1183 habenda
645 1165 678 1183 est

115 1201 160 1223 250
178 1201 207 1223 22
224 1213 255 1217 -
271 1200 402 1228 evangelica
425 1201 521 1229 requirit
545 1201 677 1222 exercitium

116 1240 228 1262 virtutum
245 1239 290 1262 247
310 1240 332 1261 11
355 1252 384 1255 -
402 1240 465 1262 modi
483 1239 577 1262 vivendi
600 1245 678 1267 supre-

115 1285 179 1301 mum
197 1281 258 1301 tenet
274 1279 349 1301 locum
367 1279 389 1301 in
406 1279 483 1307 aliquo
508 1281 567 1300 statu
593 1279 637 1300 286
665 1279 678 1301 3

115 1330 146 1334 -
162 1324 207 1340 11011
225 1320 311 1340 tantum
324 1318 380 1340 dicit
396 1318 495 1340 iustitiae
509 1318 678 1345 rectitudinem,

116 1356 157 1379 sed
174 1356 242 1378 etiam
260 1357 428 1384 expeditionem
446 1356 491 1378 295
510 1356 522 1378 4
538 1357 602 1378 —ln
619 1358 678 1378 statu

116 1398 138 1418 et
161 1396 242 1418 ordine
267 1395 413 1423 perfectionis
438 1396 535 1418 existens
561 1395 590 1417 ad
615 1398 679 1417 actus

116 1436 229 1463 perfectos
246 1435 351 1457 astrictus
368 1438 402 1457 est
417 1434 462 1457 247
481 1435 505 1456 11
526 1447 556 1450 -
581 1434 679 1457 maxima

117 1474 224 1502 congruit
240 1474 384 1502 praelationis
402 1474 468 1496 statui
486 1473 527 1495 251
551 1474 579 1495 23
597 1485 627 1490 —-
645 1473 678 1495 Ad

117 1513 280 1541 perfectionem
298 1513 413 1540 praelatus
430 1512 474 1535 sibi
491 1512 628 1535 commissos
650 1515 680 1534 at-

117 1553 207 1574 trahere
223 1551 305 1579 debet,
321 1558 368 1574 uon
385 1557 469 1579 cogere
488 1551 530 1573 143
549 1552 561 1573 6

163 1603 194 1607 -
211 1591 255 1619 Qui
272 1594 306 1613 est
323 1591 346 1613 in
362 1594 420 1613 statu
439 1591 568 1619 perfectiori
586 1597 630 1613 non
647 1593 681 1612 est

119 1636 210 1658 semper
228 1630 349 1658 perfectior
366 1636 393 1652 eo
410 1630 450 1659 qui
467 1633 501 1652 est
524 1630 545 1651 in
562 1632 621 1652 statu
640 1629 681 1651 im-

118 1670 218 1697 perfecto
236 1669 280 1691 268
298 1670 311 1691 6
329 1682 360 1685 -
377 1670 435 1691 111101
453 1669 598 1697 perfectionis
609 1675 680 1691 evan-

118 1708 204 1736 gelicae
220 1709 362 1736 professores
379 1708 482 1736 perversi
499 1711 551 1730 sunt
577 1708 647 1736 aliqui
660 1711 682 1730 et

117 1747 244 1775 imperfecti
262 1753 331 1776 quam
355 1747 448 1775 plurimi
466 1747 506 1769 311
541 1747 549 1768 1
578 1759 609 1763 -
634 1747 682 1769 Non

119 1792 200 1809 omnes
216 1788 280 1809 actus
298 1787 389 1809 Patrum
402 1786 548 1815 antiquorum
563 1786 620 1808 trahi
633 1792 683 1814 pos·

119 1828 172 1848 511111
190 1826 211 1847 111
229 1826 359 1853 exemplum
378 1825 525 1853 perfectionis
542 1826 587 1847 296
609 1826 630 1847 6.
649 1831 683 1853 sq.

119 1877 149 1881 —
166 1865 215 1887 Non
233 1871 315 1892 omne,
332 1865 396 1893 quod
414 1865 456 1886 viri
474 1865 569 1892 perfecti
588 1864 683 1891 faciunt,

119 1906 153 1926 est
170 1905 297 1932 perfectum
316 1904 360 1926 253
379 1904 400 1926 5.
418 1903 463 1926 254
480 1903 501 1925 7.
529 1904 573 1925 262
602 1903 629 1925 17
654 1915 684 1920 -

123 1943 230 1965 perfectis
246 1943 321 1965 omnis
337 1943 401 1965 locus
424 1946 491 1971 aptus
508 1945 542 1965 est
558 1949 600 1970 pro
618 1942 686 1964 disci-

124 1982 201 2010 plinae
216 1982 319 2004 internae
336 1982 448 2004 exercitiis
466 1981 506 2004 341
534 1981 549 2003 b
565 1993 596 1998 -
617 1982 686 2003 Actus

122 2021 151 2043 ad
176 2021 340 2048 perfectionem
362 2023 492 2049 spectantes
515 2020 610 2049 quidam
632 2023 686 2043 sunt

120 2060 236 2082 intrinseci
254 2063 275 2082 et
292 2060 430 2086 essentiales,
448 2059 543 2088 quidam
563 2059 686 2082 exteriores

126 2101 148 2121 et
164 2099 193 2121 ad
211 2099 357 2127 perfectionis
373 2099 568 2126 complementum
591 2098 686 2120 admini-

124 2138 224 2160 culantes
241 2138 285 2160 268
304 2138 317 2159 8
338 2150 367 2154 -
394 2137 493 2165 Quidam
511 2141 576 2159 actus
592 2137 685 2159 exterio-

123 2182 159 2199 res
186 2177 331 2205 perfectionis
359 2179 455 2204 possunt
472 2176 596 2202 intermitti,
622 2176 684 2198 salva

123 2215 271 2244 perfectione,
288 2215 395 2244 quidam,
413 2215 455 2237 11151
473 2221 514 2243 pro
531 2215 580 2237 loco
598 2218 619 2237 et
631 2218 685 2236 tem-

123 2260 180 2282 pore
197 2254 386 2280 intermittantur,
404 2259 456 2276 cum
470 2254 608 2281 perfectione
625 2256 685 2276 stare

123 2299 169 2315 non
187 2295 283 2320 possunt
305 2292 358 2315 ibid.
380 2305 411 2308 —
433 2293 514 2314 Forma
540 2292 686 2320 perfectionis

125 2335 236 2361 quantum
255 2332 283 2354 ad
301 2332 414 2360 quasdam
433 2331 528 2353 virtutes
545 2337 637 2358 semper
654 2337 686 2352 re·

123 2371 214 2393 tinenda
232 2374 278 2398 est,
303 2373 415 2399 quantum
438 2370 466 2392 ad
484 2370 597 2399 quasdam
622 2370 687 2392 inter-

124 2410 182 2432 mitti
200 2413 274 2438 potest
291 2409 336 2431 285
353 2410 382 2431 39
396 2422 424 2425 -—
438 2410 499 2431 Mens
517 2409 634 2437 perficitur
647 2415 687 2436 per

127 2449 234 2472 virtutem
253 2449 292 2471 271
315 2449 344 2470 20
370 2461 399 2465 ——
423 2449 444 2470 ln
463 2448 518 2470 viris
536 2453 634 2475 magnae
651 2453 688 2469 au·

125 2488 234 2510 ctoritatis
251 2490 285 2510 est
306 2490 452 2510 transcensus
474 2487 534 2509 vitae
558 2487 688 2508 communis

125 2533 152 2550 ex
168 2526 308 2549 sublimitate.
323 2526 413 2549 virtutis
431 2526 476 2548 265
493 2526 522 2547 27
539 2538 569 2541 -
587 2525 689 2553 praeexi-

127 2566 159 2594 git
176 2566 362 2588 illuminationem
382 2565 409 2587 17
432 2566 457 2587 13
474 2577 505 2581 -
517 2565 560 2593 Qui
578 2565 626 2586 vult
639 2570 690 2591 per-

126 2605 163 2627 1101
181 2611 205 2627 50
222 2605 251 2627 ad
268 2605 393 2632 sapientiae
410 2604 535 2632 igniculum
548 2606 638 2625 vertere
651 2603 689 2625 de-

128 2643 167 2666 bet
184 2645 197 2666 3
215 2645 228 2666 2
247 2656 276 2659 -
293 2644 326 2666 Ad
344 2643 508 2671 perfectionem
536 2642 690 2664 conscendere

128 2684 222 2711 cupiens
238 2690 249 2705 a
268 2689 292 2706 se
309 2684 361 2711 ipso
387 2683 486 2710 incipere
512 2682 581 2704 debet
606 2682 650 2704 108
680 2683 685 2703 l

129 2734 160 2739 —
177 2723 240 2750 Quae
256 2722 353 2744 virtutes
373 2724 477 2749 spectent
502 2721 531 2743 ad
557 2721 691 2743 exercitium

130 2762 215 2783 altioris
232 2761 378 2789 perfectionis
397 2760 440 2783 143
458 2761 471 2781 6
489 2772 520 2777 --
543 2761 606 2789 Quae
624 2760 692 2782 virtu-

130 2803 163 2822 tes
188 2800 317 2822 conducant
342 2800 370 2822 ad
397 2799 571 2828 acquisitionem
597 2802 619 2821 01
641 2805 692 2821 0011-

130 2839 284 2861 servationem
303 2839 450 2866 perfectionis
467 2838 496 2861 ib.
513 2838 528 2860 7
547 2851 574 2854 —
592 2838 692 2860 tltedium

132 2878 210 2900 efficax
227 2878 374 2905 perfectionis
391 2877 431 2899 501
457 2878 482 2899 lO
494 2889 525 2893 —
537 2876 693 2905 spiritualibus

131 2916 311 2944 propugnaculis
328 2916 414 2938 munita
432 2918 466 2938 est
482 2916 527 2938 252
547 2916 553 2937 1
575 2927 606 2932 -
625 2916 694 2938 Αο1115

132 2955 159 2977 ad
186 2955 350 2983 perfectionem
375 2961 527 2983 praeparans,
554 2960 694 2982 promovens

131 2995 167 3016 vel
184 3000 323 3016 conservans
340 2994 383 3016 259
403 2994 415 3015 8
434 3006 463 3010 -
490 2993 597 3015 Virorum
623 2994 695 3021 perfe-

805 225 903 254 lNDEX
925 225 1171 254 ALPHABETICUS.

709 305 798 325 ctorum
817 305 851 325 est
868 305 960 325 satanae
977 303 1082 325 resistere
1099 305 1121 324 et
1145 302 1271 330 sapientiae

710 347 792 364 vacare
809 342 853 364 258
874 341 886 364 4
903 354 933 358 -
951 342 1051 364 Perfecto
1072 341 1271 369 concupiscentias
1287 333 1289 342 ¹

709 381 805 403 domare
823 381 898 408 magis
914 381 1024 408 competit
1040 386 1111 409 quam
1137 380 1272 408 imperfecto

710 420 755 442 269
772 421 785 441 9
803 432 833 436 -
850 420 944 442 Perfecti
963 420 1006 442 iam
1024 419 1222 447 concupiscentias
1234 419 1273 441 do-

710 461 818 481 muerunt
835 459 880 480 266
898 459 935 480 30.
954 458 998 480 269
1017 459 1045 480 12
1064 470 1092 473 —
1118 458 1212 480 Pet-fecti
1235 458 1273 480 de-

710 498 764 520 bent
781 504 805 520 se
828 504 840 520 a
863 498 928 519 licitis
953 497 1091 524 restringere
1117 497 1157 518 281
1188 497 1216 518 26
1242 509 1272 513 -

711 537 857 559 Perfectionis
879 539 911 558 est
933 542 978 558 non
1001 536 1075 558 solum
1102 538 1206 563 peccata,
1231 536 1272 558 sed

711 576 778 598 ettam
796 575 928 598 occasiones
945 578 967 597 et
979 574 1094 597 bonorum
1107 575 1271 602 impedimenta

710 615 783 637 vitare
801 614 855 637 ibid.
878 627 905 630 -
932 614 1038 636 Perfectis
1063 614 1173 641 competit
1195 620 1273 641 supcr-

711 654 768 676 ssuas
785 653 936 682 cogitationes
952 653 1084 675 rescindere
1097 652 1126 675 ib.
1139 653 1167 674 28
1180 664 1210 668 -
1223 653 1273 674 Per-

712 693 801 715 fectioni
819 695 937 714 attestatur
954 692 1036 714 mentis
1061 691 1210 720 tranquillitas
1228 692 1272 713 260

712 733 725 754 9
753 744 783 748 -
810 732 957 754 Perfectionis
985 731 1048 753 radix
1059 748 1064 757 ,
1093 732 1178 759 torma,
1206 731 1273 757 finis,

711 771 905 799 complementum
934 773 955 792 et
982 770 1100 792 vinculum
1129 772 1163 792 est
1192 770 1274 792 caritas

712 810 756 832 241
775 811 788 832 2

758 861 788 865 -
800 849 834 871 Α(1
843 848 1031 877 consequendam
1041 848 1206 876 perfectionem
1219 847 1273 869 nihil

711 891 745 910 est
762 889 844 910 melius
867 887 960 909 caritate
987 886 1030 909 124
1051 887 1057 908 1
1079 900 1110 902 -
1127 887 1201 908 meriti
1218 886 1274 908 obti·

712 927 759 949 neri
777 933 823 949 non
849 928 924 954 potest
949 926 997 948 sine
1023 925 1117 947 caritate
1135 925 1178 947 250
1198 926 1226 947 22
1246 938 1273 940 -

711 966 797 992 Omne,
823 965 885 993 quod
912 967 947 987 est
969 965 1116 992 perfectionis
1142 964 1271 986 facillimum

711 1007 745 1027 est
762 1004 861 1031 homini,
878 1003 989 1032 acquisita
1002 1003 1163 1032 tranquillitate
1175 1003 1274 1024 caritatis

713 1044 736 1065 11
760 1044 784 1065 11
806 1055 837 1059 -
853 1042 950 1065 Culmen
976 1042 1121 1070 perfectionis
1148 1048 1193 1063 non
1211 1041 1274 1063 attin-

712 1083 744 1110 git
762 1082 854 1104 minima
873 1082 954 1103 caritas
972 1081 1016 1103 239
1034 1082 1047 1102 2
1065 1094 1095 1097 —
1113 1080 1176 1102 ducit
1192 1080 1221 1102 ad
1238 1086 1275 1102 ca-

711 1121 800 1143 ritatem
819 1121 832 1143 3
852 1121 859 1142 1
881 1132 912 1137 --
936 1121 1091 1142 Perfectorum
1113 1122 1145 1141 est
1169 1125 1275 1142 excessus

712 1160 733 1182 in
751 1160 824 1182 Deum
841 1166 883 1188 per
894 1165 998 1181 amorem
1016 1159 1148 1181 ecstaticum
1162 1158 1206 1180 246
1220 1159 1232 1180 6
1245 1171 1275 1174 —

712 1200 828 1221 Profectus
863 1198 963 1220 caritatis
996 1198 1085 1220 inducit
1111 1197 1274 1225 perfectionem

712 1239 815 1261 omnium
834 1238 948 1260 bonorum
969 1238 991 1259 11
1015 1238 1039 1259 11
1055 1250 1085 1254 -
1097 1237 1204 1259 Perfectis
1216 1242 1276 1259 com-

713 1278 767 1306 petit
792 1277 949 1299 misericordia
975 1276 1097 1299 abundans
1123 1276 1167 1298 269
1195 1276 1215 1297 11
1245 1288 1276 1291 -

712 1317 820 1339 l‘erfectis
852 1316 963 1344 competit
998 1315 1163 1338 miserabilium
1197 1321 1276 1337 curam

712 1362 794 1384 gerere
811 1356 856 1378 284
875 1356 902 1378 38
929 1368 959 1371 —
976 1355 1076 1377 caritatis
1101 1357 1135 1377 cst
1158 1354 1215 1376 mori
1233 1360 1276 1381 pro

713 1395 818 1423 proximo
836 1395 849 1416 9
867 1395 880 1416 8
897 1407 928 1411 -
945 1394 1041 1416 Devotio
1064 1393 1158 1416 roborat
1180 1393 1208 1415 ad
1227 1399 1277 1420 per-

713 1435 837 1457 ficiendum
858 1433 899 1456 147
917 1434 930 1455 2
948 1446 979 1449 -
996 1433 1128 1455 Ρο11001111111
1154 1432 1277 1460 invigilans

712 1473 853 1502 quotidianis
878 1473 985 1500 lacrymis
1011 1478 1035 1494 se
1058 1471 1184 1494 emundare
1209 1470 1278 1493 debet

714 1513 758 1535 518
777 1513 789 1534 8
807 1524 837 1529 ·-
855 1514 889 1534 est
905 1512 927 1534 in
945 1511 1085 1539 gratitudine
1098 1511 1125 1532 16
1145 1511 1172 1532 10

762 1565 790 1568 -
809 1551 955 1574 Perfectionis
980 1550 1044 1573 radix
1061 1552 1083 1572 et
1100 1549 1276 1572 fundamentum

715 1594 751 1613 est
768 1593 893 1619 paupertas
910 1590 1004 1618 spiritus
1022 1589 1066 1611 272
1079 1590 1100 1611 3.
1114 1589 1158 1611 523
1172 1589 1179 1610 1
1203 1601 1231 1604 -
1244 1588 1277 1609 Ad

715 1630 878 1658 perfectionem
903 1629 1028 1657 requiritur
1052 1629 1183 1656 relinquere
1200 1627 1277 1649 omnia

715 1672 737 1692 et
753 1669 818 1698 sequi
836 1668 951 1691 Christum
970 1668 1014 1690 242
1042 1668 1077 1689 10.
1101 1667 1146 1689 276
1173 1667 1208 1688 13.
1235 1666 1279 1688 314

720 1709 741 1730 ll
762 1721 793 1724 —
817 1707 937 1730 Abdicatio
960 1707 1107 1735 proprietatis
1131 1709 1166 1728 est
1190 1705 1279 1727 initium

716 1747 864 1775 evangelicae
880 1746 1026 1774 perfectionis
1044 1745 1088 1767 286
1106 1746 1119 1767 2
1137 1757 1167 1761 -
1184 1745 1281 1772 Pauper-

717 1789 751 1809 tas
768 1789 802 1808 est
819 1786 892 1808 virtus
909 1785 938 1807 ad
963 1784 1110 1813 perfectionis
1126 1784 1280 1811 integritatem

718 1826 846 1848 necessaria
877 1825 917 1846 112
941 1824 949 1846 1
979 1836 1010 1840 -
1031 1824 1155 1851 Paupertas
1173 1823 1235 1844 ducit
1252 1822 1280 1844 ad

718 1864 880 1892 perfectionem
899 1863 939 1885 501
962 1864 975 1884 8
987 1875 1016 1878 -
1029 1862 1175 1884 Perfectionis
1193 1861 1282 1889 insigne

719 1906 753 1926 est
770 1905 893 1931 paupertas
918 1902 1028 1924 altissima
1045 1901 1090 1923 273
1108 1901 1122 1923 5
1138 1913 1169 1917 -
1187 1900 1282 1922 Virtutis

721 1942 833 1964 maximae
850 1944 884 1964 est
900 1947 1008 1964 concessa
1027 1941 1153 1968 praeterire
1171 1939 1216 1962 244
1233 1945 1254 1966 11,
1267 1938 1282 1960 b

719 1994 749 1998 —-
767 1981 848 2003 mentis
865 1980 991 2009 acquiritur
1008 1979 1176 2002 contemnendo
1194 1981 1283 2006 tempo-

719 2021 773 2042 ralia
791 2021 836 2042 282
854 2020 882 2042 29
901 2032 931 2036 -
948 2019 1055 2041 Perfectis
1077 2018 1187 2046 competit
1203 2019 1283 2045 fugere

720 2060 811 2082 divitias
828 2059 868 2081 281
891 2059 929 2081 27,
948 2065 981 2087 sq.
999 2070 1030 2074 —
1047 2058 1114 2080 Multa
1140 2060 1192 2079 suut
1210 2057 1282 2083 utilia,

719 2105 818 2128 quorum
849 2098 975 2120 retentione
1004 2097 1110 2119 cumulus
1138 2096 1283 2124 perfectionis

719 2144 766 2160 non
784 2137 893 2160 accrescit
910 2137 954 2159 289
983 2137 1005 2158 tt
1029 2149 1057 2152 —
1076 2135 1222 2158 Perfectionis
1239 2135 1283 2157 cul-

719 2183 771 2199 men
791 2176 864 2198 maius
881 2178 915 2198 est
932 2176 953 2197 in
966 2178 1101 2203 paupertate
1113 2181 1183 2203 quam
1196 2175 1218 2196 in
1231 2180 1285 2201 pos-

719 2214 861 2238 sessionibus
886 2214 930 2237 294
954 2215 991 2241 22,
1010 2215 1018 2236 1
1040 2226 1070 2230 -
1087 2214 1181 2236 Perfecti
1199 2212 1285 2235 debent

718 2261 759 2277 sua
777 2254 892 2276 dimittere
908 2253 1036 2275 secundum
1055 2255 1126 2275 totum
1145 2252 1189 2274 242
1211 2252 1236 2274 10
1254 2264 1283 2268 -—

719 2300 765 2315 non
782 2296 816 2315 est
833 2293 854 2314 in
873 2292 1044 2320 possidentibus
1061 2292 1153 2320 propria
1171 2297 1213 2313 nec
1225 2297 1286 2313 com—

720 2331 798 2354 munia
816 2331 860 2353 290
882 2331 907 2352 14
925 2343 955 2347 -
976 2331 1054 2358 Qualis
1074 2330 1229 2352 communitas
1251 2336 1285 2352 re-

720 2376 771 2392 rum
790 2369 949 2398 temporalium
963 2375 1008 2391 non
1021 2371 1135 2396 repugnet
1152 2368 1285 2396 perfectioni

721 2409 765 2431 309
781 2409 874 2431 =lG.3lO
895 2408 921 2430 17

767 2460 799 2464 -
817 2447 877 2470 Viris
902 2447 1009 2475 perfectis
1031 2453 1076 2469 non
1103 2446 1214 2474 competit
1231 2447 1284 2473 fuga

721 2486 890 2515 persecutionis
906 2489 928 2508 et
946 2486 1025 2508 mortis
1051 2485 1096 2507 235
1114 2486 1127 2507 2
1144 2497 1175 2501 -
1193 2484 1235 2513 Qui
1257 2484 1286 2506 ie-

723 2526 783 2548 iunia
801 2526 904 2552 solvunt,
921 2524 1034 2547 reditibus
1058 2524 1153 2546 affluunt
1178 2526 1199 2545 et
1217 2524 1286 2546 hono-

723 2564 788 2587 ribus
804 2565 940 2586 extolluntur
957 2570 1002 2586 non
1015 2566 1067 2585 sunt
1080 2563 1173 2590 perfecti
1192 2561 1244 2585 ibid.
1255 2574 1286 2579 —-

723 2603 762 2625 His
779 2603 819 2632 qui
837 2603 1000 2630 perfectionem
1018 2602 1113 2630 adipisci
1132 2605 1154 2624 et
1165 2602 1285 2624 defensare

724 2645 843 2670 conantur,
861 2641 989 2664 necessaria
1001 2645 1035 2663 est
1046 2640 1182 2663 abstinentia
1200 2640 1244 2662 257
1265 2641 1284 2662 1.

725 2681 769 2703 258
793 2681 814 2702 3.
839 2687 874 2709 sq.
896 2680 940 2702 259
959 2681 981 2702 8.
1004 2680 1044 2702 261
1070 2680 1103 2702 13.
1122 2680 1167 2701 262
1191 2680 1223 2701 15.
1241 2679 1286 2701 263

728 2720 762 2747 18,
780 2721 804 2741 21
826 2732 856 2735 -
874 2720 917 2748 Qui
942 2719 1038 2747 cupiunt
1062 2725 1112 2741 esse
1130 2718 1224 2746 perfecti
1241 2724 1287 2740 ma-

725 2759 784 2781 xime
801 2757 886 2781 debent
902 2764 995 2780 servare
1012 2761 1034 2780 et
1050 2760 1159 2786 appetere
1176 2757 1286 2779 ieiunium

726 2798 771 2820 266
790 2798 811 2819 1.
829 2797 873 2819 270
894 2797 929 2819 tt.
948 2797 989 2819 271
1006 2798 1034 2818 20

772 2849 802 2853 -
819 2836 925 2858 diversae
942 2839 1076 2858 naturarum
1095 2838 1187 2857 manant
1204 2834 1233 2856 ab
1251 2841 1288 2857 ae-

727 2879 791 2898 terno
808 2875 930 2903 exemplari
949 2874 1077 2897 secundum
1095 2874 1183 2896 variam
1201 2874 1286 2896 summi

728 2915 782 2937 Boni
813 2913 1010 2942 participationem
1029 2913 1074 2935 243
1101 2913 1129 2935 12
1154 2925 1185 2929 -
1210 2913 1288 2935 variae

727 2956 868 2980 naturarum,
886 2953 996 2975 virtutum
1019 2955 1041 2974 ct
1065 2952 1224 2980 operationum
1243 2957 1288 2974 nia-

727 2993 833 3015 nifestant
850 2991 974 3014 bonitatem
987 2991 1100 3014 Creatoris
1117 2990 1162 3013 267
1181 2990 1194 3013 4

1811 225 1866 254 733

1562 265 1614 287 rer

1352 303 1459 326 ΡΕ11101111
1476 315 1508 320 -
1524 304 1547 326 111
1564 302 1739 325 imminentibus
1760 303 1867 331 periculis

1305 343 1448 370 frequentius
1465 342 1580 364 orandum
1598 344 1632 364 est
1652 342 1694 364 177
1712 342 1724 363 3

1352 381 1451 403 Pcnoxts
1468 393 1499 397 —
1516 381 1622 403 dIcuntur
1639 381 1739 403 sandalia
1759 381 1803 403 388
1821 381 1834 402 6

1352 420 1486 442 ΡΕ1155011110
1503 432 1534 436 -
1551 423 1585 442 051
1602 420 1729 442 adversitas
1751 419 1780 441 ab
1805 422 1867 442 extra

1306 457 1350 480 434
1370 459 1397 480 10
1414 471 1445 475 —
1457 461 1490 481 est
1507 459 1583 486 passio
1595 459 1719 481 extrinseca
1734 458 1777 480 443
1796 459 1825 480 20
1837 470 1868 475 --

1305 509 1335 513 —
1353 497 1404 519 Vita
1422 504 1532 525 praesens
1550 504 1668 526 nunquam
1686 500 1747 519 caret
1759 503 1868 525 persecu—

1306 535 1406 558 tionibus
1430 535 1459 559 ib.
1486 537 1514 558 22
1536 549 1566 552 ——
1588 536 1735 559 sustinendae
1760 539 1814 558 sunt
1830 542 1868 564 pa-

1306 575 1385 597 tienter
1402 574 1457 597 ibid.
1475 588 1506 592 —
1519 576 1648 603 perducunt
1659 576 1688 598 ad
1701 575 1798 603 gloriam
1811 575 1866 597 caeli

1305 613 1359 636 ibid.
1376 626 1407 630 —
1424 615 1584 637 Persecutores
1597 614 1706 637 fabricant
1718 618 1819 637 nostram
1832 621 1868 637 co-

1305 659 1386 675 ronam
1405 653 1449 675 446
1467 654 1497 675 33
1514 665 1545 669 -
1561 660 1605 675 11οη
1623 656 1676 675 511111
1692 653 1753 676 aliud
1772 653 1814 676 uisi
1833 659 1868 675 ae-

1306 692 1362 714 terni
1388 692 1466 720 gaudii
1490 693 1583 714 materia
1602 692 1630 714 58
1649 693 1662 713 8
1679 704 1709 709 -
1727 693 1750 714 ln
1767 692 1868 714 tentatio-

1306 730 1375 753 nibus
1392 731 1475 759 gaudia
1489 731 1543 753 caeli
1557 731 1732 759 contemplanda
1745 734 1797 753 sunt
1814 730 1869 753 ibid.

1305 782 1336 785 —
1353 770 1496 798 persequens
1513 770 1598 792 iustum
1624 776 1721 798 peccare
1738 770 1796 792 iuste
1814 776 1866 798 per-

1307 809 1403 831 mittitur
1421 809 1465 831 256
1488 809 1512 831 18

1354 848 1534 870 Psasevananrm
1547 860 1578 864 —
1589 850 1622 869 est
1634 847 1738 869 omnium
1755 847 1868 869 virtutum

1307 887 1486 908 consummatrix
1502 887 1544 908 125
1563 887 1570 908 1
1586 898 1617 902 -
1630 886 1787 908 Perseveranti
1802 886 1869 908 datur

1307 931 1390 947 corona
1404 925 1490 952 gloriae
1502 928 1524 947 et
1534 925 1625 947 honoris
1638 924 1665 947 ib.
1677 926 1690 947 2
1700 938 1729 941 —
1739 925 1869 947 Praemium

1307 964 1375 986 datur
1391 964 1433 986 soli
1451 964 1608 992 perseveranti
1626 964 1671 985 398
1684 965 1697 986 5
1709 976 1740 980 -
1752 964 1870 986 Bonorum

1307 1003 1476 1025 consummatio
1493 1003 1539 1024 sola
1558 1006 1652 1025 coronat
1670 1002 1709 1024 441
1727 1003 1755 1024 12
1767 1015 1798 1019 -
1810 1003 1870 1025 Haec

1307 1041 1477 1065 consummatio
1495 1042 1536 1063 tria
1549 1042 1645 1070 requirit
1657 1040 1710 1064 ibid.
1722 1042 1786 1063 —in
1800 1042 1870 1064 omni-

1308 1080 1352 1102 bus
1369 1080 1547 1103 adversitatibus
1564 1087 1576 1102 a
1595 1080 1706 1102 membris
1721 1080 1803 1103 Christi
1822 1087 1869 1102 ser-

1308 1119 1384 1141 vanda
1402 1122 1435 1141 051
1457 1120 1497 1141 178
1516 1120 1529 1141 2
1549 1132 1575 1135 —
1594 1120 1673 1142 Virtus
1690 1119 1871 1147 longanimitatis

1309 1164 1459 1185 perseverare
1475 1158 1607 1181 volentibus
1628 1164 1719 1181 summe
1742 1158 1870 1181 necessaria

1308 1200 1343 1219 est
1361 1198 1400 1219 201
1424 1198 1452 1219 80

1356 1239 1455 1260 Pansam
1472 1250 1503 1254 —
1520 1238 1580 1266 Quid
1600 1238 1629 1260 sit
1653 1243 1751 1265 persona
1775 1237 1871 1265 interpo-

1308 1277 1350 1299 sita
1368 1277 1445 1305 quoad
1463 1283 1531 1299 usum
1544 1277 1655 1304 pecuniae
1667 1276 1712 1299 314
1726 1277 1753 1298 12
1766 1289 1796 1292 -
1808 1276 1871 1304 Quae

1309 1316 1358 1338 iura
1376 1319 1397 1338 et
1414 1316 1486 1338 officia
1506 1315 1589 1338 habeat
1605 1315 1658 1338 ibid.

1356 1355 1524 1377 Pensmcicms
1533 1367 1562 1370 —
1575 1358 1651 1376 contra
1665 1354 1783 1377 diabolum
1796 1354 1872 1382 acqui-

1310 1394 1381 1416 renda
1399 1393 1522 1416 imitatione
1540 1393 1620 1415 Christi
1643 1394 1668 1415 13
1686 1393 1698 1415 3

1357 1433 1476 1455 Panustuus
1493 1444 1523 1448 —
1540 1433 1602 1454 lacus
1619 1433 1663 1455 528
1682 1433 1694 1453 8

1358 1472 1508 1494 Ρεκνο11511115
1524 1483 1554 1487 -
1572 1471 1675 1493 Perversi
1692 1474 1807 1500 quaerunt
1823 1477 1873 1499 per-

1311 1514 1412 1538 vertere,
1430 1510 1543 1538 impedire
1560 1512 1582 1532 et
1598 1510 1710 1533 desideria
1736 1510 1833 1538 Spiritus
1850 1510 1872 1532 S.

1311 1550 1410 1572 lacerare
1428 1549 1456 1571 89
1474 1549 1487 1571 3
1505 1561 1536 1565 -
1554 1549 1613 1571 Deus
1636 1552 1736 1571 nostram
1762 1549 1873 1576 perversi-

1312 1592 1380 1611 tatem
1398 1589 1515 1616 corrigere
1532 1591 1607 1616 potest
1625 1588 1668 1610 492
1687 1588 1700 1610 5

1360 1629 1401 1650 Pes
1417 1640 1447 1644 -—
1464 1628 1558 1650 Nuditas
1576 1627 1661 1655 pedum
1679 1630 1713 1649 est
1730 1627 1759 1649 de
1776 1633 1801 1649 se
1817 1627 1875 1649 atui-

1314 1667 1373 1689 ctiva
1390 1669 1412 1689 et
1429 1666 1575 1694 despicabilis
1592 1666 1636 1688 307
1655 1667 1668 1688 8
1687 1678 1718 1682 —-
1735 1666 1821 1688 Pedum
1837 1673 1875 1688 nu-

1313 1706 1373 1728 ditas
1389 1709 1423 1727 est
1447 1711 1528 1733 aspera
1555 1711 1629 1733 poena
1656 1705 1699 1727 403
1722 1705 1746 1727 18
1764 1717 1794 1721 -
1817 1705 1876 1733 Quo-

1314 1745 1384 1767 modo
1401 1745 1574 1772 intelligendum
1592 1745 1621 1767 sit
1642 1743 1739 1766 verbum
1758 1744 1876 1772 Evangelii

1314 1784 1382 1806 nudis
1399 1783 1498 1812 pedibus
1515 1783 1648 1805 ambulandi
1672 1783 1716 1805 305
1734 1783 1748 1805 5
1764 1795 1795 1799 -
1812 1783 1876 1805 Ρ1110-

1315 1823 1383 1851 cipue
1400 1829 1438 1845 sex
1455 1823 1484 1845 de
1501 1823 1577 1844 causis
1592 1822 1695 1845 Clu-istus
1706 1822 1820 1849 Apostolis
1832 1823 1876 1844 hoc

1316 1862 1449 1884 mandatum
1473 1862 1537 1883 dedit
1562 1861 1606 1883 307
1626 1862 1638 1882 8
1656 1874 1685 1877 -
1703 1862 1765 1889 Quos
1790 1860 1877 1888 obliget

1316 1903 1358 1923 hoc
1368 1903 1517 1929 praeceptum
1531 1900 1575 1922 404
1588 1901 1612 1922 21
1629 1912 1659 1916 -
1672 1901 1797 1922 Solvuntur
1809 1906 1877 1928 quae-

1315 1941 1369 1962 dam
1387 1940 1528 1962 obiectiones
1550 1939 1579 1961 de
1601 1939 1687 1967 pedum
1711 1939 1814 1961 nuditate
1832 1938 1876 1960 403

1316 1980 1354 2002 20.
1372 1979 1415 2001 404
1433 1980 1471 2001 21.
1488 1985 1522 2007 sq.
1535 1991 1565 1995 —
1577 1979 1681 2000 Haeresis
1692 1978 1761 2000 nudis
1779 1977 1878 2006 pedibus

1315 2018 1483 2040 ambulantium
1501 2017 1546 2040 305
1565 2017 1578 2039 4
1595 2030 1626 2034 --
1642 2017 1676 2039 Ad
1700 2017 1756 2039 iram
1775 2017 1814 2038 Dei
1833 2017 1878 2044 pla-

1316 2057 1413 2079 eandam
1436 2056 1580 2079 consuetudo
1606 2056 1759 2078 ecclesiastica
1786 2056 1807 2078 in
1825 2061 1879 2083 pro-

1316 2095 1459 2118 cessionibus
1476 2095 1547 2123 pedes
1564 2095 1635 2117 nudat
1653 2095 1697 2117 307
1716 2096 1728 2116 8

1364 2136 1495 2157 ΡΕτηΑΜΛιΑ
1512 2147 1543 2151 -
1559 2135 1581 2156 111
1598 2134 1680 2162 Apulia
1692 2134 1737 2156 563
1750 2135 1763 2156 2

1364 2175 1448 2196 Pernus
1464 2186 1496 2190 —
1512 2180 1524 2195 a
1542 2177 1604 2201 petra
1623 2173 1699 2195 dictus
1715 2176 1749 2195 est
1765 2173 1805 2194 391
1823 2173 1836 2194 2
1848 2184 1880 2188 -

1317 2213 1347 2236 ad
1364 2213 1526 2240 discipulatum
1543 2219 1555 2234 a
1573 2212 1662 2235 Christo
1679 2212 1793 2239 corporali
1810 2217 1879 2233 voca-

1319 2252 1380 2274 tione
1397 2255 1538 2280 praeventus
1560 2254 1594 2274 est
1619 2251 1663 2273 397
1682 2252 1695 2273 2
1713 2264 1743 2266 -
1759 2254 1808 2272 erat
1824 2251 1880 2272 litte-

1319 2297 1396 2313 rarum
1414 2291 1528 2318 imperitia
1546 2291 1642 2318 simplex
1660 2291 1704 2312 538
1724 2289 1751 2311 14
1764 2302 1793 2305 —-
1807 2290 1879 2311 tactus

1318 2333 1352 2352 est
1369 2330 1467 2357 Spiritus
1479 2331 1501 2352 S.
1514 2329 1642 2351 eruditione
1654 2328 1746 2351 illustris
1759 2327 1811 2351 ibid.
1823 2340 1855 2344 —
1866 2334 1879 2350 a

1318 2368 1408 2390 Christo
1424 2368 1552 2396 specialiter
1569 2368 1599 2390 ad
1615 2367 1668 2389 fidei
1685 2367 1757 2390 robur
1773 2373 1880 2394 praemo-

1319 2407 1380 2429 nitus
1396 2410 1430 2429 est
1447 2407 1476 2428 75
1495 2407 1522 2429 16
1540 2419 1570 2423 -
1588 2409 1680 2429 secutus
1705 2409 1739 2428 est
1763 2405 1879 2429 Christum

1320 2446 1342 2468 in
1368 2447 1450 2468 atrium
1472 2446 1502 2468 76
1526 2446 1550 2467 21
1580 2458 1611 2462 -
1628 2446 1657 2468 ad
1683 2451 1764 2468 vocem
1787 2445 1880 2467 ancillae

1320 2485 1433 2508 Christum
1452 2488 1486 2507 ter
1503 2485 1596 2512 negavit
1612 2484 1666 2507 ibid.
1678 2497 1708 2501 —-
1720 2486 1825 2512 respectu
1838 2484 1880 2506 mi-

1320 2524 1440 2547 serationis
1466 2526 1489 2546 et
1516 2524 1602 2551 gratiae
1633 2523 1790 2546 commonitus
1818 2523 1881 2545 nevit

1320 2570 1398 2586 amare
1415 2562 1469 2585 ibid.
1486 2575 1516 2578 —
1533 2563 1637 2591 expiatus
1659 2568 1672 2584 a
1695 2565 1758 2584 reatu
1776 2562 1880 2588 sceleris,

1320 2603 1420 2630 repletus
1437 2604 1471 2624 est
1487 2602 1566 2629 spiritu
1585 2600 1709 2623 sanctitatis
1725 2600 1779 2623 ibid.
1796 2613 1824 2616 ——
1842 2601 1882 2623 Na-

1321 2641 1394 2663 vicula
1414 2641 1470 2663 Petri
1488 2640 1601 2668 significat
1619 2640 1740 2662 Ecclesiam
1754 2639 1797 2662 377
1812 2639 1835 2661 11
1852 2652 1881 2655 -

1321 2679 1417 2707 replevit
1433 2685 1542 2707 sagenam
1566 2679 1678 2701 Ecclesiae
1703 2678 1882 2700 multiformitate

1321 2718 1464 2741 credentium
1482 2719 1526 2740 538
1547 2717 1574 2740 14
1592 2730 1621 2734 --
1639 2724 1650 2739 a
1669 2717 1765 2739 Domino
1778 2718 1821 2740 hoc
1832 2723 1882 2739 sae-

1321 2758 1398 2779 culum
1422 2757 1600 2784 gubernandum
1626 2757 1728 2784 suscepit
1753 2756 1793 2778 391
1821 2757 1834 2778 2
1851 2768 1883 2772 -

1322 2796 1409 2824 positus
1431 2800 1465 2818 est
1491 2796 1602 2818 Ecclesiae
1629 2796 1802 2818 fundamentum
1828 2794 1884 2817 ibid.

1321 2847 1352 2851 —
1368 2837 1402 2857 cst
1427 2835 1535 2862 princeps
1559 2835 1721 2862 Apostolorum
1739 2834 1784 2856 538
1810 2834 1835 2856 14
1853 2846 1884 2850 -

1321 2873 1407 2901 recepit
1432 2880 1502 2901 super
1527 2873 1583 2896 alios
1604 2873 1725 2901 Apostolos
1743 2873 1883 2895 ordinariam

1322 2915 1458 2941 potestatem
1476 2913 1521 2935 392
1539 2914 1552 2934 2
1569 2925 1600 2929 ——
1618 2913 1642 2934 B.
1660 2913 1724 2935 Petro
1741 2912 1838 2934 Ecclesia
1852 2918 1885 2934 re-

1323 2952 1397 2979 genda
1420 2954 1442 2973 et
1466 2952 1582 2974 dilatanda
1606 2951 1760 2979 principaliter
1786 2957 1798 2973 a
1824 2951 1886 2973 Chri-

1322 2993 1356 3013 sto
1377 2991 1537 3013 commendata
1565 2993 1599 3013 est.
1621 2990 1666 3013 375
1690 2991 1702 3013 2
1719 3003 1749 3006 -
1766 2991 1885 3013 Romanae
