2133 3317
772 219 1015 249 PROLEGOMENA
1035 220 1064 249 C.
1086 221 1126 249 111.

137 299 174 322 14.
195 297 355 326 Vindobonae,
373 298 510 321 bibliotheca
528 297 641 325 Palatina,
658 297 709 320 eod.
728 297 797 324 1713,
815 297 860 319 iam
878 298 915 320 de-

73 347 174 375 scriptus
190 352 260 374 supra
277 352 331 374 pag.
349 345 465 367 LXXXlV
481 351 503 367 n.
521 344 559 367 64.
579 344 644 366 —ln
662 344 775 372 superiori
793 347 858 372 parte
870 345 915 366 tolii

75 393 127 417 ⁴24.
147 393 242 421 legitur:
260 391 344 421 Incipit
360 393 478 415 tractatus
494 390 599 414 eiusdem
615 390 693 414 sancti
709 391 876 414 Bonaventure
888 390 915 414 de

73 439 211 464 humilitate.
232 438 268 462 Act
284 438 434 462 altitudinem
451 438 592 462 humilitatis
609 441 652 461 etc.
665 437 751 460 Desinit
763 438 800 460 sol.
814 438 867 460 127.
878 444 914 460 v.:

73 485 254 517 ferventioribus
270 485 354 508 studiis
368 485 455 514 preire.
473 484 578 514 Eapticit
600 485 716 507 tractatus
739 484 817 507 sancti
841 484 915 507 Bona-

72 534 169 557 venttue
184 532 212 555 de
230 532 314 556 vetate
331 531 486 559 tizmzttttatis,
502 531 605 555 doctoris
621 530 746 560 seraphici.

134 627 147 655 ξς
156 626 179 648 6.
188 624 292 655 Epistola
303 624 335 648 ad
344 624 463 654 quendam
472 624 586 648 novitium
596 624 733 647 insolentem
744 625 766 647 et
775 623 916 647 instabilem.

134 673 195 695 Haec
213 672 292 700 incipit
309 671 400 694 verbis:
421 672 464 694 «ln
481 671 571 694 Christo
588 671 736 698 carissimo»,
754 676 814 699 quae
827 675 869 693 nec
884 670 916 692 in-

73 722 106 742 ter
130 725 201 747 opera
228 719 250 741 S.
267 719 444 741 Bonmenturae
460 724 516 745 nec,
532 718 597 747 quod
613 718 707 745 scimus,
724 717 778 740 alibi
795 719 915 746 hucusque

73 767 184 795 impressa
207 768 250 788 est.
272 766 323 793 lpsa
349 765 468 788 invenitur
485 765 507 787 in
529 764 543 787 ὅ
565 764 685 788 codicibus
702 771 765 792 msc,
783 770 883 793 quorum
902 763 915 786 4

73 819 125 836 eam
142 811 229 835 habent
246 812 378 834 immediate
395 815 448 840 post
469 811 598 841 Speculum
623 810 772 840 disciplinae,
789 816 843 833 cum
868 816 915 839 quo

73 862 95 883 et
111 859 189 888 quoad
206 858 319 887 principia
335 858 453 881 doctrinae
470 861 492 881 et
508 858 586 887 quoad
604 858 680 880 stilum
697 858 785 886 optime
801 858 916 884 convenit,

74 906 103 929 ita
120 910 145 929 ut
162 908 287 934 utrumque
303 906 416 933 scriptum
434 905 538 928 eiusdem
556 905 656 927 auctoris
672 910 723 927 esse
739 905 852 932 suspicari
864 905 917 933 quis

73 953 151 982 possit.
169 953 233 981 Quae
255 952 386 975 coniectura
411 952 560 974 confirmatur
585 952 716 974 testimonio
742 951 798 974 boni
818 951 917 978 codicis,

74 1005 144 1029 quem
160 1000 218 1021 intra
243 999 265 1022 in
282 999 377 1022 elencho
394 999 502 1021 codicum
520 998 553 1027 (n.
570 998 600 1026 5.)
619 1004 646 1021 ex
663 997 770 1020 Haureau
791 998 917 1021 attulimus.

73 1046 166 1070 Disertis
182 1047 243 1069 enim
261 1046 339 1069 verbis
356 1046 387 1068 ibi
403 1046 524 1075 utriusque
541 1048 620 1068 auctor
637 1046 673 1068 ille
689 1046 725 1068 Fr.
737 1046 868 1068 Bernartius
887 1046 917 1068 de

73 1093 141 1116 Bessa
158 1093 247 1116 dicitur.

352 1185 487 1216 Elenehus
507 1185 637 1215 codicum.

323 1279 341 1303 1.
359 1279 449 1304 Codices
466 1287 480 1303 a
496 1279 560 1303 nobis
577 1278 665 1302 collati.

137 1375 158 1397 1.
175 1373 292 1402 Berolini,
310 1373 448 1396 bibliotheca
466 1375 546 1402 Regia,
563 1374 614 1396 cod.
633 1375 700 1397 theol.
718 1374 756 1396 lat.
774 1374 825 1396 l53.
843 1375 915 1396 chart.

74 1422 96 1445 in
108 1421 129 1445 4.
142 1422 226 1445 saeculi
238 1422 289 1444 XV.
301 1424 353 1450 post
365 1422 519 1444 medietatem.
530 1433 562 1438 —
574 1422 626 1444 Post
637 1421 775 1449 opusculum
789 1420 917 1450 Speculum

74 1468 210 1499 disciplinae
229 1469 266 1492 tol.
283 1469 319 1491 66.
337 1469 452 1497 seqnitur:
471 1468 555 1498 Incipit
570 1467 668 1498 epistota.
685 1467 716 1490 ad
741 1467 860 1497 quendam
877 1473 917 1490 no-

74 1514 156 1539 vitium
179 1515 317 1538 insolentem
342 1516 364 1538 et
386 1514 526 1538 instabilem.
545 1515 572 1537 In
589 1515 637 1537 A'to
655 1515 708 1537 Iesu
732 1513 776 1537 sibi
792 1513 917 1537 carissimo

73 1562 146 1592 fratri
160 1562 262 1586 salutem
278 1562 302 1585 in
321 1561 420 1585 Domino
437 1561 577 1591 confortari.
599 1561 660 1589 Vidi,
678 1561 813 1589 carissime,
830 1560 917 1591 faciem

75 1611 140 1632 tuam
157 1612 200 1632 etc.
219 1609 305 1631 Desinit
322 1610 360 1631 tol.
377 1609 415 1631 73.
432 1615 462 1631 r.:
476 1608 542 1638 Opto,
556 1610 582 1632 ut
599 1608 624 1631 in
640 1609 688 1631 Xto
705 1608 785 1631 valeas
802 1607 854 1631 etin
868 1607 917 1631 eius

74 1661 156 1679 amore
175 1662 269 1686 semper
284 1655 406 1686 proficias.
425 1656 506 1678 Amen.
524 1668 554 1671 -
572 1656 596 1677 111
614 1656 656 1677 hac
672 1657 750 1677 nostra
771 1654 871 1677 editione
888 1654 917 1676 si-

74 1705 157 1731 gnatur
173 1703 246 1725 littera
263 1703 290 1725 Α.

136 1751 159 1772 2.
177 1749 274 1777 Ibidem,
292 1749 343 1772 cod.
361 1749 430 1771 theol.
447 1749 484 1771 lat.
502 1749 555 1775 172,
573 1749 617 1770 iam
636 1748 765 1776 descriptus
781 1754 852 1776 supra
864 1754 918 1776 pag.

74 1796 153 1820 XCVll
171 1803 193 1819 n.
212 1797 233 1819 8.
250 1809 282 1813 -
298 1797 369 1818 Etiam
387 1796 410 1818 in
427 1797 471 1818 hoc
493 1796 573 1818 codice
595 1795 691 1824 epistola
708 1795 812 1824 sequitur
821 1801 918 1823 opuscu-

73 1843 121 1866 lum
139 1843 266 1873 Speculum
283 1842 434 1873 disciplinae,¹
453 1843 528 1871 incipit
547 1843 584 1865 tol.
602 1843 638 1865 51.
656 1849 679 1864 v.
695 1842 744 1864 sine
762 1842 838 1864 titulo:
859 1841 917 1869 Vidi,

75 1890 199 1914 carissime
223 1893 266 1913 etc.
291 1890 378 1912 Desinit
399 1891 435 1912 tol.
461 1890 497 1912 55.
523 1896 546 1912 v.
574 1892 597 1912 ut
618 1890 641 1912 in
668 1889 813 1917 praecedenti
831 1889 919 1912 codice.

76 1938 139 1966 Sign.
157 1938 181 1960 B.

138 1984 164 2006 Hi
182 1984 230 2006 duo
247 1984 306 2006 inter
323 1989 348 2006 se
364 1989 456 2012 semper
473 1983 625 2011 conveniunt,
650 1983 752 2012 exceptis
773 1983 919 2011 paucissimis

74 2031 129 2054 locis
145 2031 174 2053 ad
191 2031 278 2053 calcem
295 2030 385 2053 notatis.

137 2078 158 2100 3.
177 2077 291 2105 Parisiis,
309 2077 448 2100 bibliotheca
473 2077 607 2106 Nadonatts,
632 2077 684 2100 cod.
711 2077 799 2104 18327,
825 2077 854 2100 de
872 2083 919 2106 quo

75 2125 167 2153 egimus
184 2131 255 2153 supra
272 2131 325 2153 pag.
343 2125 414 2147 LXIX
433 2131 454 2147 n.
472 2125 509 2147 24.
527 2137 558 2142 -
574 2125 652 2153 incipit
669 2125 705 2147 tol.
725 2124 776 2147 174.
792 2130 811 2146 r.
823 2124 858 2147 his
870 2130 920 2147 ver-

76 2171 124 2195 bis:
142 2171 248 2201 Epistola
265 2171 314 2195 alia
337 2171 441 2195 eiusdem
462 2171 495 2195 ad
511 2171 629 2201 quendam
655 2171 784 2195 novitium:
806 2170 865 2199 Vidi,
882 2176 919 2194 ca·

74 2218 170 2243 rissime
186 2221 228 2242 etc.
245 2219 331 2242 Desinit
349 2219 385 2241 fol.
404 2219 455 2241 179.
473 2224 491 2241 r.
510 2221 534 2241 ut
550 2218 664 2247 superius.
682 2218 746 2246 sign.
763 2217 788 2240 C.

139 2266 181 2289 Hic
198 2266 275 2294 plures
300 2265 370 2289 habet
395 2271 486 2288 errores
510 2265 595 2288 librarii
612 2271 683 2294 quam
700 2267 718 2287 Α
735 2265 759 2293 B,
777 2264 816 2287 sed
840 2264 917 2293 quoad

76 2313 198 2336 sententias
215 2313 329 2336 convenit.

288 2406 317 2429 11.
336 2405 426 2430 Codices
443 2413 458 2429 a.
473 2405 539 2429 nobis
555 2412 599 2429 non
616 2405 705 2429 collati.

138 2500 159 2522 4.
179 2499 330 2530 Groninqae,
347 2499 484 2523 bibliotheca
497 2500 665 2527 Universitatis,
677 2500 729 2522 cod.
746 2499 772 2521 C.
789 2500 803 2521 t.
824 2500 829 2521 1
847 2500 918 2521 chart.

77 2545 99 2568 in
117 2546 137 2569 4.
154 2552 214 2569 saec.
237 2547 290 2569 XV.
314 2549 366 2569 ante
383 2547 537 2569 medietatem.
554 2559 585 2562 —
602 2547 649 2569 Fol.
673 2546 709 2569 55.
728 2553 745 2568 r.
764 2549 816 2574 post
832 2545 917 2568 verba:

77 2592 180 2622 Explicit
197 2593 224 2616 de
241 2593 382 2623 Disciplina,
400 2593 516 2622 sequitur:
534 2593 640 2623 Epistola
657 2593 689 2616 ad
710 2592 827 2622 quendam
852 2591 917 2615 nori-

78 2639 136 2663 tium
153 2640 291 2664 insolentem
308 2642 331 2664 et
346 2640 486 2664 instabilem.
500 2641 526 2663 In
538 2640 606 2663 ltiesu
618 2640 666 2663 Xto
678 2639 724 2663 sibi
734 2639 858 2663 carissimo
869 2639 917 2668 fra·

78 2685 115 2709 tri.
136 2686 198 2715 Vidi,
215 2687 350 2715 carissime,
362 2687 448 2717 faciem
460 2689 526 2710 tuam
542 2689 585 2709 etc.
599 2687 685 2709 Desinit
697 2687 733 2709 tol.
745 2687 781 2709 60.
799 2693 834 2709 r.:
848 2686 915 2716 Opta,

79 2735 105 2756 ut
121 2733 146 2757 in
161 2734 209 2757 Xto
228 2733 306 2757 valeas
323 2736 344 2757 et
360 2733 384 2757 in
402 2733 451 2757 eius
469 2740 551 2757 amore
567 2739 660 2763 semper
669 2732 790 2764 proficias.
803 2734 886 2757 Amen.

139 2780 160 2803 5.
178 2781 251 2803 Alium
269 2781 373 2804 codicem
391 2781 522 2804 invenimus
538 2781 634 2804 relatum
652 2780 682 2803 ab
699 2780 817 2808 Haureau3
830 2781 858 2803 de
870 2787 917 2809 quo

77 2827 130 2850 vide
146 2834 216 2857 supra
232 2834 286 2857 pag.
304 2828 392 2851 XCVltl
403 2835 426 2851 n.
437 2829 475 2851 25.
492 2829 545 2851 Post
556 2827 684 2858 Speculum
695 2826 839 2857 disciptinae,
853 2827 918 2857 quod

78 2873 184 2897 tribuitur
202 2875 243 2898 Fr.
262 2875 386 2898 Bernardo
405 2874 433 2898 de
454 2876 539 2903 Bessa,
562 2875 666 2904 sequitur
691 2875 747 2897 haec
764 2874 870 2904 Epistola
886 2874 919 2898 act

79 2920 196 2949 quendam
211 2921 327 2945 novitium
344 2921 481 2946 insolentem
498 2923 520 2945 et
536 2921 668 2945 instabilem
689 2924 712 2944 et
728 2921 833 2944 additur:
850 2921 918 2945 Eius-

79 2966 141 2996 dem,
161 2968 228 2992 citius
245 2971 267 2992 et
283 2969 411 2999 Speculum
428 2969 574 2999 disciptinae.

1765 222 1818 251 Clll

1034 301 1047 327 ‘5
1065 300 1088 321 7.
1109 299 1229 329 opuscula
1247 299 1389 330 rhythmica.

1035 346 1130 368 Difficile
1146 349 1181 369 est
1197 347 1227 369 de
1243 349 1337 369 auctore
1356 348 1440 369 horum
1465 347 1607 373 carminum,
1628 352 1729 376 quorum
1753 347 1816 375 quin-

972 398 1017 420 que
1035 392 1078 414 sub
1096 394 1139 415 hoc
1157 393 1220 416 titulo
1237 393 1395 421 publicamus,
1413 394 1523 416 iudicium
1535 394 1629 416 omnino
1641 395 1732 417 certum
1745 395 1816 421 [ενι-ες

972 439 1035 461 unde
1052 442 1210 467 opportunum
1228 441 1304 463 visum
1317 437 1362 468 est,
1379 441 1422 463 illis
1439 441 1497 463 inter
1522 440 1592 463 dubia
1610 440 1721 468 opuscula
1739 440 1815 463 locum

972 485 1037 508 dare.
1056 486 1121 509 Plura
1139 487 1168 509 de
1185 488 1228 510 hoc
1245 488 1304 510 dicta
1322 490 1375 510 sunt
1392 488 1449 510 intra
1467 493 1520 516 pag.
1540 488 1592 515 667,
1610 490 1662 510 nota
1680 488 1700 510 1.

1035 534 1101 555 Νι1111.
1120 535 1134 555 l.
1152 533 1293 557 Laudismus
1311 534 1338 557 de
1355 536 1439 558 sancta
1456 541 1533 558 cruce.

1036 580 1068 601 De
1086 581 1129 601 hoc
1147 581 1233 607 hymno
1250 581 1376 603 notandum
1394 584 1440 609 est,
1458 581 1520 603 illum
1544 585 1631 603 exstare
1648 581 1670 603 in
1688 581 1716 603 20
1734 581 1817 604 codici-

973 625 1016 647 bus
1035 626 1092 648 int'ra
1111 626 1197 653 relatis,
1215 633 1315 655 quorum
1332 628 1480 650 solummodo
1498 627 1544 650 (luo
1562 627 1593 655 (n.
1607 627 1632 654 4,
1644 628 1685 656 qui
1703 629 1817 656 hymnum

973 672 1051 695 tribuit
1068 672 1204 701 Bernardo,
1222 676 1244 696 et
1261 680 1284 696 n.
1302 674 1341 702 12,
1359 674 1407 696 sine
1424 674 1517 697 nomine
1534 674 1642 703 auctoris)
1660 675 1774 702 pcrtInent
1786 674 1815 697 ad

972 725 1031 741 saec.
1050 719 1109 746 XlV,
1135 719 1172 742 alii
1194 720 1309 748 posterius
1328 721 1406 748 scripti
1427 724 1488 743 sunt.
1510 720 1674 750 Repertorium
1691 720 1813 751 hymnolo-

972 766 1052 795 qicum
1069 766 1190 789 Chevalier
1208 768 1272 795 (tom.
1291 768 1313 790 ll.
1332 773 1386 795 pag.
1404 767 1448 790 448
1466 774 1488 790 n.
1507 767 1599 796 17045.)
1617 768 1687 790 alium
1713 768 1763 791 cod.
1785 773 1818 790 re-

973 814 1014 835 fert
1031 813 1183 836 bibliothecae
1200 813 1303 837 Civitatis
1323 815 1491 843 Gratianopolis
1514 814 1659 843 (Grenoble),
1681 815 1734 837 cod.
1759 814 1817 842 406,

973 859 1031 888 241);
1045 863 1067 882 et
1078 860 1110 882 ibi
1127 861 1157 883 de
1174 864 1267 883 auctore
1284 863 1418 883 annotatur:
1438 870 1449 881 ιι
1462 862 1485 884 S.
1505 862 1663 884 Bonaventura
1682 862 1713 889 (S.
1727 862 1818 884 Bernar-

974 907 1039 935 dust)
1053 916 1074 929 n.
1092 908 1159 935 Quod
1181 908 1203 930 S.
1228 908 1344 930 Bernardo
1370 909 1470 936 hymnus
1493 908 1529 930 hic
1552 908 1688 931 tribuendus
1709 909 1748 936 sit,
1771 914 1817 931 non

973 953 1065 975 videtur
1082 953 1215 981 probabile;
1237 957 1339 976 remanet
1361 955 1431 982 igitur
1456 955 1628 983 Bonaventura,
1649 955 1689 984 qui
1707 955 1817 977 verisimi-

973 1000 1017 1023 lius
1033 1003 1068 1022 cst
1084 1003 1176 1028 auctor,
1194 1001 1247 1029 quia
1274 1002 1317 1023 hoc
1340 1004 1449 1023 testantur
1471 1005 1561 1029 praeter
1578 1002 1629 1024 cod.
1654 1001 1817 1029 Gratianopoli-

974 1050 1052 1069 tanum
1070 1047 1107 1069 alii
1131 1047 1159 1069 15
1182 1047 1239 1069 intra
1263 1048 1337 1075 relati,
1359 1047 1552 1071 consentientibus
1570 1047 1677 1070 Sbaralea
1694 1050 1716 1070 et
1732 1048 1816 1070 Bonelli

974 1094 1103 1123 (Prodrom.
1121 1095 1163 1117 col.
1182 1095 1246 1123 662).

1037 1142 1106 1163 Porro
1123 1141 1249 1163 notandum
1267 1144 1308 1168 est,
1325 1144 1377 1169 post
1393 1143 1511 1170 stropham
1525 1141 1562 1164 24.
1575 1141 1621 1170 (vel
1634 1142 1680 1171 22.)
1694 1147 1747 1164 cum
1759 1148 1817 1164 voce

974 1189 1049 1211 Amen
1066 1189 1177 1216 hymnum
1197 1189 1319 1210 terminare
1333 1189 1355 1210 in
1368 1189 1386 1210 D
1398 1192 1420 1211 ct
1431 1188 1480 1210 aliis
1492 1188 1568 1216 codd„
1580 1195 1666 1216 nempe
1677 1188 1721 1211 sub
1738 1194 1763 1210 n.
1784 1189 1789 1210 1
1800 1189 1817 1216 l,

975 1235 1015 1263 12,
1035 1236 1070 1257 ts.
1088 1235 1170 1257 relatis.
1182 1236 1203 1257 ln
1212 1235 1264 1258 cod.
1275 1235 1396 1258 Oxonionsi
1410 1236 1441 1263 (n.
1455 1235 1500 1264 14.)
1517 1238 1570 1263 post
1582 1236 1696 1263 integrum
1713 1237 1817 1258 nostrum

974 1284 1087 1311 hymnum
1105 1282 1238 1305 immediate
1255 1283 1358 1311 sequitur
1375 1282 1444 1309 alius,
1461 1283 1501 1311 qui
1523 1282 1602 1310 incipit
1624 1288 1636 1304 a
1658 1283 1751 1310 stropha
1775 1282 1818 1304 23:

975 1329 1112 1358 Recordare,
1129 1330 1205 1359 trater
1219 1329 1265 1359 pie,
1283 1329 1376 1358 Septem
1392 1328 1480 1352 vicibus
1497 1329 1522 1352 in
1539 1329 1574 1352 die
1591 1331 1633 1351 etc.
1651 1329 1715 1351 Hanc
1727 1331 1817 1356 partem

973 1377 1041 1400 etiam
1060 1377 1180 1400 Chevalier
1197 1377 1325 1404 (Repertor.
1340 1383 1361 1398 n.
1379 1376 1468 1405 17040.)
1481 1378 1506 1398 ut
1518 1377 1630 1404 hymnum
1642 1375 1765 1404 specialem
1783 1381 1818 1398 re-

974 1425 1028 1451 fert,
1045 1425 1084 1452 qui
1107 1424 1129 1446 in
1152 1424 1202 1446 cod.
1220 1429 1280 1446 saec.
1298 1424 1348 1446 XV.
1366 1423 1473 1446 tribuitur
1496 1423 1518 1445 S.
1536 1423 1653 1445 Bernardo
1675 1425 1696 1445 et
1720 1421 1816 1445 habetur

973 1471 1059 1499 pluries
1071 1471 1093 1493 in
1105 1471 1154 1493 aliis
1163 1470 1292 1498 codicibus,
1305 1473 1339 1493 ast
1351 1471 1401 1493 sine
1413 1471 1506 1492 nomine
1518 1470 1624 1493 auctoris.
1637 1470 1668 1492 Ex
1685 1469 1735 1497 ipso
1748 1469 1816 1491 etiam

972 1521 1078 1541 contextu
1096 1518 1219 1540 verisimile
1235 1523 1286 1539 esse
1311 1517 1416 1544 videtur,
1433 1517 1469 1538 vel
1495 1516 1554 1539 (luos
1580 1517 1679 1543 hymnos
1704 1516 1773 1538 tuisse
1796 1516 1817 1537 in

973 1572 1043 1588 unum
1061 1565 1204 1591 coniunctos,
1221 1564 1257 1586 vel
1274 1563 1354 1586 saltem
1371 1569 1441 1585 unum
1459 1562 1621 1585 insertionibus
1638 1565 1739 1585 auctum.

1036 1612 1140 1640 Denique
1157 1610 1321 1638 observamus,
1340 1611 1361 1632 in
1374 1610 1474 1638 strophis
1486 1610 1523 1632 36.
1540 1611 1563 1632 et
1574 1609 1611 1631 37.
1623 1608 1708 1631 verba:
1730 1617 1740 1629 α
1750 1609 1818 1637 Quid·

973 1658 1029 1687 quid
1047 1664 1103 1686 agas
1114 1670 1144 1674 —
1161 1657 1266 1680 crucifixi
1283 1657 1328 1685 fige
1340 1657 1451 1684 plagas»,
1469 1659 1491 1678 et
1502 1656 1557 1678 alia:
1577 1656 1721 1683 «Cruciaxe,
1734 1657 1769 1678 sae
1780 1660 1818 1677 me

974 1706 1055 1727 sortem
1073 1718 1103 1720 —
1120 1705 1147 1727 Ut
1164 1704 1260 1727 libenter
1278 1706 1340 1726 tuam
1359 1706 1456 1726 mortem
1470 1716 1498 1719 —
1510 1704 1628 1731 plangam,
1640 1703 1715 1726 donec
1731 1702 1817 1725 vixero.

973 1764 1004 1768 —
1020 1752 1107 1774 Tecum
1126 1752 1179 1774 volo
1195 1751 1319 1778 vulnerari,
1337 1763 1366 1766 —
1379 1751 1412 1773 Te
1423 1750 1519 1773 libenter
1530 1750 1653 1778 amplexari
1666 1762 1695 1766 -
1708 1751 1731 1772 111
1749 1755 1818 1772 cruce

973 1799 1112 1826 desidero»,
1129 1799 1158 1820 ita
1176 1798 1300 1820 convenire
1317 1803 1370 1820 cum
1388 1797 1447 1819 notis
1463 1796 1569 1819 versibus
1587 1796 1723 1825 Sequentiae
1734 1795 1818 1820 Stabat

976 1845 1065 1873 Mater,
1086 1847 1112 1867 ut
1128 1845 1166 1867 vix
1182 1844 1261 1872 negari
1278 1844 1361 1872 possit,
1379 1846 1497 1866 auctorem
1523 1843 1591 1866 unius
1608 1843 1694 1871 hymni,
1711 1843 1817 1871 quicum-

975 1898 1022 1921 que
1039 1892 1078 1920 sit,
1097 1892 1210 1914 imitatum
1228 1897 1278 1914 esse
1295 1892 1400 1913 alterum.

1253 1983 1389 2014 Elenchus
1410 1983 1538 2014 codicum.

1013 2079 1032 2102 1.
1051 2079 1141 2103 Codices
1157 2086 1171 2102 a
1187 2078 1251 2102 nobis
1268 2085 1318 2101 cnm
1334 2078 1403 2101 textu
1420 2077 1547 2101 Vaticanao
1563 2077 1670 2101 editionis
1687 2076 1774 2101 collati.

1038 2174 1059 2196 1.
1082 2171 1256 2202 Dusseldorpii,
1278 2172 1415 2195 bibliotheca
1438 2171 1556 2199 Civitattsj
1576 2172 1630 2195 cod.
1652 2173 1723 2194 chart.
1746 2172 1769 2194 in
1793 2172 1815 2194 8.

975 2225 1034 2243 saec.
1056 2219 1108 2242 XV.
1125 2231 1155 2236 —
1173 2219 1220 2242 Hoc
1237 2225 1330 2242 carmen
1348 2218 1426 2246 incipit
1443 2218 1479 2240 rot.
1499 2218 1550 2240 149.
1567 2224 1586 2240 r.
1602 2224 1614 2240 a
1632 2218 1738 2241 rubrica:
1754 2218 1817 2241 Lan-

974 2266 1066 2290 dismus
1091 2266 1119 2289 cte
1143 2267 1227 2289 sancta.
1247 2271 1330 2293 cruce,
1348 2271 1417 2295 quem
1434 2264 1516 2288 cecinit
1540 2264 1680 2289 venerabilis
1698 2266 1817 2289 Benacen-

974 2316 1031 2337 tura
1048 2313 1170 2344 episcopus
1186 2315 1207 2336 et
1229 2312 1360 2336 cardinalis
1381 2311 1459 2336 cordis
1482 2312 1509 2336 cle
1525 2312 1662 2336 visceribus.
1684 2312 1817 2336 Recordare

974 2362 1054 2384 sancte
1076 2360 1155 2383 crucis
1177 2362 1220 2382 etc.
1245 2359 1331 2382 Desinit
1358 2360 1395 2381 tol.
1421 2359 1474 2381 152.
1499 2365 1530 2381 r.:
1547 2359 1607 2382 Mitti
1630 2359 1700 2382 donet
1716 2359 1816 2383 veniam.

975 2408 1058 2431 Amen.
1073 2419 1106 2423 —
1122 2407 1146 2429 111
1163 2407 1205 2428 hac
1223 2408 1299 2428 nostra
1317 2405 1418 2428 editione
1434 2406 1538 2433 signatur
1554 2406 1626 2428 littera
1643 2405 1668 2429 C.

1037 2454 1058 2476 2.
1076 2452 1207 2480 Monactzii,
1231 2452 1367 2475 bibliotheca
1390 2453 1474 2480 Regia,
1492 2452 1545 2475 cod.
1569 2453 1639 2475 9003.
1661 2453 1731 2475 chart.
1750 2453 1772 2475 in
1795 2453 1816 2475 4.

974 2506 1034 2523 saec.
1051 2500 1102 2522 XV.
1119 2502 1172 2522 ante
1189 2499 1345 2522 medietatem.
1361 2511 1392 2516 —
1409 2499 1487 2527 incipit
1511 2499 1549 2521 tol.
1566 2499 1619 2521 210.
1637 2505 1656 2522 r.
1673 2499 1760 2522 Desinit
1778 2499 1817 2522 ibi-

975 2548 1027 2570 dem
1046 2554 1068 2569 v.
1086 2549 1110 2569 ut
1128 2547 1149 2568 111
1173 2546 1282 2574 editione;
1308 2546 1412 2568 additur:
1435 2545 1579 2569 Laudismus
1595 2548 1676 2569 sancte
1699 2546 1780 2570 crucis
1801 2552 1816 2569 a

973 2595 1050 2625 fratre
1071 2595 1092 2617 et
1114 2593 1209 2617 domino
1230 2594 1398 2616 Bonaventura
1423 2592 1514 2616 ordinis
1540 2592 1676 2622 Minor—um,
1698 2593 1817 2617 cardinali

974 2641 1081 2671 episcopo
1098 2640 1239 2668 Atbanensi,
1256 2639 1373 2669 maqistro
1389 2646 1457 2663 sacre
1473 2639 1559 2669 paqine
1576 2641 1597 2663 et
1613 2639 1707 2663 doctore
1718 2640 1815 2664 emimio.

974 2689 1037 2717 Siga.
1056 2689 1080 2710 Α.

1038 2736 1059 2758 3.
1077 2733 1175 2762 Ibidem,
1193 2734 1245 2757 cod.
1264 2734 1347 2756 t9t39.
1364 2735 1435 2756 chart.
1447 2734 1469 2756 in
1483 2734 1521 2756 16.
1532 2740 1591 2757 saec.
1604 2735 1655 2757 XV.
1666 2735 1726 2757 circa
1738 2735 1816 2758 finem.

973 2793 1004 2798 —
1021 2781 1067 2803 Fol.
1085 2781 1106 2802 2.
1123 2787 1154 2802 r.:
1173 2779 1257 2810 Incipit
1273 2779 1408 2803 taudismns
1426 2779 1505 2803 sancti
1519 2779 1685 2804 Boniti-entare
1709 2780 1736 2804 de
1761 2787 1816 2804 san-

974 2829 1010 2851 cta
1027 2833 1104 2851 cruce.
1122 2827 1207 2850 Desinit
1225 2826 1261 2849 tol.
1279 2827 1300 2849 9.
1319 2832 1337 2849 r.
1354 2833 1407 2849 cum
1425 2826 1553 2850 additione:
1567 2826 1670 2857 Explicit
1682 2827 1816 2851 laudismus

974 2874 1002 2898 de
1017 2875 1100 2898 sancta
1117 2879 1193 2897 cruce.
1211 2874 1276 2902 Siga.
1292 2874 1317 2896 Β.

1037 2921 1059 2943 4.
1077 2921 1174 2949 Itomae,
1192 2919 1329 2943 bibilotheca
1348 2920 1478 2948 principum
1495 2920 1594 2948 Cor-sini,
1612 2921 1664 2944 cod.
1682 2921 1718 2944 41.
1737 2923 1759 2944 Ε.
1777 2922 1814 2944 28.

975 2967 1073 2990 membr.
1090 2973 1150 2989 sace.
1168 2967 1226 2989 XlV.
1249 2979 1278 2983 —
1300 2967 1345 2990 Fol.
1367 2967 1419 2989 117.
1442 2974 1477 2990 v.:
1496 2967 1614 2997 Incipiunt
1629 2973 1713 2991 versus
1738 2967 1816 2992 sancti
