2133 3317
6 345 62 367 curuo.

678 210 874 241 OPUSCULUM
895 212 912 240 Ι.
935 212 978 240 DE
999 213 1137 242 TRIPLICI
1159 214 1220 242 VIA.

157 290 262 323 Tertio,
283 292 413 327 quantus
433 291 475 317 est
505 288 553 325 qui
574 288 692 325 patitur,
714 291 741 317 et
771 288 805 317 ad
830 289 922 325 ipsum

80 337 210 375 egredere
241 343 291 373 per
321 335 531 364 admirationis
560 338 709 372 aspectum
739 337 767 363 et
796 335 921 370 attende,

79 384 152 422 quod
173 383 326 412 immensus
356 384 398 410 est
418 384 553 418 potestate
569 382 588 415 ¹,
619 381 807 418 speciositate,
838 381 923 410 felici-

79 434 146 465 tate,
167 429 337 459 aeternitate.
356 428 498 457 Admirare
518 428 604 465 igitur
618 428 779 456 immensam
803 430 923 464 potesta-

79 481 133 507 tem
157 475 318 509 annihilari,
340 474 542 511 speciositatem
569 474 739 508 decolorari,
766 474 922 503 felicitatem

79 523 253 556 tormentari,
275 521 466 551 aeternitatem
486 521 565 549 mori.

155 570 272 606 Quarto,
287 577 346 607 qua
362 568 395 597 de
409 576 503 597 causa
524 568 637 604 patitur,
652 570 680 596 et
701 570 727 596 te
748 567 839 604 ipsum
854 567 923 596 obli-

58 616 205 646 .viscere²
227 623 277 653 per
298 615 455 643 devotionis
475 622 637 648 excessum,
659 614 726 650 quia
751 614 854 643 scilicet
875 622 922 650 pa-

0 809 62 834 quanto.

7 1182 62 1201 ἈΙΜ.

0 1648 56 1667 iacula

0 1672 62 1691 luatur.

0 2019 30 2040 nio
41 2020 64 2039 si-

0 2043 20 2063 iii
31 2044 68 2068 pri-

78 665 146 693 titur
171 671 222 700 pro
243 666 291 691 tua
311 661 512 698 redemptione,
537 661 749 695 illuminatione,
771 661 923 690 sanctifica-

79 711 163 744 tione,
185 709 390 747 glorificatione.

156 756 270 793 Quinto,
291 755 374 793 quali
398 754 499 792 forma
519 755 637 791 patitur,
659 758 686 783 et
713 754 853 783 Christum
882 754 922 782 in-

79 804 164 833 duere
185 810 234 840 per
256 801 479 831 assimilationis
499 800 640 829 studium.
657 801 755 829 Passus
772 803 814 829 est
827 799 900 829 enim
912 800 922 816 ³

78 849 255 879 libentissime
275 851 404 885 respectu
425 847 561 884 proximi,
589 846 764 875 severissime
795 848 923 883 respectu

78 896 137 930 sui,
157 895 379 924 obedientissime
400 896 528 931 respectu
555 893 613 927 Dei,
642 893 855 930 prudentissime
879 900 923 921 re-

79 944 174 980 spectu
191 941 350 970 adversarii.
363 940 447 969 Stude
468 940 553 977 igitur
567 939 601 968 ad
616 939 774 968 habendum
796 939 923 968 habitum

78 988 252 1026 benignitatis
279 987 313 1016 ad
333 987 506 1024 proximum,
538 986 693 1015 severitatis
713 986 747 1015 ad
770 989 796 1015 te
817 986 923 1023 ipsum,

78 1034 242 1065 humilitatis
269 1034 303 1063 ad
324 1034 428 1068 Deum,
460 1032 676 1070 perspicacitatis
705 1035 800 1062 contra
830 1033 923 1062 diabo-

79 1083 151 1116 lum,
173 1080 324 1110 secundum
346 1080 464 1117 effigiem
486 1079 645 1108 imitationis
664 1079 774 1108 Christi.

156 1128 241 1156 Sexto
261 1127 383 1161 attende,
412 1130 526 1164 quanta
552 1130 620 1155 sunt
649 1134 720 1163 quae
749 1126 869 1163 patitur,
897 1129 925 1155 et

79 1182 191 1205 crucem
218 1174 385 1210 amplectere
406 1181 456 1210 per
482 1173 631 1210 passionis
652 1173 847 1207 desiderium,
876 1176 923 1208 ut,

79 1222 172 1251 sicut4
192 1228 290 1258 passus
315 1223 356 1249 est
384 1220 495 1248 vincula
526 1223 557 1248 ut
584 1219 721 1256 impotens
749 1219 924 1257 omnipoten-

79 1269 134 1302 tia,
149 1267 267 1296 convitia
281 1270 313 1296 ut
334 1266 395 1295 vilis
410 1266 540 1300 bonitas,
556 1266 676 1294 ludibria
700 1269 731 1294 nt
753 1266 855 1295 stultus
876 1275 924 1295 sa-

77 1314 199 1352 pientia,
221 1313 356 1350 supplicia
376 1316 408 1342 ut
429 1312 542 1350 iniquus
563 1312 699 1346 iustitia;
720 1313 759 1341 sic
780 1316 808 1341 et
829 1315 860 1341 tu
878 1313 925 1342 de-

78 1361 182 1391 sideres
202 1361 356 1398 passtonem
377 1360 484 1393 crucis,
507 1360 559 1388 hoc
580 1362 622 1388 est
642 1359 796 1396 passionem
815 1360 925 1397 plenam

78 1408 200 1437 iniuriis
221 1407 249 1436 in
270 1407 370 1441 rebus,
392 1406 526 1435 convitiis
554 1406 582 1434 in
603 1406 711 1440 verbis,
738 1406 876 1435 ludibriis
897 1407 925 1435 in

79 1455 177 1492 signis,
198 1453 351 1491 suppliciis
373 1453 400 1482 in
422 1453 575 1482 tormentis.

156 1501 276 1538 Septimo
304 1500 460 1534 considera,
489 1500 560 1537 quid
581 1500 622 1528 ad
648 1499 700 1529 lioe
721 1500 924 1537 consequitur,

58 1548 153 1586 .quod
173 1548 294 1585 patitur,
316 1551 343 1576 et
371 1547 495 1576 veritatis
515 1547 625 1576 radium
647 1547 756 1576 intuere
783 1555 833 1584 per
861 1555 925 1576 con-

80 1595 263 1632 templationis
283 1594 411 1623 oculum:
433 1594 564 1631 quoniam
585 1602 622 1623 ex
643 1594 711 1628 hoc,
733 1594 807 1630 quod
834 1594 926 1631 Agnus

80 1649 177 1678 passus
197 1644 251 1675 est,
282 1645 388 1678 septem
419 1640 575 1678 siynacula
606 1640 676 1669 libri
705 1644 809 1677 aperta
839 1645 924 1675 sunt,

79 1687 253 1725 Apocalypsis
270 1688 367 1725 quinto
378 1687 398 1715 ⁵.
421 1687 500 1716 Liber
515 1688 567 1716 iste
587 1691 629 1716 est
642 1687 808 1716 universalis
829 1695 925 1717 rerum

79 1734 186 1769 notitia,
214 1734 243 1763 iu
264 1742 319 1771 qua
350 1737 454 1771 septem
476 1737 555 1763 erant
585 1735 678 1763 clausa
699 1734 822 1768 homini,
853 1742 925 1771 quae

79 1781 189 1819 quidem
204 1784 269 1810 sunt
282 1789 332 1818 per
347 1781 481 1818 passionis
495 1781 596 1810 Christi
618 1781 767 1810 efficaciam
788 1784 923 1815 reserata,

79 1828 181 1857 scilicet
212 1828 290 1856 Deus
323 1827 508 1862 admirabilis,
543 1827 667 1865 spiritus
702 1827 879 1865 intelligibilis
896 1828 924 1862 ⁶,

81 1875 210 1903 mundus
240 1874 392 1908 sensibilis,
418 1874 584 1911 paradisus
611 1874 812 1909 desiderabilis,
833 1873 924 1911 infer-

79 1929 135 1949 nus
163 1920 320 1954 horribilis,
341 1921 437 1949 virtus
465 1920 624 1955 laudabilis,
646 1923 747 1949 reatus
768 1920 922 1957 culpabilis.

157 1967 183 1996 li.
206 1967 296 1995 Primo
318 1966 402 2003 igitur
425 1967 502 1995 Deus
529 1966 717 1995 admirabilis
742 1974 792 2003 per
813 1974 925 1995 crucem

80 2014 268 2043 manifestatus
289 2016 331 2042 est
348 2021 407 2042 esse
428 2022 552 2042 summae
566 2016 594 2042 et
608 2014 857 2051 imperscrutabilis
877 2023 925 2043 sa-

78 2060 220 2098 pientiae,
235 2068 360 2089 summae
381 2063 408 2089 et
422 2060 674 2097 irreprehensibilis
688 2061 833 2095 iustitiae,
849 2069 925 2089 sum-

144 2208 151 2221 ¹
169 2208 226 2232 Cod.
243 2209 263 2231 V
280 2209 344 2232 addit
360 2208 396 2232 rel
412 2209 542 2232 maiestate.
559 2209 662 2232 Subinde
676 2213 732 2238 post
747 2210 884 2234 aeternitate
903 2211 925 2233 in

82 2247 129 2270 KR
154 2247 301 2275 subiungitur
326 2247 357 2270 Hi
379 2249 435 2271 sunt
452 2247 543 2277 aradus
568 2247 724 2272 illuminativi
740 2248 767 2278 [R
789 2249 926 2273 illuminati-

81 2286 142 2316 t·ae]‚
162 2286 202 2315 qui
219 2287 287 2308 etiam
305 2293 359 2309 cum
377 2287 408 2309 lS
419 2287 436 2308 T
449 2287 466 2309 V
484 2293 527 2314 pro
542 2288 680 2316 potestatem
696 2287 829 2311 annihilari
845 2288 926 2311 substi-

83 2328 147 2348 tuunt
163 2324 311 2348 maiestatem
327 2325 466 2348 annihilari.
485 2325 587 2348 Vocibus
600 2325 773 2355 speciositatem
792 2326 928 2350 decolorari

83 2364 101 2385 Μ
111 2364 127 2385 Ρ
144 2364 282 2386 interserunt
298 2363 430 2392 deformari
446 2363 493 2392 rel,
511 2365 527 2386 B
544 2364 638 2393 foedari
652 2366 674 2387 et
690 2365 787 2394 turpari
802 2371 852 2388 seu.

144 2401 152 2414 ‘³
170 2401 242 2425 Codd.
267 2402 314 2430 Qv
332 2401 404 2425 elci-a.
430 2402 524 2425 lnserius
539 2406 591 2430 post
604 2409 650 2432 pro
676 2404 717 2426 tua
734 2403 892 2433 redemptione
908 2405 926 2427 N

82 2441 229 2469 prosequitur
246 2440 301 2470 qnia
318 2440 476 2464 venumdatus
498 2442 519 2464 et
538 2440 670 2470 captivatus
687 2447 731 2471 pro
749 2443 790 2465 tua
807 2441 925 2465 illumina-

83 2478 154 2504 tione.
173 2478 229 2508 quia
246 2481 386 2503 excaecatus
406 2485 453 2509 pro
470 2481 512 2502 tna
529 2479 726 2510 sanctificatione,
743 2480 799 2510 qaia
818 2480 926 2504 sordida-

83 2519 120 2541 tus
137 2524 184 2548 pro
202 2520 243 2541 tua
261 2518 444 2548 alorificatione,
462 2519 518 2548 quia
537 2518 677 2548 exsutatus;
697 2520 771 2542 simile
792 2520 884 2543 exhibet
900 2521 926 2548 T,

83 2557 120 2585 qui
138 2559 214 2579 tamen
231 2558 343 2580 rationem
359 2564 405 2580 non
422 2558 518 2585 singulis
535 2557 657 2585 membris,
674 2558 715 2581 sed
732 2559 812 2582 ultimo
834 2559 927 2582 subiun-

83 2595 128 2623 git,
146 2598 197 2624 post
210 2602 258 2625 pro
270 2597 312 2619 tua
329 2596 501 2627 ylorificatz‘one
512 2597 613 2619 addens:
630 2598 652 2620 et
668 2597 722 2625 hoc,
740 2598 796 2628 qnia
813 2600 840 2621 tu
857 2598 927 2628 capti-

82 2635 165 2662 ratus,
186 2634 240 2664 quia
267 2636 291 2658 tu
309 2636 462 2662 excaecatus,
479 2635 536 2665 quia
553 2637 579 2659 tu
600 2635 748 2664 sordidatus,
766 2636 821 2666 quia
844 2639 870 2660 tu
887 2644 927 2661 ca·-

83 2672 184 2696 solatus.

145 2710 153 2723 ³
172 2711 222 2734 Vat.
239 2718 291 2735 cum
310 2713 389 2740 paucis
406 2712 475 2735 codd.
491 2713 555 2735 addit
570 2712 631 2736 sicul
644 2719 713 2737 verus
728 2720 818 2743 uanus,
833 2714 928 2738 scilicet.

84 2750 194 2778 Superius
217 2756 258 2778 pro
281 2750 459 2775 assimilationis
484 2751 590 2775 studium
608 2753 658 2775 Vat.
681 2759 734 2775 cum
757 2753 837 2781 paucis
859 2754 928 2776 codd.

84 2788 260 2812 assimilationis
282 2789 396 2813 amionem
415 2790 464 2819 (cfr.
481 2797 552 2818 supra
572 2797 626 2819 pag.
645 2792 685 2820 42,
702 2794 756 2814 nota
775 2792 833 2821 12),
855 2795 877 2815 et
895 2793 928 2814 in-

85 2827 152 2850 terius
169 2834 211 2856 pro
228 2830 335 2857 respectu
346 2828 389 2851 Dei
399 2829 473 2857 posito
490 2831 597 2859 respectu
611 2829 690 2853 Putris
708 2830 757 2858 ipsa
774 2837 828 2853 curn
845 2831 927 2854 iisdem

84 2865 149 2888 codd.
163 2869 215 2894 post
225 2866 257 2889 ad
268 2866 402 2890 habendum
412 2867 518 2890 habitum
531 2868 678 2897 prosequitur
689 2868 819 2892 secundum
830 2869 928 2899 effigiem

85 2903 221 2928 imitationis
239 2905 338 2933 Christi,
355 2905 443 2929 scilicet
456 2905 619 2936 hamanitatis,
631 2907 773 2935 severitatis,
785 2907 926 2932 humilitatis

84 2943 105 2965 et
118 2943 313 2972 perspicacitatis.

145 2981 154 2993 ‘¹
174 2982 224 3005 Vat.
241 2988 294 3005 cum
312 2982 416 3011 pluribus
433 2983 502 3007 codd.
518 2985 611 3012 supplet
627 2984 741 3008 Christus.
759 2985 852 3008 interius
863 2986 927 3009 voci-

1790 216 1824 246 13

979 297 1040 318 mae
1054 293 1081 319 et
1095 290 1287 320 inenarrabilis
1307 292 1535 321 misericordiae.
1551 293 1664 321 Summa
1684 293 1757 322 enim
1775 301 1826 322 sua

979 336 1147 372 sapientiai
1169 337 1275 375 decepit
1296 338 1451 373 diabolum,
1473 346 1581 367 summa
1601 339 1716 367 iustitia
1740 347 1824 376 quae-

979 382 1043 410 sivit
1063 383 1258 420 redemptionis
1273 385 1409 421 pretium,
1424 393 1534 414 summa
1554 385 1759 414 misericordia
1774 394 1825 423 pro

955 456 959 459 ,
980 429 1058 458 nobis
1079 430 1191 459 tradidit
1211 431 1324 466 Filium;
1346 440 1418 469 quae
1438 432 1459 461 si
1481 432 1626 469 diligenter
1650 432 1825 462 consideren-

980 477 1042 509 tur,
1063 475 1152 504 Deum
1172 476 1252 506 nobis
1272 478 1423 507 clarissime
1443 478 1626 507 manifestant.

1058 522 1196 556 Secundo,
1210 523 1336 560 spiritus
1350 524 1536 562 intelligibilis
1548 524 1558 541 ⁸
1576 525 1766 555 manifestatus
1780 528 1822 555 est

979 575 1029 604 per
1044 575 1155 597 crucem
1177 570 1330 599 secundum
1344 570 1526 600 differentiam
1547 571 1700 608 triplicem,
1722 572 1826 602 scilicet

979 616 1099 650 quantae
1118 615 1152 643 sit
1174 615 1358 653 benignitatis
1373 620 1508 654 quantum
1530 617 1564 646 ad
1585 618 1715 655 Angelos,
1737 627 1825 656 quan-

980 662 1023 689 tae
1045 660 1080 689 sit
1099 661 1253 698 dignitatis
1277 666 1413 700 quantum
1434 664 1468 693 ad
1489 664 1628 699 homines,
1651 667 1770 702 quantae
1790 666 1826 695 sit

980 707 1162 736 crudelitatis
1184 712 1318 745 quantum
1337 710 1370 738 ad
1391 711 1546 740 daemones.
1561 711 1627 740 Nam
1648 712 1741 749 Angeli
1762 720 1826 749 per—

979 753 1116 782 miserunt
1137 755 1261 792 crucifigi
1282 756 1430 786 Dominum
1459 766 1558 792 suum;
1580 759 1629 787 Dei
1650 759 1733 788 Filius
1761 767 1825 788 cru-

980 800 1082 829 cifixus
1102 803 1144 830 est
1165 805 1278 838 propter
1299 811 1387 839 genus
1408 804 1576 839 humanum,
1598 808 1626 835 et
1640 806 1692 835 hoc
1712 806 1746 835 ad
1760 814 1825 844 sug-

980 846 1130 883 gestionem
1142 847 1152 864 ⁰
1173 848 1346 877 daemonum.

1059 894 1166 928 Tertio,
1188 896 1318 924 mundus
1338 897 1481 926 sensibilis
1502 899 1691 928 manifestatus
1712 903 1754 929 est
1774 908 1824 937 per

981 948 1108 975 crucem,
1130 941 1260 978 quoniam
1276 946 1317 971 est
1338 943 1430 978 locus,
1452 944 1479 972 in
1495 953 1550 981 quo
1571 949 1668 982 regnat
1689 946 1824 981 caecitas,

981 987 1046 1024 quia
1066 987 1157 1016 lucem
1172 996 1265 1017 veram
1280 992 1307 1018 et
1321 997 1457 1019 summam
1478 999 1532 1020 non
1547 992 1658 1029 agnovit
1671 992 1705 1027 ¹⁰;
1728 996 1826 1029 regnat

980 1034 1133 1068 sterilitas,
1156 1035 1221 1071 quia
1243 1035 1332 1064 lesum
1353 1036 1494 1066 Christum
1516 1041 1647 1075 tanquam
1675 1039 1827 1068 infructuo-

981 1088 1044 1109 sum
1065 1080 1207 1117 despexit3
1230 1085 1327 1119 regnat
1348 1083 1503 1121 iniquitas,
1525 1085 1591 1121 quia
1610 1085 1698 1114 Deum
1724 1089 1751 1114 et
1772 1086 1825 1115 Do-

981 1126 1088 1155 minum
1111 1135 1193 1156 suum
1215 1131 1242 1156 et
1262 1129 1382 1157 amicum
1404 1133 1430 1158 et
1451 1130 1623 1160 innocentem
1645 1131 1784 1160 damnavit
1799 1134 1826 1160 et

982 1173 1126 1202 interfecit.

1061 1221 1179 1256 Quarto,
1208 1222 1373 1258 paradisus
1403 1223 1604 1253 desiderabilis
1635 1225 1825 1254 manifestatus

982 1269 1024 1295 est
1044 1274 1094 1303 per
1110 1275 1235 1302 crucem,
1256 1269 1284 1296 in
1305 1277 1361 1305 quo
1375 1273 1416 1298 est
1436 1269 1592 1307 fastiyium
1607 1271 1691 1300 totius
1708 1272 1824 1309 gloriae,

981 1313 1180 1350 spectaculum
1204 1315 1292 1343 omnis
1320 1315 1450 1350 laetitiae,
1472 1318 1716 1354 promptuarium
1737 1318 1826 1347 omnis

982 1359 1153 1396 opulentiae,
1176 1368 1238 1389 cum
1260 1361 1334 1390 Deus
1349 1366 1462 1399 propter
1477 1363 1550 1391 illam
1566 1364 1762 1393 habitationem
1777 1373 1826 1393 no-

982 1405 1024 1435 bis
1046 1407 1243 1436 restituendam
1266 1408 1354 1437 sactus
1376 1409 1458 1438 fuerit
1479 1410 1562 1438 homo
1582 1411 1665 1445 vilis,
1690 1411 1779 1439 miser
1799 1414 1827 1440 et

979 1455 1147 1490 pauper¹²;
1168 1454 1195 1482 in
1217 1463 1273 1491 quo
1294 1455 1430 1484 celsitudo
1445 1456 1553 1485 admisit
1567 1457 1761 1493 abiectionem,
1781 1458 1826 1486 iu-

981 1500 1063 1528 stitia
1084 1500 1170 1529 subiit
1191 1504 1315 1536 reatum,
1344 1502 1491 1538 opulentia
1518 1504 1640 1540 suscepit
1668 1507 1824 1541 egestatem.

983 1547 1048 1575 Nam
1070 1547 1221 1576 altissimus
1250 1548 1400 1584 Imperator
1427 1550 1531 1586 accepit
1559 1551 1721 1580 servitutem
1753 1551 1826 1581 ahie-

982 1596 1070 1628 ctam,
1092 1597 1123 1622 ut
1144 1594 1358 1623 sublimaremur
1374 1596 1400 1624 in
1416 1596 1543 1632 gloriam;
1559 1597 1726 1627 iustissimus
1741 1598 1827 1628 ludex

983 1640 1068 1669 subiit
1099 1644 1206 1669 reatum
1238 1642 1477 1677 poenalissimum,
1506 1646 1538 1672 ut
1568 1644 1784 1673 iustificaremur
1811 1654 1827 1674 a

982 1688 1079 1724 culpa;
1108 1688 1333 1724 opulentissimus
1366 1689 1497 1718 Dominus
1528 1691 1649 1727 suscepit
1679 1694 1827 1728 egestatem

982 1737 1153 1768 extremam,
1174 1738 1206 1763 ut
1227 1735 1460 1772 locupletaremur
1481 1737 1509 1765 in
1530 1737 1608 1774 copia
1620 1738 1651 1766 ¹².

1060 1781 1177 1817 Quinto,
1198 1782 1388 1811 manifestatus
1408 1785 1450 1811 est
1470 1791 1519 1819 per
1541 1791 1668 1819 crucem,
1689 1785 1764 1821 quod
1782 1785 1826 1814 in-

981 1826 1086 1864 fernus
1107 1830 1149 1856 est
1169 1827 1320 1857 horribilis
1341 1828 1432 1863 locus,
1448 1829 1546 1866 plenus
1561 1833 1693 1867 egestate,
1709 1831 1826 1866 vilitate,

982 1874 1147 1910 ignominia,
1169 1875 1324 1904 calamitate
1345 1879 1371 1904 et
1392 1876 1504 1905 miseria
1517 1876 1547 1904 ¹³.
1574 1877 1601 1905 Si
1622 1877 1695 1906 enim
1716 1886 1828 1908 necesse

982 1921 1050 1955 fuit,
1072 1921 1139 1950 haec
1160 1921 1302 1950 Christum
1323 1922 1379 1959 pati
1399 1926 1512 1959 propter
1534 1924 1638 1960 peccati
1665 1924 1828 1954 deletionem

983 1970 1010 1996 et
1031 1967 1258 2003 satisfactionem,
1280 1969 1368 1997 multo
1389 1969 1487 1998 lortius
1508 1970 1661 2006 oportebit,
1684 1972 1751 2001 haec
1772 1972 1829 2009 pati

982 2014 1125 2043 damnatos
1146 2018 1261 2052 propter
1282 2015 1382 2044 iustam
1412 2016 1574 2045 meritorum
1603 2025 1719 2046 suorum
1747 2018 1828 2047 retri-

984 2061 1126 2090 butionem
1148 2064 1174 2090 et
1196 2063 1484 2099 recompensationem.

983 2210 1027 2233 bus
1044 2210 1226 2240 omin‘potentia,
1244 2210 1348 2239 bonitas,
1361 2211 1489 2240 supientia,
1509 2211 1599 2235 iustitia
1616 2212 1634 2234 G
1651 2213 1757 2241 praefigit
1773 2218 1829 2236 cum

982 2249 1027 2279 stt,·
1045 2256 1087 2277 pro
1105 2249 1196 2273 bonitas
1213 2251 1219 2272 1
1237 2250 1353 2272 substituit
1370 2250 1503 2278 clementia,
1524 2251 1598 2279 BQV
1617 2250 1780 2275 benevolentia.

1046 2288 1055 2300 ⁵
1073 2288 1140 2311 Yet-s,
1157 2288 1178 2310 5.
1201 2295 1265 2317 seqq.
1283 2301 1312 2304 —
1330 2289 1425 2312 interius
1441 2295 1483 2317 pro
1505 2295 1588 2312 rerum
1605 2289 1688 2313 notitia
1705 2291 1753 2313 KR
1770 2290 1829 2314 noti-

983 2326 1017 2350 tia
1033 2326 1146 2350 veritatis.

1045 2365 1055 2378 ⁶
1072 2366 1140 2388 Pauci
1157 2366 1225 2389 codd.
1243 2365 1381 2394 rationalis,
1399 2367 1416 2388 N
1434 2366 1585 2396 intelliyibilz's
1601 2373 1643 2391 seu
1661 2367 1796 2391 rationalis.

1045 2403 1054 2416 ⁷
1072 2404 1144 2428 Codd.
1162 2405 1205 2427 EM
1216 2405 1233 2427 N
1243 2405 1258 2427 P
1268 2406 1282 2427 S
1300 2405 1330 2428 Et
1346 2405 1400 2433 hoc,
1419 2406 1475 2435 qnia
1491 2412 1536 2429 sua
1551 2406 1688 2436 prudentio.

1046 2442 1055 2456 Β
1072 2444 1150 2466 Plures
1166 2444 1234 2466 codd.
1252 2443 1390 2472 rationalis,
1407 2445 1413 2466 1
1430 2444 1557 2468 rationalis
1571 2444 1619 2468 sive
1635 2445 1797 2475 intelliyibilis.

1046 2481 1055 2494 Β
1073 2483 1123 2505 Vat.
1140 2488 1194 2505 cum
1210 2483 1325 2505 nonnullis
1341 2483 1409 2506 codd.
1426 2483 1546 2507 crudelem
1560 2484 1743 2514 suyyestionem.

1047 2520 1066 2533 ¹⁰
1083 2521 1129 2544 Cir.
1146 2522 1206 2544 loan.
1227 2522 1248 2548 sl,
1266 2522 1287 2544 9.
1309 2528 1357 2550 seq.
1375 2535 1405 2538 —
1424 2522 1474 2544 Yat.
1497 2528 1550 2545 cum
1573 2523 1620 2545 KR
1638 2529 1687 2546 non
1708 2523 1829 2553 coymvit,

984 2561 1054 2582 NTZ
1072 2559 1198 2589 iynoravit.
1224 2561 1335 2588 Superius
1352 2564 1403 2588 post
1425 2560 1490 2584 locus
1513 2561 1565 2584 Vat.
1586 2568 1640 2585 cum
1658 2563 1737 2591 paucis
1761 2563 1829 2586 codd.

984 2599 1048 2621 addit
1064 2598 1216 2622 tenebrarum
1230 2599 1323 2629 plenus.

1048 2637 1065 2650 ¹¹
1084 2638 1157 2661 Codd.
1175 2639 1191 2660 B
1201 2639 1263 2667 GIQ
1274 2639 1289 2660 S
1305 2639 1413 2661 omittunt
1429 2639 1494 2667 vilis,
1506 2639 1578 2663 miser
1590 2641 1613 2663 et
1620 2646 1728 2670 pauper,
1743 2641 1765 2663 in
1783 2641 1802 2663 K
1812 2641 1829 2663 N

984 2678 1003 2700 R
1014 2677 1031 2699 T
1050 2677 1211 2700 desiderantur
1227 2683 1288 2706 quae
1305 2680 1446 2706 sequuntur:
1463 2677 1488 2701 in
1505 2684 1574 2708 qno...
1592 2678 1617 2702 in
1633 2678 1709 2709 copia.

1049 2715 1067 2728 ¹²
1084 2716 1189 2743 August,
1205 2717 1262 2739 Xlll.
1279 2716 1381 2739 consess.
1393 2723 1412 2739 c.
1425 2717 1446 2739 8.
1463 2723 1486 2740 n.
1504 2717 1530 2739 9:
1546 2717 1594 2740 Hoc
1606 2720 1695 2740 tantum
1707 2718 1762 2747 scio,
1774 2718 1829 2747 quia

987 2755 1045 2777 male
1062 2755 1119 2777 mihi
1136 2757 1170 2777 est
1186 2757 1277 2783 praeter
1294 2758 1329 2782 te,
1346 2761 1392 2778 non
1409 2756 1483 2778 solum
1509 2758 1571 2779 extra
1588 2762 1638 2785 me,
1655 2757 1696 2779 sed
1713 2759 1736 2779 et
1751 2757 1774 2779 in
1790 2763 1829 2779 me

984 2794 1049 2822 ipso,
1066 2796 1088 2816 et
1104 2793 1179 2816 omnis
1196 2794 1253 2816 mini
1270 2794 1350 2822 copia,
1367 2800 1428 2823 quae
1445 2795 1506 2817 Deus
1522 2801 1588 2818 meus
1605 2801 1649 2818 non
1670 2797 1716 2823 est,
1739 2798 1831 2823 egestas

985 2835 1027 2854 est.
1038 2843 1069 2848 —
1081 2832 1153 2855 Codd.
1171 2832 1187 2854 B
1198 2832 1216 2860 Q
1233 2831 1258 2854 in
1275 2831 1342 2861 copia
1359 2831 1383 2855 in
1397 2831 1491 2861 patria,
1509 2833 1555 2855 VZ
1571 2832 1597 2856 in
1613 2832 1700 2863 yloria.
1719 2834 1831 2862 Superius

986 2870 1083 2893 vocibus
1099 2869 1124 2893 in
1141 2869 1245 2899 gloriam
1263 2869 1318 2899 [DV
1335 2870 1360 2893 in
1377 2870 1467 2901 gloria]
1484 2871 1501 2894 B
1518 2872 1626 2900 praefigit
1637 2871 1662 2895 in
1673 2871 1779 2902 qratiam
1796 2873 1829 2900 et,

985 2909 1026 2938 qui
1043 2909 1111 2932 etiam
1129 2915 1182 2932 cum
1201 2909 1220 2931 V
1238 2909 1337 2932 subinde
1352 2912 1404 2938 post
1419 2916 1434 2933 α
1452 2909 1522 2940 culpa
1539 2911 1603 2934 addit
1620 2912 1642 2934 et
1657 2917 1672 2934 a
1689 2910 1800 2939 ntiseria,
1814 2911 1831 2933 Z

985 2950 1007 2972 et
1023 2947 1180 2971 liberaremur
1197 2954 1213 2971 a
1228 2947 1333 2972 miseria.

1048 2986 1067 2999 ²³
1084 2986 1128 3009 Csr.
1147 2986 1185 3010 lob
1204 2987 1240 3014 10,
1259 2988 1296 3010 22.

1853 531 1905 552 Item.
1919 536 1947 551 se-

1865 555 1928 573 cundi.

1841 907 1893 929 ltem,
1911 908 1971 927 tertii.

1838 1233 1890 1255 item,
1901 1233 1970 1257 quarti.

1842 1793 1894 1815 Item,
1905 1792 1972 1816 quinti.
