2133 3317
806 210 1049 240 PROLEGOMENA
1071 211 1099 240 C.
1122 212 1139 241 I.

108 288 205 313 Ordinis
226 289 303 313 sancti
318 288 454 317 Francisci,
479 288 507 312 de
531 288 621 318 triplici
642 288 694 316 via,
716 294 761 318 que
783 287 871 311 dicitur
890 294 948 318 par-

106 342 163 360 vum
180 335 275 360 bonnm.
287 336 357 364 Ecce,
369 334 484 365 descripsi
498 341 551 358 eam
562 338 605 358 etc.
618 335 703 358 Desinit
716 335 753 357 tol.
766 335 818 357 132.
830 341 861 357 r.:
873 335 901 357 In
912 333 949 357 his

105 384 143 406 est
156 383 210 413 fons
226 382 279 406 vite.
295 381 332 405 Ad
348 388 421 412 quam
434 381 553 411 perducat
566 387 610 405 nos
627 380 743 404 Dominus
765 383 845 405 noster
861 380 949 405 dulan-

106 429 182 453 simus
199 430 263 452 Iesus
279 430 349 457 zetus,
367 429 407 452 cui
422 428 476 452 laus
492 428 569 452 honor
589 430 610 452 et
632 428 770 458 gratiaram
791 427 852 451 actio
873 434 949 457 nsque

106 475 131 499 in
148 477 264 499 eternum.
281 476 364 499 Amen.
375 475 481 505 Eaplicit
491 474 588 505 quidam
600 476 730 503 tractatus,
742 474 784 504 qui
794 474 881 498 dicitur
890 481 948 504 par-

104 528 162 546 vum
179 521 266 545 bonam
282 521 394 552 maqistri
409 522 577 545 Bonaventnre
589 521 711 551 perbrevis
727 522 749 545 et
764 521 867 545 multum
883 521 949 545 utilis

104 567 170 592 circa
186 567 373 596 meditationem,
390 568 523 591 orationem
538 570 561 592 et
576 568 804 598 contemplationem.

168 615 221 638 246.
241 615 319 639 Trecis
338 615 445 644 (Troyes)
464 615 487 637 in
504 615 586 643 Gallia,
603 615 742 638 bibliotheca
759 615 873 644 Civitatis,
896 615 949 638 cod.

108 662 177 685 1267.
193 662 289 684 miscell.
306 668 365 685 saec.
382 662 433 685 XV.
451 675 481 678 —-
498 662 545 685 Hoc
562 662 700 691 opusculum
712 662 791 690 incipit
804 662 841 684 sol.
853 668 899 684 non
911 668 951 684 nu-

105 710 193 730 merato
209 714 228 730 r.
245 708 295 730 sine
312 708 375 731 titulo
393 711 415 730 et
431 709 586 738 prosequitur,
602 711 627 731 ut
639 708 662 731 in
673 708 740 731 editis
746 717 752 736 ;
765 708 804 731 fini
815 708 948 731 subiicitur:

106 753 211 784 Explicit
224 760 331 784 part-um
348 753 436 778 bonum
452 754 537 785 fratris
557 755 722 778 Bonaventure
744 754 771 778 de
795 754 883 778 Ordine
905 754 949 779 Mi-

104 807 199 825 noram.

167 848 220 871 247.
237 847 338 876 Ibidem,
355 848 408 871 cod.
426 849 493 871 1891.
510 848 608 871 membr.
626 849 648 871 in
666 849 688 871 8.
705 849 797 871 miscell.
815 854 876 871 saec.
893 849 948 871 Xlll.

107 906 138 911 —
154 894 298 922 opusculum
315 894 395 923 incipit
413 896 449 918 sol.
468 895 520 918 149.
536 895 663 924 praemissa
674 894 779 918 rubrica:
792 894 893 918 Libellus
904 894 949 918 Bo-

104 944 236 966 naventure
253 943 280 967 de
296 943 386 974 triplici
401 944 448 967 via.
464 944 534 971 Ecce,
552 942 665 972 descripsi
681 949 734 966 eam
750 945 793 965 etc.
806 942 891 965 Desinit
909 943 946 965 fol.

105 989 159 1011 166.
175 996 210 1012 r.:
228 990 255 1012 In
272 989 319 1014 illis
336 992 370 1014 est
386 990 439 1020 sons
456 989 508 1013 rite.

166 1036 223 1059 248.
242 1036 374 1066 Tubinyae,
391 1036 530 1059 bibliotheca
548 1036 718 1063 Universitatis,
730 1036 780 1059 cod.
795 1036 857 1065 (olim
869 1035 948 1058 biblio·

103 1083 184 1105 thecae
201 1084 346 1111 Erlangensis
362 1084 465 1111 signatus
482 1083 529 1112 55.)
547 1089 609 1106 nunc
625 1089 723 1106 numero
740 1085 819 1111 vacat,
835 1084 906 1105 chart.
924 1083 948 1105 in

105 1129 166 1152 folio.
183 1142 214 1145 —
231 1130 373 1158 Opusculum
390 1131 434 1153 hoc
450 1133 485 1152 est
502 1130 539 1152 tol.
557 1130 594 1152 37.
611 1136 630 1152 r.
651 1136 705 1152 cum
731 1130 808 1152 titulo:
830 1129 948 1153 Stimulus

104 1175 243 1199 conscientie
258 1176 343 1206 fratris
360 1176 532 1200 Bonaventure.
549 1177 609 1199 Finis
626 1180 660 1199 est
675 1177 714 1199 sol.
731 1176 768 1198 4l.
786 1182 804 1198 r.
819 1176 848 1198 ad
862 1175 946 1198 verba:

104 1222 153 1246 Hoc
169 1222 303 1252 Seraphim.
321 1224 403 1246 Amen.
420 1223 462 1246 Cui
480 1224 633 1246 adnectuntur
651 1225 707 1246 haec
723 1224 779 1246 alia:
797 1225 824 1246 ln
841 1223 884 1247 hoc
895 1223 948 1254 fini-

104 1270 145 1292 tur
161 1269 274 1293 stimulus
291 1270 430 1294 conscientie
447 1270 522 1300 ipsius
539 1271 704 1294 Bonaventure
721 1270 746 1293 in
757 1270 862 1300 profesto
879 1269 947 1294 Lucie

102 1321 168 1339 anno
186 1315 263 1340 1466.
272 1323 317 1347 per
327 1323 365 1340 me
376 1317 474 1341 Petrum
485 1318 542 1347 May
553 1317 578 1340 in
591 1317 769 1347 Oberesslinyen
782 1317 946 1347 presbiterum.

166 1365 220 1387 249.
240 1364 375 1388 anonibus
392 1364 485 1393 (Tours)
511 1365 534 1387 in
559 1365 643 1391 Gallia,
669 1364 806 1386 bibliotheca
832 1363 945 1392 Civitatis,

102 1412 155 1436 cod.
172 1412 227 1435 519.
243 1412 273 1435 de
289 1418 336 1441 quo
353 1411 421 1434 locuti
437 1418 519 1434 sumus
536 1415 591 1434 tom.
611 1412 636 1434 V.
652 1417 705 1440 pag.
718 1411 802 1434 XXXll
814 1417 838 1433 n.
852 1411 903 1433 121.
917 1423 946 1426 -

103 1458 152 1481 Hoc
168 1458 306 1486 opusculum
325 1458 404 1486 incipit
420 1458 468 1480 sine
485 1458 549 1480 titulo
568 1458 604 1480 sol.
623 1458 659 1480 38.
677 1464 696 1480 r.
713 1460 735 1480 et
751 1457 835 1480 desinit
852 1457 888 1479 iol.
907 1457 945 1479 46.

102 1511 139 1527 v.:
158 1505 185 1528 In
202 1504 237 1528 his
254 1506 289 1527 est
304 1504 358 1534 fons
374 1504 426 1528 vite.
443 1503 480 1527 Ad
496 1510 569 1534 qnam
585 1510 628 1527 nos
651 1503 769 1533 perducat
792 1506 835 1526 etc.
861 1503 943 1526 Amen.

103 1550 150 1574 Deo
167 1550 267 1580 yratias.
285 1550 397 1580 Explicit.
415 1551 505 1573 Titulus
521 1553 544 1573 et
559 1557 644 1573 nomen
661 1550 761 1573 auctoris
778 1550 921 1572 omittuntur.

165 1598 218 1620 250.
235 1597 336 1626 Ibidem,
353 1598 405 1620 cod.
424 1598 475 1620 405.
489 1599 559 1620 chart.
572 1598 595 1620 in
608 1597 629 1620 4.
641 1603 701 1620 saec.
714 1597 765 1620 XV.
777 1610 806 1613 —
817 1597 880 1619 Folio
893 1597 944 1619 172.

103 1645 126 1667 in
143 1645 262 1673 superiore
280 1648 345 1673 parte
361 1645 457 1673 legitur:
482 1644 566 1674 Incipit
590 1644 617 1668 de
633 1643 748 1674 reqimz'ne
773 1642 911 1667 conscientie
930 1649 945 1665 a

102 1692 179 1722 fratre
196 1692 372 1715 Bonaventura.
390 1691 477 1714 Desinit
494 1692 531 1714 sol.
550 1691 601 1714 184.
617 1698 649 1714 r.:
665 1692 693 1715 In
710 1691 757 1714 illis
774 1692 808 1714 est
823 1690 876 1720 fons
893 1689 945 1713 vite.

102 1739 160 1762 Hinc
176 1739 322 1762 immediate:
339 1738 448 1768 Scriptus
465 1740 499 1762 est
514 1738 557 1762 iste
574 1738 631 1762 liber
641 1744 685 1768 per
697 1737 823 1762 Nicolaum
836 1736 946 1761 Gomaud

102 1784 139 1808 die
155 1785 208 1809 IIII.
227 1785 338 1808 Ianuarii
354 1784 430 1809 1404.
448 1785 578 1815 incipiendo
594 1791 687 1808 annum
704 1792 719 1808 a
736 1785 858 1809 Ianuario.

164 1833 218 1854 251.
240 1831 350 1860 Venetiis,
369 1831 504 1855 bibliotheca
522 1832 594 1855 sancti
611 1833 691 1861 Marci,
708 1833 775 1855 class.
792 1833 837 1855 Vll.
854 1833 905 1855 cod.
923 1833 944 1855 5.

104 1878 202 1902 membr.
221 1885 280 1902 saec.
297 1880 356 1902 XVl.
372 1891 404 1896 —
421 1880 459 1902 Est
474 1879 567 1902 rubrica
584 1880 690 1908 opusculi
707 1880 744 1902 sol.
761 1880 784 1902 5.
800 1886 831 1902 r.:
848 1879 945 1903 Itinera—

101 1925 167 1949 rium
184 1926 209 1949 in
225 1926 329 1956 seipsum
347 1926 511 1949 Bonaaenture
535 1925 622 1955 incipit.
647 1926 797 1949 continuatur
819 1933 893 1955 usque
914 1927 944 1950 ad

101 1972 173 1995 verba
190 1978 241 2001 cap.
260 1973 280 1995 3.
298 1979 319 1995 n.
336 1972 360 1994 7.
376 1973 412 1995 sol.
431 1972 468 2008 23.
485 1979 518 1995 v.:
533 1972 660 2002 Quousque
670 1972 823 2002 perveniatur
834 1973 867 1996 ad
877 1979 944 1997 oscu-

101 2019 153 2043 lnm
169 2021 191 2043 et
207 2019 318 2050 copulam
334 2021 356 2043 et
371 2020 519 2050 ampleoeum.
536 2019 574 2043 Ad
590 2026 662 2050 qaam
678 2026 722 2044 nos
731 2019 850 2050 perducat
860 2020 902 2050 qui
911 2020 945 2044 vi-

99 2065 135 2089 vit
149 2067 171 2089 et
186 2067 273 2096 reynat
289 2066 314 2089 in
330 2065 410 2089 secula
426 2066 570 2090 seculorum.
588 2067 670 2089 Amen.
687 2066 761 2089 Finis.

163 2113 218 2135 252.
234 2112 333 2141 Ibidem,
350 2113 415 2135 class.
435 2113 478 2135 Vll.
495 2113 547 2135 cod.
566 2113 602 2135 19.
618 2113 716 2136 membr.
734 2113 757 2135 in
775 2113 795 2136 4.
813 2119 872 2136 saec.
890 2113 942 2136 XV.

101 2172 132 2176 -
149 2160 196 2182 Fol.
214 2160 251 2182 49.
268 2167 303 2182 r.:
323 2159 406 2189 Incipit
425 2159 552 2183 Trinarius
569 2159 630 2183 beati
647 2160 814 2183 Bonaventnre
835 2159 944 2184 cardina·

102 2206 139 2229 lis.
156 2207 227 2235 Ecce,
244 2213 297 2230 eam
313 2206 428 2236 descripsi
443 2211 486 2230 etc.
503 2207 589 2230 Desinit
605 2208 643 2230 sol.
660 2208 697 2230 56.
715 2214 738 2230 v.
755 2214 806 2236 cap.
824 2209 845 2230 2.
862 2215 885 2231 n.
903 2208 944 2230 tt:

101 2252 200 2277 inducat
213 2253 381 2283 perfectionem
398 2253 505 2277 omnium
523 2253 646 2277 bonorum.
665 2254 743 2282 Quam
760 2253 827 2278 nobis
834 2255 945 2284 prestare

101 2299 213 2329 diynetnr
231 2300 273 2329 qni
287 2299 345 2323 vivit
359 2302 380 2323 et
396 2302 482 2330 reynat
498 2300 523 2324 in
538 2300 619 2324 secula
635 2300 781 2324 seculorum.
797 2302 881 2325 Amen.
897 2302 944 2324 Deo

103 2346 204 2376 qratias.
220 2347 303 2370 Amen.

164 2393 218 2416 253.
235 2393 336 2422 Ibidem,
353 2394 417 2416 class.
436 2394 472 2416 lV.
489 2394 541 2416 cod.
560 2394 611 2416 182.
633 2395 706 2417 chart.
726 2395 749 2417 in
770 2395 791 2417 8.
809 2400 868 2417 saec.
891 2395 942 2417 XV.

102 2440 212 2464 exeuntis.
229 2452 260 2457 —
277 2440 420 2468 opusculum
438 2443 472 2463 est
489 2441 525 2463 sol.
542 2440 579 2463 64.
597 2447 621 2463 v.
643 2441 768 2463 titulatum:
791 2441 946 2464 Itinerarium

101 2487 126 2511 in
142 2487 245 2517 seipsam
268 2487 432 2511 Bonaventure
454 2487 542 2517 incipit.
560 2487 647 2510 Desinit
663 2489 701 2511 tol.
716 2488 754 2510 79.
771 2495 794 2511 v.
812 2489 835 2511 in
852 2495 903 2517 cap.
921 2489 942 2512 3.

101 2540 125 2557 n.
142 2534 169 2557 7:
187 2533 224 2557 Ad
240 2533 362 2562 osculnm,
380 2533 492 2564 copulam
508 2535 530 2557 et
545 2534 693 2563 amplexum.
710 2534 747 2558 Ad
757 2541 830 2564 quam
840 2541 884 2559 nos
892 2541 945 2565 per-

103 2579 176 2604 ducat
192 2580 234 2610 qni
251 2580 306 2604 vivit
321 2582 342 2603 et
358 2582 444 2610 reynat
461 2580 485 2603 in
501 2580 582 2604 secula
598 2580 741 2604 seculorum.
758 2582 840 2604 Amen.

165 2627 218 2650 254.
236 2626 336 2655 Ibidem,
354 2626 490 2650 bibliotheca
503 2627 587 2650 Musaei
599 2627 688 2655 Correr,
700 2627 751 2650 cod.
763 2627 863 2656 Cicogna
876 2629 944 2651 2279.

102 2673 201 2697 membr.
218 2674 240 2696 in
258 2674 280 2696 4.
296 2680 356 2697 saec.
373 2674 425 2696 XV.
442 2687 471 2690 —
488 2674 534 2696 Fol.
547 2675 583 2696 82.
595 2680 619 2696 v.
630 2674 675 2697 sub
686 2673 791 2697 rubrica:
805 2674 944 2698 Trinarium

102 2720 268 2743 Bonaventure
285 2720 313 2743 de
329 2719 378 2743 vita
395 2720 577 2750 contemplativa
595 2720 682 2750 incipit.
699 2721 792 2749 Explicit
810 2722 846 2744 sol.
863 2722 902 2744 92.
919 2728 942 2744 v.

102 2766 194 2789 verbis:
212 2766 241 2790 Et
258 2766 300 2790 hec
315 2769 350 2790 est
365 2767 498 2796 Seraphim.
516 2767 554 2791 Ad
569 2774 641 2797 quam
658 2773 701 2791 nos
718 2767 846 2797 perducere
867 2768 945 2798 ‹ligyne-

101 2813 143 2835 tur
159 2811 201 2842 qui
216 2814 249 2836 est
266 2812 398 2836 benedictus
414 2812 439 2835 in
455 2812 534 2836 secula
550 2813 694 2837 seculorum.
711 2814 793 2837 Amen.
810 2814 874 2838 Finit
885 2813 944 2838 liber

102 2858 130 2882 de
147 2858 235 2888 triplici
250 2859 288 2882 ria
306 2859 428 2889 spirituali
443 2859 485 2889 qui
505 2861 603 2883 vocatur
628 2860 780 2889 Trinarium,
803 2860 944 2891 compilatus

100 2912 145 2936 per
161 2905 254 2930 beatum
273 2906 466 2930 Bonaventuram
483 2906 629 2930 cardinalem
649 2906 744 2931 Ordinis
767 2907 884 2931 Fratrum
900 2907 945 2932 Mi-

102 2958 198 2975 norum.

1770 213 1851 242 XXIII

1068 290 1121 312 255.
1142 290 1192 313 Vici
1208 290 1285 319 (Vlch)
1303 291 1327 313 in
1352 291 1472 319 Hispania,
1497 290 1634 313 bibliotheca
1659 290 1769 319 Capituli,
1793 292 1848 314 cod.

1005 336 1087 364 XCIV,
1104 337 1133 359 de
1157 344 1204 366 quo
1229 338 1297 360 locuti
1322 344 1404 361 sumus
1428 341 1484 361 tom.
1501 338 1529 360 V.
1546 344 1600 366 pag.
1623 338 1689 360 XXV
1708 344 1730 361 n.
1748 339 1802 361 211.
1817 351 1850 356 -

1004 382 1052 405 Fol.
1069 383 1091 405 3.
1108 389 1139 405 r.:
1156 383 1240 413 Incipit
1257 383 1348 408 libellus
1366 386 1483 414 quantum
1508 384 1540 408 ad
1564 384 1681 414 triplicem
1705 384 1781 413 viam,
1805 391 1849 414 per

1006 435 1079 458 quam
1095 430 1188 453 venitur
1204 430 1237 453 ad
1252 437 1373 454 summam
1390 431 1542 461 sapientiam,
1561 437 1577 454 av
1587 431 1665 461 fratre
1678 431 1847 455 Bonaeentura

1006 474 1102 499 Ordinis
1119 476 1242 500 Minorum
1259 477 1367 506 yenerali
1376 477 1485 501 Ministro
1497 477 1648 508 compositus.
1662 478 1749 501 Desinit
1761 478 1797 501 rol.
1815 479 1849 501 10.

1005 528 1040 545 vx:
1059 522 1089 546 Et
1104 522 1148 546 hoc
1164 523 1298 553 Seraphim.

1066 570 1120 593 256.
1140 569 1300 599 Vindobonae,
1318 571 1455 595 bibliotheca
1472 572 1584 600 Palatina,
1596 572 1648 595 cod.
1662 572 1731 595 1650.
1745 572 1844 595 membr.

1005 616 1028 638 in
1045 616 1081 639 sol.
1099 622 1158 639 saec.
1177 617 1236 640 XIV.
1253 629 1284 634 —
1300 618 1348 641 Hoc
1364 619 1502 646 opusculum
1524 619 1604 647 incipit
1627 619 1664 642 sol.
1688 619 1724 642 16.
1747 618 1791 642 sub
1813 625 1850 642 ru-

1005 660 1081 684 brica:
1094 662 1177 691 Incipit
1191 663 1329 687 Ternarius.
1341 664 1439 687 Additur
1450 666 1618 693 fragmentum:
1631 666 1693 689 Deus
1704 666 1738 689 est
1749 671 1798 689 esse
1806 668 1850 689 etc.
1880 676 1882 679 v

1006 714 1080 738 usque
1097 709 1126 732 ad
1144 709 1228 732 verba:
1245 716 1329 739 sapere
1340 710 1427 741 absque
1438 711 1557 741 appetilu,·
1568 711 1655 741 quibus
1665 711 1798 735 subiicitur:
1810 712 1848 736 Fi-

1005 754 1069 778 nitus
1086 757 1120 779 est
1138 756 1276 780 Ternarius.

1069 802 1122 824 257.
1140 802 1240 831 Ibidem,
1257 804 1308 826 cod.
1327 804 1395 827 3711.
1413 806 1484 827 chart.
1501 811 1560 828 saec.
1578 806 1629 829 XV.
1645 818 1676 823 —
1693 806 1739 828 Fol.
1751 806 1805 829 214.
1816 813 1848 829 r.:

1005 848 1089 878 Incipit
1105 849 1234 879 Speculum
1251 850 1298 874 sice
1315 851 1470 874 Itinerarinm
1486 852 1570 875 mentis
1587 852 1612 875 in
1632 853 1708 876 Deum
1730 854 1849 877 Boneven-

1005 896 1066 918 ture.
1077 896 1147 924 Ecce,
1160 896 1274 926 descripsi
1289 903 1342 921 eam
1359 897 1400 921 tibi
1416 898 1546 927 tripliciter,
1564 900 1590 922 ut
1601 899 1745 923 ostenderem
1758 899 1800 923 tibi
1809 900 1849 930 fir—

1004 941 1109 965 mitatem
1126 945 1147 966 et
1163 943 1256 973 eloquia
1273 944 1386 968 veritatis.
1405 945 1490 968 Desinit
1507 947 1543 969 sol.
1562 947 1614 969 219.
1633 953 1655 969 v.
1672 947 1762 970 verbis:
1780 947 1805 970 in
1816 954 1849 971 se-

1005 989 1128 1019 quentibus
1144 989 1283 1014 dominatur
1299 991 1399 1021 affectio.
1416 993 1499 1015 Amen.
1516 994 1569 1016 Iesu
1585 995 1626 1017 :rte
1642 993 1720 1017 nostri
1730 1000 1795 1017 nunc
1806 994 1849 1017 mi-

1004 1043 1091 1061 serere.
1108 1038 1161 1060 Post
1178 1037 1282 1068 Eoeplicit
1297 1039 1379 1067 repetit
1396 1039 1486 1062 titulum
1504 1042 1529 1063 ut
1545 1041 1567 1062 in
1585 1041 1707 1069 principio.

1067 1084 1119 1107 258.
1139 1084 1236 1113 Ibidem,
1254 1086 1306 1108 cod.
1324 1086 1392 1108 4031.
1410 1088 1480 1109 chart.
1498 1087 1520 1109 in
1538 1087 1560 1110 4,
1571 1101 1602 1104 —
1613 1087 1755 1116 Opusculum
1767 1088 1848 1116 incipit

1005 1132 1042 1154 sol.
1060 1132 1096 1153 88.
1114 1138 1137 1154 V.
1155 1135 1176 1154 et
1193 1132 1276 1155 desinit
1293 1133 1329 1155 sol.
1347 1133 1383 1156 95.
1401 1140 1424 1156 v.
1441 1133 1531 1157 verbis:
1548 1136 1570 1158 et
1586 1134 1695 1158 osculum
1716 1136 1738 1158 et
1759 1134 1848 1164 aniple-

1003 1184 1077 1206 mum,
1095 1178 1127 1201 ad
1143 1178 1206 1208 quod
1219 1179 1336 1208 perducat
1353 1185 1396 1203 nos
1413 1181 1477 1203 Iesus
1493 1182 1551 1204 crtus
1568 1181 1643 1204 Filius
1661 1181 1703 1204 Dei
1714 1180 1847 1206 benedictus

1004 1224 1028 1247 in
1045 1224 1126 1248 secuta
1142 1224 1286 1248 seculorum..
1304 1226 1385 1249 Amen.
1404 1226 1508 1256 Explicit
1524 1228 1641 1251 tractatus
1659 1227 1734 1251 bonus
1755 1230 1777 1251 et
1792 1228 1845 1258 pnl-

1004 1270 1061 1294 cher
1077 1270 1150 1294 trium
1168 1270 1303 1300 qraduum,
1315 1271 1400 1301 quibus
1409 1272 1548 1301 pervenitur
1559 1273 1591 1296 ad
1602 1279 1684 1296 veram
1695 1274 1845 1303 sapientiam,

1003 1317 1078 1341 editus
1095 1324 1110 1341 a
1127 1318 1222 1342 domino
1240 1319 1420 1348 Bonorentara,
1438 1319 1462 1342 in
1479 1319 1561 1349 riqilia
1573 1321 1770 1345 Attnunciationis
1783 1321 1846 1345 beate

1002 1365 1102 1395 virginis
1119 1365 1202 1388 Mar-ie.
1221 1365 1298 1390 ‹Ii->⁰2

1067 1412 1120 1435 259.
1138 1411 1237 1440 Ibidem,
1255 1413 1307 1436 cod.
1333 1413 1406 1441 4670,
1431 1415 1503 1436 chart.
1527 1414 1549 1436 in
1568 1414 1588 1437 4.
1606 1420 1666 1437 saec.
1683 1415 1733 1438 XV.
1752 1428 1781 1432 —-
1798 1415 1846 1439 Fol.

1005 1457 1057 1480 134.
1074 1464 1091 1480 r.
1110 1459 1205 1486 legitur:
1222 1458 1306 1489 Incipit
1323 1458 1492 1489 Compendium
1508 1460 1702 1490 compendiorum
1713 1461 1784 1485 totius
1797 1461 1846 1485 bea-

1003 1504 1118 1528 titudinis.
1129 1506 1199 1534 Ecce,
1211 1505 1326 1535 descripsi
1341 1512 1394 1529 eam
1411 1509 1454 1529 etc.
1471 1507 1557 1530 Desinit
1574 1507 1626 1530 tolio
1645 1507 1697 1531 145.
1714 1514 1746 1531 ι·.;
1761 1510 1783 1532 et
1801 1508 1845 1532 hoc

1002 1551 1137 1581 Seraphim.

1066 1600 1118 1622 260.
1136 1599 1235 1628 Ibidem,
1253 1600 1305 1623 cod.
1324 1601 1392 1623 1723.
1410 1600 1509 1624 membr.
1527 1601 1548 1624 in
1565 1602 1586 1624 8.
1603 1608 1663 1625 saec.
1676 1603 1736 1625 XIV.
1749 1615 1779 1620 —
1791 1603 1847 1626 Inci-

1002 1645 1035 1674 pit
1046 1647 1184 1674 opusculum
1197 1646 1245 1669 sine
1257 1647 1302 1669 ullo
1314 1647 1377 1670 titulo
1390 1648 1427 1670 sol.
1440 1648 1492 1670 106.
1501 1654 1518 1670 r.
1527 1656 1532 1670 :
1542 1648 1607 1676 Ecce,
1617 1648 1732 1678 descripsi
1742 1655 1795 1672 eam
1803 1652 1846 1672 etc.

1002 1695 1025 1715 et
1037 1692 1114 1715 deficit
1126 1693 1162 1716 sol.
1177 1693 1228 1716 109.
1242 1700 1263 1716 v.
1276 1693 1354 1716 verbis
1364 1700 1416 1722 cap.
1426 1695 1479 1716 2.n.
1491 1695 1517 1717 3:
1531 1694 1668 1724 Imploratio
1679 1695 1846 1719 misericordie.

1065 1740 1119 1762 261.
1136 1739 1235 1768 Ibidem,
1253 1740 1305 1763 cod.
1324 1741 1391 1763 1602.
1409 1740 1507 1764 membr.
1525 1741 1547 1764 in
1565 1741 1586 1764 4.
1603 1748 1662 1765 saec.
1680 1743 1741 1765 XlV.
1757 1755 1788 1760 -
1799 1743 1845 1766 Fol.

1004 1785 1057 1808 140.
1075 1793 1098 1808 v.
1116 1787 1270 1814 praemittitur
1281 1786 1385 1810 rubrica:
1398 1787 1481 1817 Incipit
1492 1788 1661 1811 Bonaventura
1672 1788 1784 1812 stimulus
1795 1794 1847 1812 con-

1001 1832 1107 1861 scientie,
1125 1832 1161 1856 vel
1177 1833 1308 1857 secundum
1324 1834 1400 1857 alium
1422 1834 1536 1858 titulum:
1561 1836 1687 1859 Tractatus
1709 1835 1842 1866 qraduum,

1001 1879 1086 1909 quibus
1100 1880 1240 1910 pervenitur
1257 1880 1289 1904 ad
1314 1887 1395 1904 veram
1418 1881 1567 1911 sapientiam.
1593 1883 1679 1905 Desinit
1704 1883 1740 1906 tol.
1759 1883 1810 1906 146.
1827 1889 1846 1907 r.

1001 1926 1080 1949 verbis
1098 1927 1218 1955 fragmenti
1236 1927 1320 1951 additi:
1337 1927 1427 1958 Sapere
1443 1928 1531 1959 absque
1547 1929 1658 1959 appetitu.
1676 1930 1764 1953 Deinde
1782 1937 1846 1959 repe-

1001 1973 1055 1996 titur
1071 1974 1149 1996 titulus
1165 1977 1190 1997 ut
1206 1974 1230 1996 in
1246 1975 1318 1997 initio.

1064 2021 1118 2043 262.
1130 2020 1229 2049 Ibidem,
1242 2021 1293 2044 cod.
1305 2022 1374 2044 2511.
1386 2022 1431 2045 iam
1444 2022 1574 2051 descriptus
1585 2025 1641 2046 tom.
1653 2024 1680 2046 V.
1690 2030 1744 2052 pag.
1753 2025 1846 2048 XXXlll

1001 2073 1022 2089 n.
1042 2068 1094 2089 128.
1111 2080 1142 2084 -
1159 2068 1204 2090 Fol.
1224 2068 1276 2090 128.
1293 2074 1312 2090 r.
1329 2070 1441 2096 opusculo
1458 2070 1624 2097 praemittitur:
1643 2070 1770 2094 Tractatus
1792 2077 1847 2101 yra-

1001 2113 1088 2142 duum,
1106 2113 1190 2143 quibus
1201 2113 1234 2137 ad
1244 2121 1326 2138 veram
1342 2115 1484 2145 sapientiam
1494 2116 1640 2145 pervenitur.
1651 2117 1721 2145 Ecce,
1734 2117 1847 2147 descripsi

1000 2167 1053 2184 eam
1070 2163 1114 2184 etc.
1132 2161 1217 2184 Desinit
1234 2162 1270 2184 sol.
1292 2163 1342 2184 l33.
1359 2169 1382 2185 ν.
1399 2163 1427 2185 ad
1445 2163 1517 2186 verba
1535 2169 1586 2192 cap.
1604 2165 1627 2187 3.
1643 2171 1666 2186 n.
1683 2164 1711 2187 7:
1727 2165 1758 2188 Et
1778 2171 1846 2189 oscu-

1000 2207 1053 2231 lnm
1070 2209 1091 2231 et
1108 2208 1256 2238 ample-atum.
1272 2208 1309 2232 Ad
1325 2208 1389 2239 quod
1403 2215 1447 2233 nos
1461 2209 1579 2239 perducat
1595 2210 1638 2240 qui
1652 2210 1702 2234 sine
1722 2211 1768 2241 fine
1790 2211 1847 2235 vivit

1000 2256 1022 2278 et
1037 2256 1131 2284 reynat.

1064 2302 1117 2324 263.
1135 2301 1234 2330 Ibidem,
1252 2303 1304 2325 cod.
1321 2303 1390 2326 3859.
1407 2304 1479 2326 chart.
1497 2304 1518 2326 in
1537 2305 1559 2327 8.
1575 2311 1635 2327 saec.
1652 2305 1703 2327 XV.
1726 2308 1779 2333 post
1800 2312 1846 2328 me-

1001 2349 1076 2372 dium.
1092 2362 1122 2365 —-
1140 2350 1294 2372 Praemittitur
1312 2351 1348 2373 sol.
1375 2350 1428 2373 144.
1444 2357 1462 2373 r.
1481 2353 1582 2374 tantum:
1610 2352 1628 2374 Τ
1628 2353 1735 2375 ractatns
1761 2351 1843 2376 bonus.

1002 2395 1074 2418 Hinc:
1092 2394 1151 2419 Cum
1168 2395 1245 2419 omnis
1261 2396 1358 2419 scientia
1375 2398 1444 2426 cerat
1459 2399 1502 2420 etc.
1520 2397 1605 2420 Desinit
1622 2398 1660 2420 sol.
1673 2398 1724 2420 150.
1736 2404 1755 2421 ι·.
1767 2397 1845 2421 verbis

1001 2448 1052 2470 cap.
1070 2443 1093 2464 2.
1109 2448 1132 2464 n.
1151 2443 1193 2465 ⁴2:
1211 2442 1261 2470 One
1277 2444 1311 2466 est
1326 2443 1453 2473 utriusque
1466 2443 1621 2474 principium.
1638 2444 1750 2474 Eaplicit.

1064 2489 1118 2511 264.
1135 2488 1234 2517 Ibidem,
1252 2489 1304 2512 cod.
1320 2490 1390 2513 3986.
1412 2491 1485 2513 chart.
1501 2491 1524 2513 in
1547 2491 1584 2513 sol.
1601 2497 1662 2514 saec.
1683 2491 1735 2514 XV.
1751 2505 1782 2508 -
1798 2492 1844 2515 Fol.

1004 2535 1056 2557 309.
1073 2541 1092 2557 r.
1111 2538 1146 2558 est
1162 2536 1266 2564 opusculi
1285 2536 1362 2559 titulus
1374 2536 1418 2559 sub
1429 2538 1472 2559 hac
1489 2538 1575 2560 torma:
1588 2537 1671 2567 Incipit
1687 2537 1744 2560 liber
1761 2537 1788 2561 de
1802 2538 1844 2561 Bo-

1001 2583 1144 2605 naventura.
1156 2583 1226 2611 Ecce,
1239 2582 1354 2613 descripsi
1368 2590 1421 2607 eam
1438 2586 1480 2607 etc.
1497 2584 1583 2607 Desinit
1601 2585 1637 2607 sol.
1655 2585 1707 2607 317.
1725 2591 1747 2607 v.
1765 2585 1843 2608 verbis

1001 2627 1072 2650 additi
1089 2629 1224 2656 fragmenti:
1241 2629 1331 2659 Sapere
1347 2629 1435 2659 absque
1450 2629 1562 2659 appetitu.

1064 2675 1118 2698 265.
1137 2675 1236 2704 Ibidem,
1254 2676 1306 2699 cod.
1328 2676 1396 2699 4240.
1414 2677 1485 2699 chart.
1508 2677 1530 2700 in
1548 2678 1583 2700 sol.
1602 2684 1661 2700 saec.
1682 2678 1742 2701 XIV.
1759 2685 1844 2702 exeun-

1001 2721 1038 2744 tis.
1054 2733 1086 2738 —-
1103 2722 1140 2744 Est
1156 2721 1248 2745 rubrica
1266 2723 1303 2745 sol.
1319 2724 1357 2745 80.
1375 2729 1406 2746 r.:
1423 2723 1508 2747 Sermo
1525 2724 1588 2747 Bone
1604 2725 1703 2748 venture
1719 2724 1746 2747 de
1764 2724 1843 2748 anime

1000 2767 1145 2791 discussione
1161 2768 1293 2792 secundum
1309 2769 1414 2799 sormam
1433 2770 1603 2799 meditationis,
1621 2771 1736 2794 orationis
1753 2773 1774 2794 et
1791 2777 1843 2795 con-

1000 2814 1170 2845 templationis,
1188 2817 1216 2839 ut
1229 2815 1354 2845 perveniat
1368 2816 1401 2839 ad
1423 2822 1506 2840 veram
1530 2817 1671 2847 sapientiam
1690 2824 1758 2841 sacre
1778 2817 1842 2842 Scri-

999 2863 1083 2892 pture,
1103 2862 1135 2885 ad
1150 2862 1262 2886 meritum
1284 2863 1329 2886 vite
1344 2863 1462 2893 felicitatis
1484 2865 1562 2887 eterne
1578 2864 1707 2888 secundum
1725 2865 1841 2895 triplicem

1000 2911 1080 2933 actum
1097 2909 1268 2938 ierarchicam,
1280 2909 1368 2934 scilicet
1376 2910 1544 2940 puryativnm,
1557 2910 1743 2935 illuminativum
1759 2913 1781 2935 et
1791 2918 1842 2941 per-

1001 2955 1120 2985 fectivum.
1131 2956 1200 2984 Ecce,
1218 2956 1333 2986 descripsi
1343 2963 1395 2980 eam
1412 2960 1454 2980 etc.
1472 2958 1558 2980 Desinit
1570 2961 1594 2981 ut
1606 2959 1627 2981 in
1639 2959 1705 2982 editis
1724 2959 1760 2982 tol.
1773 2960 1810 2982 83.
1822 2965 1843 2982 r.
