2133 3317
789 207 1031 236 PROLEGOMENA
1052 208 1080 236 C.
1102 208 1131 236 tl.

86 287 169 319 fratris
185 288 350 311 Bonaventure
367 285 394 309 de
411 285 499 309 Balneo
521 285 589 315 reyia
611 285 662 314 (sic)
684 287 705 308 et
728 284 832 308 inultum
857 284 926 307 bona.

87 337 113 359 In
129 335 176 358 Xto
184 340 229 357 suo
237 333 311 363 fratri
319 333 467 356 dilectissimo
478 332 679 356 0.Bonaventu1·a
687 332 808 361 confi-ater
820 331 869 354 eius
882 334 926 354 etc.

87 382 183 405 Desinit:
202 380 249 408 Qui
264 381 299 403 est
314 385 378 403 unus
395 381 416 402 et
433 379 511 402 trimis
534 379 558 401 in
575 378 655 402 secula
680 377 818 401 benedictas.
842 378 923 401 Amen.

86 427 189 458 Explicit
210 426 307 456 epistola
331 426 416 456 finiris
442 426 606 449 Bonocenture
630 424 695 448 utilis
719 426 741 448 et
764 424 832 448 valde
857 424 926 448 bona.

87 476 154 499 Anno
172 472 252 498 1452.

146 521 184 543 71.
203 520 301 548 Ibidem,
314 521 365 543 cod.
378 520 415 542 50.
428 521 449 542 h.
463 521 484 542 2.
496 520 567 542 chart.
580 519 602 541 in
615 519 636 541 4.
653 525 712 541 saec.
730 519 780 541 XV.
792 531 822 534 —
835 518 925 540 Initium

87 572 120 591 est
135 568 187 591 folio
204 574 249 590 non
266 569 386 589 numerato
403 573 422 589 r.
440 569 464 589 ut
480 567 504 589 in
521 566 601 589 codice
612 565 771 594 praecedenti3
788 565 871 588 desinit
888 565 926 587 tol.

86 621 130 638 non
145 617 266 636 numerato
278 619 313 635 xm:
325 612 388 642 quod
401 612 450 642 ipse
461 611 502 635 tibi
513 611 630 639 concedat,
643 611 684 641 qui
694 613 728 634 est
739 617 802 634 tinus
814 612 835 633 et
847 610 925 633 trinus

87 661 216 685 benedictus
233 660 257 683 in
273 660 361 683 secula.
379 661 460 683 Amen.

147 708 183 729 72.
206 706 312 735 Voravii,
329 705 467 729 bibliotheca
492 706 620 734 Canoniae,
642 705 693 728 cod.
715 705 757 727 Lll.
778 703 877 726 membr.
902 704 926 725 in

88 756 124 778 sol.
140 761 200 778 saec.
216 754 267 777 XV.
283 766 314 771 —
331 754 395 776 Circa
413 754 480 776 finem
500 753 623 775 voluminis
639 753 676 774 sol.
693 758 712 774 r.
728 758 775 774 non
792 753 925 774 numerato:

87 801 167 831 Incipit
184 800 283 830 epistola
299 799 384 829 fratris
401 800 566 822 Bonaventure
583 798 610 821 de
628 798 714 821 Balnea
737 797 802 827 reqio
823 799 845 820 et
865 796 925 820 mal-

87 849 136 872 tum
153 847 220 871 bona.
238 847 265 870 In
289 848 337 870 Xto
361 852 405 870 suo
430 846 506 876 fratri
526 845 675 869 dilectissimo
699 844 785 868 leome
807 844 926 867 Benacen-

87 896 141 918 tura
158 897 199 917 etc.
217 894 305 916 Desinit
321 894 360 916 rol.
377 900 412 916 v.:
430 892 472 922 qui
486 894 520 916 est
537 898 600 915 1111113
617 893 640 915 et
655 891 734 915 trinus
751 891 775 914 iu
796 890 876 914 secula
893 890 926 913 be-

86 941 196 965 nedictus.
215 941 297 964 Amen.
315 939 420 969 Eoeplicit
435 938 534 969 epistola
551 939 716 962 Bonaventure
734 937 797 960 utilis
819 938 840 960 et
858 936 926 960 bona.

86 988 223 1018 Sequuntur
239 987 321 1016 aliqua
338 986 451 1010 notabilia
468 992 512 1016 pro
529 985 653 1015 temptatis.
671 985 757 1007 Eadem
774 990 857 1007 manus
874 983 927 1006 inde

86 1035 183 1058 notavit:
202 1033 293 1057 Finitus
310 1035 344 1057 est
360 1033 397 1056 liic
414 1032 472 1056 liber
491 1031 559 1056 1448
576 1033 652 1055 Anno.

147 1082 184 1104 73.
203 1080 301 1108 Ibidem,
319 1081 372 1103 cod.
390 1080 471 1107 CLVL,
483 1080 521 1108 qui
535 1086 596 1102 nunc
608 1079 673 1101 abest
684 1085 696 1100 a
710 1078 855 1105 bibliotheca,
867 1084 928 1100 com-

87 1128 227 1157 plectebatur
243 1129 286 1150 hoc
303 1128 441 1156 opusculum
458 1132 511 1149 cum
530 1127 572 1148 hac
590 1126 751 1153 inscriptione:
769 1124 874 1154 Epistola
890 1124 928 1147 do-

86 1175 146 1198 mim*
162 1176 336 1202 Bonavcnture,
355 1180 399 1204 que
416 1173 502 1197 dicitur
520 1173 612 1196 therma
623 1178 699 1195 aurea
712 1172 763 1200 (sic)
780 1170 812 1193 ad
823 1170 928 1193 iuniores

87 1227 149 1246 suos.

148 1268 186 1291 74.
209 1267 379 1297 Wolfenbatoe,
403 1267 542 1289 biblIOtheca
564 1266 667 1293 Ducatts,
689 1265 740 1288 cod.
763 1265 834 1287 Helm.
863 1263 928 1286 1394.

88 1316 181 1339 miscell.
197 1315 220 1337 in
238 1315 260 1336 8.
276 1320 335 1337 saec.
354 1314 403 1336 XV.
421 1327 452 1330 —
463 1314 606 1341 Opusculum
620 1312 699 1340 incipit
710 1312 769 1334 circa
782 1311 928 1333 medietatem

88 1362 212 1385 voluminis
229 1362 264 1384 rol.
282 1368 300 1384 r.
317 1368 362 1384 non
388 1363 508 1383 numerato
531 1361 573 1382 hac
598 1359 703 1382 rubrica:
726 1358 809 1387 Incipit
830 1356 927 1387 epistola

87 1409 149 1432 Bone
165 1410 270 1432 venture.
288 1408 384 1437 Oportet
400 1409 455 1430 ante
476 1406 569 1435 omnia,
588 1408 608 1430 te
627 1405 757 1436 capientem
779 1408 821 1427 etc.
844 1404 929 1427 Desinit

88 1447 177 1470 verbis:
194 1447 257 1477 quod
273 1447 321 1476 1'12se
338 1446 380 1470 tibi
396 1445 518 1473 concedat,
537 1445 578 1475 qui
594 1446 627 1468 est
644 1450 706 1468 unus
723 1445 849 1467 eletas->1113
862 1442 929 1466 inse-

88 1493 141 1518 cula
159 1493 298 1517 benedictus.
315 1495 397 1517 Amen..

149 1541 162 1570 5
180 1541 218 1563 11-2.
234 1539 370 1570 Opusculnm
386 1539 457 1562 XXII.
475 1537 579 1569 Epistola
596 1538 621 1561 de
638 1530 768 1560 imitatione
785 1536 881 1560 christi.

149 1587 231 1610 Bonelli
250 1587 381 1617 (Supplem.
398 1587 430 1609 lll.
449 1587 492 1609 col.
517 1586 585 1614 1132)
604 1586 694 1613 primus
715 1585 786 1607 edidit
808 1585 851 1606 hoc
874 1590 929 1612 opu-

88 1635 189 1662 sculum,
200 1634 264 1663 quod
276 1633 364 1662 incipit:
385 1642 396 1653 a
408 1633 497 1661 Frater,
510 1632 591 1655 beatus
602 1631 763 1659 Augustinus„
777 1633 819 1653 etc.
833 1631 854 1653 ln
867 1636 930 1658 prae-

89 1681 132 1704 fixa
149 1680 312 1704 Admonitione
335 1680 398 1703 dicit:
426 1689 437 1700 α
453 1680 510 1702 lnter
532 1679 731 1701 Bonaventuriana
754 1677 864 1700 anecdota
886 1677 929 1699 col-

90 1729 144 1751 lecta
162 1734 175 1750 a
197 1728 223 1750 cl.
238 1729 259 1750 Ρ.
279 1727 411 1755 Waddingo
434 1730 506 1749 exstat
523 1727 610 1748 Romae
626 1726 648 1747 in
666 1725 776 1747 tabulario
799 1724 931 1747 Conventus

89 1775 113 1797 S.
139 1775 220 1797 Isidori
243 1775 295 1797 cod.
318 1773 417 1796 membr.
435 1773 456 1796 in
478 1774 503 1801 8,
521 1779 606 1795 armar.
628 1772 650 1794 5.
671 1778 733 1794 num.
757 1772 824 1793 1186...
848 1771 871 1793 ln
889 1771 931 1792 hac

89 1824 166 1844 autem
184 1821 295 1849 Epistola,
313 1823 391 1848 utpote
409 1820 513 1842 familiari
531 1825 557 1841 ac
575 1819 736 1841 verosimiliter
757 1818 787 1840 ad
803 1817 930 1845 simplicem

93 1868 194 1890 Fratrem
211 1867 309 1894 directa,
326 1872 455 1895 nusquam,
472 1865 534 1895 quod
553 1872 597 1893 ego
614 1865 696 1891 sciam,
714 1864 773 1887 edita
795 1864 845 1892 plus
862 1864 931 1886 lector

89 1920 139 1937 rem
157 1914 230 1942 ipsam
242 1913 371 1942 appendat,
389 1919 433 1935 non
446 1912 528 1941 verba3
547 1913 644 1934 fructum
662 1911 734 1939 legat,
749 1916 795 1932 non
813 1910 875 1939 1011ος
894 1911 931 1932 sso-

91 1967 139 1984 rem
156 1964 246 1989 carpat,
264 1967 308 1983 non
326 1961 430 1982 volantes
447 1959 562 1982 desideret
579 1964 669 1986 pappos
681 1967 702 1980 n.
719 1970 749 1974 —
767 1959 789 1980 111
813 1957 930 1980 1)1ὀ(;110111.

92 2008 141 2035 (col.
159 2007 213 2035 743)
240 2007 288 2035 ipse
306 2007 335 2030 de
352 2007 433 2029 eadem
453 2006 551 2034 Epistola
568 2005 635 2028 dicit:
654 2014 665 2024 «
678 2005 757 2027 Stilum
779 2004 873 2033 quidem
892 2004 932 2025 hu-

91 2055 168 2077 milem
186 2055 297 2082 praefert,
315 2054 357 2076 sed
374 2059 483 2081 magnam
496 2053 602 2080 pietatem
620 2054 689 2080 atque
705 2051 848 2077 unct10neni,
866 2050 894 2072 ita
909 2052 932 2072 ut

91 2102 145 2124 nihil
162 2101 244 2124 obesse
261 2101 379 2128 videatur,
396 2100 520 2129 quominus
536 2099 598 2121 credi
619 2101 689 2127 queat
709 2098 738 2120 ad
755 2098 865 2120 humilem
882 2097 932 2119 Fra-

91 2152 148 2171 trem
165 2148 257 2171 Ordinis
269 2148 381 2170 lilinorum
399 2147 433 2170 sui
451 2146 575 2175 spiritualis
587 2146 701 2174 profectus
713 2144 822 2172 cupidum
841 2150 852 2165 a
865 2143 932 2168 beato

93 2196 249 2218 Bonaventura
268 2195 352 2224 scripta
365 2204 386 2216 n.
399 2207 429 2211 —
441 2195 459 2216 A
475 2193 617 2216 Bernardino
630 2193 659 2215 de
676 2192 751 2214 Bustis
765 2192 854 2218 (Rosar.
873 2197 896 2218 p.
909 2191 933 2212 ll.

92 2248 168 2265 sermo
185 2243 222 2265 27.
239 2243 276 2265 sol.
294 2241 346 2264 244.
367 2242 411 2264 col.
433 2242 477 2269 lV.)
496 2241 590 2263 dicitur:
614 2240 636 2262 S.
653 2240 814 2262 Bonaventnra
835 2238 857 2260 in
875 2238 932 2260 libro

92 2289 121 2311 de
138 2288 263 2311 lmitatione
280 2288 361 2311 Christi
378 2288 421 2310 ait:
438 2296 449 2307 a
460 2288 481 2309 ln
494 2286 602 2309 omnibus
613 2285 737 2308 virtutibus
751 2287 773 2307 et
789 2284 855 2307 bonis
867 2284 933 2306 mori-

94 2335 137 2358 bus
153 2335 192 2358 tibi
209 2342 314 2363 propone
331 2341 426 2362 semper
446 2334 597 2357 clarissimum
615 2333 734 2361 speculum
752 2335 774 2354 et
795 2332 862 2354 totius
885 2337 933 2353 san-

93 2382 174 2405 ctitatis
195 2382 386 2410 perfectissimum
409 2381 539 2409 exemplar,
555 2380 640 2402 scilicet
657 2379 727 2401 vitam
749 2381 771 2400 et
788 2384 864 2400 mores
886 2377 933 2399 Filii

90 2417 145 2456 Dei,
162 2429 254 2451 Domini
271 2428 342 2450 nostri
360 2428 407 2450 lesu
425 2427 507 2450 Christi
521 2435 541 2448 n.
559 2427 619 2448 Haec
636 2425 707 2448 verba
725 2432 769 2447 non
787 2425 934 2447 inveniuntur

94 2474 116 2497 in
133 2474 216 2497 celebri
233 2474 360 2497 lmitatione
375 2474 457 2496 Christi
475 2474 579 2495 'rhomae
595 2479 606 2494 a
624 2472 719 2500 Kempis
735 2471 841 2493 attributa
859 2476 934 2499 neque

94 2522 162 2544 etiam
174 2522 197 2543 in
215 2522 256 2544 hac
274 2521 386 2549 Epistola,
403 2521 443 2543 sed
462 2520 602 2542 verbotenus
620 2519 641 2541 in
664 2518 721 2541 libro
738 2518 767 2540 de
785 2516 931 2540 Institutione

94 2568 237 2592 novitiorum
255 2569 284 2597 (c.
302 2569 362 2597 32.)‚
380 2568 420 2596 qui
442 2571 476 2590 est
494 2573 546 2594 pars
563 2567 637 2594 prima
660 2565 738 2593 scripti
755 2565 837 2587 Fratris
860 2563 933 2586 David

96 2615 128 2638 De
139 2614 247 2639 interiori
262 2616 283 2638 et
305 2614 421 2638 eoeterz'ori
437 2613 534 2637 Homine
546 2616 587 2635 etc.
600 2613 649 2635 Non
661 2615 695 2634 est
706 2611 855 2640 impossibile,
871 2611 934 2639 quod

96 2661 131 2684 ille
142 2661 296 2684 Bernardinus
313 2660 420 2683 habuerit
430 2660 521 2688 copiam
540 2659 608 2682 huius
619 2659 745 2686 Epistolae,
762 2658 798 2680 cui
816 2658 850 2680 illa
863 2656 934 2679 verba

96 2708 178 2731 inserta
195 2711 272 2736 erant,
283 2714 336 2730 curn
354 2708 422 2730 etiam
435 2707 492 2730 inter
505 2710 593 2729 nostros
605 2706 673 2728 huius
684 2706 770 2734 opellae
785 2705 876 2727 codices
889 2710 935 2727 non

96 2755 154 2778 desit
169 2754 275 2777 notabilis
292 2755 450 2782 discrepantia.

157 2801 214 2824 Cum
231 2801 261 2824 ad
282 2801 439 2824 auctoritatem
463 2800 589 2828 Waddingi
607 2803 629 2822 et
650 2799 734 2822 Bonelli
757 2798 850 2821 accedat
867 2798 935 2820 etiam

97 2848 249 2870 testimonium
268 2848 367 2875 plurium
380 2847 486 2870 codicum
501 2850 523 2869 et
534 2846 660 2869 substantia
674 2845 791 2868 doctrinae
806 2845 937 2873 propositae

98 2893 156 2916 bene
180 2894 302 2917 conveniat
326 2900 378 2917 cum
403 2893 612 2920 Bonaventuriana,
637 2892 687 2915 ausi
708 2898 756 2914 non
778 2897 858 2914 sumus
879 2891 937 2912 hanc

97 2940 218 2968 Epistolam
241 2946 374 2969 expungere
396 2946 423 2963 ex
443 2940 548 2967 catalogo
566 2940 667 2968 Operum
690 2941 802 2968 seraphici
824 2939 935 2962 Doctoris.

1712 209 1824 237 LXXXV

981 285 1119 313 Hypothesis
1135 285 1197 308 enim
1209 292 1221 308 a
1239 286 1326 308 Bonelli
1343 286 1471 314 proposita,
1488 286 1551 315 quod
1564 289 1643 309 auctor
1661 286 1737 308 stilum
1754 292 1823 309 suum

981 331 1124 359 adaptaverit
1141 332 1278 360 simplicitati
1295 333 1416 355 cuiusdam
1428 333 1524 360 Fratris,
1537 333 1664 355 nullatenus
1675 334 1771 360 apparet
1785 332 1824 354 im-

981 377 1114 405 probabilis.
1132 379 1241 401 Nolumus
1259 382 1333 401 tamen
1351 386 1448 407 negare,
1466 380 1515 402 fieri
1533 379 1647 407 potuisse,
1668 378 1731 407 quod
1750 379 1823 400 torma

982 424 1050 446 huius
1072 425 1196 452 Epistolae‚
1219 425 1284 448 cuius
1306 425 1432 448 substantia
1455 427 1548 448 sortasse
1569 432 1595 448 ex
1618 425 1694 454 aliquo
1716 430 1823 447 sermone

981 471 1004 492 S.
1021 470 1195 493 Bonaventurae
1207 471 1236 493 ab
1253 472 1296 494 alio
1313 475 1405 495 auctore
1423 472 1560 500 deprompta
1572 472 1612 499 sit,
1624 471 1654 494 ab
1666 471 1738 494 aliena
1755 477 1824 493 manu

982 520 1059 544 postea
1077 523 1124 539 non
1140 523 1222 545 parum
1240 518 1306 540 tuerit
1322 521 1408 540 mutata
1426 521 1448 540 et
1464 519 1630 541 transformata.

1262 602 1397 632 Elenohus
1417 602 1546 633 codicum.

1042 702 1132 726 Codices
1149 710 1162 725 a
1179 703 1242 726 nobis
1258 710 1307 726 cum
1325 703 1393 727 textu
1409 703 1516 726 editionis
1532 703 1658 727 Vaticano
1675 702 1762 727 conati.

1049 797 1066 818 1.
1084 795 1195 826 Neapoli,
1216 795 1352 819 bibliotheca
1370 797 1505 824 Nationalis,
1524 797 1574 819 cod.
1593 797 1638 819 Vll.
1655 797 1678 819 F.
1696 797 1731 819 35,
1752 798 1822 819 chart.

982 848 1042 865 saec.
1060 843 1110 865 XV.
1132 843 1236 865 ineuntis.
1253 856 1282 859 —
1300 844 1361 866 Folio
1382 850 1427 866 non
1450 846 1580 867 numerato:
1604 843 1688 873 Incipit
1706 845 1822 866 tractatas

980 889 1160 919 pulcherrimus
1176 889 1266 913 domini
1281 891 1446 914 Bonaeentare
1468 890 1558 914 ordinis
1584 891 1705 914 Minorum
1729 890 1756 913 de
1773 889 1824 913 Bal·

983 935 1099 965 ueoreyio.
1118 937 1211 964 Frater,
1229 936 1333 966 loquitur
1351 937 1430 961 [matus
1449 937 1598 967 Auynstinus
1615 941 1656 960 etc.
1675 937 1823 966 Prosequitur

984 989 1058 1011 usque
1075 983 1102 1005 ad
1122 990 1142 1005 11.
1160 983 1182 1005 5.
1199 986 1220 1005 et
1238 984 1265 1006 ad
1284 983 1367 1006 verba:
1394 985 1422 1007 Et
1443 986 1510 1007 tenor
1536 984 1662 1014 questionis
1682 983 1736 1007 talis
1762 985 1821 1007 erat.

983 1029 1062 1051 Cetera
1080 1029 1168 1052 desunt.
1186 1042 1217 1046 —
1234 1030 1341 1058 Signatur
1358 1037 1370 1052 a
1388 1030 1454 1053 nobis
1471 1031 1543 1053 littera
1563 1032 1582 1052 Β.

1047 1078 1068 1099 2.
1086 1076 1185 1104 Ibidem,
1204 1077 1255 1099 cod.
1273 1077 1333 1100 XlV.
1345 1078 1369 1100 C.
1387 1077 1424 1100 35.
1441 1079 1512 1100 chart.
1525 1084 1583 1100 saec.
1602 1077 1653 1099 XV.
1672 1077 1782 1099 exeuntis.
1794 1088 1825 1093 —

984 1123 1042 1145 Huic
1059 1123 1172 1151 Epistolae
1189 1124 1340 1151 praemittitur
1357 1130 1456 1152 sequens
1478 1123 1584 1146 rubrica:
1602 1123 1684 1152 Incipit
1708 1125 1823 1147 tractatus

981 1169 1161 1199 pulcherrimus
1178 1170 1255 1193 saucli
1277 1170 1447 1193 Bonaeenture.
1470 1171 1555 1192 Desinit
1572 1171 1608 1192 sol.
1630 1176 1673 1192 uon
1692 1172 1823 1192 numerato:

984 1215 1113 1239 secundam
1131 1216 1174 1239 ista
1193 1223 1236 1245 qne
1253 1216 1339 1246 scripsi
1355 1216 1402 1240 tibi.
1421 1218 1502 1240 Amen.
1521 1218 1583 1245 Sign.
1602 1217 1625 1239 C.

1048 1263 1069 1284 3.
1086 1262 1197 1290 Parisiis,
1211 1262 1346 1285 bibliotheca
1360 1263 1493 1291 NatIOnalis,
1510 1264 1560 1285 cod.
1576 1263 1659 1285 18327.
1675 1264 1747 1285 chart.
1766 1268 1826 1285 sace.

985 1310 1035 1332 XV.
1052 1323 1082 1325 —
1100 1310 1178 1337 lncipit
1205 1310 1342 1337 opusculum
1367 1310 1402 1332 sol.
1435 1310 1483 1331 179.
1512 1317 1530 1332 r.
1558 1314 1610 1338 post
1637 1310 1691 1332 alias
1719 1310 1827 1338 epistolas

986 1356 1007 1378 S.
1026 1356 1128 1378 Doctoris
1145 1356 1189 1378 sic:
1207 1355 1313 1385 Epistola
1329 1356 1378 1379 alia
1395 1356 1497 1379 eiusdem
1514 1356 1546 1379 ad
1562 1356 1688 1386 quemdam
1709 1356 1825 1379 iuvenem.

985 1403 1070 1425 Beatus
1088 1402 1235 1432 Aetoii-§tinus
1258 1402 1398 1432 loquebatur
1420 1403 1454 1426 sic
1475 1402 1506 1426 ad
1528 1402 1656 1426 Dominum
1673 1407 1715 1425 etc.
1739 1403 1825 1425 Desinit

986 1449 1023 1471 sol.
1041 1449 1093 1471 l82.
1117 1455 1134 1471 r.
1157 1449 1245 1471 verbis:
1267 1449 1396 1472 secuudum
1417 1450 1462 1472 isla
1484 1456 1528 1479 qne
1549 1448 1591 1472 tibi
1612 1449 1703 1478 scripsi.
1730 1449 1784 1472 Vale
1801 1449 1825 1472 in

986 1495 1085 1518 Domino
1102 1497 1123 1518 et
1140 1502 1184 1518 ora
1202 1496 1275 1518 Deum
1290 1501 1336 1525 pro
1352 1502 1395 1518 me.
1414 1496 1476 1524 sign.
1494 1496 1518 1518 Α.

1050 1543 1069 1564 4.
1088 1542 1186 1570 Romae,
1204 1542 1341 1564 bibliotheca
1360 1542 1453 1570 Collegii
1475 1543 1545 1565 sancti
1563 1542 1642 1565 lsidori
1659 1542 1825 1569 Hibernorum,

986 1589 1037 1611 cod.
1055 1589 1091 1610 68.
1109 1589 1201 1610 miscell.
1219 1594 1278 1611 saec.
1295 1589 1345 1610 XV.
1360 1601 1387 1604 —
1401 1589 1480 1616 lncipit
1498 1589 1532 1611 sol.
1551 1589 1603 1611 239.
1621 1595 1643 1611 v.
1660 1595 1713 1611 cum
1732 1590 1774 1611 hac
1791 1595 1826 1611 ru-

987 1634 1064 1657 brica:
1091 1634 1196 1664 Epistola
1221 1634 1281 1657 beati
1305 1635 1469 1658 Bonaventarc
1494 1634 1521 1658 tle
1546 1634 1674 1658 imitatione
1699 1635 1741 1658 Xti
1767 1636 1826 1658 Iesu..

989 1682 1082 1710 Frater,
1102 1681 1207 1711 loquitur
1224 1681 1303 1704 beatus
1320 1681 1468 1711 Attglustinus
1486 1684 1527 1704 etc.
1546 1682 1646 1704 Desinit:
1667 1681 1721 1705 Vale
1739 1681 1763 1704 in
1782 1682 1826 1705 Do-

987 1728 1051 1751 mino
1068 1729 1088 1751 et
1106 1734 1150 1750 ora
1163 1734 1209 1757 pro
1227 1734 1272 1750 me.
1289 1728 1352 1756 Sign.
1369 1729 1394 1750 D.

1051 1775 1064 1803 S
1083 1775 1117 1796 Ἰ13.
1136 1772 1269 1803 Opusculnm
1286 1773 1369 1796 XXIII.
1387 1773 1490 1803 Legenda
1508 1773 1583 1797 sancti
1600 1773 1726 1797 Prencisci.

1051 1821 1161 1849 Prologus
1179 1821 1247 1843 huius
1264 1821 1383 1850 Leqendoe
1400 1821 1488 1849 incipit:
1501 1821 1619 1850 Apparuit
1630 1821 1709 1850 qratia
1721 1821 1764 1844 Dei
1775 1820 1827 1844 Sul-

989 1868 1077 1891 vatoris
1099 1867 1186 1895 nostri,
1209 1871 1230 1890 et
1256 1874 1300 1890 non
1323 1867 1421 1890 obscure
1446 1868 1559 1895 insinuat,
1581 1868 1633 1896 quis
1658 1868 1724 1890 tuerit
1748 1872 1827 1891 auctor

988 1915 1100 1937 eiusdem.
1128 1914 1201 1937 Verba
1227 1909 1287 1936 euim
1309 1914 1340 1936 ibi
1364 1915 1395 1943 (n.
1423 1915 1453 1942 3.)
1471 1915 1557 1942 posita:
1578 1915 1645 1937 «Nisi
1669 1921 1705 1937 me
1723 1915 1826 1937 Fratrum

989 1962 1078 1984 fervens
1104 1961 1218 1983 incitasset
1242 1962 1347 1988 affectus,
1365 1961 1478 1989 generalis
1495 1968 1589 1990 quoque
1611 1961 1707 1989 Capituli
1734 1961 1827 1991 [Narbo-

989 2008 1064 2030 nensis
1081 2014 1116 2030 an.
1138 2007 1203 2036 1260]
1221 2014 1317 2030 concors
1334 2007 1459 2030 induxisset
1476 2008 1593 2035 instantia,
1615 2011 1637 2030 et
1657 2014 1682 2029 ea
1705 2014 1775 2036 quam
1798 2008 1827 2031 ad

988 2058 1092 2077 sanctum
1112 2055 1198 2076 Patrem
1218 2053 1302 2076 habere
1319 2057 1396 2076 teneor
1414 2054 1506 2077 devotio
1523 2054 1678 2082 compulisset,
1695 2057 1773 2082 utpote
1790 2054 1829 2083 qui

989 2107 1030 2129 per
1046 2101 1119 2129 ipsius
1137 2101 1302 2123 invocationem
1326 2104 1347 2123 et
1372 2101 1451 2123 merita
1469 2101 1491 2122 in
1516 2101 1596 2129 puerili
1613 2103 1697 2129 aetate,
1718 2101 1776 2124 sicut
1796 2108 1829 2123 re-

989 2148 1048 2170 ceuti
1074 2148 1183 2169 memoria
1207 2151 1283 2174 teneo,
1301 2153 1313 2169 a
1332 2148 1411 2169 mortis
1436 2147 1539 2169 saucibus
1561 2150 1662 2170 erutus„
1682 2151 1736 2174 etc.;
1759 2149 1828 2176 haec,

990 2195 1094 2223 inquam¹
1120 2194 1190 2216 verba
1216 2195 1244 2216 ad
1268 2195 1383 2217 neminem
1411 2195 1452 2216 11151
1470 2195 1499 2217 ad
1522 2195 1705 2217 Bonaventuram
1724 2197 1828 2223 spectare

990 2244 1093 2269 possunt.
1118 2242 1165 2263 Hoc
1190 2242 1338 2263 confirmatur
1363 2248 1389 2263 eo
1414 2241 1478 2270 quod
1495 2242 1516 2263 in
1535 2247 1554 2263 c.
1579 2242 1599 2263 3.
1617 2247 1638 2263 n.
1658 2241 1678 2263 lt.
1698 2241 1781 2264 dicitur
1798 2242 1827 2264 de

990 2288 1014 2310 B.
1025 2288 1121 2316 Aegidio
1133 2290 1154 2310 et
1167 2288 1216 2315 ipso
1228 2291 1333 2315 auctore,
1345 2291 1367 2310 et
1378 2294 1398 2310 c.
1412 2288 1448 2310 13.
1460 2294 1482 2309 11.
1494 2288 1514 2310 8.
1532 2288 1562 2310 de
1574 2288 1742 2315 praedicatione
1755 2289 1828 2316 Papae

989 2334 1107 2357 Alexandri
1119 2334 1155 2356 lV.
1168 2342 1178 2355 α
1191 2340 1268 2356 coram
1282 2334 1358 2356 multis
1370 2333 1486 2356 Fratribus
1498 2337 1519 2356 et
1532 2340 1568 2356 me
1585 2334 1635 2362 ipso
1648 2343 1668 2356 n.
1687 2335 1781 2362 lnsuper
1798 2337 1830 2357 tot

989 2383 1043 2403 sunt
1059 2381 1187 2403 testimonia
1203 2383 1380 2403 coaetaneorum
1393 2383 1415 2402 et
1427 2381 1592 2408 posteriorum,
1605 2383 1630 2403 ut
1646 2387 1712 2403 nenio
1726 2387 1828 2410 unquam

991 2429 1050 2451 hanc
1067 2427 1198 2455 Legendam
1216 2428 1336 2455 seraphico
1353 2427 1443 2450 Doctori
1461 2427 1634 2450 abiudicaverit.
1652 2429 1701 2456 lpse
1724 2427 1827 2451 Oudinus

992 2475 1046 2497 dicit
1063 2475 1115 2503 (loc.
1140 2475 1176 2496 cit.
1203 2475 1244 2497 col.
1268 2474 1335 2502 392),
1361 2474 1492 2502 Legendam
1517 2476 1574 2497 hanc
1601 2475 1742 2500 referendam
1769 2475 1827 2498 inter

991 2521 1114 2549 opuscula,
1134 2530 1145 2540 ιι
1157 2526 1217 2549 quae
1234 2521 1313 2543 divum
1327 2521 1511 2542 13011aventu1=am
1528 2523 1645 2543 auctorem
1659 2520 1780 2543 indubium
1793 2521 1830 2543 ha-

992 2567 1045 2589 bent
1057 2576 1078 2589 n.
1096 2567 1197 2589 Sufficiat
1214 2567 1283 2594 igitur
1309 2572 1394 2594 paucos
1419 2569 1505 2588 tantum
1527 2568 1608 2589 afferre
1633 2569 1711 2595 testes,
1729 2573 1828 2596 quorum

992 2613 1080 2641 primus
1092 2616 1125 2635 est
1136 2614 1280 2641 synchronus
1296 2613 1330 2635 Fr.
1349 2612 1487 2640 Salimbene,
1498 2613 1537 2641 (1111
1551 2613 1572 2635 111
1584 2613 1631 2635 51115
1647 2612 1765 2636 Chronicis
1783 2614 1829 2642 (ed.

992 2661 1066 2682 Parni.
1083 2666 1136 2688 pag.
1154 2660 1201 2688 60),
1218 2662 1340 2688 postquam
1358 2660 1460 2682 laudavit
1478 2659 1614 2683 Memoriale
1630 2659 1692 2683 beati
1706 2660 1832 2684 Francisci

991 2707 1102 2734 scriptum
1120 2713 1132 2728 a
1145 2706 1232 2728 Thoma
1246 2712 1258 2728 a
1271 2706 1366 2734 Celano,
1383 2706 1457 2728 addit:
1477 2715 1488 2726 α
1501 2706 1546 2728 Sed
1563 2713 1672 2735 processu
1691 2707 1801 2735 temporis
1819 2713 1831 2729 a

992 2754 1069 2776 Fratre
1086 2753 1258 2780 Beneventum,
1275 2753 1375 2780 generali
1392 2753 1504 2781 Ministro,
1522 2759 1548 2775 ex
1567 2753 1601 2775 his
1618 2753 1726 2776 omnibus
1745 2753 1831 2782 compi-

993 2800 1051 2822 latus
1067 2802 1100 2822 est
1117 2805 1176 2821 unus
1193 2799 1280 2827 optime
1296 2799 1420 2822 ordinatus.
1439 2800 1465 2822 Et
1486 2800 1563 2822 adhuc
1585 2800 1654 2822 multa
1671 2800 1829 2828 reperiuntur,

992 2853 1052 2875 quae
1069 2846 1151 2874 scripta
1170 2852 1214 2868 non
1232 2848 1284 2868 sunt
1296 2854 1317 2867 ι.
1334 2858 1364 2861 -
1382 2846 1501 2868 Secundus
1521 2849 1554 2869 est
1571 2846 1607 2869 Fr.
1623 2845 1746 2870 Ubertinus
1763 2854 1775 2869 a
1793 2846 1832 2870 Ca-

993 2893 1046 2919 sali,
1063 2893 1102 2921 qui
1119 2892 1141 2914 in
1159 2898 1201 2914 suo
1224 2891 1281 2914 libro
1303 2891 1382 2915 Arbor
1403 2891 1464 2915 vitae
1485 2892 1615 2923 crncifioeae
1633 2893 1678 2922 (an.
1697 2893 1765 2922 1304)
1784 2894 1832 2922 plu-

993 2939 1037 2962 ries
1055 2940 1113 2961 hanc
1138 2938 1269 2966 Legendam
1294 2938 1397 2961 attribuit
1413 2940 1586 2962 Bonaventurae
1610 2942 1631 2962 et
1657 2939 1706 2962 libr.
1726 2940 1754 2962 V.
1771 2946 1790 2962 c.
1808 2940 1830 2963 5.
