2133 3317
279 217 357 246 XCVI

280 295 406 319 eoeterioris
423 295 526 319 hominis
543 294 709 324 compositione
734 294 833 322 appellet
858 293 888 316 ad
913 292 1043 322 Speculum
1060 292 1126 316 disci-

276 343 370 373 plinae,
389 349 442 365 cum
464 342 532 365 unice
553 341 660 369 respiciat
684 340 826 369 praecedens
851 340 990 369 opusculum
1015 339 1127 368 incipiens

280 389 361 413 Primo
378 396 470 419 semper
487 388 553 412 debes
578 387 764 412 considerare».
785 388 814 410 lta
841 387 903 410 enim
926 387 1005 415 incipit
1027 393 1127 415 opuseu-

280 437 327 460 lum
344 437 380 459 Fr.
398 436 483 465 David⁷
501 435 565 465 quod
582 435 637 458 alias
654 434 737 458 dicitur
752 435 785 457 De
802 433 951 458 Institutione
966 433 1127 462 novitiorum,

280 486 302 506 et
319 486 353 506 est
369 483 444 511 prima
461 488 515 510 pars
537 482 606 505 totius
630 481 707 509 operis
734 481 839 504 eiusdem
864 480 956 504 Fratris.
974 480 1034 503 Vide
1057 487 1127 509 supra

280 536 335 559 pag.
354 529 447 552 LXXVI
465 529 507 551 col.
525 530 549 551 ll.

343 576 417 598 Valde
434 575 503 598 etiam
520 577 596 598 errant
612 575 712 598 editores
730 574 811 597 Veneti
829 574 933 603 (Diatrib.
951 581 974 603 p.
992 575 1045 603 127)
1070 580 1129 597 asse·

281 625 369 646 rentes:
391 631 401 643 a
412 623 490 645 Nullus
507 622 616 651 antiquus
632 624 704 645 exstat
721 622 805 651 codex,
822 622 864 651 qui
888 622 1064 644 Bonaventurae
1091 628 1129 644 no-

280 677 334 693 men
350 670 464 693 contineat
480 670 569 699 quique
585 676 632 692 non
649 670 764 698 praeterat
780 675 865 692 nomen
882 669 978 691 Davidis
987 669 1128 697 Augustani,

241 728 244 731 ⁴
281 720 303 739 et
319 717 338 739 si
357 718 412 740 torte
430 717 513 746 aliquis
534 717 575 744 sit,
600 716 639 746 qui
665 717 852 739 Bonaventuram
874 716 1009 744 inscriptum
1032 716 1128 744 habeat,

281 766 320 786 aut
337 764 373 786 ille
390 764 524 787 recentioris
540 764 583 786 erit
599 765 678 791 notae,
696 766 735 786 aut
752 763 781 785 ab
793 764 866 786 aliena
883 769 953 786 manu
971 765 1095 791 corruptus
1106 771 1130 785 ».

281 810 426 833 Contrarium
445 811 466 833 in
484 813 581 840 utraque
597 813 663 839 parte
679 816 762 833 verum
783 812 824 833 est.
849 810 940 833 Nullum
963 810 1072 833 novimus
1094 816 1130 833 co-

281 857 357 880 dicem
374 864 417 880 nec
434 858 552 886 antiquam
570 857 705 886 editionem,
723 857 763 886 qui
781 858 912 885 praeferant
929 864 1013 880 nomen
1034 858 1130 880 Davidis

281 904 421 933 Augustani,
439 905 480 927 sed
497 905 685 927 Bonaventuram
702 904 829 928 inscribunt
845 907 936 933 praeter
948 905 1079 933 complures
1091 911 1129 927 co-

282 951 345 974 dices
362 958 374 974 a
392 952 478 974 Bonelli
495 951 547 980 (loc.
565 951 601 974 cit.
613 958 636 974 n.
648 951 694 980 16.)
707 954 855 975 enumeratos
867 953 913 974 tere
924 958 1005 974 omnes
1017 952 1046 974 illi
1054 971 1059 981 ‚
1071 958 1130 981 quos

282 998 340 1021 intra
357 998 379 1021 in
397 999 492 1021 elencho
508 1004 664 1021 recensemus.
689 1011 720 1015 —
738 998 897 1021 Certissimum
915 999 986 1027 igItur
1010 1001 1057 1027 esi,
1082 999 1130 1026 opi-

282 1046 373 1069 nionem
391 1046 475 1069 Oudini
492 1048 514 1068 et
531 1046 674 1068 Venetorum
699 1046 814 1069 editorum
833 1046 959 1069 faventium
984 1047 1020 1069 Fr.
1048 1046 1130 1069 Davidi

282 1100 332 1116 esse
349 1094 442 1116 omnino
459 1092 640 1122 reprobandam.

346 1139 453 1163 Sbaralea
479 1140 531 1168 (loc.
556 1140 602 1168 cit.)
624 1142 685 1163 recte
708 1143 791 1169 negat,
813 1141 849 1163 Fr.
871 1141 984 1163 Davidem
1009 1141 1130 1169 scripsisse

282 1186 411 1216 Speculum
428 1186 580 1217 disciplinae,·
598 1187 682 1210 deinde
702 1187 735 1210 sic
759 1188 890 1211 continuat:
918 1188 1053 1217 «Equidem
1077 1189 1130 1210 anti-

282 1240 344 1263 quus
360 1236 440 1256 auctor
457 1233 603 1257 Memorialis
622 1233 680 1257 Ord.
691 1234 749 1257 Min.
761 1234 784 1256 in
796 1234 959 1258 Firmameuto
974 1234 1057 1258 Trium
1072 1234 1129 1257 Orcl.

282 1281 307 1305 S.
325 1281 421 1308 Frauc.,
437 1282 534 1310 loquens
551 1281 581 1304 de
597 1287 731 1304 successore
742 1283 765 1304 S.
778 1282 964 1310 Bonaventurae,
980 1282 1081 1304 Ministro
1094 1288 1132 1309 ge-

283 1329 353 1351 nerali
371 1329 511 1356 Hieronymo
528 1328 654 1356 Asculano,
672 1328 764 1351 scribit:
781 1346 786 1356 ‚
800 1329 831 1351 De
848 1329 956 1351 mandato
974 1329 1040 1351 istius
1061 1330 1133 1351 Gene-

283 1376 335 1398 ralis
352 1375 448 1404 quidam
466 1375 576 1404 magister
593 1376 692 1398 multum
716 1377 831 1403 ramosus,
856 1382 955 1404 magnae
979 1376 1132 1398 sufficientiae

283 1425 304 1445 et
321 1422 412 1445 virtutis
428 1428 498 1450 super
516 1422 643 1445 Sententias
660 1428 720 1451 opus
737 1422 809 1445 edidit
821 1423 875 1445 utile
886 1429 929 1445 nec
940 1429 986 1445 non
1001 1422 1086 1445 librum
1101 1423 1132 1446 De

283 1468 427 1498 Perfectioue
443 1468 591 1498 cvanqclicu,
609 1471 687 1491 contra
704 1469 869 1497 perfectionem
886 1469 1056 1497 Religiosorum
1074 1469 1132 1491 Men-

283 1515 410 1538 dicantium
427 1515 586 1543 detrahentes,
603 1518 626 1538 et
642 1515 718 1539 Vitam
730 1515 756 1538 B.
770 1515 868 1539 Antonii
878 1515 990 1539 Paduaui
1007 1516 1066 1538 miro
1080 1516 1131 1538 stilo

283 1563 414 1591 composuit
435 1566 457 1585 et
474 1562 604 1592 Speculum
626 1562 765 1592 discipliuae
777 1564 790 1585 ‘.
813 1564 927 1591 Attamenv
942 1563 1023 1592 nequit
1048 1563 1132 1585 intelle-

283 1609 343 1632 xisse
359 1616 400 1632 seu
418 1610 531 1632 indicasse
549 1610 691 1633 Bernardum
709 1610 738 1633 de
752 1611 834 1637 Bessa,
852 1611 950 1639 quinon
964 1612 1077 1637 famosus,
1089 1611 1131 1633 sed

283 1663 312 1679 ne
329 1657 439 1684 magister
455 1657 551 1686 quidem
568 1657 609 1679 tuit
625 1659 761 1686 tantumque
778 1663 851 1685 pauca
869 1657 899 1680 ad
919 1657 1037 1680 historiam
1063 1658 1131 1680 Mino-

283 1704 371 1726 riticam
390 1704 505 1727 attinentia
523 1704 631 1731 confecit;
648 1710 731 1726 verum
748 1704 828 1727 verbis
846 1704 888 1727 illis
911 1705 1049 1733 significavit
1072 1705 1132 1728 loan-

283 1757 336 1773 nem
353 1751 429 1773 Pekan
448 1750 512 1780 (sic),
530 1751 553 1773 S.
570 1751 744 1773 Bonaventurae
762 1750 913 1780 discipulum⁷
926 1752 1045 1774 doctorem
1064 1753 1133 1775 famo-

283 1804 347 1826 sum,
364 1799 404 1827 qui
425 1798 525 1826 plurima
543 1798 690 1827 conscripsit,
707 1799 843 1827 praesertim
869 1799 890 1821 in
911 1797 929 1821 4
953 1798 1132 1822 Sententiarum

284 1845 356 1869 libros
374 1848 396 1868 et
410 1845 497 1868 librum
515 1846 548 1869 De
564 1845 709 1875 Perfectione
725 1845 872 1875 evanqelica,
891 1848 947 1868 teste
968 1846 1037 1868 etiam
1063 1847 1133 1869 Wad-

283 1893 368 1920 dingo,
387 1898 428 1915 nec
439 1899 486 1915 non
506 1892 584 1916 Vitam
601 1892 626 1916 S.
643 1892 741 1916 Antonii
756 1893 879 1921 Patavini,
892 1896 917 1916 ut
930 1893 1036 1921 perhibet
1047 1894 1133 1917 Rodul-

283 1939 353 1968 phius
370 1939 428 1962 libro
444 1940 476 1962 lll.
489 1939 559 1967 Igitur
576 1939 644 1962 huius
661 1942 694 1962 est
711 1942 733 1962 et
750 1940 875 1968 Speculum
885 1940 1032 1968 disciplinae,
1045 1940 1133 1969 quippe

283 1986 322 2015 qui
340 1986 408 2009 etiam
427 1986 555 2016 Speculum
568 1986 685 2010 Ecclesiae
696 1990 718 2009 et
729 1986 859 2016 Speculum
875 1987 970 2010 animae
987 1987 1133 2010 elucubrave-

283 2034 327 2062 rit;
347 2034 483 2061 praesertim
500 2040 554 2057 cum
571 2034 594 2056 S.
611 2034 771 2056 Bonaventura
789 2035 833 2057 hoc
850 2037 1015 2062 argumentum
1033 2035 1061 2057 sit
1073 2041 1133 2057 exse-

285 2084 351 2105 cutus
368 2081 391 2103 in
411 2087 453 2103 sua
470 2081 621 2104 No'uitiorum
637 2081 740 2111 Reyula,
758 2082 858 2111 ideoque
883 2088 930 2105 non
947 2088 1007 2110 opus
1029 2085 1084 2109 erat,
1107 2085 1131 2105 ut

285 2130 344 2151 hanc
360 2130 493 2151 retractaret
509 2128 628 2150 materiam
639 2136 660 2150 xv.
981 2154 984 2157 Ι

347 2176 392 2198 Sed
410 2177 488 2198 contra
505 2178 618 2198 assertum
635 2175 699 2198 istius
716 2175 863 2199 illemorialis
881 2175 959 2199 scribit
976 2176 1061 2199 Bonelli
1079 2176 1132 2205 (loc.

284 2223 321 2246 cit.
333 2229 355 2245 n.
368 2222 423 2251 115.),
435 2223 529 2245 maioris
545 2229 596 2246 esse
610 2223 750 2246 auctoritatis
761 2223 873 2246 Chronica
886 2223 961 2246 XXIV
974 2224 1132 2251 Generalium,

284 2270 307 2292 in
324 2269 410 2298 quibus
428 2269 543 2297 (Analecta
560 2270 639 2292 Franc.
650 2271 705 2292 tom.
718 2270 750 2292 lll.
769 2276 823 2298 pag.
840 2270 894 2298 377)
913 2270 1011 2298 legitur:
1032 2279 1043 2290 α
1055 2270 1133 2299 Usque

285 2317 315 2339 ad
337 2317 405 2339 istum
431 2317 564 2339 Generalem
591 2317 684 2345 (scilicet
708 2317 880 2346 Bonagratiam)
898 2318 935 2339 Fr.
952 2317 1083 2340 Bernardus
1103 2317 1133 2340 de

284 2364 353 2386 Bessa
365 2363 500 2386 Provinciae
514 2363 649 2392 Aquitaniae
666 2362 802 2386 Chronicam
820 2364 964 2391 generalium
978 2363 1132 2387 Ministrorum

284 2411 402 2439 protraxit.
412 2411 455 2440 Qui
465 2411 534 2434 etiam
546 2411 618 2434 edidit
629 2411 684 2433 alios
696 2411 827 2434 devotionis
839 2410 937 2439 libellos,
953 2418 1053 2440 quorum
1071 2418 1133 2435 unus

286 2458 326 2481 suit
342 2458 371 2480 de
388 2458 507 2486 proposito
524 2458 627 2486 Regulae
643 2458 673 2480 ad
690 2459 794 2481 aemulos
819 2458 971 2481 confutandos
997 2461 1019 2481 et
1044 2459 1133 2482 Fratres

285 2504 315 2527 ad
332 2504 461 2527 vivendum
478 2505 606 2527 secundum
623 2505 735 2533 Regulam
754 2505 924 2533 informandos,
939 2507 961 2527 et
972 2505 1016 2527 hoc
1028 2507 1133 2533 tempore

285 2552 320 2574 Fr.
338 2552 512 2574 Bonaventurae
530 2554 583 2574 tunc
601 2552 714 2580 generalis
731 2552 833 2574 Ministri.
853 2565 885 2568 —
902 2551 971 2575 Alius
987 2551 1035 2581 suit
1050 2552 1082 2575 acl
1098 2552 1134 2575 in-

285 2596 440 2627 formauelwm
457 2597 570 2625 novitios,
583 2597 625 2626 qui
635 2596 722 2620 (licitur
733 2596 863 2626 Speculum
874 2596 1012 2626 clisciplinae
1023 2606 1033 2618 n
1049 2600 1091 2620 etc.
1103 2610 1134 2614 —

286 2643 343 2667 Cum
361 2644 430 2672 igitur
447 2644 509 2667 aliud
527 2644 643 2673 antiquius
661 2644 829 2671 testimonium,
847 2644 910 2673 quod
929 2643 1050 2667 Sbaraleae
1068 2644 1136 2672 igno-

286 2694 334 2714 tum
349 2691 397 2718 suit,
409 2690 492 2713 librum
506 2691 590 2713 diserto
602 2691 719 2713 adiudicet
729 2691 859 2718 Bernardo,
877 2697 923 2713 non
935 2691 1061 2713 Pecehamo
1068 2699 1074 2718 ς
1087 2691 1133 2713 13111

286 2737 376 2760 eliditur
392 2740 556 2765 argumentum
575 2737 669 2760 unicum
694 2736 828 2764 Sbaraleae,
851 2737 905 2766 quia
928 2739 989 2759 recte
1014 2736 1069 2759 dicit
1094 2737 1133 2759 Bo-

285 2785 351 2811 nelli,
368 2785 461 2807 maioris
481 2790 532 2807 esse
547 2784 687 2807 auctoritatis
704 2785 805 2812 praefata
831 2784 944 2807 Chronica
968 2790 1038 2813 quam
1065 2784 1134 2806 docu-

287 2834 389 2854 mentum
406 2831 474 2859 illud,
492 2832 513 2854 in
536 2838 583 2860 quo
601 2832 742 2854 Pecchamus
767 2838 809 2854 nec
832 2831 925 2854 nomine
950 2831 1044 2859 proprio
1067 2831 1134 2853 reter-

286 2882 331 2901 tur.
347 2878 503 2901 Concedimus
520 2882 609 2907 autem,
627 2879 699 2902 verba
717 2880 818 2907 praefata
835 2878 982 2902 Memorialis
997 2879 1035 2901 vix
1048 2878 1077 2901 de
1089 2878 1133 2901 alio

287 2932 299 2947 a
318 2926 444 2948 Pecchamo
462 2925 556 2953 intelligi
573 2931 652 2954 posse,
670 2926 710 2954 qui
727 2931 809 2948 revera
827 2928 861 2948 est
877 2928 957 2948 auctor
978 2926 1083 2953 opusculi
1103 2926 1134 2948 De

286 2972 430 3002 Pet-sectione
446 2972 588 3002 euangelica.
601 2973 649 2995 Hoc
663 2975 774 2995 testantur
787 2973 868 2995 eadem
881 2972 993 2995 Chronica
1006 2973 1081 2995 XXlV
1094 2973 1133 2995 Ge-

981 213 1225 243 PROLEGOMENA
1246 214 1274 242 C.
1296 214 1337 243 Ill.

1185 292 1297 315 neralium
1324 292 1393 321 (pag.
1418 292 1476 321 361)
1501 292 1537 315 1115
1562 291 1652 314 verbis:
1674 291 1747 314 «Fuit
1771 291 1840 314 etiam
1865 291 1902 314 illo
1928 294 2032 320 tempore

1185 339 1282 368 quidam
1300 340 1368 362 trater
1391 339 1498 366 loannes,
1523 339 1559 361 vir
1583 345 1683 366 magnae
1708 338 1858 361 sufficientiae
1882 341 1905 360 et
1928 338 2032 365 virtutis,

1185 386 1284 408 multum
1302 386 1404 408 famosus
1421 391 1500 408 sacrae
1516 385 1646 413 theologiae
1663 385 1780 412 magister.
1798 384 1841 413 Qui
1853 390 1923 412 supra
1941 384 2033 407 Senten-

1185 432 1228 455 tias
1245 439 1305 460 opus
1321 432 1393 455 edidit
1410 432 1465 454 utile
1482 432 1647 460 Quaestionum
1665 437 1708 454 nec
1725 438 1770 454 non
1788 430 1889 453 librum:
1906 431 1938 453 De
1957 431 2031 460 Perfe-

1186 480 1261 503 ctioue
1277 478 1413 509 evauqelz‘ca
1430 481 1508 502 contra
1531 479 1652 507 Religiosis
1674 478 1855 501 Mendicantibns
1880 478 2033 501 detrahentes.

1186 528 1219 550 De
1236 527 1345 550 mandato
1362 526 1466 549 eiusdem
1485 526 1602 549 Generalis
1619 525 1695 548 Vitam
1713 525 1773 548 beati
1790 525 1883 548 Antonii
1900 525 1958 548 miro
1982 525 2031 548 stilo

1186 575 1329 603 composuit,
1346 574 1466 602 quamvis,
1478 573 1533 602 quia
1545 573 1587 595 alia
1600 573 1684 601 scripta
1696 576 1745 596 erat
1761 573 1783 595 in
1795 572 1931 601 Breviariis‚
1948 572 2034 595 nullum

1186 629 1231 645 non
1249 622 1316 645 suerit
1332 621 1451 649 divulgata
1463 630 1474 641 n
1495 620 1556 650 (sic).

1249 669 1354 695 Accedit,
1372 668 1435 697 quod
1454 668 1541 690 nullum
1559 667 1620 690 aliud
1646 667 1803 690 testimonium
1829 670 1919 696 praeter
1945 667 2033 696 praedi-

1186 718 1248 739 ctum
1267 722 1309 744 pro
1327 716 1454 738 Pecchamo
1479 714 1554 737 afferri
1580 716 1666 743 potest,
1692 716 1715 737 et
1739 714 1803 743 quod
1829 714 1886 736 luter
1911 714 2031 743 complura

1186 769 1269 791 opera,
1286 768 1347 791 quae
1364 762 1386 784 in
1404 761 1524 784 codicibus
1541 767 1599 784 msc.
1615 761 1645 783 illi
1661 760 1833 788 attribuuntur,
1858 767 1974 790 nusquam
1996 768 2035 784 no-

1187 810 1287 833 minatur
1305 809 1435 839 Speculum
1452 808 1598 838 discipliuae.
1615 809 1638 830 ln
1655 808 1829 836 Prolegomenis
1846 808 1952 836 opusculi
1964 808 2035 831 nostri

1187 857 1220 880 De
1237 856 1357 879 humanae
1382 854 1522 885 coqnitz'onis
1547 854 1652 882 ratione,
1676 861 1730 883 pag.
1752 854 1804 877 XVl
1830 860 1897 883 seqq.
1924 860 1951 877 ex
1974 860 2034 877 com-

1187 903 1304 926 mentariis
1322 904 1344 925 P.
1362 902 1445 925 Fidelis
1467 908 1480 924 a
1497 903 1574 924 Fanna
1600 901 1623 924 b.
1648 908 1680 924 m.
1704 902 1773 924 relata
1797 904 1851 924 sunt
1873 902 1902 924 ’19
1925 903 2036 930 opuscula

1187 951 1210 973 in
1228 951 1284 973 ultra
1303 950 1332 972 50
1350 949 1471 972 codicibus
1487 951 1605 977 contenta,
1630 954 1691 977 quae
1716 948 1843 971 Pecchamo
1869 948 2036 978 attribuuntur;

1187 997 1229 1019 sed
1254 997 1277 1019 in
1302 997 1364 1019 nullo
1386 996 1471 1018 mentio
1496 995 1521 1017 fit
1545 994 1614 1017 libelli
1632 994 1761 1024 Speculum
1782 994 1926 1024 disciplinae.
1944 996 2038 1019 Accedit

1188 1044 1302 1072 denique,
1319 1043 1383 1072 quod
1400 1043 1475 1065 nullus
1492 1042 1608 1065 invenitur
1626 1042 1699 1065 codex
1716 1042 1825 1071 nullaque
1841 1042 1924 1070 editio,
1943 1042 1965 1065 in
1985 1043 2036 1072 qui-

1188 1091 1233 1114 bus
1244 1092 1288 1114 hoc
1299 1091 1438 1119 opusculum
1457 1090 1561 1113 eiusdem
1576 1090 1669 1112 nomine
1686 1088 1833 1112 inscribatur.
1849 1089 1874 1111 Si
1891 1089 1961 1117 igitur
1977 1091 2038 1112 stare

1188 1139 1297 1162 volumus
1314 1137 1450 1160 testimoniis
1467 1136 1593 1164 historicis,
1610 1136 1687 1164 opinio
1712 1135 1834 1158 Sbaraleae
1859 1136 1966 1158 sustineri
1990 1142 2038 1159 non

1188 1187 1272 1214 potest.

1252 1233 1379 1255 Remanent
1396 1232 1465 1259 igitur
1482 1237 1525 1260 pro
1543 1232 1637 1253 auctore
1654 1230 1745 1258 Speculi
1764 1233 1851 1253 tantum
1869 1231 2038 1254 Bonuveutura

1189 1283 1212 1303 et
1228 1281 1263 1303 Fr.
1280 1279 1420 1303 Bernartius
1438 1285 1453 1302 ct
1470 1279 1555 1307 Bessa,
1573 1280 1595 1301 et
1612 1279 1656 1301 hoc
1673 1278 1769 1305 intelligi
1786 1280 1861 1306 potest
1877 1278 1914 1300 vel
1933 1278 1963 1300 de
1984 1284 2038 1301 uno·

1189 1332 1284 1356 quoque
1301 1326 1363 1353 solo,
1380 1326 1416 1348 vel
1434 1326 1476 1352 ita,
1493 1328 1518 1348 ut
1529 1325 1564 1347 Fr.
1577 1324 1720 1353 Bernardus,
1733 1324 1774 1353 qui
1786 1324 1828 1347 suit
1838 1330 1917 1347 comes
1928 1327 1950 1347 et
1962 1324 2038 1347 socius

1189 1375 1376 1400 Bonaventurae‚
1393 1372 1547 1395 elaboraverit
1564 1378 1590 1394 ea
1607 1378 1668 1401 quae
1679 1371 1752 1394 verbo
1772 1372 1808 1394 vel
1825 1371 1910 1400 scripto
1928 1371 2039 1395 didicerat

1189 1428 1202 1444 a
1223 1427 1265 1444 suo
1286 1420 1406 1449 superiore
1423 1422 1445 1442 et
1461 1420 1580 1448 magistro.
1598 1419 1741 1441 Bel-nardum
1768 1421 1792 1441 ut
1816 1418 1895 1442 solum
1921 1421 2038 1442 auctorem

1189 1468 1309 1490 nominant
1333 1470 1413 1490 auctor
1438 1467 1553 1489 dictorum
1578 1465 1744 1489 chronicorum
1767 1468 1789 1488 et
1810 1466 1884 1488 codex
1905 1465 2038 1488 parisiensis

1189 1516 1248 1537 intra
1265 1515 1289 1537 in
1310 1515 1405 1537 elencho
1422 1521 1444 1537 n.
1461 1514 1499 1537 25.
1521 1514 1613 1536 relatus.
1631 1514 1805 1536 Bonaventurae
1825 1515 1913 1541 partem
1936 1513 2037 1542 aliquam

1189 1562 1212 1584 in
1224 1563 1268 1584 1100
1285 1560 1343 1583 libro
1361 1560 1483 1583 scribendo
1501 1560 1618 1589 habuisse,
1630 1560 1710 1582 dicunt
1723 1559 1793 1582 editio
1805 1559 1930 1587 Argentina
1947 1561 1970 1582 et
1986 1559 2038 1582 cod.

1189 1609 1336 1637 Moguntinus
1353 1608 1409 1630 intra
1427 1614 1450 1630 n.
1464 1608 1485 1630 «l.
1501 1608 1594 1630 relatus.
1611 1607 1677 1635 Quod
1690 1609 1766 1629 autem
1779 1607 1802 1628 S.
1814 1607 1975 1629 Bonaventura
1988 1606 2038 1634 ipse

1189 1655 1255 1679 solus
1273 1655 1390 1683 scripserit
1407 1654 1492 1677 librum
1510 1655 1581 1683 hunc,
1598 1660 1645 1677 non
1662 1656 1737 1682 potest
1753 1653 1865 1676 sustineri.
1884 1654 1956 1676 Tanta
1975 1653 2038 1676 enim

1190 1706 1224 1726 est
1235 1703 1361 1726 differentia
1373 1702 1418 1725 stili
1429 1702 1453 1724 in
1466 1703 1510 1725 hoc
1521 1704 1543 1724 et
1554 1702 1576 1724 in
1588 1701 1696 1730 genuinis
1707 1701 1812 1724 eiusdem
1825 1700 1943 1729 operibus,
1954 1703 1980 1724 ut
1991 1700 2039 1730 qui-

1190 1749 1256 1778 libet,
1273 1750 1343 1773 etiam
1360 1756 1444 1778 parum
1461 1752 1567 1772 versatus
1583 1749 1605 1771 in
1623 1748 1718 1771 lectione
1738 1748 1760 1770 S.
1778 1748 1894 1777 Doctoris⁷
1912 1748 1978 1770 facile
2002 1753 2039 1771 co-

1190 1800 1294 1826 gnoscat,
1311 1803 1358 1820 non
1375 1796 1405 1819 ab
1423 1797 1505 1819 eodem
1523 1799 1617 1819 auctore
1633 1796 1718 1824 scripta
1735 1798 1781 1818 tam
1799 1795 1891 1818 diversa
1908 1798 1958 1818 orta
1981 1801 2039 1818 esse.

1191 1857 1221 1860 —
1237 1845 1308 1867 Porro
1326 1844 1371 1866 iam
1390 1843 1462 1866 verba
1479 1843 1571 1871 prologi
1590 1843 1620 1872 (n.
1639 1842 1682 1872 3.):
1704 1851 1714 1863 ε(
1725 1843 1766 1865 Η10
1778 1849 1834 1871 ergo
1846 1843 1979 1865 tractatulus
1995 1848 2037 1870 per

1190 1890 1322 1921 superioris
1339 1890 1513 1920 impositionem
1530 1891 1629 1913 eoeactus
1641 1898 1663 1917 n,
1680 1889 1735 1912 satis
1746 1889 1875 1916 insinuant,
1886 1894 1933 1911 non
1948 1894 1961 1910 a
1972 1887 2039 1911 Mini-

1189 1941 1239 1962 stro
1257 1937 1376 1968 qenerali,
1393 1938 1435 1961 sed
1453 1944 1465 1960 a
1483 1937 1587 1967 quodam
1603 1936 1696 1960 subdito
1714 1939 1830 1959 exaratum
1849 1942 1900 1959 esse
1915 1937 1960 1958 hoe
1983 1936 2037 1964 Spe-

1190 1987 1275 2009 culum.
1288 1986 1380 2008 Minime
1392 1991 1462 2014 porro
1475 1984 1595 2013 probabile
1607 1987 1647 2013 est,
1660 1990 1673 2006 a
1685 1984 1768 2006 iuvene
1779 1984 1952 2011 Bonaventura‚
1964 1989 2038 2012 usque

1190 2033 1221 2055 ad
1237 2038 1324 2054 annum
1342 2032 1421 2054 aetatis
1439 2031 1476 2054 35.
1494 2031 1517 2053 111
1534 2031 1618 2054 scholis
1636 2033 1748 2059 occupato
1774 2031 1835 2053 hunc
1860 2029 1974 2058 libellum,
1999 2030 2038 2060 qui

1191 2085 1301 2107 magnam
1318 2084 1396 2101 rerum
1414 2078 1506 2101 Ordinis
1523 2078 1612 2106 praxim
1629 2080 1651 2100 et
1673 2077 1837 2106 experientiam
1860 2078 2039 2107 praesupponit,

1191 2126 1261 2149 fuisse
1278 2125 1442 2153 compositum.

1253 2173 1315 2195 Licet
1332 2172 1401 2200 igitur
1418 2172 1510 2195 codices
1527 2174 1550 2194 et
1566 2172 1658 2201 antiqua
1677 2171 1767 2194 traditio
1785 2171 1923 2200 plerumque
1949 2172 1972 2194 S.
1997 2172 2038 2194 Bo-

1190 2222 1331 2242 naventurae
1348 2219 1450 2242 libellum
1467 2219 1614 2247 adiudicent‚
1632 2221 1654 2241 et
1670 2225 1696 2241 ex
1714 2219 1784 2241 altera
1801 2221 1866 2246 parte
1883 2218 1920 2240 ille
1932 2218 2003 2241 codex
2016 2221 2038 2241 et

1190 2266 1303 2289 Chronica
1320 2266 1395 2289 XXIV
1412 2266 1559 2289 Generalium
1579 2265 1697 2288 nominent
1717 2265 1796 2288 solum
1822 2265 1857 2288 Fr.
1882 2265 2037 2292 Bernardum;

1190 2315 1233 2336 hae
1250 2316 1327 2336 tamen
1344 2313 1481 2336 assertiones
1498 2313 1574 2335 media
1591 2313 1694 2341 quadam
1711 2312 1749 2335 via
1766 2312 1875 2340 componi
1886 2314 1994 2340 possunt,
2006 2318 2039 2334 se-

1190 2361 1293 2384 cundum
1310 2360 1372 2382 illum
1390 2360 1487 2383 modum
1504 2360 1550 2382 iam
1568 2362 1735 2387 memoratum,
1753 2366 1824 2388 quem
1841 2359 1898 2382 infra
1910 2359 1931 2382 in
1943 2359 2038 2382 elencho

1190 2408 1297 2431 codicum
1309 2407 1381 2430 codex
1394 2407 1542 2435 Moguntinus
1555 2406 1588 2435 (n.
1598 2407 1628 2436 1.)
1641 2409 1663 2429 et
1674 2407 1711 2429 ed.
1720 2406 1845 2434 Argentina
1857 2406 1978 2434 explicant.
1988 2406 2038 2428 Pro-

1191 2453 1359 2477 babilissimum
1378 2454 1447 2482 igitur
1465 2456 1486 2476 et
1504 2453 1620 2476 moraliter
1637 2456 1725 2476 certum
1738 2455 1782 2482 est,
1795 2453 1907 2480 scriptum
1920 2458 1970 2475 esse
1981 2452 2037 2482 Spe-

1191 2501 1272 2525 culum
1289 2500 1426 2530 discipliuae
1443 2507 1456 2523 a
1473 2501 1509 2523 Fr.
1526 2500 1656 2527 Bernardo,
1674 2500 1715 2522 sed
1732 2500 1812 2522 saltem
1830 2498 1921 2522 iubente
1939 2501 1961 2521 et
1980 2498 2037 2522 diri-

1190 2549 1257 2578 qente
1274 2550 1295 2570 et
1313 2549 1408 2570 sortasse
1425 2553 1473 2570 uou
1490 2553 1568 2577 pauca
1589 2546 1784 2570 subministrante
1809 2545 1833 2569 S.
1861 2546 2035 2570 Ronaveutura.

1190 2595 1255 2617 Unde
1272 2601 1317 2617 non
1335 2597 1381 2617 tam
1399 2595 1571 2622 Bonavenlura,
1589 2596 1614 2616 ut
1630 2594 1679 2616 vult
1689 2593 1774 2616 Bonelli
1795 2593 1924 2622 (Prodrom.
1935 2593 1977 2616 col.
1990 2593 2035 2615 620

1190 2649 1213 2665 11.
1231 2642 1286 2671 15),
1303 2642 1344 2664 sed
1362 2642 1398 2664 11Ιο
1415 2642 1466 2664 libri
1484 2644 1563 2664 auctor
1581 2641 1626 2664 dici
1643 2640 1719 2664 debet.
1743 2641 1784 2663 Hic
1808 2640 1929 2668 diligenter
1952 2640 2037 2663 librum

1190 2695 1216 2711 ex
1234 2689 1282 2711 aliis
1299 2689 1430 2716 opusculis,
1448 2688 1584 2717 praesertim
1601 2694 1628 2710 ex
1645 2688 1749 2715 Hugonis
1766 2690 1788 2710 et
1806 2687 1828 2709 S.
1853 2686 1964 2709 Bernardi
1985 2686 2038 2709 scri-

1190 2735 1234 2763 ptis
1246 2736 1352 2763 genuinis
1364 2738 1386 2758 et
1397 2735 1548 2764 supposititiis
1560 2735 1705 2764 aliorumque
1717 2734 1851 2757 testimoniis
1865 2739 1956 2762 magna,
1965 2733 2037 2756 immo

1190 2782 1289 2805 maxima
1307 2789 1334 2805 ex
1351 2785 1417 2811 parte
1434 2782 1560 2811 contexuit,
1578 2785 1603 2805 ut
1629 2782 1688 2804 notis
1713 2781 1742 2804 ad
1767 2782 1852 2804 calcem
1878 2781 1959 2809 positis
1983 2780 2037 2803 satis

1191 2831 1369 2853 demonstratur.
1392 2829 1473 2858 Quoad
1491 2830 1567 2852 stilum
1592 2831 1672 2852 auctor
1693 2831 1755 2851 amat
1779 2828 1972 2850 constructionem
1997 2828 2038 2850 tre-

1190 2876 1314 2906 quentibus
1332 2877 1458 2905 participiis
1475 2882 1593 2905 pressam,
1611 2876 1674 2905 quod
1690 2876 1758 2898 etiam
1776 2875 1798 2897 in
1816 2875 1860 2897 alio
1877 2874 1980 2897 eiusdem
1999 2880 2037 2896 au—

1191 2925 1260 2947 ctoris
1277 2930 1346 2952 opere
1364 2924 1397 2947 De
1414 2923 1524 2947 laudibus
1542 2923 1567 2947 S.
1579 2922 1704 2946 Francisci
1723 2922 1839 2951 (Analecta
1850 2922 1964 2945 Francisc.
1981 2924 2036 2943 tom.

1176 2972 1223 2995 111.
1240 2977 1294 2999 pag.
1313 2971 1357 2993 <366
1376 2970 1450 3000 seqq.)
1469 2970 1595 2993 observare
1613 2970 1671 2992 licet.
