2133 3317
152 1056 214 1079 Quare
227 1058 246 1074 et

141 1079 256 1103 praedicatio

139 1104 157 1121 et
164 1103 256 1121 confessio

140 1127 257 1145 committan-

141 1151 171 1168 tur
184 1150 252 1168 Fratri-

177 1173 219 1192 bus.

144 1478 207 1497 Prima
220 1483 257 1497 non

150 1502 195 1520 facit
208 1501 249 1520 istis

150 1525 246 1549 praeiudi-

171 1549 227 1567 cium.

148 1763 184 1782 Sed
200 1763 251 1781 iuvat

146 1786 252 1811 tripliciter.

143 2231 183 2251 Nec
196 2236 261 2251 secuu—

187 2255 218 2274 da.

272 222 328 251 378

272 301 346 338 quod
375 304 433 329 rete
460 298 627 335 rumpitur,
650 297 716 334 quia
744 300 783 325 tot
811 296 845 325 ad
877 296 959 325 fidem
991 296 1121 330 veniunt,

273 348 347 386 quod
368 355 427 376 eam
450 346 531 375 etiam
547 344 711 373 haeresibus
732 343 863 372 scindunt
875 344 893 371 ¹.
916 343 967 371 Sed
989 351 1052 372 cum
1075 343 1122 372 Pe-

274 399 334 424 trus
356 402 420 423 cuni
452 393 510 421 suis
542 390 658 420 trabere
688 399 747 419 non
778 389 886 418 valeret
897 390 919 424 2,
951 393 1122 418 annuerunt

272 441 359 470 sociis
380 441 411 468 in
433 439 495 467 alia
516 438 602 472 navi,
622 440 654 466 ut
673 437 803 466 venirent
818 440 843 465 et
864 436 1043 465 adiuvarent
1057 445 1122 470 eos;

273 489 338 525 quia
359 486 474 524 praelati
504 485 639 514 Ecclesiae
665 492 728 513 cum
751 484 841 518 clere,
869 492 924 512 non
953 483 1122 513 sufficientes

273 544 322 572 per
344 542 373 563 se
395 537 501 562 tantam
522 532 645 569 plebium
661 531 867 560 multitudinem
890 531 1003 560 trahere
1024 530 1057 559 ad
1079 530 1122 559 lit-

273 585 318 610 tus
341 581 411 609 vitae
440 582 604 617 perpetuae,
633 581 818 611 annueram,
847 577 1016 606 admittendo
1042 577 1122 606 sociis

273 627 421 665 religiosis,
444 627 548 656 scilicet
569 626 664 655 iacebo
690 628 717 654 01
739 625 846 659 Ioanni,
876 624 980 653 activis
1008 627 1035 653 et
1056 633 1123 653 0011-

273 674 481 712 10111111011111133,
497 676 530 702 ut
544 673 683 706 venirent,
699 671 890 709 compatiendo
904 671 1060 700 animarum
1076 679 1122 708 pe-

273 722 381 756 riculis,
404 725 428 749 et
450 721 630 749 adiuvarent
649 728 712 754 eos,
735 722 791 748 tam
819 719 880 747 illos
908 719 956 755 qui
982 717 1121 752 trahunt,

272 777 356 806 quani
378 768 439 796 11103
454 767 502 804 qui
525 766 703 800 trabuntur,
724 769 751 795 et
766 766 877 794 illorum
900 764 1122 794 insufficientiam

272 818 300 844 et
321 816 438 844 istorum
455 814 632 851 indigentiam
655 813 811 842 relevando.
829 812 941 840 Ambae
961 815 1054 840 auten]
1069 820 1123 840 iia-

273 862 387 891 viculas
415 861 546 899 implent,
569 869 632 890 cum
661 868 728 897 prae
750 859 928 888 multitudine
949 859 1044 896 populi
1073 866 1124 887 nec

273 909 365 939 clerici
388 917 438 938 000
463 908 590 945 Religiosi
615 908 695 945 plene
721 907 860 936 sufficiant
888 906 1017 935 omnibus
1045 906 1123 935 satis-

273 958 371 986 facere.

356 1006 399 1033 1⁹2.
422 1004 492 1032 Cum
520 1006 613 1032 autem
645 1002 813 1039 praedicatio
841 1004 869 1030 ct
890 1000 1024 1030 confessio
1052 1000 1124 1029 inter

274 1053 327 1081 alia
342 1051 444 1089 populo
466 1051 513 1079 Dei
530 1049 687 1079 exhibenda
708 1048 837 1085 ampliori
853 1048 991 1085 indigeant
1012 1047 1125 1076 scientia

274 1099 499 1135 scripturarum,
521 1099 548 1125 et
568 1096 658 1124 maius
678 1095 834 1132 periculum
850 1094 884 1123 sit
899 1094 951 1123 ista
965 1094 988 1122 ei
1004 1102 1058 1122 non
1073 1093 1125 1121 mi-

274 1146 407 1178 nistrare,
422 1147 506 1181 prout
521 1143 648 1180 expedit,
671 1150 733 1171 cum
749 1150 799 1179 per
819 1141 1068 1178 praedicationem
1084 1140 1125 1168 in-

274 1193 443 1225 formentur,
466 1190 532 1227 quid
548 1190 662 1219 credere
682 1189 801 1218 debeant
825 1191 851 1217 01
873 1188 992 1225 qualiter
1014 1187 1124 1221 vivere,

274 1247 323 1276 per
339 1237 545 1275 cenfessionem
569 1244 636 1265 vero
650 1236 718 1273 lapsi
738 1236 925 1265 extrahantur
940 1234 974 1263 de
992 1234 1051 1262 luto
1066 1241 1125 1270 pec-

274 1285 346 1319 cati;
369 1285 421 1313 ista
441 1284 497 1313 duo
525 1283 669 1312 Fratribus
691 1282 838 1311 commissa
863 1284 943 1315 sunt,
966 1283 998 1309 ut
1025 1280 1052 1308 10
1082 1279 1125 1308 1113

274 1332 440 1361 subveniant
468 1331 596 1360 fidelibus
617 1333 644 1359 01
671 1330 819 1366 suppleant
845 1328 983 1357 defectum
1012 1327 1125 1355 clerico-

275 1388 355 1413 111111;
377 1379 404 1407 in
427 1378 542 1415 reliquis
557 1381 650 1406 autem
672 1377 765 1405 minus
786 1378 828 1404 est
842 1375 1014 1412 periculum,
1036 1374 1125 1411 quali-

275 1429 317 1455 ter
340 1426 422 1460 fiant,
451 1429 500 1453 aut
521 1424 627 1453 facilior
655 1423 812 1457 exsecutio,
840 1430 888 1459 per
918 1428 1126 1458 quemcumque

275 1473 351 1501 fiant.
367 1489 404 1492 —
427 1472 467 1500 Ex
487 1471 707 1509 praedicatione
729 1478 795 1507 ergo
817 1478 870 1498 non
887 1469 917 1497 fit
932 1469 971 1497 eis
986 1467 1126 1505 praeiudi-

275 1520 363 1554 cium,
385 1519 451 1556 quia
465 1527 519 1547 non
536 1517 727 1555 praedicamus
742 1517 788 1545 illa
809 1517 892 1550 hora,
914 1523 970 1552 qua
984 1515 1012 1543 in
1027 1522 1125 1543 eorum

275 1566 397 1595 ecclesiis
426 1566 477 1602 ipsi
500 1566 588 1594 solent
619 1565 645 1593 in
667 1564 744 1593 festis
769 1563 938 1592 solemnibus
959 1562 1052 1591 divina
1083 1569 1126 1590 so-

275 1613 403 1642 lemniter
425 1612 567 1642 celebrare
589 1620 639 1641 seu
660 1610 821 1648 praedicare
842 1610 893 1639 nisi
916 1610 1041 1646 ipsorum
1063 1616 1126 1646 per-

274 1661 362 1689 missu
376 1661 403 1694 4;
426 1660 479 1688 alia
501 1660 583 1693 liora,
606 1659 627 1687 si
644 1658 764 1695 populus
786 1665 836 1686 nos
857 1657 954 1685 audire
975 1656 1126 1690 desiderat,

275 1708 345 1736 1111111
366 1707 474 1744 deperit
505 1706 544 1735 eis
566 1705 683 1739 exinde,
716 1705 763 1733 sed
795 1704 944 1738 accrescit,
967 1706 993 1732 et
1024 1704 1077 1731 1100
1099 1703 1126 1731 in

276 1754 386 1788 tribas,
410 1754 551 1787 videlicet,
574 1753 640 1790 quia
661 1752 782 1789 populus
803 1752 843 1780 013
864 1751 1028 1780 commissus
1043 1750 1128 1787 profi-

275 1802 312 1830 cit
334 1801 360 1829 in
383 1801 497 1830 scientia
518 1800 643 1829 veritatis
664 1802 692 1828 et
712 1799 792 1828 bonis
814 1798 947 1827 moribus.
968 1798 1047 1831 Item,
1063 1805 1127 1825 011111

274 1849 326 1886 ipsi
349 1848 444 1877 eadem
473 1848 587 1881 docent,
617 1855 688 1884 quae
716 1849 743 1875 et
765 1854 830 1880 nos,
853 1845 1011 1874 testimonio
1032 1847 1127 1873 nostro

276 1896 490 1929 confirmanius,
512 1895 666 1923 doctrinam
689 1902 788 1923 eorum
815 1901 875 1922 esse
896 1900 1007 1926 veram,
1036 1896 1069 1920 ut
1096 1892 1128 1920 in

275 1952 324 1971 orc
345 1943 493 1977 (litorum,
515 1942 559 1970 vel
581 1942 672 1970 trium
694 1944 748 1970 stet
762 1949 844 1969 omne
865 1939 987 1968 verbam
1002 1939 1021 1967 ⁵.
1045 1939 1126 1973 Item,

275 1990 341 2027 quia
362 1990 495 2018 docemus
526 1989 659 2026 populum
681 1988 840 2025 pastoribus
871 1987 930 2016 suis
961 1986 1073 2015 obedire
1101 1988 1128 2014 01

275 2045 322 2065 003
344 2036 467 2065 revereri
489 2040 516 2065 et
544 2044 599 2064 non
620 2035 798 2064 recalcitrare
819 2037 845 2063 et
867 2033 983 2062 reddere
1007 2034 1047 2062 eis
1068 2041 1127 2062 sua.

277 2084 366 2121 Super
388 2083 432 2112 his
458 2083 550 2120 potius
581 2082 714 2116 debent⁶‚
743 2082 765 2111 si
795 2081 919 2118 sapiunt,
951 2080 1074 2117 gaudere
1102 2082 1129 2108 et

277 2131 379 2168 gratias
401 2137 484 2167 agere
506 2137 590 2166 quam
612 2129 713 2158 dolere.
736 2128 820 2157 Aliter
841 2127 914 2156 enim
939 2127 993 2156 cito
1015 2127 1129 2155 vilesce-

277 2180 339 2206 rent
361 2177 434 2214 apud
456 2176 590 2213 populun]
611 2179 725 2213 propter
748 2175 847 2203 malam
869 2174 953 2203 vitam
975 2174 1128 2202 multorum

278 2232 315 2253 ex
336 2224 410 2261 ipsis.
427 2240 466 2244 —
481 2223 522 2251 Ex
543 2222 743 2260 confessione⁷
765 2222 891 2251 similiter
913 2229 968 2249 non
990 2220 1129 2257 praeiudi-

279 2279 375 2301 camus
396 2271 451 2305 eis,
474 2270 540 2308 quia
560 2270 669 2299 nullum
691 2269 815 2306 cogimus
841 2268 920 2297 nobis
948 2267 1073 2297 confiteri
1095 2267 1128 2296 de

450 220 647 250 OPUSCULUM
668 219 734 248 XIV.
757 219 865 255 QUARE
888 218 1033 246 FRATRES
1054 218 1121 246 MlN.
1145 217 1348 247 PRAEDICENT
1370 218 1411 246 ET
1433 217 1675 246 CONFESSIONES
1696 217 1848 246 AUDIANT.

1180 295 1298 325 subditis
1319 296 1392 330 suis,
1414 296 1461 325 sed
1483 296 1621 325 confessos
1642 295 1810 324 remittimus
1834 295 1869 324 ad
1896 295 2027 332 plebanos

1179 350 1261 377 31103,
1282 346 1315 372 ut
1336 343 1389 371 illis
1417 343 1520 371 11011101
1543 350 1572 371 30
1593 342 1740 371 ostendant
1767 345 1892 378 tempore
1913 350 1964 371 suo
1985 350 2027 371 se-

1179 390 1302 418 cundum
1324 390 1459 418 Ecclesiae
1481 389 1657 423 mandatum,
1686 389 1708 417 si
1730 392 1793 417 ante
1814 397 1869 417 non
1896 392 1961 418 sunt
1988 390 2027 418 eis

1179 445 1211 466 eo
1232 445 1304 465 anno
1325 436 1450 465 confessi.
1474 437 1556 471 Nam,
1579 436 1600 465 si
1622 440 1752 473 aegrotus
1773 436 1833 464 vult
1847 438 1875 465 et
1895 436 1956 465 aliis
1970 444 2027 465 me-

1179 484 1247 513 dicis
1268 492 1319 520 pro
1340 483 1463 512 uberiori
1487 483 1601 511 consilio
1629 483 1753 511 sanitatis
1775 483 1929 519 patefacere
1950 483 2028 511 infir-

1179 531 1303 559 mitatem
1331 538 1410 559 suam
1442 533 1553 566 praeter
1585 538 1668 558 suum
1696 529 1834 558 medicum
1866 530 2027 566 specialem,

1180 586 1234 606 non
1256 577 1287 606 fit
1314 577 1515 614 praeiudicium
1538 577 1565 605 in
1594 577 1646 605 hoc
1667 577 1705 605 illi
1734 577 1856 611 medico,
1878 577 1929 606 nisi
1958 577 2029 606 forte

1179 625 1293 653 infletur
1315 624 1418 653 invidia
1439 624 1481 652 vel
1503 623 1654 660 cupiditate
1675 624 1718 652 vel
1740 624 1846 660 pudore
1868 624 2007 653 turbetur.

1261 671 1304 700 13.
1327 671 1405 707 Quod
1427 674 1519 699 autem
1542 670 1683 707 prioribus
1705 671 1877 707 temporibus
1891 671 1918 699 in
1941 671 2028 701 Eccle-

1179 719 1219 748 sia
1240 726 1295 746 non
1323 720 1402 746 erant
1424 717 1511 745 vocati
1526 716 1537 733 ⁸
1566 717 1609 745 vel
1637 717 1711 745 missi
1740 725 1756 745 a
1784 717 1852 746 Sede
1879 718 2028 754 apostolica

1180 765 1305 802 Religiosi
1328 765 1413 802 aliqui
1435 764 1468 793 ad
1490 764 1631 801 praedicta
1651 764 1741 793 officia
1769 765 1980 801 praedicationis
2001 768 2028 794 et

1180 812 1373 846 confessionis,
1397 814 1428 840 111
1442 819 1517 840 nunc
1539 814 1604 839 sunt
1619 811 1710 844 missi,
1731 811 1784 840 ista
1798 812 1851 840 fuit
1865 812 1944 841 ratio.
1959 812 2029 841 Cum

1180 860 1296 888 morbus
1317 858 1409 887 adhuc
1437 866 1541 895 parvus
1569 861 1622 892 est,
1644 858 1824 894 paucioribus
1853 859 1955 896 indiget
1986 867 2030 888 re-

1180 906 1278 935 mediis
1299 908 1327 934 01
1351 905 1519 939 levioribus,
1542 905 1588 934 sed
1611 912 1675 933 cum
1697 905 1786 942 coepit
1810 905 1979 935 invalescere
2003 908 2031 935 et

1181 953 1264 982 latius
1285 960 1315 982 se
1335 952 1503 986 diffundere,
1526 960 1560 981 ne
1581 952 1791 989 desperabiliter
1812 960 1894 989 aeger
1922 953 2031 990 pericli-

1181 1003 1270 1034 tetur,
1292 1007 1404 1028 necesse
1425 1002 1466 1028 est
1487 999 1569 1036 plura
1590 1002 1617 1028 et
1635 999 1791 1028 efficaciora
1811 999 1934 1028 remedia
1952 1000 2030 1029 adhi-

1180 1047 1262 1081 bere;
1285 1047 1323 1075 ita
1344 1046 1439 1080 etiam,
1462 1054 1525 1075 cum
1555 1049 1643 1075 status
1664 1046 1760 1079 mundi
1783 1046 1864 1075 modo
1885 1047 1963 1076 valde
1983 1047 2030 1076 de-

1181 1094 1268 1123 terior
1289 1102 1372 1130 quam
1394 1093 1458 1122 olim
1474 1101 1533 1122 esse
1554 1093 1691 1127 videatur,
1706 1093 1832 1130 expedit,
1847 1093 1942 1130 plures
1957 1102 2031 1123 nunc

1182 1149 1241 1170 esse
1263 1141 1455 1175 sublevantes,
1477 1141 1558 1169 iuxta
1572 1140 1639 1169 illud
1662 1141 1751 1169 Lucae
1765 1140 1908 1169 decimo⁹z
1930 1141 2031 1169 Messis

1182 1188 1298 1225 quidem
1332 1187 1442 1222 mitlta,
1468 1187 1601 1224 operarii
1628 1191 1726 1216 atatem
1748 1187 1858 1224 pauci,
1887 1187 1976 1217 idonei
2004 1190 2032 1217 01

1183 1234 1286 1263 fideles.
1316 1235 1425 1271 Roqate
1445 1243 1513 1271 erpo
1543 1234 1701 1263 Dominam
1727 1235 1846 1269 messis,
1874 1238 1908 1263 ut
1934 1235 2032 1264 mittat

1182 1281 1335 1318 operarios
1350 1281 1381 1309 in
1395 1289 1516 1309 messem
1527 1290 1630 1315 suctim
1646 1281 1710 1310 item
1726 1281 1759 1310 ad
1772 1282 1906 1310 Romanos
1920 1282 2030 1319 quinto:

1187 1328 1241 1357 Ubi
1254 1328 1419 1357 abundavit
1432 1328 1577 1362 delictum,
1592 1328 1846 1365 superabundavit
1858 1329 1969 1366 qratia.
1986 1329 2032 1358 Vi-

1182 1376 1290 1409 demus,
1302 1383 1376 1404 nunc
1391 1383 1494 1404 messes
1505 1375 1626 1411 plebium
1642 1375 1830 1412 multiplicari,
1842 1379 1869 1404 et
1879 1376 1955 1405 silvis
1969 1384 2032 1405 suc-

1183 1423 1259 1457 cisis,
1281 1423 1360 1451 villas
1380 1422 1528 1451 aedificari.
1545 1422 1686 1456 Videmus,
1703 1426 1731 1451 et
1751 1422 1958 1452 adinventiones
1972 1431 2033 1460 pec-

1183 1473 1309 1499 catorum
1333 1477 1510 1498 succrescere
1535 1472 1562 1498 et
1589 1469 1782 1506 perplexiores
1803 1478 1883 1499 casus
1908 1470 2031 1508 quotidie

1183 1524 1343 1553 emergere3
1366 1517 1444 1550 item,
1467 1525 1503 1545 ex
1525 1516 1725 1545 consuetudine
1751 1517 1837 1545 malos
1858 1517 2032 1554 incorrigibi-

1183 1564 1266 1592 liores
1287 1563 1374 1600 magis
1389 1564 1449 1592 fieri
1471 1566 1498 1592 et
1518 1563 1647 1592 duriores
1667 1563 1695 1592 in
1710 1567 1838 1600 peccat0;
1859 1564 1938 1599 item,
1958 1564 2032 1601 quod

1184 1610 1277 1639 clerici
1298 1610 1394 1647 plures
1415 1610 1487 1638 malo
1509 1610 1638 1647 exemplo
1660 1610 1802 1639 infirmant
1823 1610 1906 1640 laicos
1927 1614 1982 1639 tam
2004 1611 2032 1640 in

1183 1657 1310 1686 moribus
1331 1665 1415 1694 quam
1437 1657 1465 1685 in
1486 1657 1555 1691 fide;
1578 1657 1661 1691 item,
1683 1657 1757 1694 quod
1779 1657 1859 1694 pauci
1881 1661 1946 1687 sunt
1960 1657 2033 1687 inter

1184 1711 1230 1732 eos
1245 1704 1340 1741 periti,
1356 1704 1402 1740 qui
1419 1704 1519 1738 sciant,
1534 1704 1578 1733 vel
1592 1704 1695 1741 quibus
1710 1704 1880 1739 confidatur,
1897 1705 1971 1742 quod
1985 1704 2033 1733 do-

1184 1752 1304 1786 0000110,
1323 1755 1355 1780 111
1368 1751 1516 1786 deberent;
1532 1751 1608 1785 item,
1626 1752 1701 1788 quod
1715 1752 1886 1789 negligenter
1900 1754 2034 1789 praesunt

1184 1799 1329 1828 animabus
1360 1799 1528 1833 commissis,
1561 1799 1627 1836 quia
1658 1799 1776 1828 terrenis
1804 1799 1920 1836 negotiis
1951 1799 2033 1828 nimis

1184 1846 1303 1880 instant;
1324 1845 1403 1880 item,
1425 1845 1499 1883 quod
1520 1845 1601 1874 multi
1616 1853 1713 1874 eorum
1735 1849 1801 1874 sunt
1821 1846 1961 1883 suspensi,
1983 1854 2033 1875 ex-

1185 1892 1380 1921 communicati
1401 1895 1429 1921 01
1449 1893 1477 1921 10
1499 1892 1590 1921 officio
1611 1900 1662 1921 suo
1683 1893 1868 1922 diversimode
1888 1893 2032 1930 impediti;

1185 1940 1266 1974 item,
1288 1939 1363 1977 quod
1384 1939 1440 1968 rari
1463 1942 1528 1968 sunt
1547 1943 1681 1976 pastores
1703 1940 1729 1968 in
1751 1940 1888 1974 ecclesiis,
1914 1940 1962 1969 sed
1983 1948 2033 1977 per

1185 1987 1259 2015 leves
1289 1987 1419 2015 vicarios
1450 1986 1606 2015 animarum
1628 1994 1697 2015 cura
1727 1986 1831 2015 venalis
1862 1986 2032 2024 exponitur;

1185 2033 1265 2067 item,
1280 2033 1355 2070 quod
1369 2033 1489 2070 episcopi
1502 2034 1524 2050 ¹¹
1547 2033 1747 2070 temporalibus
1768 2033 1843 2062 curis
1864 2033 1960 2067 dediti,
1982 2033 2034 2062 ista

1185 2080 1372 2114 dissimulant,
1394 2080 1432 2108 ita
1452 2079 1527 2116 quod
1547 2087 1610 2116 spes
1628 2080 1807 2109 correctionis
1828 2079 1876 2108 vix
1898 2079 2032 2114 babetur3

1186 2127 1268 2161 item,
1290 2126 1363 2164 quod
1386 2127 1407 2155 si
1429 2127 1477 2163 qui
1498 2126 1646 2163 aliquando
1668 2127 1768 2156 vellent
1783 2127 1835 2156 ista
1852 2127 1992 2164 corrigere
2006 2130 2034 2156 et

1185 2174 1298 2202 inutiles
1329 2181 1486 2207 removere,
1508 2182 1563 2202 non
1595 2173 1698 2202 habent
1729 2181 1799 2210 quos
1830 2174 1890 2203 loco
1919 2174 2032 2202 illorum

1186 2220 1356 2249 substituant
1387 2220 1524 2249 meliores
1547 2220 1615 2249 Cum
1647 2220 1732 2257 igitur
1763 2221 1817 2249 iam
1849 2221 1884 2250 sit
1915 2220 2034 2250 Ecclesia

1185 2267 1263 2304 quasi
1280 2267 1357 2296 navis
1372 2269 1535 2304 tempestate
1549 2275 1696 2302 concussa,
1711 2267 1739 2296 in
1754 2275 1810 2304 qua
1824 2267 2032 2305 remigantibus,

342 2440 349 2453 ¹
368 2441 441 2469 Beda,
460 2441 482 2462 ll.
501 2440 523 2462 in
547 2441 602 2462 Luc.
619 2439 645 2467 5,
668 2440 694 2461 ὃς
713 2439 770 2461 Prae
793 2439 940 2461 multitudine
964 2439 1062 2466 piscium
1079 2439 1128 2461 rete

279 2480 448 2510 rumpebatur,
466 2480 520 2508 quia
532 2486 592 2502 nunc
604 2479 632 2501 ad
651 2479 819 2501 consessionem
833 2478 887 2501 fidei
904 2478 972 2500 etiam
985 2484 1038 2500 cum
1051 2478 1128 2500 electis

279 2519 372 2548 reprobi
391 2519 446 2542 tanti
465 2520 559 2546 intrant,
577 2519 618 2547 (1111
635 2519 710 2546 ipsam
728 2524 823 2547 quoque
847 2518 971 2540 Ecclesiam
993 2517 1128 2540 haeresibus

279 2559 393 2581 scindant.
410 2558 536 2586 Rumpitur
557 2560 634 2580 autem
657 2560 716 2585 rete,
733 2557 775 2579 sed
798 2563 846 2579 non
863 2556 948 2579 labitur
970 2557 1050 2585 piscis,
1074 2556 1127 2585 quia

279 2604 334 2620 suos
352 2598 463 2620 Dominus
480 2597 549 2620 etiam
570 2597 629 2619 inter
647 2596 835 2625 persequentium
858 2596 964 2618 scandala
982 2598 1066 2618 serrat.
1082 2595 1128 2618 Csr.

280 2636 400 2663 Ambros.‚
418 2636 455 2658 lV.
473 2635 495 2657 in
512 2636 567 2658 Luc.
585 2635 611 2663 5,
629 2635 649 2657 6.
667 2641 716 2664 3011.
734 2641 756 2657 n.
774 2635 813 2657 77.
829 2647 860 2651 —
877 2634 934 2657 Cod.
958 2635 976 2657 A
994 2634 1060 2662 legit:
1084 2634 1128 2657 Per

280 2674 342 2697 Itane
364 2673 493 2697 iussionem
515 2673 613 2697 Domini
633 2675 665 2697 lot
684 2673 761 2703 pisces
783 2673 967 2701 concluduntur,
985 2672 1048 2703 quod
1072 2676 1128 2700 ete,

281 2714 366 2736 omisso
384 2713 484 2736 subinde
501 2712 646 2736 haeresibus.
663 2713 706 2735 Pro
723 2712 846 2742 rumpitur
865 2713 902 2735 ed.
920 2713 928 2734 l
948 2714 1086 2742 rumpatur.

344 2751 352 2765 ²
371 2752 415 2775 Cir.
433 2753 494 2775 ioan.
511 2754 552 2780 211,
571 2753 597 2779 6,
614 2752 653 2775 ubi
672 2752 701 2775 de
718 2752 787 2774 altera
806 2752 905 2780 piscium
923 2754 1031 2780 captura:
1048 2751 1128 2774 Etiam

281 2798 327 2814 non
340 2791 448 2814 valebant
460 2792 515 2815 illud
533 2793 622 2814 trahere
634 2798 690 2820 prae
708 2791 853 2814 multitudine
865 2791 972 2819 piscium.
987 2790 1047 2813 Vide
1058 2796 1129 2819 supra

281 2836 336 2858 pag.
356 2831 413 2857 339,
431 2833 509 2853 notam
528 2831 550 2853 3.

345 2868 353 2881 ⁸
370 2869 415 2892 Cfr.
434 2870 533 2898 Bonav.,
551 2869 680 2893 Comment.
702 2870 726 2892 in
748 2871 803 2892 Luc.
826 2870 852 2898 9,
875 2870 913 2892 28.
937 2876 961 2892 n.
979 2869 1015 2892 45.
1033 2868 1089 2891 lbid.
1106 2868 1129 2890 in

281 2913 301 2930 c.
319 2908 344 2936 6,
364 2908 399 2929 14.
418 2914 440 2930 n.
458 2908 501 2935 36,
518 2908 615 2931 lacobus
641 2908 663 2930 vi
688 2908 790 2931 nominis
814 2908 851 2931 sui
876 2908 927 2937 (cfr.
949 2908 1006 2930 Gen.
1028 2908 1069 2934 32,
1087 2907 1128 2929 24:

282 2948 308 2969 Et
325 2953 391 2975 ecce,
408 2947 444 2970 vir
460 2947 590 2970 luctabatur
606 2954 661 2970 cum
678 2954 705 2970 eo
722 2948 774 2976 ele.)
795 2948 895 2970 insinuat
911 2947 1020 2970 virtutem
1037 2946 1129 2976 fortitu-

282 2985 357 3014 dinis,
375 2992 436 3014 quae
452 2986 550 3009 adversa
569 2987 704 3015 aggreditur
721 2990 743 3009 et
760 2990 839 3010 eontra
851 2987 905 3009 vitia
916 2986 1130 3013 10111013101,10011-

282 3031 323 3047 nes
340 3031 396 3048 vero
414 3025 438 3048 in
455 3031 501 3055 quo
518 3026 551 3048 est
567 3025 656 3055 qratia.
673 3038 702 3043 —
719 3027 814 3049 Interius
831 3032 873 3054 pro
890 3025 978 3049 Ambas
995 3026 1013 3048 A
1030 3024 1104 3048 Alias.

1247 2437 1257 2449 ¹
1274 2437 1345 2459 Simili
1364 2437 1434 2460 modo
1452 2440 1531 2465 postea
1544 2437 1573 2459 de
1587 2437 1691 2465 ipsorum
1703 2437 1807 2459 Fratrum
1820 2437 1914 2459 consilio
1929 2436 2034 2459 Clemens

1185 2477 1212 2500 V.
1231 2483 1251 2499 0.
1269 2476 1365 2499 Dudum
1384 2477 1437 2505 (2.),
1455 2477 1487 2499 111.
1506 2476 1640 2499 Clementia.
1659 2476 1690 2498 tit.
1709 2476 1735 2503 7,
1752 2476 1856 2498 sancivit.
1874 2489 1905 2492 —
1922 2476 2034 2504 Superius

1185 2523 1228 2544 pro
1244 2516 1272 2546 stt
1287 2516 1319 2539 eis
1337 2517 1355 2538 A
1371 2516 1399 2546 fit
1411 2515 1528 2545 plebanis,
1546 2518 1569 2538 et
1585 2515 1686 2538 subinde
1703 2521 1773 2537 voces
1790 2514 1815 2538 itt
1831 2520 1915 2538 eorum
1932 2514 2033 2538 ecclesiis

1185 2556 1372 2584 transposuimus
1390 2558 1441 2583 post
1459 2561 1507 2584 qua
1525 2554 1591 2583 (aliae
1603 2555 1656 2577 edd.
1674 2554 1699 2577 in
1715 2560 1798 2577 eornm
1815 2553 1917 2577 ecclesiis·
1934 2555 2002 2584 qua).

1248 2594 1257 2607 ⁵
1274 2596 1352 2617 matth.
1371 2595 1411 2621 18,
1433 2594 1473 2623 16;
1491 2595 1532 2616 cir.
1548 2594 1615 2616 Deut.
1634 2594 1673 2620 19,
1692 2593 1729 2616 l15.

1247 2634 1257 2649 ⁶
1274 2634 1330 2657 Cod.
1348 2634 1367 2656 A
1379 2633 1499 2661 deberent,
1517 2633 1603 2655 omisso
1615 2632 1715 2655 subinde
1731 2632 1754 2655 si
1762 2631 1866 2661 sapiunt.
1885 2632 1979 2654 lnt’erIus
1989 2638 2032 2660 pro

1185 2673 1260 2697 Aliter
1277 2673 1339 2696 enim
1356 2673 1375 2695 A
1392 2672 1467 2695 Aliter
1484 2678 1551 2700 vero,
1569 2672 1609 2700 qui
1627 2671 1695 2694 etiam
1707 2671 1761 2694 voci
1777 2670 1909 2694 multorum
1926 2670 2034 2699 praefigit

1186 2712 1337 2736 clericorum.

1249 2750 1258 2763 ⁷
1275 2750 1331 2774 Cod.
1349 2751 1367 2773 A
1385 2751 1413 2773 In
1430 2749 1575 2780 confessione
1592 2752 1613 2772 et
1625 2749 1720 2772 interius
1736 2748 1829 2773 utiliori
1844 2755 1887 2778 pro
1904 2748 2017 2772 uberiori.

1248 2789 1258 2802 Β
1275 2790 1331 2813 Cod.
1349 2790 1367 2812 A
1385 2789 1502 2813 advocati.
1520 2788 1625 2811 Subinde
1647 2794 1689 2817 pro
1711 2787 1788 2818 aliqui
1808 2788 1845 2811 ed.
1863 2789 1876 2810 2
1894 2787 1987 2818 aliique,
2011 2789 2034 2810 01

1186 2830 1280 2852 interius
1297 2830 1315 2851 A
1332 2829 1416 2852 omittit
1432 2830 1490 2851 sunt
1505 2827 1580 2851 missi.

1248 2867 1258 2880 ⁹
1276 2869 1342 2891 Vers.
1360 2869 1386 2896 2,
1404 2867 1444 2891 ubi
1462 2874 1505 2896 pro
1522 2867 1547 2890 in
1563 2873 1663 2890 messem
1681 2866 1723 2895 (ita
1741 2867 1759 2889 A
1777 2872 1830 2889 cum
1850 2866 1958 2895 Vulgata)
1979 2865 2033 2888 edd.

1186 2907 1211 2931 in
1227 2907 1328 2931 vineam.
1345 2920 1376 2923 —-
1394 2907 1503 2936 Sequitur
1519 2907 1586 2929 Rom.
1604 2906 1630 2933 5,
1648 2906 1690 2934 20,
1707 2911 1777 2935 quem
1794 2911 1889 2928 versum
1908 2906 1926 2927 A
1943 2905 2034 2927 omittit.

1249 2946 1269 2961 ¹⁰
1285 2946 1343 2969 Edd.
1361 2947 1385 2974 l,
1403 2947 1417 2968 2
1435 2952 1488 2969 cum
1506 2946 1523 2968 B
1546 2947 1573 2969 ut
1588 2944 1693 2968 doceant.
1715 2945 1810 2967 interius
1826 2951 1869 2973 pro
1887 2944 1911 2967 in
1932 2943 2033 2967 ecclesiis

1185 2988 1204 3009 A
1221 2987 1246 3009 in
1259 2985 1391 3016 parochiis.

1249 3024 1267 3037 ¹¹
1285 3026 1316 3047 lta
1333 3025 1364 3052 A;
1381 3025 1434 3047 edd.
1456 3023 1508 3054 ipsi.

2059 675 2115 702 ilatio,
2126 679 2133 710 1

2044 703 2095 722 priua
2115 701 2133 728 iri

2044 723 2133 749 provieioa

2044 747 2069 764 m
2079 743 2129 767 10013)

2047 1049 2100 1069 Nota.

2047 1331 2121 1351 Ratione
2131 1332 2133 1352 ἶ
