2133 3317
20 846 56 865 noh
63 844 106 864 vita.

0 759 51 1052 ἶ

11 1496 16 1500 ’
49 1498 109 1516 noete.

657 216 852 245 OPUSCL‘LUM
874 217 905 245 X.
927 217 1012 245 VITIS
1033 216 1182 245 MYSTICA.
1204 216 1272 245 CAP.
1294 216 1325 244 V.
1808 217 1860 245 169

115 306 189 336 prae
208 296 278 333 filiis
293 295 452 325 hominum.
467 296 569 324 Tamen
590 294 735 323 audiamus
753 294 847 323 lsaiam
868 294 962 323 dicen-

118 349 172 374 tem
188 345 210 372 ¹:
232 344 312 377 Ecce,
327 343 456 371 vidimus
473 350 549 376 eum,
564 344 589 370 et
610 349 668 369 iton
681 344 746 369 crat
759 340 786 369 ci
798 341 904 377 species
918 349 962 369 ue-

118 400 171 430 quc
191 391 286 425 decor,
308 393 442 426 aspectus
463 389 526 417 cius
547 388 578 417 in
599 396 630 416 eo
650 396 708 416 uon
729 390 810 421 erat,
839 390 863 415 ct
888 387 962 416 zlesi-

118 437 287 467 dei-avimus
307 445 373 465 cum
387 436 550 472 despectum
567 439 591 463 ct
605 434 798 463 novissimum
812 434 961 467 virorum,

117 485 217 514 virum
247 483 382 512 dotorum
412 486 438 510 et
468 482 601 510 scientem
631 480 851 518 iufirmitatem;
875 481 964 518 quasi

118 530 305 560 absconditus
323 529 421 558 vultus
442 528 505 557 eius
524 532 550 556 et
570 528 728 565 despectus.
749 527 828 556 Unde
848 535 899 555 ‘nec
918 535 962 555 re-

115 577 288 615 putavimus
308 584 373 604 eum
394 579 418 604 et
432 583 485 604 iios
503 574 676 612 putavimus
690 582 754 603 eum
770 573 858 612 quasi
871 574 962 610 lepro-

118 633 184 653 sum
204 627 229 652 et
241 631 415 661 percussum
430 631 450 651 a
466 622 522 650 Deo
539 624 565 650 et
579 620 776 650 humiliatum.
799 620 879 655 Ecce,
894 628 963 657 qua-

119 671 151 699 lis
171 669 338 699 describitur
358 677 374 697 a
396 669 532 705 Propheta
542 668 562 696 2.

196 717 223 745 2.
239 715 290 744 Sed
311 716 366 744 iam
386 715 420 744 ad
442 715 576 752 passionis
590 714 718 743 effectum
733 713 884 742 veniamus.
902 713 962 742 Pas-

119 764 223 793 sionem
245 770 311 791 vero
332 770 387 791 non
408 762 487 790 illum
502 769 590 790 unum
611 761 683 790 diem
699 760 886 797 appellamus,
907 768 963 797 quo

119 813 247 839 mortuus
267 809 335 843 fuit,
356 809 404 838 sed
425 811 509 837 totam
531 808 615 836 vitam
635 807 726 841 illius;
745 810 802 835 tota
816 807 890 835 enim
908 806 964 835 vita

119 856 220 886 Christi
241 856 402 892 exemplum
423 855 476 884 fuit
496 857 523 883 et
543 854 708 890 martyrium
725 853 745 881 ³.
772 853 895 882 Breviter
922 853 963 881 di-

119 911 229 937 camus,
251 903 298 932 sed
319 902 475 931 meditando
497 901 604 938 longius
626 901 822 934 immoremur,
844 903 963 937 quantae

118 950 202 980 fuerit
227 949 398 987 paupertatis
419 949 445 977 in
467 948 644 982 abstinentia,
670 955 753 985 quam
781 947 909 984 prolixus
935 947 962 975 in

118 997 233 1034 vigiliis,
254 1004 337 1033 quam
359 996 490 1032 frequens
510 995 538 1023 in
559 994 747 1028 orationibus,
769 994 795 1022 in
822 993 916 1022 labore
937 997 964 1023 et

119 1043 220 1073 sudore
233 1043 329 1072 vultus
342 1042 399 1076 sui,
414 1050 497 1079 quam
513 1041 657 1075 assiduus,
679 1048 743 1069 cum
764 1040 902 1068 circuiret
922 1039 964 1068 vi-

119 1097 165 1119 cos
185 1092 212 1118 et
233 1088 351 1118 castella
368 1087 597 1125 evangelizando
618 1090 644 1115 ct
663 1087 797 1115 curando
818 1086 963 1124 ubiquc⁴;

119 1144 202 1173 quam
223 1135 322 1165 crebro
343 1135 442 1163 famem
464 1134 594 1171 sitimque
616 1133 730 1170 pertulit
750 1133 796 1162 ille
810 1133 901 1170 panis
921 1133 963 1161 vi-

118 1191 189 1217 vus,
210 1183 256 1211 ille
276 1181 343 1219 fons
364 1190 458 1220 aquae
478 1181 609 1209 salientis
630 1180 662 1209 in
688 1180 780 1208 vitam
804 1183 962 1208 aeternam.

119 1229 266 1258 Videamus
287 1228 355 1257 illud
380 1227 514 1257 ieiunium
542 1227 724 1265 quadraginta
749 1226 874 1260 dierum,
903 1229 964 1263 post

119 1275 193 1313 quod
213 1275 327 1308 esuriit,
348 1278 375 1304 et
395 1275 450 1303 iam
471 1283 486 1303 a
504 1274 613 1303 deserto
634 1273 667 1302 ad
689 1273 815 1302 homines
836 1272 963 1302 redeunti

119 1330 313 1356 occurramus,
339 1324 372 1350 ut
399 1322 508 1350 vultum
534 1321 607 1350 illius
635 1320 780 1349 amabilem
809 1320 964 1349 considere-

120 1377 184 1398 mus
197 1368 218 1397 ⁵.

198 1416 224 1445 3.
240 1415 360 1445 Tandem
381 1415 415 1444 ad
436 1415 550 1444 ultimae
564 1415 616 1444 diei
631 1422 745 1452 agonem
761 1414 919 1448 veniamus,
937 1417 965 1443 et

119 1470 217 1492 causas
237 1461 381 1491 deformati
411 1461 535 1499 corporis
563 1469 618 1490 non
645 1461 799 1498 poterimus
827 1461 962 1498 ignorare.

120 1510 233 1547 Incipiat
255 1509 340 1547 igitur
361 1509 543 1538 consideratio
568 1512 663 1537 nostra
687 1508 715 1536 in
743 1516 775 1537 eo
800 1508 875 1542 loco,
902 1507 964 1542 ubi,

121 1683 174 1705 vitis
190 1683 289 1711 plurima
307 1686 341 1705 est
357 1683 505 1710 deformitas,
522 1689 549 1706 ex
566 1683 665 1705 adverso
682 1686 759 1706 autem
777 1683 800 1705 in
814 1683 903 1706 Clu-isto
916 1683 965 1705 lesu

121 1722 191 1744 multa
208 1721 355 1750 speciositas,
373 1721 402 1744 de
427 1727 474 1750 quo
491 1721 574 1744 dicitur
600 1728 640 1749 per
663 1722 814 1749 Proplietam:
839 1721 965 1751 Speciosus

121 1759 201 1789 forma
214 1765 274 1789 prae
290 1758 345 1789 filiis
363 1759 486 1782 hominum
498 1768 520 1782 n.
538 1760 625 1782 Deinde
641 1760 697 1782 Bon.
714 1766 766 1782 cum
785 1760 821 1782 od.
841 1760 849 1782 1
871 1762 893 1782 et
910 1761 965 1787 ΑΒ,

120 1798 290 1827 refragantibus
311 1798 392 1821 ceteris
413 1799 493 1826 codd,
516 1799 553 1821 hic
575 1799 650 1821 addit:
674 1799 730 1821 Sunt
751 1802 828 1821 autem
850 1799 965 1827 nonnulli,

121 1837 161 1866 qui
179 1838 235 1860 haec
251 1837 322 1860 verba
340 1844 384 1860 non
402 1837 431 1860 ad
448 1838 597 1865 exteriorem,
614 1838 655 1860 sed
676 1838 706 1860 ad
729 1837 764 1867 [ex
782 1839 799 1860 Α
811 1838 826 1860 Β
847 1838 966 1866 supplevi-

121 1882 174 1899 mus
190 1876 230 1906 ad]
249 1877 379 1899 interiorem
400 1877 518 1899 bominem
541 1879 698 1905 retorqueant,
716 1877 739 1899 id
761 1880 795 1899 est
811 1877 840 1899 ad
863 1877 965 1899 animam

121 1915 171 1937 sive
187 1915 216 1938 ad
234 1915 393 1941 Divinitatem,
409 1915 432 1937 in
458 1915 544 1944 quibus
561 1915 670 1938 nimirum
688 1915 741 1944 [ΑΒ
766 1916 873 1938 omittunt
896 1915 967 1939 nimi-

121 1953 186 1983 rum]
203 1960 250 1977 non
267 1955 342 1977 solum
360 1954 419 1976 filios
436 1954 569 1981 bominum,
586 1954 626 1977 sed
649 1955 717 1977 etiam
735 1955 793 1977 filios
816 1955 869 1983 Dei,
887 1955 910 1977 id
933 1957 966 1977 est

122 1993 185 2021 ipsos
201 1993 317 2021 angelicos
333 1993 439 2022 spiritus,
457 1993 617 2021 praecellebat.
642 1994 716 2017 Tanto
733 1993 795 2016 enim
817 1993 902 2017 melior
919 1995 966 2017 Arz-

122 2031 179 2061 yelis
195 2032 290 2062 effectus
312 2034 357 2060 est,
376 2034 464 2062 quanto
481 2031 628 2062 differentius
639 2038 698 2062 prae
716 2032 763 2055 iltis
780 2039 866 2056 nomen
877 2033 966 2056 liet-edi-

122 2071 180 2095 tavit
197 2071 274 2101 [Hebr.
293 2072 313 2100 l,
331 2071 369 2100 4.].
388 2072 420 2094 Ne
430 2077 487 2099 ergo
498 2077 541 2093 nos
559 2072 611 2094 hnic
622 2071 747 2094 sententiae
763 2072 920 2094 contradicere
932 2073 966 2093 vi-

122 2110 230 2138 deamur,
248 2111 277 2133 ad
295 2117 390 2133 manum
408 2110 553 2133 auctoritates
571 2109 696 2137 habemus,
713 2111 764 2133 licet
787 2111 898 2138 plurimos
916 2117 966 2133 esse

122 2150 235 2178 sciamus,
252 2150 292 2178 qui
309 2149 414 2172 nondum
432 2149 526 2171 omnino
543 2149 673 2177 spirituales
690 2149 773 2178 effecti,
791 2150 851 2172 aliud
869 2150 967 2172 sentiant

124 2188 176 2218 [ΑΒ
198 2189 299 2211 mentem
316 2194 387 2211 suam
410 2188 435 2210 in
456 2187 614 2211 coetetiorz'bus
636 2187 714 2211 adhuc
739 2194 856 2217 occupare
878 2188 965 2212 [teside-

123 2227 204 2257 reut],
222 2228 333 2256 tingentes
348 2227 390 2250 sibi
409 2227 525 2256 quandam
543 2227 665 2255 specialem
681 2228 858 2255 pulcritudinem
877 2228 899 2250 in
917 2234 967 2250 cor-

123 2273 181 2295 pore
198 2267 300 2294 Domini;
317 2269 339 2288 et
351 2266 369 2289 si
381 2266 475 2295 quando
486 2266 592 2293 audiant,
611 2266 733 2288 Dominum
746 2267 821 2294 ipsum
839 2267 966 2295 despicabi-

122 2305 167 2327 lem
185 2306 256 2327 sorma
276 2305 302 2334 [Α
313 2305 328 2327 Β
346 2304 492 2332 despicabilis
503 2304 604 2334 formae]
623 2305 702 2333 fuisse,
720 2311 765 2327 non
778 2306 889 2333 patienter
902 2306 966 2328 susti-

122 2346 188 2372 nent,
206 2346 229 2366 et
245 2343 263 2366 si
281 2344 358 2371 lingua
370 2346 469 2371 taceant,
487 2349 582 2366 rancore
593 2347 616 2366 et
633 2347 695 2366 motu
709 2344 777 2366 animi
795 2345 966 2373 contradicunt⁷

122 2388 167 2405 non
184 2382 338 2410 attendentes,
355 2383 418 2411 quod
430 2383 541 2410 scriptum
553 2385 587 2405 est
599 2382 672 2412 [loan.
689 2383 716 2410 6,
728 2383 787 2412 541:
804 2383 909 2413 Spiritus
921 2386 965 2412 est,

124 2421 166 2451 qui
181 2421 294 2452 vivificat,
313 2428 370 2445 curo
387 2423 467 2445 (ratem
483 2427 532 2444 uon
546 2421 645 2451 prodest
661 2421 798 2451 quidquam.

185 2460 193 2473 ¹
211 2460 267 2488 Cap.
284 2461 327 2488 53,
345 2462 365 2482 ⁵2.
383 2467 448 2489 seqq.
461 2461 516 2483 Bon.
533 2467 586 2483 cum
600 2461 711 2489 Vulgata:
729 2462 777 2484 Non
790 2464 824 2484 est
840 2462 860 2484 ei
877 2462 967 2490 species

123 2505 199 2528 neque
216 2499 298 2527 decor,
315 2502 337 2522 et
354 2499 455 2522 vidimus
472 2506 537 2527 eum,
554 2502 577 2522 et
588 2506 632 2522 non
645 2503 693 2522 erat
710 2503 827 2528 aspectus,
840 2504 862 2523 et
879 2501 966 2523 deside-

123 2539 227 2561 ravimus
243 2544 297 2561 eum
314 2540 358 2560 etc.
369 2550 400 2554 —
412 2539 454 2560 Pro
474 2539 562 2561 Tamen
574 2538 601 2568 [Il
623 2539 723 2567 Verum,
741 2539 797 2561 Bon.
815 2539 862 2563 Sed
878 2540 965 2569 tumen]

124 2577 252 2601 audiamus
270 2577 356 2600 lsaiam
374 2577 486 2600 dicentem
504 2578 568 2606 [Bon.
586 2578 650 2600 addit
666 2577 694 2600 (Ie
709 2578 809 2607 Christo]
828 2579 864 2601 ed.
882 2579 891 2601 sl
913 2585 966 2601 cum

125 2617 142 2638 Α
153 2616 168 2638 Β
187 2616 274 2639 lsainm
291 2622 384 2645 quoquc
401 2621 448 2638 non
464 2615 578 2644 rtutliunt,
597 2617 633 2639 vel
646 2616 714 2640 inviti
734 2616 837 2640 audiunt
853 2617 967 2640 [licentem

125 2654 149 2678 in
165 2661 219 2678 eum
238 2654 287 2684 [cfr.
303 2657 355 2677 nota
373 2655 515 2683 praet-edens
532 2655 553 2677 in
572 2655 636 2684 fine].

187 2693 196 2706 ²
213 2692 391 2721 Resragnntibus
408 2693 424 2716 C
435 2694 529 2716 DEFG
540 2694 571 2721 ll,
588 2695 625 2717 ed.
641 2695 646 2716 l
663 2697 685 2716 et
697 2695 753 2717 Bon.
770 2701 822 2717 cum
840 2696 856 2717 A
868 2696 884 2717 B
902 2695 966 2723 plura

125 2733 161 2755 liic
178 2732 328 2759 subnectunt,
344 2739 404 2761 quae
422 2732 478 2755 infra
497 2736 547 2761 post
566 2734 609 2755 hoc
626 2734 764 2761 opusculum
777 2734 797 2755 in
810 2734 967 2756 additamento

126 2771 140 2793 l.
157 2771 298 2794 exhibemus.

187 2810 196 2822 ³
214 2809 259 2832 Csr.
276 2816 346 2837 supra
364 2811 449 2838 Opusc.
466 2811 502 2832 Vl.
520 2811 549 2832 (le
566 2811 706 2833 Perfectiono
718 2811 778 2833 vitae
790 2814 832 2833 etc.
845 2817 864 2833 c.
877 2812 898 2833 6.
911 2818 932 2833 n.
946 2813 966 2833 8.

124 2860 156 2865 —
168 2849 278 2876 Superius
291 2855 333 2876 pro
342 2848 461 2878 passionis
477 2849 583 2878 effectum
602 2850 640 2875 (ita
653 2849 669 2871 C
680 2850 697 2871 D
708 2850 740 2877 E),
758 2849 842 2872 scilicet
859 2850 968 2872 deformi-

127 2889 193 2909 tatem
203 2905 207 2914 ,
220 2887 273 2909 alias
285 2887 403 2917 passionis
415 2887 529 2917 defectum
541 2891 563 2910 et
575 2895 617 2916 pro
629 2888 763 2917 exemplmn
775 2888 821 2918 fuit
833 2889 871 2917 (ita
887 2888 903 2911 C
913 2889 931 2910 D
942 2890 966 2918 ΙΞ)

126 2926 180 2948 alias
197 2932 259 2949 rrum
276 2926 328 2956 fuit.

187 2964 197 2977 ⁴
214 2965 280 2987 Marc.
299 2965 320 2992 6,
338 2965 365 2992 63
377 2965 432 2987 Luc.
446 2966 468 2993 9,
480 2966 501 2987 6.
513 2978 543 2982 —-
556 2966 663 2994 Sequitur
676 2966 736 2988 ioan.
747 2966 769 2992 6,
782 2966 819 2992 57'l,
832 2969 883 2993 post
897 2972 966 2994 quem

128 3003 153 3030 4,
174 3003 210 3031 l4,
228 3004 249 3025 in
267 3009 314 3032 quo
332 3010 374 3031 pro
390 3003 443 3033 sniis
464 3010 541 3033 aquae
557 3004 574 3026 C
591 3004 643 3033 sons
660 3004 795 3033 saptentiae.
812 3017 842 3021 —
858 3006 968 3033 Superius

219 3050 243 3073 S.
254 3050 340 3073 lionae.
359 3063 389 3066 —
407 3051 473 3072 Tum.
487 3051 541 3073 ΥΙΙΙ.

1018 294 1077 331 ipso
1099 297 1180 327 teste,
1201 294 1269 323 dum
1290 294 1422 331 inciperet
1441 302 1548 331 pavere
1571 298 1597 322 et
1618 294 1746 328 taedere,
1769 294 1862 322 tristis

1018 340 1070 369 fuit
1087 341 1191 369 anima
1212 340 1274 369 eius
1296 349 1386 378 usquc
1406 341 1446 369 att
1466 344 1585 369 mortem
1598 341 1624 374 ⁶‚·
1645 340 1730 369 sudor
1752 341 1863 378 sangui-

1018 395 1088 416 neus
1109 387 1246 416 exanimis
1266 390 1294 416 et
1313 387 1482 424 agonizantis
1509 387 1635 416 membra
1663 387 1771 424 copiose
1797 396 1862 424 per-

1019 434 1104 467 fudit,
1132 433 1170 462 ita
1196 436 1228 462 ut
1255 434 1310 462 iam
1331 442 1385 462 non
1406 434 1566 469 distillaret,
1588 434 1635 463 sed
1660 434 1787 471 guttatim
1816 435 1862 464 de-

1019 483 1147 509 curreret
1168 480 1195 508 in
1217 483 1329 509 terram.
1352 480 1533 510 Procedamus
1554 484 1581 510 et
1605 481 1679 510 illius
1707 482 1794 510 noctis
1822 482 1862 510 in-

1019 526 1164 555 commoda
1184 534 1383 563 percurramus
1398 527 1417 555 ⁷:
1443 528 1580 564 quomodo
1607 531 1709 562 tentus,
1737 528 1862 563 vinctus,

1019 575 1140 607 tractus,
1162 576 1273 607 trusus,
1295 582 1392 602 caesus
1412 577 1439 603 et
1457 578 1572 611 sputus,
1587 575 1709 612 colaphis
1730 579 1758 604 et
1777 576 1863 613 alapis

1019 627 1184 656 percussus,
1205 620 1291 657 spinis
1312 624 1459 650 coronatus
1479 625 1506 650 et
1520 622 1664 658 chlamyde
1681 623 1805 652 coccinea
1821 623 1862 651 in-

1018 666 1118 701 dutus,
1133 666 1200 695 falsa
1214 667 1372 696 adoratione
1393 671 1420 696 et
1434 668 1628 705 genuflexione
1643 669 1758 704 irrisus,
1778 678 1862 699 arun-

1019 713 1082 742 dine
1103 721 1268 750 percussus,
1289 714 1350 743 alba
1364 718 1439 744 veste
1454 715 1568 750 illusus,
1591 716 1705 753 flagellis
1719 717 1862 746 acerrimis

1020 760 1172 795 laceratus,
1187 761 1300 798 propria
1314 769 1397 790 cruce
1411 766 1551 797 oneratus,
1563 763 1652 799 primo
1662 767 1775 800 portans
1788 772 1862 798 eam,

1020 814 1091 843 quae
1112 807 1202 843 ipsum
1224 810 1319 844 postea
1340 808 1431 836 statim
1452 808 1505 837 fuit
1525 813 1678 846 portatura.
1701 811 1792 839 Talem
1821 811 1862 839 in-

1020 853 1094 889 spice
1126 854 1229 882 lesum!
1262 854 1329 890 Quis
1357 854 1402 883 liic
1429 855 1506 884 locus
1533 855 1637 885 deliciis
1651 856 1671 890 ⁸,
1700 857 1790 894 qualis
1818 857 1863 886 hic

1019 899 1102 928 decor
1124 900 1238 937 speciei;
1260 901 1323 937 quis
1350 901 1377 929 in
1403 909 1519 938 corpore
1547 903 1586 931 sic
1614 906 1731 932 mactato
1758 904 1862 933 formae

1020 945 1234 982 pulcritudinem
1256 950 1391 984 quaerat?

1098 993 1125 1022 lt.
1147 993 1199 1022 Sed
1219 994 1363 1023 veniamus
1384 994 1417 1022 ad
1432 995 1525 1024 finem.
1540 995 1665 1025 Nudatus
1679 1000 1720 1026 est
1734 997 1863 1026 amantis-

1020 1040 1107 1069 simus
1119 1040 1251 1069 Dominus
1262 1041 1344 1069 Iesus.
1360 1041 1473 1077 Quare?
1488 1042 1521 1070 Ut
1536 1045 1565 1070 tu
1581 1044 1705 1080 corporis
1719 1044 1862 1080 purissimi

1020 1086 1221 1118 deformitatem
1242 1087 1334 1116 valeas
1354 1088 1464 1117 intueri.
1488 1089 1613 1118 Nudatur
1632 1098 1700 1127 ergo
1714 1091 1753 1120 sic
1774 1091 1863 1120 bonus

1020 1133 1065 1162 ille
1086 1136 1113 1162 et
1133 1134 1254 1170 optimus
1275 1134 1357 1163 lesus.
1383 1135 1440 1164 Heu
1462 1135 1544 1164 mihi!
1566 1136 1688 1165 nudatur
1713 1137 1862 1173 Dominus,

1019 1180 1067 1217 qui
1088 1183 1151 1209 ante
1172 1180 1281 1209 saecula
1302 1189 1421 1218 regnans
1441 1182 1570 1211 decorem
1592 1183 1688 1212 induit
1705 1188 1730 1212 et
1743 1183 1862 1221 fortitu-

1019 1226 1115 1255 dinem
1130 1227 1152 1260 ⁹;
1173 1227 1217 1256 cui
1239 1227 1378 1256 canimus:
1395 1227 1608 1266 Coizfcssiouem
1625 1233 1651 1258 et
1670 1231 1800 1260 decorem
1820 1231 1864 1260 oz-

1021 1273 1128 1307 duisti,
1150 1274 1276 1302 auiictus
1298 1274 1405 1303 lumine
1424 1275 1500 1304 sicut
1522 1276 1693 1305 vestimento.
1710 1278 1863 1314 Spectacu-

1020 1320 1082 1349 lum
1103 1320 1133 1349 fit
1147 1323 1174 1349 et
1191 1321 1372 1358 opprobrium
1388 1323 1497 1351 mundo
1511 1326 1536 1351 ct
1550 1322 1716 1352 homiuibus
1731 1325 1764 1359 ¹⁰,
1786 1325 1864 1362 quasi

1018 1367 1191 1404 prodigium
1211 1367 1311 1396 multis
1331 1371 1358 1397 et
1378 1369 1529 1398 commotio
1556 1370 1661 1407 capitis
1690 1371 1721 1399 in
1745 1372 1864 1409 populis
1893 1374 1896 1378 ’

1021 1417 1104 1451 caput
1134 1417 1276 1449 nostrum,
1308 1415 1440 1452 gaudium
1468 1419 1610 1451 nostrum,
1642 1417 1731 1446 honor
1759 1421 1862 1453 noster,

1022 1461 1111 1490 bonus
1132 1461 1220 1490 lesus!
1244 1461 1294 1490 Sed
1315 1461 1382 1499 quid
1402 1465 1517 1491 moror?
1538 1463 1682 1492 Exaltatur
1711 1465 1738 1493 in
1764 1473 1863 1500 cruce,

1021 1508 1199 1544 perforantur
1220 1516 1319 1537 manus
1339 1511 1366 1538 et
1385 1509 1485 1546 pedes,
1500 1510 1609 1539 elicitur
1623 1511 1750 1548 sanguis,
1766 1512 1786 1540 si
1802 1513 1865 1549 quis

1020 1689 1063 1711 pro
1072 1682 1222 1712 paupertatis
1234 1683 1270 1706 ed.
1287 1684 1291 1705 1
1305 1683 1445 1713 parcitatis,
1462 1690 1504 1712 pro
1522 1684 1633 1708 circuiret
1650 1686 1704 1707 Bon.
1717 1686 1866 1709 transcurre-

1021 1723 1069 1750 ret,
1087 1722 1127 1751 qui
1144 1722 1212 1744 etiam
1230 1728 1283 1745 cnm
1301 1722 1339 1745 ed,
1362 1723 1367 1744 1
1390 1729 1432 1750 pro
1449 1722 1534 1752 ubique
1551 1723 1667 1746 substituit
1685 1724 1794 1753 undiquc.

1084 1760 1093 1772 ⁵
1111 1761 1142 1783 De
1160 1760 1241 1783 Christi
1258 1761 1344 1783 ieiunio
1361 1762 1515 1790 quadraginta
1532 1762 1622 1785 dierum
1645 1762 1695 1792 [ed.
1717 1764 1721 1785 1
1749 1770 1802 1786 cuni
1820 1765 1837 1786 Α
1848 1764 1865 1786 Β

1022 1800 1110 1822 addunt
1126 1801 1147 1823 et
1164 1799 1325 1829 quadi-aquila
1342 1800 1456 1830 noctium]
1474 1802 1514 1823 cfr.
1533 1802 1608 1823 Metili.
1627 1801 1651 1828 4,
1669 1803 1690 1824 ⁶2.
1703 1805 1725 1824 et
1738 1802 1791 1824 Luc.
1804 1802 1830 1829 4,
1843 1804 1864 1825 2.

1021 1851 1051 1856 —
1069 1840 1111 1861 Pro
1126 1841 1181 1868 post
1194 1839 1257 1868 quod
1274 1839 1313 1867 (ita
1331 1841 1348 1861 Α
1359 1840 1375 1861 Β
1384 1839 1400 1861 C
1411 1839 1428 1861 D
1438 1840 1462 1868 E)
1476 1840 1531 1862 alias
1540 1842 1595 1869 post
1606 1846 1671 1870 qnos,
1685 1843 1706 1863 et
1719 1844 1770 1869 post
1782 1847 1864 1864 occur-

1021 1884 1106 1901 ramus
1125 1879 1178 1900 Bon.
1196 1885 1248 1901 cum
1267 1878 1304 1901 ed.
1322 1878 1330 1900 1
1358 1881 1380 1900 et
1400 1879 1444 1900 AB
1461 1882 1539 1901 contra
1556 1879 1681 1902 CDEGH
1702 1881 1864 1909 prosequitur:

1022 1919 1044 1939 et
1061 1917 1149 1939 vultum
1168 1917 1227 1939 illius
1244 1916 1293 1946 [ed.
1314 1918 1319 1938 1
1341 1923 1394 1939 cum
1407 1918 1451 1939 AB
1468 1917 1545 1946 illum]
1557 1917 1681 1940 amabilem
1694 1919 1761 1941 tantis
1775 1919 1865 1942 ieiuniis

1021 1956 1196 1978 consideremus
1213 1956 1330 1978 afflictum.
1347 1957 1373 1978 Et
1389 1956 1477 1984 optime
1490 1957 1566 1984 posuit
1578 1958 1733 1985 Ex-angelista,
1746 1961 1798 1986 post
1812 1958 1865 1981 ieiu-

1021 1995 1086 2017 nium
1103 1994 1200 2023 esuriit,
1221 1997 1245 2017 ut
1265 1995 1336 2022 scias,
1354 1996 1426 2017 lesum
1449 2001 1494 2017 non
1517 1996 1540 2018 in
1562 1996 1646 2018 virtute
1663 1996 1802 2025 Divinitatis,
1824 1998 1865 2021 sed

1024 2033 1075 2062 [AB
1093 2033 1182 2055 addunt
1198 2033 1231 2061 iu]
1249 2033 1397 2056 humanitatis
1414 2040 1470 2056 suae
1486 2038 1567 2057 natura
1585 2034 1706 2057 ieiunasse.
1724 2036 1783 2064 Quid
1801 2036 1863 2058 enim

1023 2078 1147 2100 magnum,
1165 2073 1184 2094 si
1201 2073 1224 2094 in
1243 2073 1370 2095 Divinitatis
1388 2073 1519 2095 fortitudine
1536 2074 1687 2102 quadraginta
1706 2074 1788 2097 diebus
1810 2075 1866 2097 ieiu-

1022 2114 1108 2139 nasset,
1126 2111 1148 2133 in
1166 2118 1211 2140 qua
1228 2118 1348 2140 nunquam
1367 2112 1446 2134 esuriit
1464 2112 1488 2141 [Α
1500 2113 1516 2134 Β
1538 2112 1629 2141 esurit}
1647 2112 1692 2135 Ct'r.
1714 2114 1771 2136 Petr.
1794 2113 1866 2142 Chry-

1022 2151 1107 2178 solog.,
1125 2151 1199 2172 Serm.
1221 2151 1253 2172 11.

1085 2188 1095 2202 ‘⁵
1112 2190 1179 2212 Marc.
1201 2189 1239 2216 l4,
1258 2191 1295 2212 33.
1312 2196 1385 2219 seqq„
1403 2193 1455 2218 post
1471 2197 1541 2219 quem
1558 2191 1679 2219 respicitur
1696 2192 1750 2214 Luc.
1768 2192 1810 2220 22,
1829 2192 1865 2214 tt.

1023 2228 1061 2257 (de
1078 2229 1164 2251 sudore
1181 2228 1326 2257 sanguineo).
1344 2241 1374 2245 —
1392 2229 1503 2257 Superius
1525 2236 1567 2257 pro
1592 2229 1693 2252 Tandem
1714 2230 1746 2253 «d
1770 2230 1866 2253 ultimae

1023 2267 1051 2296 [D
1068 2267 1188 2296 ultimum]
1206 2266 1252 2290 diei
1267 2273 1368 2297 aquilem
1385 2268 1421 2290 cd.
1443 2269 1448 2290 1
1470 2275 1523 2290 cum
1541 2269 1584 2290 AB
1606 2268 1652 2291 Scit
1675 2268 1722 2291 iam
1744 2269 1776 2292 acl
1797 2269 1865 2292 illum

1022 2306 1121 2329 ultimae
1137 2306 1183 2329 diei
1198 2312 1307 2336 (raonem.
1325 2307 1419 2329 luserius
1436 2313 1479 2335 pro
1495 2307 1569 2330 sudor
1586 2308 1732 2337 saizyitiiiens
1746 2308 1866 2332 exanimis

1022 2345 1058 2367 ed.
1078 2345 1086 2367 sl
1108 2351 1161 2367 cum
1179 2346 1223 2367 ΑΒ
1239 2345 1314 2368 sudor
1331 2345 1478 2375 suiigsitiizeus
1495 2346 1593 2369 orantis.

1086 2383 1094 2396 ⁷
1111 2383 1156 2407 Csr.
1174 2385 1250 2406 lliattli.
1268 2385 1296 2406 26
1307 2402 1313 2411 ,
1331 2384 1367 2407 47.
1385 2391 1449 2413 seqq.
1467 2388 1488 2407 et
1505 2385 1547 2411 27,
1566 2386 1586 2407 l.
1599 2391 1664 2414 seqq.
1675 2398 1706 2402 —
1718 2386 1811 2408 lnlerius
1824 2393 1866 2414 pro

1022 2424 1106 2452 sputus
1124 2424 1178 2445 Bon.
1203 2429 1256 2445 cum
1274 2424 1311 2445 ed.
1332 2424 1336 2445 l
1359 2427 1381 2445 et
1403 2424 1447 2446 ΑΒ
1472 2425 1612 2453 consputus,
1639 2427 1660 2446 et
1685 2431 1727 2452 pro
1748 2424 1866 2448 arundine

1022 2468 1150 2492 percussus
1166 2462 1204 2485 ed.
1222 2463 1230 2484 Ἰ
1252 2466 1274 2485 et
1291 2463 1308 2484 Λ
1325 2463 1339 2484 Β
1356 2462 1475 2485 {wuiuliue
1492 2469 1587 2486 caesum
1604 2465 1682 2492 caput.

1085 2500 1094 2512 Β
1113 2501 1142 2523 lta
1160 2500 1176 2523 C
1188 2502 1243 2529 DE,
1260 2501 1315 2523 alias
1331 2500 1480 2524 (leisciurum.

1085 2538 1094 2551 ⁰
1111 2540 1194 2562 Psalm.
1212 2541 1255 2568 92,
1274 2541 1293 2562 t.
1311 2543 1333 2562 ct
1350 2540 1434 2562 deinde
1451 2541 1487 2562 Ps.
1505 2541 1561 2568 103,
1588 2542 1605 2563 1.
1628 2547 1676 2570 seq.
1701 2553 1732 2557 —-
1754 2542 1866 2569 Superius

1023 2584 1065 2606 pro
1082 2578 1255 2608 deformitatem
1273 2579 1311 2605 (ita
1329 2578 1380 2608 ΟΕ)
1403 2579 1457 2601 alias
1479 2578 1680 2608 deformationem,
1700 2583 1722 2602 et
1742 2584 1793 2608 post
1816 2581 1865 2603 fleu.

1022 2617 1082 2640 milti
1093 2618 1129 2640 eu.
1143 2619 1151 2639 1Ι
1168 2621 1190 2640 et
1202 2618 1256 2640 Bon.
1269 2624 1321 2640 cum
1334 2619 1351 2640 Α
1362 2619 1390 2645 B,
1402 2618 1573 2646 refragantibus
1584 2618 1600 2640 C
1611 2619 1628 2641 D
1638 2619 1653 2641 E
1663 2620 1678 2641 F
1687 2620 1704 2641 G
1715 2620 1746 2646 11,
1762 2620 1864 2643 addunt:

1023 2657 1065 2685 Qui
1083 2657 1175 2679 vestivit
1191 2658 1266 2679 caelos
1280 2657 1379 2679 diversis
1395 2657 1521 2684 sideribus,
1538 2660 1589 2680 ante
1606 2664 1698 2680 crucem
1716 2659 1865 2687 exspoliatus,

1022 2695 1098 2717 nudus
1115 2696 1183 2718 etiam
1196 2696 1222 2724 [A
1233 2696 1248 2717 Β
1260 2695 1289 2724 et]
1304 2699 1326 2718 ut
1338 2699 1393 2723 erat,
1405 2696 1489 2718 lividus
1505 2697 1567 2718 cruci
1583 2697 1690 2724 affigitur.
1702 2698 1764 2720 lieu!
1776 2697 1865 2720 candor

1023 2733 1082 2757 tucis
1094 2736 1202 2757 aeternae
1214 2734 1276 2763 [Sap.
1288 2735 1310 2761 7,
1323 2734 1369 2763 ⁴261]
1383 2735 1489 2762 nigrescit
1502 2735 1523 2757 in
1535 2742 1603 2757 carne
1615 2742 1657 2763 pro
1668 2742 1737 2758 carne
1749 2737 1864 2764 salvanda,

1022 2775 1044 2795 et
1062 2773 1140 2800 facies,
1152 2779 1223 2801 quani
1235 2773 1358 2795 Cherubim
1377 2776 1399 2796 et
1416 2774 1536 2801 Seraphim
1554 2775 1656 2802 aspicere
1673 2774 1804 2798 desiderant
1817 2775 1864 2804 [cfr.

1024 2812 1037 2833 Ι.
1056 2812 1113 2834 I‘etr.
1135 2813 1158 2838 l,
1179 2812 1235 2840 12.1,
1253 2816 1299 2840 erat
1317 2818 1343 2834 ex
1362 2813 1467 2840 lacrymis
1485 2813 1584 2841 turgida.

1086 2850 1105 2862 ¹⁰
1123 2851 1192 2878 Epist.
1211 2852 1223 2872 l.
1242 2850 1293 2873 Cor.
1312 2851 1336 2878 4,
1354 2852 1380 2878 9,
1392 2854 1525 2880 postquem
1538 2853 1572 2874 Ps.
1584 2853 1627 2879 70,
1639 2853 1664 2875 7:
1678 2853 1799 2882 Tanquam
1816 2860 1866 2881 pro·

1023 2889 1112 2917 digium
1131 2890 1202 2911 factus
1219 2895 1270 2911 sum
1288 2890 1377 2916 multis;
1395 2890 1429 2911 Ps.
1448 2890 1487 2917 43,
1509 2891 1547 2913 15:
1570 2891 1665 2914 Posuisti
1689 2898 1731 2914 nos
1748 2892 1769 2914 in
1790 2892 1866 2914 simili-

1023 2928 1126 2950 tudinem
1145 2928 1264 2955 gentibus,
1282 2929 1459 2951 commotionem
1472 2930 1553 2957 rapitis
1568 2930 1588 2952 in
1602 2931 1701 2958 populis.
1714 2944 1742 2947 —
1756 2932 1797 2953 l’ro
1810 2930 1867 2960 Spe-

1024 2967 1142 2989 ctaculum
1161 2967 1187 2997 sit
1204 2968 1258 2989 uon.
1275 2974 1328 2990 cum
1346 2968 1388 2990 Cr:
1413 2969 1580 2997 Spectaculum
1599 2970 1662 2999 [Bou.
1685 2971 1746 2992 addit
1773 2970 1864 2999 nmmlq

1023 3005 1075 3034 sitit,
1093 3009 1114 3027 et
1132 3012 1173 3033 pro
1191 3005 1260 3035 «suasi
1276 3007 1312 3028 eil.
1335 3007 1339 3028 l
1361 3013 1413 3029 rum
1432 3007 1447 3029 A
1459 3007 1475 3029 B
1492 3008 1518 3037 [Μ
1535 3009 1657 3037 tauquam.

1744 3058 1772 3078 22

1886 1004 1955 1025 Tertio,
1968 1004 1988 1022 iu

1874 1028 2002 1046 crucifixione.
