2133 3317
139 780 210 800 Solutio
228 784 256 798 se·

165 803 229 823 cundi.

190 1344 257 1362 Aliter.

191 1532 258 1550 Aliter.

142 1673 257 1693 Notandum.

270 228 328 256 ltOlt

271 314 322 343 pro
336 305 429 334 verbis
444 304 497 332 illis
510 306 623 331 careant
637 301 838 335 calceamentis,
853 300 901 329 sed
916 300 944 328 in
959 300 1011 328 hoc
1026 299 1117 336 ipsum

271 352 418 381 Dominum
441 350 585 378 imitantur
599 351 626 377 et
641 348 782 385 Apostolos
796 355 878 382 suos,
893 347 959 384 quia
974 347 1026 375 boc
1040 346 1120 375 docet

271 398 449 434 Evangelium
471 395 633 429 manifeste;
655 398 682 423 et
703 394 750 431 qui
777 395 853 423 hunc
874 394 1011 430 Evangelii
1040 393 1120 421 intel-

274 445 375 473 lectum
397 444 532 479 denegant
553 441 684 471 haeretici
706 445 788 475 sunt,
810 449 875 470 cum
895 441 923 469 in
946 440 1120 477 expositione

271 495 366 520 textus
388 491 551 518 Sanctorum
573 488 715 518 sententiis
733 488 903 517 Graecorum
917 491 945 517 et
959 488 1120 516 Latinorum

271 538 325 566 sint
336 536 466 566 contrarii
479 539 506 564 et
517 536 600 564 etiam
614 536 665 572 ipsi
677 535 768 564 textui
781 535 932 564 manifeste.
944 534 1021 564 Unde
1032 535 1121 563 Lucae

270 584 402 621 vigesimo
417 582 538 611 secundo
550 584 559 599 ¹
582 582 654 611 dixit
668 582 802 611 Dominus
816 582 973 619 discipulis:
997 581 1121 617 Quando

271 631 341 660 misi
354 638 405 659 vos
418 630 481 659 Sine
494 629 612 658 saeculo
633 633 659 658 el
676 638 751 667 pera
772 633 797 658 et
817 629 1028 662 calceamentis,
1045 636 1122 657 nun-

272 678 343 716 quid
357 677 471 716 aliquid
493 676 588 714 defuit
607 676 712 705 vobis?
734 677 773 704 Al
791 676 835 705 illi
848 676 1009 705 dixerunt:
1032 674 1120 704 Niltil.

352 726 398 753 21.
421 724 458 752 Ad
479 723 634 753 secundum
655 723 816 757 dicendum,
831 723 906 760 quod
927 723 1062 751 Dominus
1082 722 1123 750 di-

273 772 360 801 cendo
380 779 470 809 neque
490 771 686 799 calceamenta
707 778 805 799 curam
826 770 972 807 prohibet,
995 769 1043 798 sed
1067 777 1122 797 non

273 821 380 848 tantum
403 818 488 847 solam
511 825 624 851 curam,
653 817 700 846 sed
728 819 821 845 actum
851 816 933 845 etiam
963 815 1122 849 deserendi3

273 866 347 895 unde
368 865 434 894 dicit
454 867 657 901 consequenter
678 864 705 892 in
728 863 868 901 praedicto
889 863 976 892 verbo
997 861 1123 897 Lucae2,

277 921 306 942 se
327 913 434 941 misisse
462 920 508 941 eos
535 912 598 940 sine
622 911 825 940 calceamentis
846 910 1018 947 simpliciter.
1048 910 1124 938 Sicut

275 960 347 989 enim
369 959 485 988 dicendo
506 967 596 997 neque
617 958 694 987 duas
723 957 840 986 tunicas
868 957 998 994 prohibet
1024 959 1052 985 et
1077 964 1125 985 cu-

274 1015 335 1036 ram
366 1006 576 1043 superfluorum
607 1006 837 1034 vestimentorum
865 1008 893 1033 et
920 1007 1013 1033 actum
1042 1003 1124 1032 etiam

275 1054 419 1091 superflua
438 1053 596 1087 deserendi,
618 1053 657 1081 sic
677 1052 792 1081 dicendo
813 1060 903 1090 neque
927 1051 1124 1080 calceamenta

275 1109 371 1130 curam
394 1100 522 1137 prohibet
537 1108 590 1128 non
606 1102 714 1128 tantum
730 1099 954 1136 superfluorum,
976 1098 1023 1127 sed
1042 1098 1123 1127 etiam

275 1147 386 1184 penitus
407 1154 441 1175 ne
462 1146 597 1175 ferantur.
627 1145 728 1182 Quodsi
758 1149 865 1174 tantum
887 1144 1042 1182 superflua
1069 1145 1124 1173 cal-

274 1197 415 1223 ceamenta
430 1193 609 1227 inhibuisset,
625 1193 697 1222 sicut
714 1195 741 1221 et
757 1192 864 1221 tunicas
884 1192 1006 1220 inhibuit
1025 1199 1124 1228 super-

274 1242 360 1275 ssuas;
383 1241 455 1269 sicut
473 1240 544 1269 dixit
564 1249 655 1278 neque
669 1240 747 1268 duas
765 1239 896 1273 tunicas,
911 1239 1028 1268 dixisset
1042 1239 1124 1267 etiam

274 1298 364 1327 neque
385 1288 443 1317 duo
464 1288 555 1325 paria
577 1287 841 1316 calceamentorum
869 1290 896 1314 et
918 1294 972 1314 non
994 1285 1126 1322 simplici-

275 1340 317 1365 ter
339 1344 428 1374 neque
449 1334 653 1363 calceamenta.
669 1349 708 1353 ——
722 1333 771 1362 Vel
793 1333 830 1367 si,
853 1333 1008 1361 necessaria
1029 1332 1125 1361 volens

276 1383 379 1420 portari
403 1382 601 1415 calceamenta,
623 1384 651 1409 et
671 1388 768 1409 curam
795 1380 939 1417 prohibuit
967 1379 1124 1416 superfluo-

276 1438 355 1464 rum,
377 1429 411 1458 de
432 1429 478 1457 1110
500 1428 677 1457 calceamenti
699 1435 800 1465 genere
822 1427 874 1456 hoc
903 1427 1057 1463 intelligere
1084 1429 1126 1455 est

276 1485 403 1510 necesse,
419 1476 491 1513 quod
506 1476 531 1504 in
547 1476 637 1504 Marco
649 1475 659 1492 ³
681 1475 721 1504 eis
744 1474 845 1512 legitur
859 1481 1037 1508 concessum,
1053 1473 1126 1502 scili-

277 1528 320 1553 cet
334 1524 368 1553 de
383 1523 528 1557 sandaliis,
542 1526 575 1551 ut
589 1530 675 1559 supra
690 1523 781 1551 visum
795 1525 847 1550 est.
863 1538 902 1541 —
916 1521 964 1550 Vel
979 1520 1051 1549 forte
1065 1521 1126 1549 ideo

278 1579 374 1600 curam
398 1570 539 1607 prohibet,
562 1577 596 1598 ne
611 1569 729 1606 Apostoli
744 1568 836 1597 adime
852 1568 936 1597 rudes
951 1568 1126 1604 suspicaren-

277 1622 338 1653 tur,
361 1618 546 1647 calceamenta
560 1617 611 1646 sibi
626 1616 772 1650 defutura,
795 1616 817 1644 si
839 1623 891 1652 pro
905 1615 1065 1643 infirmitate
1080 1623 1127 1643 eos

278 1665 306 1694 in
328 1665 373 1693 via
396 1665 500 1702 positos
521 1664 623 1693 talibus
647 1663 819 1700 contingeret
838 1662 971 1700 indigere.
996 1679 1031 1682 —
1053 1662 1126 1691 Hanc

277 1716 370 1742 autem
386 1712 488 1749 pedum
502 1711 656 1740 nuditatem
678 1710 767 1739 noluit
782 1710 916 1738 Dominus
930 1709 1061 1738 omnibus
1076 1709 1127 1737 im—

277 1768 395 1798 ponere,
416 1759 466 1788 sed
487 1758 621 1796 Apostolis
642 1760 750 1786 tantum
779 1760 807 1786 et
837 1757 914 1791 aliis,
943 1756 990 1793 qui
1020 1756 1047 1784 in
1075 1756 1127 1785 hoc

275 1815 323 1836 eos
344 1810 441 1843 sponte
463 1805 619 1843 ele-geriut4
639 1804 750 1833 imitari.

280 1974 354 1996 nullus
371 1973 441 2001 digne
453 1973 578 1995 consistere
590 1972 626 1994 rel
638 1972 712 1994 Deum
726 1971 805 1994 ridere
823 1974 910 1999 potest,
928 1971 971 1993 nisi
988 1971 1028 1999 qui
1045 1974 1126 1993 cuncta

280 2016 368 2035 terrena
395 2015 416 2034 et
443 2011 545 2034 mortalia
572 2010 706 2039 deposuerit
730 2010 797 2038 vitia,
822 2010 885 2039 quod
907 2009 1069 2038 significabant
1092 2010 1127 2031 illa

279 2051 350 2079 Moysi
368 2050 528 2074 calceamenta
544 2049 648 2079 deposita
667 2049 715 2078 [cir.
733 2055 803 2076 supra
822 2054 876 2076 pag.
893 2048 952 2077 307,
965 2051 1018 2071 nota
1031 2048 1074 2078 7.].
1086 2049 1128 2070 He-

280 2091 319 2113 bet
336 2091 423 2119 quippe
439 2093 461 2111 et
478 2089 545 2111 aliam
561 2089 659 2116 figuram
677 2089 699 2110 id
717 2088 781 2116 quod
799 2088 888 2115 Moyses
905 2087 1047 2110 discalceari
1064 2087 1128 2109 iube-

281 2133 324 2152 tur.
342 2130 452 2151 Veterum
472 2135 573 2156 namque
591 2127 735 2150 cousuetudo
748 2130 808 2153 erat,
821 2130 857 2154 ut,
869 2127 887 2148 si
900 2133 1001 2154 sponsus
1018 2132 1127 2154 sponsam

281 2169 404 2196 repudiare
422 2168 502 2196 veltet,
520 2167 697 2189 discalcearetur
710 2166 757 2192 ille,
775 2169 797 2188 et
815 2167 858 2187 hoe
876 2169 935 2187 esset
952 2165 1044 2193 signum
1063 2171 1129 2193 repu-

281 2208 312 2230 dii
330 2207 407 2237 [Deut.
426 2207 468 2233 25,
487 2206 525 2235 9.]
544 2206 641 2228 Proinde
664 2206 753 2233 Moyses
780 2205 913 2227 discalceari
932 2204 1035 2231 iubetur,
1053 2210 1082 2226 ne
1099 2204 1127 2226 ad

282 2247 418 2273 Ecclesiam,
435 2252 496 2274 quae
514 2246 535 2267 iu
554 2245 613 2267 rubo
630 2243 816 2272 significabatur,
842 2243 908 2272 quasi
925 2249 1027 2271 sponsus
1043 2243 1129 2265 calcea-

284 2289 320 2308 tus
338 2285 465 2307 accederet.
483 2285 530 2306 lloc
547 2284 608 2306 enim
627 2283 717 2306 Christo
735 2282 884 2309 set-rabatur,
910 2283 949 2310 qui
975 2288 1045 2304 verus
1062 2288 1130 2310 spon<

286 2331 325 2347 sus
342 2326 390 2346 erat
408 2324 478 2352 [toan.
495 2323 520 2350 3,
538 2322 597 2351 29.],
615 2323 644 2345 dc
661 2328 708 2351 quo
726 2322 780 2344 dicit
798 2323 906 2344 loannes:
925 2320 998 2344 Cuius
1016 2327 1062 2344 non
1075 2327 1129 2344 sum

283 2363 370 2393 dissuas
387 2362 478 2385 solvere
495 2361 624 2391 corripiam
644 2361 797 2384 calceamenti
817 2360 891 2390 [ioan.
911 2361 931 2387 l,
949 2359 1005 2389 27.].
1024 2360 1056 2382 De
1072 2360 1129 2382 lsaia

283 2404 324 2425 cfr.
342 2402 447 2428 Hieron„
472 2402 500 2423 V.
525 2404 547 2423 et.
572 2401 618 2423 Vll.
643 2400 772 2423 (minuent.
796 2401 821 2421 in
839 2400 887 2422 lsai.
906 2400 947 2427 20,
968 2401 988 2421 1.
1006 2405 1088 2428 seqq.;
1106 2400 1129 2421 in

283 2442 360 2469 primo
378 2442 428 2463 loeo
445 2443 537 2468 praeter
553 2440 595 2462 alia
619 2439 796 2461 commendatur
820 2439 952 2461 obedientia
979 2439 1049 2460 isaiae
1068 2438 1130 2465 (vide

285 2487 355 2508 supra
374 2486 426 2508 pag.
445 2480 503 2506 307,
520 2482 598 2501 uotam
616 2479 662 2507 5,),
679 2479 700 2500 in
719 2478 822 2500 seeundo
844 2478 972 2500 insinuatur
989 2478 1024 2499 illa
1042 2478 1130 2505 figura,

285 2526 344 2548 quae
361 2520 383 2541 in
402 2519 514 2547 principio
532 2519 658 2541 sententiae
674 2524 701 2540 ex
718 2517 805 2540 isidoro
821 2517 901 2539 allatae
912 2516 1042 2539 exhibetur.
1054 2529 1085 2532 —
1097 2517 1130 2539 ln-

286 2559 355 2581 t'erius
372 2565 415 2586 pro
433 2557 493 2581 absit
509 2564 538 2580 nc
553 2558 572 2579 Α
589 2556 651 2580 absit
666 2558 700 2579 ut.

347 2597 354 2609 ¹
374 2598 438 2619 Vers.
457 2598 494 2619 35.
512 2597 557 2619 Cir.
573 2602 644 2624 supra
662 2602 716 2624 pag.
735 2596 792 2622 338,
811 2598 864 2618 nota
881 2595 904 2617 6.

347 2636 355 2649 ²
373 2636 427 2664 Cap.
446 2637 488 2663 22,
506 2636 551 2658 35:
569 2635 668 2664 Quando
686 2635 738 2657 misi
755 2641 797 2656 vos
815 2637 858 2656 etc.

347 2675 355 2687 ³
373 2675 428 2703 Cap.
447 2676 471 2702 6,
491 2675 519 2697 9:
545 2675 589 2697 Sed
616 2675 729 2697 calceatos
753 2673 870 2700 sandaliis,
887 2676 909 2695 et
931 2679 959 2695 ne
981 2673 1131 2695 induerentur

284 2714 376 2737 duabus
393 2715 483 2737 tunicis.
500 2714 545 2736 Csr.
564 2721 634 2742 supra
653 2720 673 2736 n.
698 2714 730 2736 17.

347 2754 356 2766 ⁴
373 2754 447 2776 Codd.
464 2754 507 2776 BC
524 2753 644 2783 caperent.

347 2793 356 2805 s,
373 2793 435 2815 Libr.
452 2794 468 2815 l.
485 2793 613 2815 Commeat.
630 2793 653 2814 in
671 2793 746 2814 Matth.
765 2792 791 2820 3,
806 2792 841 2819 11,
854 2791 892 2813 ubi
906 2791 1011 2820 sequitur
1026 2791 1132 2818 August,

286 2834 309 2855 ll.
327 2833 355 2855 de
373 2833 491 2855 Cousensu
509 2832 647 2860 Evangelist.
664 2838 684 2854 c.
707 2832 739 2854 12.
757 2838 780 2853 n.
798 2831 843 2858 29,
861 2832 901 2853 cfr.
919 2837 988 2858 supra
1008 2836 1062 2858 pag.
1075 2830 1132 2858 306,

286 2873 337 2893 nota
356 2871 392 2892 112.

348 2909 358 2921 ⁰
376 2910 435 2931 llaec
452 2916 497 2931 rox
514 2916 525 2931 a
545 2909 702 2937 grammaticis
715 2915 760 2931 non
776 2909 797 2930 in
809 2915 856 2931 uno
868 2914 936 2931 sensu
949 2909 1081 2936 explicatur.
1093 2908 1134 2929 Hie

286 2954 361 2976 neque
379 2949 556 2970 contractionem
575 2949 674 2971 dtuiruni
692 2948 831 2975 syllabarum
850 2948 872 2969 in
889 2954 959 2969 unani
975 2947 1024 2975 (cfr.
1036 2947 1135 2975 Quincti-

287 2987 352 3014 11011Ἱ
370 2987 383 3008 l.
403 2987 548 3009 institutionis
565 2987 688 3015 oratoriae,
701 2993 722 3009 e.
735 2987 756 3009 5.
774 2987 787 3015 ξ’
809 2986 841 3013 17,
860 2986 899 3008 ubi
917 2986 946 3008 de
959 2986 1027 3013 vitio,
1048 2994 1058 3006 α
1071 2985 1133 3014 quod

287 3023 412 3054 euvotipsmv
430 3028 452 3047 et
468 3024 605 3055 συναλοιφὴν
623 3026 702 3048 Graeci
722 3028 818 3054 vocant,
838 3031 880 3047 nos
897 3025 1083 3054 compleoeionmn
1101 3024 1135 3047 di-

505 224 702 254 OPUSCULUM
724 223 790 252 XVI.
812 221 986 251 EXPOSITIO
1008 220 1111 250 SUPER
1132 220 1287 250 REGULAM
1307 221 1463 250 FRATRUM
1484 220 1646 250 MtNORUM.
1668 220 1737 249 CAP.
1756 221 1786 249 ΙΙ.

1254 301 1301 328 22.
1324 299 1361 328 Ad
1383 299 1496 328 tertium
1518 303 1593 336 patet
1613 299 1756 336 responsio
1771 306 1821 336 per
1835 299 1953 328 verbum
1973 300 2022 328 Ra-

1176 346 1263 375 hani⁵
1284 346 1400 375 dicentis
1421 354 1506 383 super
1527 347 1712 381 Matthaeum,
1734 346 1809 383 quod
1829 346 1857 374 in
1876 346 1922 375 illo
1936 346 2022 375 verbo

1181 405 1195 418 «
1210 393 1323 422 loannes
1346 393 1466 430 Baptista
1484 393 1555 422 nihil
1576 393 1702 427 intendit,
1717 401 1781 422 cum
1803 393 1836 421 de
1858 393 2022 421 calceamen-

1176 440 1212 468 tis
1234 440 1340 468 Domini
1363 439 1444 474 dicit,
1465 440 1517 468 nisi
1540 440 1732 469 excellentiam
1757 440 1818 469 eius
1839 442 1866 468 et
1887 439 2025 468 humilita-

1179 490 1233 515 tem
1256 494 1335 515 suam
1349 498 1363 512 2>
1389 490 1440 515 etc.
1469 487 1527 515 Non
1548 495 1614 523 ergo
1635 495 1684 524 per
1709 487 1761 515 hoc
1783 486 1912 524 ponitur,
1934 486 2025 514 Domi-

1178 541 1245 562 num
1274 533 1460 562 calceamenta
1487 533 1632 567 habuisse,
1662 533 1709 562 sed
1736 533 1856 570 quadam
1878 533 2026 570 figurativa

1178 580 1332 615 locutione,
1354 587 1426 617 quae
1448 580 1551 609 Graece
1577 580 1752 616 synaeresis⁶
1781 580 1898 614 dicitur,
1924 580 2026 609 Christi

1179 628 1206 656 in
1229 628 1281 656 hoc
1304 627 1468 656 excellentia
1489 627 1656 655 declaratur.
1679 626 1836 663 Vulgariter
1857 626 1939 655 etiam
1961 626 2026 655 talia

1179 674 1231 702 dici
1261 674 1364 708 solent,
1393 674 1498 710 absque
1527 681 1559 701 eo
1587 673 1661 710 quod
1689 673 1717 701 in
1746 673 1837 702 taliter
1862 673 2027 709 comparatis

1179 724 1307 750 extrema
1329 720 1541 757 comparationis
1561 720 1595 748 ad
1618 720 1738 748 litteram
1764 723 1966 757 supponantur.
1988 736 2027 740 —

1180 769 1260 802 Item,
1282 767 1351 796 illud
1373 767 1489 796 verbum
1518 767 1625 795 Ioannis
1646 774 1662 795 a
1683 767 1788 796 Sanctis
1814 766 1944 795 omnibus
1968 774 2027 803 my-

1180 816 1247 844 stice
1268 815 1435 852 exponitur,
1457 814 1532 851 quod
1555 814 1638 842 etiam
1659 813 1815 852 faciendum
1835 821 1895 842 esse
1916 821 1953 842 ex
1980 813 2027 842 ad-

1181 863 1282 892 iunctis
1298 862 1452 899 colligitur,
1475 861 1522 890 ubi
1536 861 1546 878 ⁷
1568 861 1601 890 de
1623 860 1781 889 arboribus
1796 860 1979 894 excidendis,
1994 860 2028 889 de

1179 909 1333 938 securibus
1354 912 1381 938 et
1401 908 1572 937 ventilabris
1592 908 1657 937 facit
1684 908 1779 937 eadem
1807 907 1892 936 series
1912 906 2029 936 mentio-

1180 965 1252 986 nem.
1268 973 1307 977 ——
1318 956 1450 993 Amplius,
1465 956 1563 993 posito,
1577 955 1651 992 quod
1662 954 1790 983 Christus
1803 954 1847 983 vel
1862 954 1889 982 in
1900 954 2029 991 pueritia,

1181 1004 1225 1032 vel
1253 1006 1316 1032 ante
1345 1003 1518 1040 trigesimum
1546 1009 1650 1031 annum
1679 1002 1864 1030 calceamenta
1883 1001 2028 1036 habuerit,

1182 1058 1235 1078 non
1260 1053 1351 1078 tamen
1373 1057 1405 1078 ea
1426 1049 1539 1083 habuit,
1554 1051 1702 1085 postquam
1722 1055 1820 1077 eorum
1844 1055 1927 1076 usum
1948 1046 2030 1076 disci-

1184 1097 1256 1134 pulis
1280 1097 1416 1131 inhibuit,
1437 1096 1485 1133 qui
1508 1096 1597 1133 coepit
1618 1095 1695 1133 facit
1714 1098 1739 1124 el
1759 1096 1859 1124 docere
1870 1094 1890 1123 Β.

1260 1144 1306 1173 23.
1317 1144 1368 1172 Sed
1379 1144 1475 1172 dicunt
1485 1143 1607 1180 quidam,
1616 1151 1645 1172 se
1656 1143 1754 1180 legisse
1764 1142 1792 1171 in
1805 1142 1876 1171 libro
1887 1142 2031 1179 Octoginta

1182 1191 1267 1219 trium
1282 1191 1496 1227 Quaestionum,
1512 1190 1693 1227 Augustinum
1709 1189 1746 1218 ibi
1761 1189 1874 1223 dixisse,
1889 1188 2030 1217 Christum

1182 1245 1265 1267 usum
1280 1238 1364 1266 fuisse
1381 1237 1586 1271 calceamentis;
1601 1236 1676 1274 quod
1691 1236 1756 1265 satis
1771 1239 1813 1265 est
1832 1235 2030 1269 ridiculosum,

1183 1293 1247 1313 cum
1269 1284 1339 1313 idem
1365 1284 1534 1321 Augustinus
1548 1284 1638 1320 primo
1656 1283 1888 1312 Retractationum
1910 1282 2031 1319 capitulo

1182 1331 1336 1368 penultimo
1349 1334 1432 1368 ponat
1443 1331 1554 1359 nomina
1567 1333 1595 1359 et
1608 1338 1757 1359 numerum
1773 1333 1800 1358 et
1814 1329 1939 1358 ordinem
1950 1337 2032 1366 quae-

1183 1378 1305 1406 stionum
1322 1378 1442 1411 illarum,
1457 1377 1483 1405 in
1499 1385 1619 1414 quarum
1635 1376 1711 1405 nulla
1725 1376 1779 1405 tale
1793 1375 1898 1413 aliquid
1909 1376 2031 1404 contine-

1184 1428 1239 1453 tur.
1256 1426 1349 1461 'l‘urpe
1362 1427 1406 1453 est
1419 1427 1512 1453 autem
1527 1425 1626 1453 Sancto
1647 1424 1747 1452 falsum
1768 1423 1912 1460 imponere
1932 1426 1960 1451 et
1980 1430 2031 1459 pro

2059 307 2114 328 Saluti

2066 332 2112 352 tertii

2043 774 2107 794 Aliter.

2122 1059 2124 1101 1

2044 1149 2109 1168 Ultima
2127 1155 2133 1171 ε

2045 1173 2082 1192 ctio
2089 1173 2120 1192 soli
2128 1179 2133 1193 1

2122 1196 2124 1233 l

1182 1472 1340 1501 defensione
1356 1471 1489 1500 mendacii
1501 1471 1527 1499 in
1539 1470 1706 1508 apocryphis
1717 1470 1839 1508 gloriari,
1851 1477 2031 1507 quamquam,
2069 1502 2071 1505 ι

1182 1519 1204 1548 51
1221 1522 1334 1548 sanctus
1349 1518 1519 1555 Augustinus
1534 1518 1644 1554 penitus
1656 1518 1666 1534 ⁹
1681 1518 1733 1546 hoc
1749 1517 1887 1551 sensisset,
1899 1516 1973 1553 quod
1983 1516 2032 1544 ab-

1184 1566 1228 1600 sit,
1240 1566 1303 1603 plus
1314 1569 1437 1594 staretur
1452 1565 1603 1594 sententiae
1617 1565 1741 1593 omnium
1757 1564 1876 1592 aliorum
1887 1563 2032 1593 doctorum

1182 1613 1353 1642 Graecorum
1369 1616 1396 1641 et
1412 1612 1571 1641 Latinorum
1587 1619 1671 1649 quam
1686 1619 1736 1640 suo
1751 1611 1843 1640 sensui
1857 1610 2031 1645 adversanti;

1182 1661 1256 1690 sicut
1276 1661 1375 1695 etiam,
1397 1660 1533 1689 sententia
1554 1667 1605 1688 sna
1625 1659 1738 1688 dimissa
1758 1658 1792 1687 de
1811 1657 1892 1687 altari
1914 1657 2032 1694 thymia-

1183 1707 1280 1742 matis,
1308 1714 1380 1744 quae
1408 1706 1528 1735 habetur
1553 1705 1639 1734 Exodi
1661 1705 1802 1742 trigesimo
1818 1705 1842 1722 1⁰
1866 1705 1894 1733 in
1922 1704 2031 1739 Glossa,

1181 1755 1303 1784 aliorum
1325 1754 1477 1783 sententiae
1497 1753 1630 1782 adhaeret
1651 1753 1769 1782 Ecclesia
1792 1760 1912 1790 ponens,
1939 1752 2032 1788 ipsum

1182 1802 1269 1830 fuisse
1288 1805 1372 1830 extra
1393 1804 1488 1830 sancta
1507 1803 1686 1835 sanctorum3
1715 1800 1787 1829 sicut
1814 1799 1895 1829 etiam
1923 1799 1951 1828 in
1980 1799 2033 1828 hoc

1185 1970 1260 1992 cimus
1272 1969 1308 1998 n),
1326 1975 1401 1997 neque
1424 1967 1534 1996 longioris
1555 1967 1680 1989 sententiae
1701 1965 1893 1994 compendiosam
1910 1965 2035 1993 expressio-

1186 2015 1238 2031 nem
1257 2008 1387 2036 significare
1404 2008 1508 2034 ridetur,
1525 2007 1564 2029 sed
1578 2006 1716 2029 locutionem
1729 2006 1867 2034 generaliter
1879 2005 1976 2033 dictam,
1986 2011 2033 2027 non

1186 2047 1263 2070 habita
1282 2047 1371 2069 ratione
1389 2047 1418 2069 ad
1436 2046 1504 2068 11111115
1521 2046 1557 2067 vel
1576 2045 1635 2067 illius
1651 2045 1791 2073 singularem
1810 2044 1975 2067 conditionem.

1250 2086 1258 2099 ⁷
1278 2087 1354 2108 Alattli.
1372 2086 1399 2112 3,
1418 2086 1454 2107 to.
1472 2088 1494 2107 et
1512 2085 1555 2111 112;
1573 2086 1626 2107 Luc.
1645 2084 1670 2111 3,
1689 2084 1725 2106 17.
1743 2083 1789 2106 Csr.
1805 2089 1874 2111 supra
1893 2083 1978 2110 Opusc.
1995 2083 2033 2105 XI.

1188 2126 1300 2154 Apologia
1318 2131 1461 2153 pauperum,
1479 2130 1499 2146 (κ
1523 2124 1556 2145 to.
1575 2130 1596 2145 n.
1613 2123 1634 2145 7.
1653 2126 1674 2145 et
1694 2123 1780 2150 Opusc.
1806 2123 1856 2144 XV.
1883 2122 1981 2150 Epistola
2004 2122 2033 2144 de

1188 2165 1296 2187 sandaliis
1314 2164 1476 2192 Apostolorum
1495 2166 1535 2185 etr.
1555 2169 1576 2185 n.
1590 2163 1631 2189 13,
1643 2162 1682 2185 ubi
1695 2162 1825 2184 secundum
1837 2162 1929 2184 Glossas
1941 2167 1968 2183 ex
1980 2162 2034 2183 San-

1187 2204 1229 2226 ctis
1246 2206 1334 2226 sumtas
1352 2203 1462 2230 mysticae
1479 2202 1547 2224 11111115
1564 2201 1631 2223 verbi
1648 2201 1809 2229 explicationes
1823 2202 1993 2228 proponuntur.
2006 2212 2033 2215 —

1190 2243 1285 2265 {userius
1303 2248 1344 2270 pro
1360 2241 1434 2264 series
1450 2242 1466 2263 F
1483 2240 1550 2264 serie.

1251 2280 1261 2293 ⁸
1277 2282 1327 2303 Act.
1346 2281 1366 2307 ⁷1,
1389 2281 1406 2302 t.
1427 2280 1458 2302 De
1476 2281 1519 2302 hoc
1536 2283 1685 2307 argumento,
1702 2279 1726 2300 in
1743 2284 1791 2307 quo
1814 2278 1937 2306 respicitur
1958 2278 2034 2300 Matth.

1188 2327 1206 2343 c.
1224 2321 1247 2342 3.
1265 2320 1313 2349 (ubi
1332 2320 1361 2342 de
1379 2320 1468 2341 loannis
1484 2319 1560 2341 dioto:
1580 2318 1652 2341 Cuius
1678 2323 1726 2340 non
1751 2323 1805 2340 sum
1827 2316 1914 2346 diffluas
1931 2321 1986 2345 ete,
2008 2322 2035 2339 ae

1188 2359 1277 2381 Christo
1296 2359 1419 2386 baptizato)
1433 2361 1455 2379 et
1467 2364 1485 2380 e.
1504 2357 1525 2380 4.
1544 2356 1593 2385 (ubi
1611 2357 1640 2379 sle
1657 2356 1739 2379 Christi
1760 2355 1845 2378 ieiunio
1865 2356 1887 2377 in
1905 2355 1996 2378 deserto
2012 2358 2035 2378 et

1188 2398 1318 2426 inceptione
1336 2397 1513 2425 praedicationis
1529 2396 1623 2425 ipsius),
1640 2397 1681 2418 cfr.
1701 2401 1771 2424 supra
1788 2395 1874 2423 Opusc.
1892 2394 1942 2417 XV.
1964 2394 2035 2422 Epist.

1188 2438 1218 2460 de
1236 2437 1345 2459 sandaliis
1363 2436 1524 2464 Apostolorum
1542 2439 1585 2458 etc.
1601 2442 1626 2457 n.
1644 2435 1679 2457 14.
1696 2441 1744 2463 seq.
1763 2435 1806 2457 Pro
1821 2433 1971 2463 lriyesimum
1983 2434 2035 2456 Vat.

1188 2476 1337 2506 triae-simum
1355 2476 1452 2499 terrim»,
1470 2476 1557 2504 (contra
1574 2475 1707 2502 opinionem
1721 2474 1888 2502 communem).
1901 2473 1949 2495 Hoc
1958 2473 2033 2495 solum

1189 2519 1365 2544 argumentum,
1385 2518 1408 2537 ut
1426 2515 1470 2536 iarn
1488 2520 1558 2542 supra
1575 2520 1629 2542 pag.
1648 2514 1705 2540 403,
1723 2516 1775 2535 nota
1802 2513 1823 2534 8.
1849 2512 1960 2539 diximus,
1984 2512 2034 2534 Vnt.

1185 2562 1214 2578 ex
1232 2556 1259 2577 iis
1276 2561 1337 2584 quae
1355 2555 1400 2577 fide
1416 2554 1486 2576 codd.
1504 2553 1676 2581 supplevimus,
1694 2552 1800 2580 exhibet;
1817 2552 1894 2579 ipsum
1907 2554 1999 2578 tamen,
2011 2554 2033 2573 ut

1188 2597 1250 2623 patet
1269 2594 1409 2622 inspicienti,
1427 2594 1512 2616 nullam
1530 2592 1599 2615 habet
1615 2592 1779 2614 connexionem
1797 2597 1850 2613 eum
1867 2591 1895 2613 iis
1920 2596 1981 2619 quae
2003 2589 2033 2612 ibi

1189 2635 1222 2663 (11.
1242 2634 1278 2656 18.
1296 2634 1355 2655 circa
1373 2633 1442 2655 finem
1460 2635 1513 2660 post
1534 2631 1606 2654 verba
1631 2630 1733 2653 adierint
1757 2629 1929 2653 remotissimas
1952 2630 2034 2658 partes

1187 2673 1283 2700 mama)
1302 2675 1431 2701 ponuntur,
1449 2671 1489 2694 ubi
1507 2672 1557 2694 Vat.
1574 2671 1628 2693 illud
1646 2671 1717 2698 ponit.

1252 2712 1262 2725 ⁹
1280 2713 1354 2735 Codd.
1371 2712 1415 2734 AB
1433 2712 1541 2734 omittunt
1554 2709 1656 2740 penitus.

1252 2751 1271 2766 ¹⁰
1289 2752 1354 2773 Vers.
1369 2751 1409 2778 35,
1425 2750 1464 2772 ubi
1477 2750 1554 2772 Glossn
1569 2748 1693 2771 ordinaria
1707 2748 1742 2777 (ex
1754 2748 1863 2775 August„
1876 2747 1919 2775 Qq.
1931 2747 1953 2768 in
1966 2745 2034 2768 Exod.

1189 2796 1212 2818 q.
1227 2790 1301 2818 136.);
1322 2798 1332 2809 α
1343 2790 1391 2811 Non
1403 2788 1516 2811 debemus
1528 2788 1614 2816 putari,
1628 2790 1770 2815 unguentum
1784 2786 1844 2813 fieri,
1856 2785 1896 2808 sed
1909 2785 2034 2813 thymiama

1190 2830 1227 2851 vel
1245 2829 1378 2855 incensum,
1396 2828 1459 2856 quod
1478 2827 1601 2855 apponitur
1618 2827 1647 2848 illi
1664 2826 1728 2848 altari
1744 2825 1843 2852 incensi,
1865 2824 1903 2847 ubi
1920 2830 1968 2846 non
1985 2824 2035 2846 lice-

1191 2868 1231 2890 bat
1246 2868 1386 2894 sacrifieari,
1412 2870 1434 2889 et
1451 2870 1499 2888 erat
1516 2866 1572 2888 intra
1590 2867 1674 2889 sancta.
1690 2866 1830 2888 sanctorum
1842 2872 1864 2886 n.
1881 2864 1939 2885 Petr.
1957 2862 2036 2885 Come-

1191 2910 1251 2933 stor,
1268 2907 1352 2929 Hister.
1369 2906 1503 2928 scholastica
1521 2905 1571 2927 libr.
1588 2904 1671 2932 Exodi,
1683 2910 1701 2926 c.
1715 2904 1744 2925 67
1755 2912 1760 2925 x
1772 2902 1891 2929 Ceterum,
1903 2904 1980 2924 utrum
1993 2902 2036 2923 110(-

1191 2947 1261 2968 altarc
1278 2948 1338 2968 esset
1356 2946 1413 2967 intra
1430 2946 1513 2967 sanctu
1530 2945 1667 2967 sanctoruni
1676 2962 1681 2971 ,
1695 2949 1722 2965 an
1736 2943 1757 2964 in
1769 2941 1907 2965 sanctuario
1920 2947 1973 2963 cum
1986 2946 2036 2962 can-

1192 2984 1286 3007 delabro
1303 2988 1323 3006 et
1342 2990 1434 3011 mensa,
1452 2983 1527 3005 Sancti
1544 2983 1653 3005 videntur
1670 2981 1783 3004 dubitare.
1795 2981 1840 3003 Nec
1857 2984 1889 3003 est
1906 2979 2034 3008 putandum

1192 3024 1214 3045 in
1233 3023 1331 3045 dubium
1350 3023 1453 3049 venisse,
1479 3022 1535 3050 quin
1560 3024 1620 3044 esset
1634 3021 1660 3043 in
1677 3019 1829 3047 sanctuario,
1847 3025 1900 3042 cum
1918 3018 2036 3040 Hebraeus
