2133 3317
533 226 730 255 OPUSCULUM
751 226 770 254 1.
792 226 962 255 SPECULUM
983 226 1191 255 DISCIPLINAE.
1214 227 1293 257 PARS
1314 227 1422 256 PRiMA.

106 305 146 330 vel
169 305 196 329 in
214 305 360 336 repositorio
388 312 432 330 suo
460 304 588 336 portetur,
607 311 651 329 nec
679 304 749 329 extra
777 304 950 335 repositorium

105 348 201 379 ipsum,
221 348 396 379 praeterquam
424 354 498 379 super
516 347 610 377 altare,
629 347 669 372 vel
697 347 722 372 in
741 347 790 372 alio
808 347 860 372 loco
883 354 951 372 mun-

104 390 205 415 dissimo
224 390 347 415 teneatur.
366 391 466 415 Missale
484 391 511 415 in
528 390 580 415 loco
599 390 736 421 reponatur
755 390 872 420 honesto,
892 390 917 415 et
930 390 951 415 si

103 441 281 465 nonnunquam
299 434 362 458 illud
380 433 451 458 extra
469 434 595 458 ecclesiam
617 434 656 458 vel
675 434 738 458 alias
757 441 830 465 quam
850 433 881 458 ad
894 433 950 458 Mis-

104 484 157 501 sam
177 477 255 502 teneri
274 476 416 508 contingat,
437 484 519 508 panno
538 477 621 508 aliquo
645 477 736 502 inundo
762 476 860 508 praeter
879 484 949 501 suam

6 525 90 550 mquoad
103 520 229 545 camisiam
241 519 249 532 ¹
268 520 420 545 involvatur.
433 534 467 537 ——
481 520 592 551 Denique
611 520 775 544 reverentiam
794 520 818 544 in
838 519 950 544 ministe-

103 563 140 588 rio
158 563 263 588 habitus
281 563 379 593 decens,
399 570 462 587 cura
475 563 618 587 munditiae
637 562 663 587 et
682 563 709 587 111
727 562 881 587 exsecutione
893 570 951 587 ma-

103 606 198 630 turitas
222 606 386 630 attestantur.
411 605 560 630 Reverentia
584 606 658 630 simul
682 605 708 630 et
732 606 829 630 cautela
852 605 950 630 mundi-

102 648 151 673 tiae
174 656 319 673 communes
346 649 461 679 corporis
481 650 558 673 vestes
577 648 710 680 prohibent
727 648 758 673 ab
777 648 859 673 altari.
880 648 904 673 Si
922 649 949 673 in

101 691 140 716 his
161 691 270 722 plurium
295 698 406 722 opponas
427 692 534 723 ineptias
548 691 565 721 ²,
591 691 667 716 habet
692 691 802 716 aemulos
828 691 948 722 plurimos

101 734 201 763 vitium,
221 735 362 759 rarissimos
381 734 519 766 disciplina.
541 734 597 759 Non
616 742 631 759 a
650 734 778 765 pluribus,
799 734 841 758 sed
860 734 891 758 ab
907 734 948 759 110-

100 777 251 802 nestioribus
270 777 349 802 forma
369 778 487 802 sumenda
506 778 553 802 est.

173 821 196 847 5.
216 821 255 845 Ad
274 821 319 846 1100
330 820 348 851 ³,
368 821 420 845 tam
440 821 570 845 celebrans
588 828 661 852 quam
680 820 798 845 minister
814 821 878 845 circa
897 820 948 845 offi-

73 872 78 876 ·
102 864 165 889 cium
185 871 257 888 suum
271 871 388 895 maguam
401 863 490 888 debent
503 863 664 894 diliyenticim
677 863 801 887 adhibere.
822 863 947 887 Sacerdos

84 906 199 938 'quidem
222 907 286 931 circa
312 907 491 937 praevisionem
516 905 673 930 dicendorum
699 905 724 929 et
745 905 897 936 agendorum
921 905 947 929 in

101 949 193 979 Missa,
211 957 242 974 ne
267 949 389 974 defectum
408 948 484 973 iaciat
511 949 536 973 in
561 948 681 977 dicendis,
710 948 755 972 aut
774 947 877 972 formam
904 955 947 973 sen

101 993 199 1018 modum
219 992 312 1017 ordinis
330 993 356 1017 in
375 992 520 1017 celebrando
539 991 703 1022 postponens,
727 990 876 1016 auctoritate
902 999 947 1016 sua

100 1036 199 1061 modum
218 1035 295 1060 alium
312 1035 463 1060 introducat.
483 1034 608 1060 Oblationi
627 1035 709 1059 calicis
728 1042 818 1065 aquam
837 1035 890 1066 ipse
909 1035 947 1059 in-

100 1078 201 1108 fundat,
220 1078 285 1110 quod
303 1086 318 1103 a
336 1078 405 1103 nullo
422 1078 470 1103 alio
489 1079 541 1103 sine
554 1078 633 1109 ipsius
651 1078 758 1103 iussione
769 1076 778 1089 ⁴
792 1078 831 1103 est
844 1085 947 1109 praesu-

100 1122 224 1147 mendum.
237 1121 317 1146 Debet
335 1122 410 1146 etiam
429 1122 493 1146 circa
511 1121 647 1146 custodiam
667 1121 803 1146 munditiae
821 1128 946 1145 manuum

100 1164 126 1189 et
133 1172 285 1196 pannorum
298 1172 351 1189 esse
363 1164 489 1189 intentus:
504 1171 640 1194 viminum,
653 1164 682 1188 ut
695 1171 736 1188 eas
749 1163 780 1188 ad
793 1163 946 1194 tangendum

99 1208 249 1237 communia,
268 1207 308 1232 vel
327 1215 426 1232 carnem
442 1207 545 1236 nudam,
560 1207 610 1231 sive
623 1207 648 1231 in
662 1206 722 1231 facie
736 1207 787 1231 sive
806 1206 878 1236 alibi,
896 1214 945 1231 non

99 1250 223 1282 apponat,
236 1251 284 1275 nisi
297 1258 339 1275 eas
357 1250 473 1276 continuo
486 1250 626 1276 lavaturus.
640 1250 794 1274 Pannorztm
807 1249 904 1281 autem,
917 1250 946 1274 ut

99 1301 227 1325 nunquam
240 1294 272 1318 ad
285 1293 430 1318 indumenta
449 1293 625 1322 sacerdotalia,
639 1293 743 1317 maxime
762 1292 793 1317 ad
812 1293 916 1317 infulam
927 1292 945 1322 ⁵,

100 1344 174 1362 nares
193 1337 312 1368 emungat
330 1337 369 1361 vel
388 1336 462 1361 aliter
481 1344 509 1361 ea
528 1343 624 1368 quoquo
642 1336 713 1361 modo
732 1335 856 1367 deturpet.

171 1379 196 1404 6.
225 1379 360 1404 DIiozistris
387 1386 445 1404 vero
476 1379 605 1411 diligentia
634 1379 706 1403 debet
736 1386 789 1403 esse
819 1380 884 1404 circa
917 1387 946 1404 ea

58 1442 72 1455 ,,
100 1430 162 1455 quae
186 1423 326 1448 necessaria
353 1422 413 1447 sunt
432 1422 580 1452 celebranti,
609 1422 634 1447 et
661 1422 725 1447 circa
753 1422 888 1447 munditiae
907 1430 946 1447 cu-

66 1464 71 1470 ”
100 1466 206 1492 stodiam
230 1474 260 1491 ac
286 1466 481 1491 conservationis
505 1473 622 1491 vasorum
650 1466 675 1490 et
704 1473 843 1497 pannorum
871 1466 946 1497 perti—

99 1510 212 1535 nentium
230 1509 262 1534 ad
280 1510 370 1534 altare.
397 1509 570 1534 Ministrorum
589 1509 641 1538 est,
660 1509 689 1533 ut
717 1509 858 1540 praeinduti
887 1509 945 1534 cele-

98 1552 231 1577 braturum
257 1559 313 1577 cum
340 1552 470 1583 diligentia
494 1551 645 1583 praeparent
676 1552 776 1583 eiusque
799 1552 945 1576 indumenta

99 1594 156 1626 post
180 1594 286 1620 officium
315 1595 408 1626 plicent
436 1595 461 1620 et
488 1602 550 1626 quae
576 1595 624 1626 ipsi
653 1601 750 1619 sacrum
779 1594 944 1620 ministerium

98 1638 241 1670 exsequenti
265 1637 359 1663 fuerint
378 1638 519 1669 opportuna
543 1638 605 1663 hora
630 1638 654 1663 et
672 1638 725 1663 1000
749 1638 865 1669 congruis
887 1637 945 1663 offe-

98 1680 164 1706 rant.
177 1695 213 1698 —
227 1680 361 1712 Nunquam
375 1681 406 1705 ad
419 1681 521 1705 Missam
541 1681 666 1712 privatam
684 1681 781 1712 legendi
800 1680 839 1705 vel
858 1681 945 1705 orandi

97 1723 182 1755 gratia
201 1724 252 1749 solo
265 1724 304 1749 vel
323 1724 421 1748 sedibus
434 1724 547 1749 totaliter
567 1731 592 1749 se
605 1724 768 1755 prosternant
786 1731 830 1748 1100
842 1724 945 1748 latitent

99 1767 156 1798 post
174 1767 297 1797 cortinas,
317 1767 360 1792 sed
380 1767 462 1798 palam
481 1774 564 1792 coram
583 1767 673 1796 altari,
700 1774 749 1792 non
768 1767 852 1791 tamen
877 1774 892 1791 a
910 1767 944 1791 la—

97 1810 150 1835 tere
169 1810 318 1835 celebrantis
336 1811 473 1840 assistant,
498 1818 586 1835 versus
611 1818 679 1840 eum,
698 1811 762 1835 cirea
787 1818 859 1841 quem
884 1810 945 1835 tunc

98 1853 184 1879 oculus
202 1853 275 1878 debet
293 1861 358 1883 esse,
377 1854 506 1884 aspectum
519 1854 590 1885 quasi
609 1854 724 1878 continue
743 1853 875 1882 directuri,
894 1861 944 1878 non

97 1896 182 1921 tamen
199 1897 226 1921 in
245 1896 330 1922 faciem
350 1897 415 1926 eius,
436 1897 540 1922 maxime
565 1897 623 1928 post
642 1897 749 1922 Canonis
767 1896 943 1928 inceptionem,

97 1939 238 1965 intendant.
258 1940 311 1965 Nec
329 1940 362 1969 ei,
382 1940 529 1971 praesertim
549 1947 563 1964 a
582 1940 653 1971 parte
672 1940 742 1971 libri,
761 1940 835 1964 nimis
856 1947 944 1971 appro-

99 1982 182 2015 pient,
200 1983 245 2008 aut
262 1982 398 2008 tuinultum
417 1983 524 2014 aliquem
543 1982 636 2008 faciant
648 1983 713 2008 circa
731 1983 821 2014 ipsum.
844 1982 944 2008 Summa

99 2026 189 2058 quietis
205 2026 378 2058 tranquillitas
396 2026 435 2051 est
454 2026 592 2051 necessaria
605 2025 749 2051 celebranti.
767 2025 835 2050 Vasa
848 2026 873 2050 et
886 2033 944 2057 pan-

97 2077 143 2095 nos
156 2069 246 2094 munde
260 2069 370 2094 tractent
388 2069 454 2100 apud
473 2076 514 2094 eos
526 2067 536 2081 ⁰
555 2069 580 2093 et
598 2069 708 2094 teneant.
727 2069 752 2094 Si
771 2076 870 2100 pannus
888 2069 945 2094 cali-

96 2113 132 2137 cis
150 2112 181 2137 ad
199 2112 293 2137 terram
312 2112 439 2142 ceciderit,
459 2112 529 2137 nullo
547 2112 632 2141 modo,
651 2112 785 2143 antequam
803 2112 871 2136 lotus
895 2111 944 2137 fue-

97 2155 145 2186 rit,
164 2155 255 2180 iterum
273 2155 343 2180 calici
367 2155 518 2186 apponatur.
544 2155 614 2179 Circa
633 2154 707 2179 finem
732 2155 822 2179 Missae
844 2155 943 2180 calicem

97 2198 214 2230 plicaturi
226 2197 243 2228 ⁷,
271 2199 352 2229 ipsum
380 2206 435 2223 cum
462 2206 527 2229 aqua
545 2198 602 2229 pest
625 2198 709 2223 vinum
733 2198 885 2227 recensiant,
913 2206 943 2223 ne

98 2249 195 2273 pannos
213 2241 308 2266 inficiat
326 2241 497 2266 adhaerentes.
517 2241 652 2272 Nunquam
666 2249 741 2272 super
759 2241 839 2266 altare
858 2241 943 2266 vinum

97 2284 123 2309 et
141 2292 230 2316 aquam
249 2284 281 2309 ad
300 2284 484 2309 mundationem
504 2284 543 2309 vel
562 2285 638 2314 alias,
659 2285 680 2309 si
702 2284 782 2309 vitare
801 2284 942 2315 potuerint,

97 2327 249 2353 ministrent.
275 2327 300 2352 Si
331 2327 415 2352 tamen
440 2327 471 2352 ob
500 2327 620 2352 incuriam
650 2327 784 2352 sacerdotis
815 2327 942 2358 oporteat,

98 2370 187 2395 subtus
205 2370 344 2402 ampullas,
364 2377 426 2402 quae
439 2370 524 2394 vinum
543 2370 569 2394 et
585 2377 674 2401 aquam
688 2370 827 2399 conttnent,
842 2377 942 2395 manum

1761 205 1763 208 ·
1798 229 1852 257 599

1008 305 1040 329 ad
1058 304 1213 330 retinendum
1238 306 1340 337 guttas,
1362 314 1392 331 110
1421 313 1496 337 super
1524 306 1613 331 altaris
1642 313 1738 338 pannos
1766 306 1852 331 cadere

1007 347 1118 378 possint,
1146 349 1288 379 apponant,
1311 356 1386 380 super
1414 356 1475 380 quos
1494 349 1568 374 etiam
1598 356 1693 380 pannos
1712 356 1756 374 nec
1783 349 1852 380 ipsae

1007 390 1067 415 sunt
1086 391 1240 421 reponendae
1258 391 1392 422 ampullae.

1078 433 1101 458 7.
1121 433 1160 458 Ad
1179 433 1225 458 hoc
1235 433 1252 463 ⁸,
1273 434 1345 459 debet
1357 435 1398 466 qui
1415 434 1543 460 ministrat
1561 435 1592 459 ad
1610 435 1712 460 Missam
1726 435 1851 466 superpel-

1006 476 1101 506 licium,
1125 477 1145 501 si
1173 477 1301 508 habuerit,
1330 484 1489 507 conservare,
1509 485 1539 502 ne
1567 485 1622 502 cum
1647 485 1674 503 eo
1693 478 1851 509 aliquatenus

1005 527 1079 544 nares
1101 520 1221 551 emungat
1245 520 1284 544 vel
1309 520 1410 545 sudores
1429 528 1443 545 a
1462 520 1522 546 facie
1541 521 1580 545 vel
1599 521 1662 546 alias
1683 521 1870 553 undecumque*

1005 562 1134 593 detergat,
1154 570 1197 587 1100
1216 563 1296 593 1115105
1315 564 1424 588 manicas
1444 564 1548 588 maxime
1567 564 1599 588 ad
1624 564 1751 595 pulverem
1777 571 1851 595 super

1005 605 1087 636 ligna,
1106 606 1202 636 lapides
1221 606 1261 630 vel
1279 613 1354 637 super
1378 606 1472 631 terram
1491 606 1606 638 exponat.
1633 607 1701 636 Quod
1727 607 1810 632 tamen
1830 607 1851 631 si

1005 655 1182 680 nonnunquam
1203 656 1247 680 1101
1269 649 1406 680 aliquorum
1436 650 1614 681 negligentiam
1634 650 1735 679 accidit,
1763 648 1852 674 cavere'

1005 691 1106 721 debent,
1126 699 1156 716 110
1175 692 1324 723 corporalia,
1345 692 1444 717 calicem
1458 692 1502 717 aut
1522 699 1618 723 pannos
1631 693 1682 717 eius
1702 700 1756 717 011111
1770 693 1849 724 ipsius

1005 735 1172 766 superpellicii
1191 735 1293 760 manicis
1306 735 1422 767 tangant.
1441 735 1477 760 De
1496 735 1552 760 aliis
1568 735 1733 765 indumentis,
1754 735 1850 767 quoties

1004 784 1033 802 ea
1052 777 1158 808 plicant,
1178 778 1282 803 sollicite
1301 778 1417 807 caveant,
1437 786 1467 803 ne
1492 786 1600 809 unquam
1621 779 1730 803 manicae
1756 778 1850 803 terram

1004 820 1126 852 tangant,
1147 821 1185 845 vel
1213 829 1289 852 nsque
1316 821 1348 846 ad
1376 822 1486 852 ipsorum
1506 822 1711 846 vestimentorum
1739 821 1850 846 fimbrias

1004 863 1148 888 descendere
1167 864 1361 895 permittantur,
1381 865 1423 889 sed
1437 865 1487 888 sive
1507 864 1604 889 tunicae
1617 865 1695 889 lineae
1715 865 1765 889 sive
1779 871 1851 895 quae-

1003 914 1106 937 cumque
1124 907 1174 931 alia
1197 907 1342 932 indumenta
1365 908 1504 938 plicantur,
1527 908 1636 932 manicae
1659 915 1755 938 semper
1777 908 1849 939 longe

1003 957 1018 974 a
1037 949 1142 974 fimbriis
1155 950 1314 975 collocentur.
1334 950 1431 974 Debent
1452 950 1542 974 iterum
1558 950 1666 975 ministri
1688 950 1777 975 altaris
1796 957 1850 981 pro-

1003 992 1060 1023 pter
1078 1000 1195 1017 vasorum
1214 993 1239 1017 et
1251 993 1369 1021 vestium.
1393 993 1422 1017 ut
1438 992 1530 1017 dictum
1549 993 1588 1017 est
1601 991 1619 1022 ⁰,
1638 993 1850 1018 conservationem

1003 1034 1146 1064 attendere,
1169 1043 1200 1060 ne
1223 1035 1336 1065 calicem,
1362 1036 1460 1066 quando
1485 1035 1623 1066 reponunt,
1650 1035 1735 1060 stricte
1755 1035 1848 1067 ligent,

1003 1078 1061 1108 quia
1079 1085 1152 1108 saepe
1172 1085 1215 1109 per
1234 1078 1280 1103 1100
1298 1078 1464 1103 deterioratur
1480 1086 1529 1103 non
1548 1078 1669 1103 modicum
1683 1078 1708 1103 et
1727 1078 1849 1109 paulatim

1003 1120 1118 1150 obrutus,
1139 1120 1329 1152 conquassatur.
1347 1121 1415 1146 Vasa
1428 1128 1523 1152 quoque
1539 1121 1628 1146 altaris
1644 1121 1669 1145 et
1688 1121 1805 1146 utensilia
1823 1121 1849 1145 111

1002 1163 1062 1188 locis
1082 1164 1133 1188 suis
1161 1164 1305 1195 diligenter,
1334 1164 1363 1189 ut
1390 1164 1518 1193 convenit,
1548 1165 1698 1195 praeparata
1717 1164 1847 1195 reponant.

1002 1206 1158 1232 Vestimenta
1183 1208 1258 1232 etiam
1286 1208 1378 1238 plicare
1403 1215 1452 1232 non
1479 1208 1609 1239 negligant
1628 1208 1653 1232 et
1680 1207 1781 1238 aptare,
1801 1208 1849 1232 nisi

1002 1257 1047 1281 pro
1066 1250 1149 1281 aliquo
1176 1250 1330 1276 celebraturo
1349 1258 1377 1275 ea
1396 1251 1451 1282 quis
1478 1251 1570 1275 dimitti
1598 1250 1735 1282 requireret
1749 1250 1777 1276 ¹⁰.
1803 1250 1849 1275 Sed

1002 1293 1061 1325 quid
1078 1293 1166 1318 horum
1192 1294 1391 1324 expressionibus
1416 1294 1554 1319 immoror?
1577 1294 1608 1319 In
1628 1294 1742 1319 omnibus
1766 1294 1847 1324 enim,

1002 1344 1064 1368 quae
1091 1337 1256 1362 ministerium
1285 1337 1330 1362 Dei
1352 1337 1514 1368 contingunt,
1541 1337 1642 1368 speciali
1660 1337 1777 1361 nimirum
1796 1337 1849 1361 (1111-

1001 1379 1087 1411 gentia
1106 1387 1167 1410 011115
1187 1380 1232 1405 est.
1262 1380 1286 1404 Si
1305 1380 1407 1411 agendis
1429 1379 1574 1404 ministeriis
1593 1380 1686 1404 terreni
1709 1380 1775 1411 regis
1794 1379 1847 1404 stu-

1002 1423 1166 1448 diosissimam
1185 1423 1296 1448 homines
1323 1430 1407 1448 curam
1427 1422 1584 1454 impendunt,
1604 1423 1738 1454 quantam,
1758 1423 1847 1454 putas,

1002 1466 1097 1491 aeterni
1115 1466 1189 1497 Regis
1203 1465 1347 1491 ministeriis
1366 1466 1576 1497 impendendam?

1073 1509 1096 1534 8.
1118 1509 1249 1540 Ceterum,
1270 1510 1290 1533 si
1309 1509 1418 1534 ministri
1445 1509 1535 1534 altaris
1553 1509 1680 1534 intendere
1698 1509 1788 1534 debent
1807 1510 1848 1534 Ῐιο-

1001 1552 1110 1583 nestati,
1131 1552 1210 1577 multo
1230 1552 1338 1583 amplius
1357 1552 1439 1577 tamen
1466 1560 1509 1583 per
1534 1559 1629 1577 0111110111
1652 1552 1750 1577 modum
1770 1560 1847 1577 sacer-

1000 1595 1082 1622 dotes.
1102 1596 1144 1627 qui
1163 1595 1296 1620 celebrant.
1316 1595 1453 1627 Postquam
1471 1596 1549 1627 igitur
1568 1596 1662 1620 fuerint
1680 1595 1791 1620 vestibus
1810 1603 1846 1620 sa-

1001 1639 1049 1663 cris
1068 1639 1160 1668 induti,
1190 1646 1244 1663 cum
1273 1646 1365 1670 magna
1392 1638 1482 1663 debent
1510 1638 1656 1663 maturitate
1684 1638 1794 1663 incedere
1822 1638 1847 1663 et

1001 1682 1143 1713 praecipue,
1163 1689 1218 1706 cum
1247 1681 1322 1706 altari
1340 1682 1476 1711 assistunt,
1506 1681 1659 1713 gravitatem
1676 1682 1702 1706 in
1727 1681 1796 1707 motu
1822 1681 1846 1706 et

1000 1725 1113 1756 gestibus
1135 1724 1254 1749 laudabili
1282 1724 1425 1749 curiositate
1444 1732 1557 1754 servare,
1585 1732 1711 1756 nunquam
1740 1725 1847 1756 genufle-

1001 1768 1069 1797 xuri,
1089 1767 1205 1799 quamdiu
1225 1768 1372 1792 sacerdotali
1390 1768 1475 1792 casula
1495 1768 1554 1792 sunt
1566 1767 1659 1797 induti,
1679 1768 1727 1792 nisi
1746 1768 1846 1793 tantum

1001 1810 1154 1842 temporibus
1173 1811 1204 1835 ab
1224 1810 1333 1835 Ecclesia
1352 1810 1485 1835 institutis.
1504 1810 1583 1842 Super
1602 1811 1682 1835 altare
1707 1818 1802 1842 quoque
1820 1819 1846 1836 se

1000 1861 1049 1879 non
1068 1853 1204 1884 appodient
1222 1853 1351 1878 inhoneste
1376 1861 1421 1878 nec
1439 1861 1527 1878 manus
1547 1861 1605 1878 suas
1624 1853 1671 1879 hac
1688 1854 1713 1878 et
1736 1854 1793 1879 illac
1811 1855 1846 1879 111-

1001 1897 1113 1922 ordinate
1132 1896 1262 1921 deducant.
1288 1896 1390 1926 Quando
1410 1904 1435 1921 se
1460 1896 1563 1921 vertunt
1581 1897 1612 1921 ad
1638 1897 1770 1928 populum,
1796 1905 1845 1922 non

1001 1940 1100 1971 erigant
1118 1940 1212 1969 oculos,
1232 1939 1261 1964 ut
1279 1939 1380 1964 videant
1391 1938 1409 1951 ¹¹
1431 1939 1586 1964 assistentes.

1071 1983 1096 2007 9.
1116 1983 1226 2014 Denique
1244 1983 1439 2013 circzmzspectos
1457 1983 1525 2008 decet
1536 1982 1556 1995 ¹⁵³
1574 1990 1614 2008 eos
1627 1991 1691 2014 esse,
1705 1983 1845 2015 specialiter

1001 2027 1065 2051 circa
1083 2026 1258 2057 corporalium
1277 2026 1470 2057 dispositionem
1489 2028 1514 2051 et
1528 2027 1684 2058 custodiam,
1704 2028 1768 2052 circa
1787 2027 1846 2052 cali-

1001 2070 1037 2094 cis
1055 2069 1261 2101 collocationem,
1274 2070 1338 2094 circa
1351 2069 1474 2095 dominici
1485 2071 1600 2101 corporis
1618 2071 1845 2102 consecrationem,

1000 2113 1137 2144 sauyztinis
1159 2113 1312 2137 sarritionem
1337 2113 1362 2137 et
1386 2113 1562 2138 mundationis
1586 2113 1750 2138 iizclustriam.
1776 2113 1846 2138 Circa

1000 2155 1161 2186 corporalia,
1180 2155 1209 2179 ut
1228 2155 1259 2179 ab
1278 2155 1340 2186 ipsis
1352 2153 1372 2167 ¹⁸
1392 2163 1467 2186 super
1485 2155 1565 2180 altare
1585 2156 1711 2187 replicatis
1724 2163 1801 2187 usque
1814 2156 1846 2181 ad

1000 2198 1149 2223 anteriorem
1168 2198 1247 2229 ipsius
1266 2198 1355 2223 altaris
1374 2205 1441 2223 oram
1462 2198 1495 2223 sit
1518 2199 1628 2230 spatium
1647 2199 1797 2230 competens,
1815 2207 1845 2224 ne

1001 2249 1075 2272 super
1095 2242 1179 2266 eadem
1198 2249 1287 2266 manus
1306 2249 1364 2267 suas
1382 2241 1427 2266 aut
1446 2242 1555 2267 manicas
1573 2242 1712 2267 indumenti
1735 2242 1845 2267 teneant.

1000 2299 1035 2303 —
1051 2284 1161 2310 Calicem
1174 2284 1232 2310 ante
1245 2285 1395 2310 oblationem
1414 2293 1488 2317 super
1507 2286 1645 2317 corporalia
1662 2293 1789 2317 nunquam
1802 2292 1846 2316 po·
1867 2288 1980 2331 (11τὲ8111103ῐί-

999 2327 1062 2352 nant
1073 2327 1101 2358 ¹⁴,
1122 2328 1186 2353 sicut
1205 2328 1262 2359 post
1287 2328 1436 2353 oblationem
1455 2328 1508 2353 fieri
1536 2329 1674 2360 consuevit,
1695 2328 1738 2353 sed
1763 2329 1844 2359 ipsum

999 2374 1076 2402 usque
1095 2371 1126 2395 ad
1145 2371 1277 2396 oblationis
1296 2371 1395 2402 tempus
1413 2371 1445 2395 ad
1463 2371 1628 2402 corporalium
1647 2371 1749 2396 teneant
1767 2371 1843 2396 latus.

160 2522 167 2536 ¹
187 2523 220 2545 Du
246 2522 337 2551 Gange,
361 2523 502 2545 Glossarium
523 2526 578 2545 etc.:
604 2522 720 2551 camisia,
746 2524 891 2546 involucrum
918 2530 944 2546 ex

98 2555 183 2584 quovis
199 2561 284 2582 panno.
300 2567 331 2570 —
349 2555 460 2582 Superius
478 2561 520 2582 pro
537 2560 711 2584 nonnunquam
728 2554 744 2577 C
756 2555 772 2577 D
783 2556 798 2577 E
816 2559 836 2577 et
850 2555 905 2577 edd.
923 2555 943 2582 11,

99 2586 113 2608 2
130 2585 238 2615 quondo,
255 2589 277 2608 et
294 2588 346 2614 post
362 2585 482 2609 ecclesiam
502 2586 517 2608 B
535 2589 555 2608 et
573 2586 609 2608 ed.
627 2587 640 2608 2
658 2586 746 2608 addunt
761 2586 862 2615 portari.

127 2647 131 2652 .
160 2616 169 2629 ²³
186 2617 259 2639 Codd.
275 2616 292 2639 C
302 2617 320 2639 D
330 2617 345 2639 E
363 2621 384 2639 ct
401 2617 455 2640 edd.
475 2617 496 2645 1,
510 2618 522 2639 2
531 2635 536 2644 ,
549 2618 635 2639 omisso
647 2617 671 2640 in
683 2617 729 2644 liis,
742 2618 831 2640 addunt
843 2617 866 2640 in
876 2623 945 2647 prue-

96 2653 183 2671 missis.

160 2678 169 2692 ⁸
186 2679 243 2702 Cod.
260 2679 279 2702 D
295 2679 332 2702 Ad
348 2679 412 2702 tinec.
430 2679 533 2702 Subinde
545 2686 587 2707 pro
600 2678 710 2702 adhihere
726 2679 743 2702 C
754 2680 771 2701 D
782 2680 796 2702 Ε
809 2679 901 2702 habere.
914 2680 945 2702 ln-

97 2710 167 2733 rei-'ius
179 2717 221 2739 pro
231 2710 404 2740 praevisionem
416 2711 454 2737 (ita
467 2711 544 2739 codd.)
563 2711 616 2733 edd.
638 2712 655 2738 1,
673 2712 686 2733 2
703 2710 875 2740 provisiomm,
894 2711 944 2733 vat.

96 2741 325 2770 pronuntiationem,
341 2748 401 2771 quae
413 2743 480 2764 etiam
494 2749 536 2770 pro
548 2741 688 2765 anctoritate
702 2748 746 2764 sua
760 2741 857 2764 mollum
868 2742 944 2764 ulium

97 2772 233 2796 introducat
249 2773 366 2795 substituit
382 2773 430 2796 {illa
446 2773 587 2796 auctoritate
604 2779 648 2795 sun
667 2772 810 2796 introducat.

158 2803 168 2816 ⁴
186 2804 258 2827 Codd.
275 2804 291 2827 C
303 2805 345 2826 DE
367 2808 389 2827 et
405 2805 457 2826 edd.
480 2806 501 2832 1,
525 2806 537 2826 2
561 2803 713 2832 conscicntia,
735 2810 748 2826 a
769 2804 854 2833 quibus
873 2804 942 2827 etiam

97 2834 192 2857 interius
209 2841 251 2863 pro
268 2837 373 2865 apponat
389 2835 534 2858 substituitur
550 2836 662 2865 exponat.

160 2865 169 2878 ⁵
187 2867 245 2895 llug.
263 2873 274 2889 a
293 2869 316 2889 S.
335 2867 404 2895 Vict,
422 2868 546 2895 Speculum
563 2867 593 2889 (le
611 2866 724 2894 mysteriis
746 2866 858 2888 Ecclesiae
876 2866 943 2889 (inter

98 2902 167 2925 opera
186 2897 267 2927 liugn),
290 2904 310 2920 c.
332 2899 358 2920 ὃς
380 2898 504 2921 «Casula...
529 2904 589 2927 quae
611 2898 654 2920 alio
680 2898 773 2920 nmn‘ne
795 2898 883 2926 plancta
907 2898 942 2920 vel

101 2928 168 2950 insula
193 2929 275 2951 «licitur
295 2938 316 2951 12.
344 2929 475 2952 Secundum
505 2930 553 2951 Vnt.
580 2932 657 2951 autem
682 2929 701 2951 in
728 2932 779 2951 nuta
804 2929 831 2951 ad
858 2929 943 2956 margi-

99 2964 152 2981 nem
174 2963 209 2982 cst
232 2968 242 2980 n
259 2961 327 2983 insula
353 2961 493 2983 tilainentum
520 2960 655 2988 sacci-dotis,
680 2960 743 2989 quod
770 2960 835 2982 uobis
861 2960 943 2982 dicitur

99 2990 199 3014 amictus
212 3000 234 3014 n.

160 3021 170 3034 ⁰
187 3023 227 3044 Ed.
245 3023 257 3044 2
275 3023 357 3045 omittit
374 3022 439 3052 apuli
455 3028 502 3045 eos.

1062 2522 1071 2536 ⁷
1089 2523 1221 2546 Secundum
1240 2523 1272 2546 Dii
1290 2522 1381 2551 Gange,
1396 2523 1536 2546 Glossarium
1552 2523 1684 2547 etc.:PI1'cu
1697 2524 1758 2546 idem
1772 2527 1805 2547 est
1817 2531 1843 2547 ac

1001 2555 1111 2583 plicatura
1130 2555 1165 2577 vel
1183 2555 1304 2581 involutio,
1321 2554 1441 2584 plicatura
1458 2555 1556 2577 sumitur
1572 2555 1640 2578 etiam
1656 2562 1698 2583 pro
1716 2556 1842 2578 involucro.

1001 2586 1051 2609 Vox
1067 2586 1184 2609 recensi're
1202 2586 1330 2608 secundum
1354 2586 1429 2614 ipsum
1448 2586 1570 2608 adhibetur
1593 2592 1634 2614 pro
1652 2587 1739 2614 lavare,
1760 2588 1843 2610 oluere.

1000 2617 1055 2640 Fide
1072 2617 1108 2640 ed.
1133 2618 1140 2639 i
1162 2617 1323 2640 substituimus
1345 2617 1477 2640 recensioni
1498 2624 1539 2645 pro
1561 2619 1704 2641 recenseant.
1728 2619 1770 2641 Pro
1789 2619 1844 2648 post

1002 2648 1082 2671 rinunz
1108 2649 1125 2670 A
1151 2652 1172 2671 et
1197 2649 1234 2671 etl.
1261 2649 1274 2670 2
1297 2650 1352 2678 post
1376 2648 1425 2671 vini
1448 2648 1606 2672 mutuationes
1632 2649 1682 2677 (ed.
1709 2650 1722 2671 2
1750 2649 1844 2673 mundi-

1001 2679 1109 2707 tionem)‚
1126 2686 1168 2708 pro
1185 2679 1246 2702 ultas
1263 2679 1299 2702 ed.
1317 2680 1331 2701 2
1348 2678 1425 2702 aliter.

1063 2710 1072 2723 ⁸
1090 2711 1145 2733 Coti.
1163 2711 1179 2733 C
1197 2714 1219 2733 et
1230 2711 1266 2733 ed.
1280 2711 1287 2732 1
1309 2710 1405 2738 Adhuc,
1423 2711 1442 2732 D
1453 2710 1490 2734 Ad
1505 2710 1570 2734 hacc.
1585 2711 1678 2733 inferius
1696 2718 1737 2740 pro
1753 2711 1775 2735 si
1788 2718 1844 2735 non-

1000 2748 1124 2772 nunquam
1142 2742 1186 2764 CD
1203 2745 1225 2764 et
1241 2742 1294 2764 edd.
1314 2743 1339 2768 11,
1357 2743 1370 2764 2
1388 2741 1442 2771 quin
1460 2748 1640 2772 nounuuqunm.

1063 2772 1073 2785 ⁹
1089 2774 1156 2796 Num.
1174 2773 1194 2794 6.
1212 2785 1242 2789 -
1259 2773 1352 2795 litterius
1370 2779 1412 2801 111-0
1430 2772 1528 2796 obi-utus
1545 2774 1563 2795 Α
1580 2777 1602 2796 et
1618 2773 1656 2796 ed.
1673 2775 1686 2796 2
1703 2775 1797 2803 ruptiis.

1064 2803 1083 2816 ¹⁰
1101 2805 1154 2826 Fide
1171 2803 1215 2826 CD
1232 2806 1254 2826 et
1270 2804 1307 2827 ed.
1324 2805 1337 2826 2
1355 2804 1515 2827 substituimus
1531 2804 1663 2834 requireret
1673 2811 1716 2833 pro
1729 2805 1842 2835 requirat.

1000 2835 1095 2858 interius
1108 2835 1125 2858 C
1136 2836 1153 2857 D
1170 2838 1192 2857 et
1204 2835 1257 2858 cdd.
1273 2836 1293 2862 l,
1311 2836 1324 2857 2
1340 2836 1446 2858 omittunt
1463 2835 1559 2858 ἵει-111111.

1063 2866 1081 2879 ¹¹
1099 2866 1154 2889 Corl.
1173 2868 1189 2889 Α
1208 2870 1229 2888 et
1246 2867 1282 2889 cd.
1300 2867 1312 2888 2
1330 2866 1463 2896 respiciunt.

1062 2896 1081 2910 ¹²
1099 2898 1140 2920 Eil.
1157 2899 1170 2920 2
1185 2897 1320 2927 plin-imma
1332 2897 1437 2927 camilli,
1455 2904 1515 2926 quae
1532 2898 1600 2920 etiam
1613 2898 1706 2921 inseritis
1718 2905 1760 2927 pro
1773 2899 1843 2922 collo-

999 2929 1114 2952 cationem
1132 2935 1184 2951 cuni
1204 2930 1219 2951 B
1235 2928 1352 2951 substituit
1368 2928 1516 2952 oblationem.

1063 2960 1081 2973 ¹³
1100 2961 1150 2983 Vat.
1169 2967 1221 2983 cum
1239 2960 1276 2982 cil.
1295 2961 1301 2982 i
1324 2961 1351 2983 ut
1367 2960 1430 2990 ipsis.
1448 2961 1543 2983 lutei-ius
1555 2967 1597 2988 pro
1609 2967 1682 2990 super
1699 2961 1779 2984 mutem
1796 2961 1812 2985 C
1823 2962 1841 2985 D

999 2994 1021 3014 et
1038 2992 1091 3014 cdd.
1113 2992 1130 3018 1,
1148 2992 1161 3013 2
1178 2997 1249 3020 supet·
1267 2991 1326 3020 ipsa.

1062 3022 1081 3035 ¹⁴
1098 3023 1170 3045 Codri.
1188 3023 1204 3045 C
1215 3023 1258 3045 DE
1275 3026 1296 3045 ct
1313 3023 1367 3045 edd.
1388 3023 1405 3051 1,
1424 3024 1437 3046 2
1454 3028 1502 3046 11011
1518 3025 1668 3053 componunt.

1866 438 1996 457 continuatur.

1861 1514 1888 1533 De
1895 1515 1992 1534 honestate

1864 1540 1925 1561 quoad
1945 1539 1994 1557 cele-

1864 1562 1956 1580 111-11111001.

1862 1987 1890 2006 De
1903 1987 1983 2014 circum·

1874 2013 1972 2034 spectione

1866 2035 1973 2058 multiplici.

1860 2116 1914 2135 Circa
1927 2122 1992 2141 corpo·

1897 2140 1951 2159 ralia.
