2133 3317
5 985 92 1020 nimiu.

16 1139 92 1159 Salutio.

0 1419 90 1441 nundum.

0 1725 7 1742 t
24 1722 90 1750 triplex

0 1798 63 1818 prima.

2 1980 79 1999 ”wuda
82 1993 86 1999 .

0 2353 15 2372 Ιο
25 2353 85 2372 tertia.

552 213 748 243 OPUSCULUM
769 214 832 243 V111.
855 215 897 243 DE
919 215 981 244 SEX
1001 215 1071 244 ALlS
1092 215 1259 244 SERAPfflM.
1282 215 1349 244 CAP.
1373 216 1412 244 ΙΙΙ.

112 291 233 321 secundo
254 291 358 328 Regum
378 291 485 320 decimo
505 294 606 328 quarto
618 292 646 318 ¹:
667 290 709 319 Ne
728 291 844 328 penitus
856 296 957 329 pereat

112 337 164 376 qui
183 337 312 366 abiectus
332 341 380 366 est.
402 354 440 358 —-
460 337 600 371 Secundo,
622 341 736 374 propter
761 338 956 366 restauratio-

112 392 175 412 nem
195 384 335 412 sanitatis
355 387 380 412 ec
400 384 527 418 virium,
549 392 619 420 quas
640 384 668 412 in
690 384 850 413 infirmitate
864 384 955 421 perdi-

111 430 220 460 derunt.
242 430 310 458 Cum
326 430 399 459 enim
414 438 498 459 sanus
513 433 540 458 et
554 430 633 459 fortis
653 430 742 459 solum
761 430 881 467 indigeat
895 438 956 459 sus-

111 480 294 511 tentamentO,
316 480 348 506 ut
369 477 443 514 quod
464 477 547 506 habet
568 481 730 510 conservet;
752 485 834 514 aeger
854 481 881 506 et
908 477 955 506 de-

110 524 173 553 bilis
193 523 295 560 indiget
315 523 418 560 duplici
441 523 603 558 refectione,
629 532 664 553 ne
684 527 779 561 pereat
803 527 830 553 et
858 524 956 561 perdat

111 570 185 607 quod
205 570 296 598 adhuc
318 570 415 604 habet,
437 573 463 599 et
485 574 596 607 reparet
626 570 700 608 quod
731 570 837 604 amisit3
866 571 955 599 Lucae

110 617 216 646 decimo
237 625 309 645 nono
324 617 353 644 2:
376 616 420 645 Ab
441 626 472 645 eo
493 617 545 655 qui
566 626 622 646 non
644 616 742 651 habet,
768 617 855 645 eliam
877 617 955 655 quod

111 664 226 693 videtur
247 662 352 692 habere
379 663 542 700 auferetur.
564 681 602 685 —
623 664 731 698 Tertio,
754 667 867 701 propter
888 672 954 692 con-

110 710 262 739 solationis
284 710 461 744 relevamen,
487 711 567 747 quia,
598 718 661 739 cum
693 711 732 739 sic
764 710 954 747 multipliciter

110 757 285 794 affligantur,
307 757 435 786 solatium
459 760 500 786 est
521 757 576 792 eis,
597 765 660 786 cum
683 757 791 791 vident,
812 757 880 786 alios
901 756 951 785 sibi

110 804 227 841 compati
250 807 277 833 et
298 804 332 832 ad
353 804 536 840 reparationis
557 812 624 833 suae
638 804 761 832 studium
776 803 893 832 fideliter
909 812 954 832 co-

109 851 235 888 operari3
257 851 340 888 primi
366 851 469 887 Regum
500 851 632 887 vigesimo
664 850 786 879 terti03:
810 849 956 879 Benedicti

110 906 159 927 vos
180 906 199 926 a
223 898 362 931 Domino,
383 898 455 935 quia
476 897 611 926 doluistis
632 897 721 925 vicem
742 905 846 925 meam.

189 945 214 973 6.
237 944 288 973 Sed
309 944 410 973 dicunt
431 944 543 982 aliqui:
566 944 618 972 illis
638 943 776 972 debilibus
793 943 874 980 digne
889 943 954 972 sub-

110 991 237 1025 venitur,
258 991 292 1020 de
313 991 416 1028 quibus
437 994 477 1028 est
499 999 561 1027 spes
582 990 834 1024 convalescentiae3
857 991 883 1019 in
900 991 954 1019 illis

109 1046 191 1072 vero,
211 1038 246 1067 de
266 1038 370 1075 quibus
390 1046 445 1066 non
467 1037 672 1074 praesumitur,
704 1037 778 1074 quod
805 1037 953 1074 aliquando

109 1085 316 1119 convalescant,
348 1085 483 1113 inutiliter
514 1088 718 1113 consumuntur
747 1092 894 1121 expensae.
915 1102 954 1105 —

109 1132 162 1160 Hoc
184 1134 259 1160 recte
278 1131 435 1165 diceretur,
456 1132 477 1160 si
500 1140 553 1160 non
576 1135 689 1168 propter
721 1131 852 1160 meritum
883 1132 953 1160 cari-

108 1178 187 1212 tatis,
208 1178 255 1206 sed
277 1181 390 1214 propter
418 1177 631 1207 retributionem
662 1178 799 1206 humanae
827 1178 954 1207 utilitatis

107 1225 220 1253 deberet
251 1224 368 1253 infirmis
399 1225 589 1253 misericordia
619 1225 756 1254 exbiberi.
786 1225 838 1261 Qui
859 1227 951 1253 autem

108 1275 221 1308 propter
242 1272 295 1300 lioc
315 1271 426 1300 infirmo
447 1272 593 1305 subvenit,
615 1275 662 1306 ut,
684 1280 747 1301 cum
767 1276 879 1301 sanatus
894 1273 953 1301 fue-

107 1319 160 1353 rit,
181 1319 354 1348 benefactum
377 1319 444 1347 illud
467 1319 612 1348 serviendo
627 1319 779 1353 retribuat,
795 1320 894 1348 merito
908 1327 952 1348 ca-

108 1365 197 1394 ritatis
218 1373 246 1394 se
268 1365 367 1402 privat.
390 1365 438 1394 Ubi
461 1366 533 1394 enim
549 1366 636 1394 maior
651 1365 778 1400 miseria,
800 1366 835 1394 ibi
852 1366 952 1395 clarior

106 1412 298 1441 misericordia
328 1415 443 1449 apparet
470 1416 497 1441 et
525 1413 622 1449 purior
643 1413 752 1442 caritas.
775 1430 813 1434 —
835 1413 952 1450 Expedit

106 1467 188 1496 ergo,
210 1459 364 1496 praelatum
386 1459 552 1496 quandoque
573 1459 697 1496 experiri
718 1459 893 1489 infirmitates
907 1468 952 1489 ce-

107 1510 248 1540 terorum,
271 1509 303 1534 ut
323 1505 410 1534 discat
431 1505 566 1542 compati;
588 1505 622 1534 ad
643 1506 781 1535 Hebraeos
808 1508 950 1543 quarto4:

106 1552 172 1581 Non
193 1551 332 1581 habemus
353 1552 540 1590 Pontificem,
562 1553 615 1590 qui
633 1561 691 1581 non
709 1553 804 1590 possit
824 1553 953 1590 compati

106 1598 331 1636 infirmitatibus
351 1599 461 1627 nostris
481 1601 532 1628 etc.

185 1647 210 1674 7.
233 1646 409 1674 lufirmorum
440 1650 532 1674 mente
562 1646 644 1675 etiam
667 1649 732 1675 sunt
753 1646 807 1674 tria
827 1654 949 1683 genera:

104 1692 203 1729 primi,
224 1692 272 1730 qui
293 1700 329 1721 ex
350 1692 502 1721 devotionis
522 1692 631 1721 defectu
653 1693 696 1721 vel
717 1693 875 1722 tentationis
900 1694 951 1722 im-

106 1739 189 1776 pulsu
210 1739 290 1776 proni
311 1743 377 1768 sunt
397 1739 431 1768 ad
452 1739 579 1768 scandala
600 1743 627 1769 et
654 1743 781 1777 peccata,
813 1748 849 1769 ex
878 1740 949 1769 facili

104 1787 247 1816 occasione
267 1787 426 1815 vacillantes
447 1790 474 1815 et
494 1786 528 1815 ad
547 1787 655 1823 lapsum
670 1787 822 1823 proclives3
845 1787 950 1824 primae

103 1833 138 1862 ad
158 1833 315 1862 Corinthios
336 1833 525 1862 undecimo-⁶³:
547 1834 626 1862 Inter
655 1842 704 1862 vos
731 1834 817 1862 inulti
837 1834 951 1871 infirmi

104 1883 130 1908 et
150 1879 302 1908 imbecilles¹
323 1883 374 1909 etc..

182 1927 315 1961 Secundi,
337 1927 398 1964 qui,
417 1927 480 1956 licet
500 1928 587 1956 bonae
609 1927 759 1956 voluntatis
780 1927 834 1956 sint
855 1931 882 1957 et
902 1928 950 1957 de-

104 1974 175 2008 voti,
197 1976 305 2008 tamen,
326 1982 362 2003 ex
384 1974 436 2003 levi
459 1974 633 2011 correptione
664 1975 707 2003 vel
738 1974 873 2003 invectiva
900 1975 948 2004 ob-

103 2021 259 2058 iurgatione
293 2021 381 2050 effecti
417 2021 620 2058 pusillanimes,
651 2024 700 2050 aut
730 2021 889 2050 coincidunt
921 2022 948 2050 in

103 2067 241 2104 quandam
262 2067 460 2104 desperationis
480 2067 675 2102 diffidentiam,
697 2070 746 2096 aut
760 2071 949 2105 prorumpunt

102 2113 131 2142 in
150 2122 262 2151 gravem
285 2114 476 2143 commotionis
497 2114 716 2151 impatientiani;
738 2115 812 2144 unde
827 2118 948 2152 postmo-

102 2159 168 2189 dum
189 2160 291 2195 dolent,
313 2163 340 2190 et
360 2161 443 2190 ceteri
462 2161 628 2198 quandoque
649 2161 819 2196 turbantur;
841 2162 875 2190 ad
897 2162 948 2190 Ro-

102 2214 198 2236 manos
218 2207 324 2236 decimo
344 2208 482 2245 quint0⁶:
506 2208 646 2236 Debemus
666 2217 719 2237 nos
732 2208 878 2246 firmiores
893 2209 947 2237 im-

103 2253 266 2283 becillitates
286 2254 478 2291 infirmorum
497 2255 649 2284 sustinere.

181 2301 265 2330 Tertii
286 2305 352 2330 sunt
372 2309 469 2330 omnes
490 2302 656 2339 generaliter
671 2302 840 2339 imperfecti,
855 2302 903 2340 qui
919 2302 946 2331 in

101 2347 218 2377 diversis
240 2347 376 2377 virtutum
391 2348 489 2377 studiis
503 2356 585 2385 saepe
599 2348 728 2377 vacillant
742 2351 770 2378 et
784 2349 868 2378 variis
885 2357 947 2386 pas-

1805 216 1856 245 137

1013 292 1121 321 sionum
1143 293 1268 322 febribus
1288 293 1411 322 sentiunt
1432 301 1461 322 se
1488 293 1644 328 interdum,
1676 294 1758 323 etiam
1781 294 1855 323 relu-

1012 342 1133 373 ctantes,
1155 340 1275 376 pulsari,
1298 340 1378 369 modo
1399 340 1540 375 elationis,
1565 341 1646 369 modo
1674 341 1745 375 irae,
1774 341 1856 370 modo

1012 385 1145 420 accidiae,
1167 386 1300 420 invidiae,
1322 387 1576 424 concupiscentiae,
1597 388 1678 424 gulae
1696 391 1723 417 et
1737 388 1855 417 aliorum

1012 431 1159 465 vitiorum,
1181 436 1236 461 tam
1259 433 1411 462 carnalium
1443 442 1526 470 quam
1558 434 1761 471 spiritualium3
1784 435 1856 463 Psal-

1012 485 1074 506 mus
1088 478 1116 505 ⁷:
1139 478 1274 507 Miserere
1294 480 1366 514 inei,
1390 481 1526 515 Domine,
1554 481 1694 519 quoniam
1716 481 1855 518 infirmus

1011 532 1078 552 sum
1099 528 1151 553 etc.

1090 571 1116 598 8.
1139 571 1266 600 Remedia
1287 572 1330 601 liis
1351 573 1559 603 infirmitatibus
1589 574 1744 604 adhibenda
1770 578 1854 604 sunt:

1012 619 1043 645 ut
1063 616 1260 646 subtrahatur
1280 619 1320 646 eis
1348 620 1462 648 occasio
1489 621 1626 650 scandali
1632 644 1641 655 ‚
1662 622 1854 658 opportunitas

1012 663 1156 699 peccandi,
1178 672 1212 692 ne
1234 664 1342 693 videant
1370 666 1443 694 unde
1464 667 1641 696 infirmentur
1662 668 1704 696 vel
1733 669 1854 703 audiant,

1012 713 1038 738 et
1059 718 1093 738 ne
1114 718 1194 747 saepe
1216 711 1413 747 permittantur
1434 716 1515 741 extra
1539 714 1652 743 domum
1674 715 1783 752 vagari,
1805 716 1855 745 Ge-

1012 756 1084 785 nesis
1107 756 1246 793 trigesimo
1261 762 1361 794 quarto
1372 759 1402 793 8;
1418 759 1487 788 Dina
1501 761 1589 795 enim,
1608 769 1718 798 egressa
1732 762 1854 797 domum,

1012 806 1144 840 corrupta
1158 807 1206 832 est.
1219 819 1255 824 —
1268 805 1300 833 Et
1310 813 1360 841 per
1371 805 1584 835 eoeltortationes
1595 808 1714 836 crebras
1727 810 1854 846 exemplo

1008 849 1167 887 pacienciae
1188 850 1402 888 confortentur,
1424 856 1450 881 et
1471 861 1487 881 a
1507 853 1585 882 duris
1606 855 1854 892 increpationibus,

1011 897 1097 926 donec
1118 898 1309 926 convalescant
1339 898 1372 927 de
1404 899 1580 934 infirmitate,
1603 905 1733 937 parcatur
1761 903 1800 931 eis
1827 906 1854 932 et

1011 944 1071 972 aliis
1091 944 1216 978 offensis,
1248 945 1351 981 quibus
1382 946 1601 982 perturbentur3
1628 948 1661 976 ad
1682 948 1855 979 Colossenses

1012 990 1093 1018 tertio
1104 990 1133 1018 ⁰:
1156 991 1272 1024 Patres,
1294 991 1379 1020 nolite
1393 992 1434 1020 ad
1449 992 1676 1030 indignationem
1693 1004 1855 1031 provocare

1009 1036 1086 1073 filios
1107 1040 1233 1071 vestros,
1255 1042 1287 1066 ut
1307 1047 1365 1066 non
1377 1039 1485 1076 pusillo
1500 1040 1600 1068 aninzo
1614 1040 1697 1076 fiant.
1714 1042 1764 1078 Qui
1780 1043 1852 1071 enim

1010 1084 1129 1121 amplius
1149 1088 1303 1114 commovet
1323 1086 1389 1115 satis
1404 1094 1453 1123 per
1468 1094 1496 1115 se
1511 1091 1680 1116 commotum
1696 1089 1773 1125 quasi
1790 1098 1854 1126 pro-

1010 1134 1089 1159 vocat
1110 1134 1206 1160 contra
1227 1139 1256 1160 se
1277 1140 1372 1161 canem
1394 1133 1557 1168 latrantem,
1580 1138 1611 1163 ut
1632 1135 1756 1164 mordeat
1780 1143 1853 1165 eum.

1911 581 2001 600 Remedia

1871 604 1914 623 tria.
1924 605 1951 623 De
1964 605 2001 628 pri-

1872 633 1908 647 mo.

1873 815 1900 834 De
1911 814 1999 833 secundo.

1008 1195 1047 1198 —
1069 1178 1150 1212 Item,
1172 1182 1204 1207 ut
1231 1179 1432 1216 aequanimiter
1463 1189 1558 1209 mores
1578 1185 1603 1210 et
1625 1181 1853 1219 imperfectiones
1872 1187 1899 1207 De
1912 1188 1975 1207 tertio»

1008 1234 1109 1253 eorum
1129 1229 1358 1263 supportentur‚·
1372 1227 1551 1256 Ecclesiastici
1566 1228 1672 1257 decimo
1686 1230 1803 1266 septimo
1816 1231 1852 1258 1⁰:

1010 1271 1074 1300 Non
1096 1280 1193 1300 ornnes
1214 1273 1315 1301 omnia
1334 1277 1465 1309 possunt.

1089 1319 1113 1346 9.
1136 1318 1212 1347 Sicut
1232 1322 1326 1347 autem
1348 1319 1465 1348 rudibus
1486 1324 1513 1349 ct
1535 1321 1627 1350 minus
1648 1323 1744 1359 peritis
1765 1324 1853 1352 solent

1008 1364 1135 1393 doctores
1155 1373 1251 1393 eorum
1273 1365 1428 1402 imperitiae
1444 1368 1465 1383 ¹¹
1488 1367 1644 1404 ignoscere,
1676 1377 1739 1397 cum
1763 1370 1879 1399 minusd

1009 1415 1083 1440 recte
1105 1412 1242 1446 sentiant;
1274 1413 1311 1441 ita
1342 1417 1368 1442 et
1400 1414 1516 1443 virtuosi
1546 1415 1661 1452 benigne
1689 1404 1878 1453 supportantp

1008 1458 1126 1487 aliorum
1147 1458 1285 1493 defectus,
1308 1459 1440 1494 scientes,
1455 1460 1529 1497 quod
1545 1469 1598 1489 non
1623 1470 1718 1491 omnes
1739 1465 1855 1499 possunt

1007 1505 1160 1542 aequaliter
1174 1513 1234 1534 esse
1249 1506 1379 1542 perfecti,
1395 1509 1421 1535 et
1435 1507 1514 1543 quasi
1530 1508 1653 1544 parvulis
1668 1512 1694 1537 et
1710 1509 1812 1538 teneris
1826 1509 1853 1538 iu

1008 1551 1117 1580 Christo
1138 1552 1266 1589 graviora
1287 1561 1371 1589 quam
1386 1553 1493 1582 valeant
1509 1557 1620 1591 portare
1635 1563 1718 1583 onera
1734 1564 1787 1584 nou
1803 1556 1852 1584 im-

1008 1601 1114 1635 ponunt
1135 1607 1185 1628 uec
1206 1600 1240 1628 ab
1261 1599 1300 1628 eis
1321 1600 1439 1637 exigunt
1469 1609 1500 1629 ea
1531 1610 1602 1638 quae
1633 1602 1706 1631 vires
1727 1602 1851 1639 ipsorum

1008 1645 1160 1680 excedunt;
1191 1646 1303 1675 Genesis
1331 1647 1473 1683 trigesimo
1495 1648 1577 1676 tertio
1591 1649 1613 1665 ¹2
1626 1659 1632 1676 :
1655 1648 1753 1683 Nosti,
1776 1650 1853 1687 quod

1004 1692 1150 1729 parvulos
1171 1691 1293 1721 habeam
1317 1697 1428 1722 teneros
1448 1698 1474 1722 el
1501 1703 1565 1723 oves
1596 1699 1620 1724 el
1651 1695 1732 1725 boves
1759 1695 1853 1733 foetas

1006 1748 1118 1768 mecum
1130 1750 1140 1773 ;
1171 1748 1246 1778 quas
1270 1740 1299 1769 Si
1314 1740 1384 1778 plus
1405 1741 1436 1769 in
1457 1741 1637 1771 ambulando
1659 1742 1753 1781 fecero
1775 1743 1852 1772 labo-

1007 1795 1091 1820 rare,
1123 1787 1288 1815 morientur
1309 1796 1371 1815 una
1392 1788 1439 1816 [lie
1459 1789 1558 1817 cuncti
1575 1798 1699 1826 9reqes;
1721 1790 1773 1819 hoc
1795 1793 1851 1825 est,

1007 1833 1055 1870 qui
1076 1834 1208 1870 parvulos
1228 1834 1404 1871 imperfectos
1418 1838 1445 1863 et
1459 1835 1580 1872 aliquam
1602 1836 1702 1865 bonam
1718 1837 1851 1867 babentes

1006 1880 1186 1915 voluntatem,
1201 1881 1280 1918 quasi
1295 1881 1385 1910 foetus
1400 1882 1426 1910 in
1442 1885 1538 1916 utero,
1554 1883 1616 1919 plus
1631 1887 1712 1920 urget
1726 1884 1754 1912 in
1769 1892 1851 1913 exer-

1006 1927 1069 1955 citio
1090 1927 1202 1956 virtutis
1232 1936 1315 1964 quam
1337 1928 1489 1957 secundum
1511 1930 1644 1966 gratiam,
1669 1939 1752 1967 quam
1774 1939 1851 1960 acce-

1006 1977 1122 2010 perunt,
1144 1974 1226 2003 etiam
1248 1974 1316 2003 illud
1338 1975 1412 2012 quod
1433 1975 1486 2004 iam
1515 1976 1632 2011 habent,
1664 1985 1750 2014 supra
1778 1978 1851 2007 vires

1005 2021 1133 2058 agitando
1148 2021 1301 2058 exstinguit
1315 2021 1342 2050 in
1357 2022 1411 2056 eis;
1426 2023 1532 2059 primae
1546 2024 1579 2052 ad
1595 2024 1851 2054 Thessalonicenses

1006 2068 1126 2097 secundo
1138 2068 1160 2085 ¹³
1174 2079 1179 2096 :
1202 2069 1288 2097 Facti
1301 2077 1406 2097 azimus
1416 2069 1540 2106 paruuli
1554 2070 1585 2098 in
1602 2071 1695 2099 medio
1711 2075 1849 2106 vestrum,

1005 2118 1148 2153 tanquam
1168 2115 1196 2144 si
1214 2115 1320 2144 nutrix
1339 2115 1435 2152 foveat
1455 2116 1532 2153 filios
1552 2126 1639 2151 suos,
1661 2118 1739 2154 quasi
1761 2118 1849 2153 dicat,

1004 2161 1042 2190 ita
1064 2162 1206 2191 humiliter
1226 2166 1253 2191 et
1274 2162 1317 2199 pie
1339 2162 1478 2192 blanditus
1493 2171 1555 2192 sum
1570 2164 1663 2199 vobis,
1685 2164 1850 2194 condescen-

1004 2208 1072 2237 dens
1091 2211 1200 2237 vestrae
1215 2209 1392 2238 teneritudini
1413 2213 1440 2238 et
1461 2210 1669 2247 imperfectioni.
1692 2212 1850 2248 Quocontra

1004 2255 1037 2284 de
1057 2255 1137 2283 duris
1157 2258 1185 2284 et
1205 2264 1259 2284 non
1281 2256 1460 2292 compassivis
1481 2257 1639 2294 pastoribus
1666 2259 1850 2295 conqueritur

1004 2302 1138 2331 Dominus
1154 2302 1300 2331 Ezechielis
1322 2303 1464 2340 trigesimo
1483 2307 1584 2341 quarto
1596 2305 1638 2332 ¹⁴²:
1656 2305 1739 2341 Quod
1763 2305 1849 2341 insir-

1004 2357 1086 2377 mum
1106 2348 1166 2386 fuit
1186 2357 1244 2377 non
1258 2349 1477 2384 consolidastis,
1492 2354 1518 2379 et
1532 2351 1609 2388 quod
1623 2355 1776 2389 aegyrotum
1790 2361 1848 2381 non

165 2494 172 2509 ¹
190 2494 256 2516 Vers.
283 2494 316 2516 14.
338 2506 369 2510 -
391 2495 464 2522 Supra
486 2500 528 2522 pro
550 2500 565 2517 a
587 2500 611 2517 se
633 2493 689 2524 ipsis
711 2495 765 2517 edd.
787 2495 900 2517 mendose
920 2501 945 2518 se

101 2532 178 2562 ἐρωὴ
194 2533 252 2555 intra
269 2539 312 2561 pro
328 2532 407 2556 solum
424 2532 527 2562 inclinent
544 2533 594 2556 Vat.
612 2533 678 2556 solus
695 2533 806 2563 incliqeac.

164 2571 172 2584 ²
191 2572 267 2595 Potius
279 2573 354 2594 Mattli.
367 2572 403 2599 25,
416 2573 454 2599 29,
467 2572 505 2595 ubi
518 2576 540 2595 et
551 2572 622 2595 verna
635 2574 656 2596 el
667 2572 730 2602 quod
740 2572 832 2596 viclelur
844 2572 945 2602 habere,-

101 2611 141 2634 sed
160 2611 181 2634 in
199 2612 252 2634 Luc.
274 2612 311 2638 ¹9,
330 2612 367 2634 26.
384 2615 407 2635 ct
424 2612 499 2634 Matth.
522 2612 560 2639 13,
578 2613 611 2634 12.
628 2613 710 2640 legitur
723 2611 786 2642 quod
795 2611 878 2640 lutbet,·
890 2613 945 2635 Luc.

102 2650 127 2677 8,
150 2650 182 2672 18.
202 2649 265 2680 quod
278 2651 349 2680 putat
365 2657 390 2673 se
407 2650 501 2676 habere.

163 2688 172 2701 ³
191 2689 254 2712 Vers.
272 2689 310 2711 2¹.

162 2727 172 2740 ⁴
189 2728 254 2750 Vers.
274 2729 309 2751 15.

164 2767 173 2779 ⁵
192 2768 255 2790 Vers.
274 2768 311 2790 30.

163 2805 172 2818 θ
190 2806 255 2828 Vers.
277 2807 294 2828 1.

162 2843 171 2856 ⁷
189 2845 270 2867 Psalm.
289 2845 315 2873 6,
333 2846 356 2868 3.

163 2882 172 2895 ¹³
189 2884 254 2906 Vcrs.
276 2884 293 2906 1.
311 2885 332 2906 2.
351 2897 380 2900 -—
398 2884 455 2906 insi-a
473 2885 518 2907 side
535 2885 587 2907 cod.
605 2884 766 2907 substituimus
781 2884 889 2914 effemplo
902 2891 944 2914 pa-

101 2922 192 2946 tientiae
209 2930 251 2951 pro
268 2923 376 2952 ezempla
391 2923 526 2952 patientiae.

162 2960 172 2974 ⁹
189 2963 255 2985 Vers.
272 2963 309 2984 21.

163 3000 183 3013 ¹⁰
200 3001 265 3023 Vers.
282 3001 323 3023 29:
341 3001 387 3023 Nec
403 3001 463 3023 enirn
481 3001 556 3024 omnia
575 3005 671 3030 possunt
687 3008 738 3024 essc
754 3001 776 3024 in
797 3001 942 3030 bominibus,

193 3047 218 3071 S.
228 3047 315 3070 Bonan.
333 3060 364 3063 —
382 3048 447 3070 Tom.
461 3048 516 3070 vul.

1002 2495 1111 2524 quoniam
1129 2502 1174 2518 non
1190 2498 1224 2518 est
1241 2496 1375 2518 immortalis
1393 2496 1452 2518 filius
1469 2496 1580 2524 bominis,
1597 2499 1619 2518 ct
1636 2496 1658 2518 in
1675 2497 1773 2519 vanitate
1786 2497 1848 2519 mali-

1001 2535 1045 2557 tiae
1061 2535 1203 2567 placuerunt.

1066 2572 1083 2585 ¹¹
1103 2573 1152 2596 Vat.
1171 2573 1281 2596 mendose
1298 2573 1412 2603 imperite.

1039 2636 1042 2637 ⁷
1066 2611 1084 2624 ¹²
1103 2612 1167 2634 Vers.
1186 2613 1221 2634 «¹3.

1066 2649 1084 2663 ¹³
1102 2650 1166 2673 Vers.
1184 2650 1208 2673 7,
1224 2663 1255 2667 —
1273 2651 1314 2673 Pro
1332 2650 1394 2680 quod
1410 2650 1443 2674 ila
1460 2650 1620 2673 substituimus
1638 2651 1708 2681 quasi
1724 2651 1792 2675 [licat.

1065 2689 1084 2704 ¹⁴
1102 2690 1166 2712 Vers.
1184 2689 1210 2717 4,
1229 2689 1267 2712 ubi
1285 2696 1328 2718 pro
1346 2689 1408 2719 quod
1427 2690 1531 2720 [ructum
1550 2690 1648 2718 Vulgata
1666 2690 1729 2720 quod
1750 2692 1846 2721 confra-

1002 2730 1066 2752 ctum
1083 2730 1122 2752 esl.
1141 2742 1170 2745 —
1186 2730 1261 2752 Locus
1279 2729 1387 2751 Bernardi
1403 2732 1437 2751 est
1454 2730 1528 2752 Serm.
1545 2730 1581 2752 23.
1600 2730 1622 2752 in
1639 2730 1702 2753 Cant.
1720 2737 1742 2753 n.
1761 2732 1781 2753 2.
1796 2732 1844 2759 ipsa

1003 2767 1074 2790 verba
1091 2768 1197 2790 editionis
1213 2768 1322 2790 Bernardi
1341 2768 1362 2790 in
1380 2771 1464 2790 textum
1482 2769 1625 2797 recepimus,
1643 2775 1695 2791 cum
1714 2770 1803 2797 locum,
1822 2773 1846 2792 ut

1003 2810 1036 2829 est
1053 2807 1075 2829 in
1092 2807 1155 2834 Vat.,
1173 2809 1303 2829 truncatum
1320 2810 1341 2829 ct
1359 2807 1381 2828 iu
1399 2810 1463 2835 parte
1480 2807 1634 2835 depravatum
1657 2809 1782 2831 emendare
1798 2816 1845 2831 non

1002 2845 1153 2874 potuerimus.
1164 2846 1256 2873 Legitur
1267 2845 1327 2867 enim
1342 2845 1384 2867 ibi:
1401 2854 1410 2866 ι
1421 2847 1448 2868 Ut
1459 2846 1515 2874 quid
1528 2847 1629 2874 gravatis
1641 2847 1721 2875 iugum
1734 2851 1845 2875 vestrum,

1002 2891 1055 2907 cum
1072 2884 1164 2907 cernitis
1180 2884 1358 2912 discipulorum,
1375 2891 1475 2913 quorum
1492 2891 1535 2908 vos
1556 2886 1632 2913 potius
1655 2886 1735 2914 iugum
1754 2890 1845 2915 portare

1002 2923 1110 2946 debetis?
1127 2923 1205 2945 Ponite
1222 2930 1305 2950 onera,
1323 2924 1443 2952 producite
1466 2924 1549 2952 ubera,
1567 2931 1650 2953 pecora
1673 2926 1765 2953 laetate,
1783 2926 1845 2955 quie-

1002 2966 1072 2985 scant.
1089 2963 1115 2984 Et
1131 2962 1151 2984 si
1167 2962 1282 2985 interdum
1299 2963 1419 2985 severitate
1436 2970 1496 2991 opus
1517 2964 1557 2993 sit,
1575 2967 1670 2992 paterna
1693 2965 1733 2992 sit,
1752 2971 1795 2987 non
1806 2968 1844 2993 *ty-

1001 3002 1093 3024 rannica
1105 3010 1127 3023 n.
1146 3001 1252 3030 Sequitur
1269 3002 1336 3024 Num.
1357 3003 1394 3030 ll,
1416 3002 1449 3025 12.

1725 3051 1748 3072 18

1882 1328 1943 1351 Quare
1954 1328 1999 1347 alio·

1867 1357 1907 1369 rum
1915 1351 1999 1370 desectus

1881 1375 1948 1402 abeant
1956 1380 2000 1399 sup-

1880 1400 1944 1417 ortam.
