2133 3317
366 258 423 281 COR

116 297 227 321 felicitatis
252 300 404 326 augmentum
430 296 484 320 ibid.
508 308 539 313 —
563 298 597 319 est
622 296 679 318 stola

116 343 176 360 nova
193 340 216 359 et
231 336 353 364 splendida
370 336 461 359 animae
477 335 506 358 64
525 336 554 357 22

164 376 288 398 (100110οτ10
301 388 331 392 -
343 375 401 398 Cum
418 375 471 404 quis
482 377 516 397 est
532 374 618 402 viator,
630 380 680 396 cor-

116 415 161 443 rigi
179 417 254 443 potest
270 421 311 442 per
329 414 368 436 Dei
385 414 531 436 clementiam
554 413 599 435 234
619 413 632 435 2
649 425 681 429 -

117 455 208 483 Quanta
225 454 253 476 sit
270 454 393 476 necessitas
417 452 566 475 correctionis
589 452 633 474 447
651 452 679 474 37

116 506 148 510 —
165 494 299 516 Peccantem
317 499 363 515 non
384 492 502 519 corrigere
524 494 558 514 est
579 491 680 514 animam

116 532 167 555 0105
183 533 213 555 ad
238 532 353 554 interitum
379 531 469 553 mittere
495 530 536 553 142
560 531 573 553 2
589 542 621 547 —-
637 531 681 552 fra-

116 574 179 594 terna
197 571 293 600 requirit
308 570 498 597 sollicitudinem,
515 570 680 598 aptitudinem,

116 610 277 634 rectitudinem
295 609 339 632 447
358 609 387 632 37
404 621 436 626 ——
447 610 470 631 ln
487 609 628 632 correctione
645 608 681 631 de-

116 649 156 672 bet
172 655 224 672 esse
240 649 356 671 humilitas
373 655 399 671 ex
416 651 481 676 parte
498 648 606 675 correcti,
627 648 681 670 cari-

117 691 151 711 tas
168 695 195 711 ex
212 690 278 716 parte
289 688 424 716 corrigentis
436 687 489 710 ibid.
502 700 532 704 —
549 693 576 709 ex
588 687 681 709 caritate

117 727 244 756 procedere
261 727 341 754 debet,
359 733 404 749 non
423 733 450 749 ex
466 733 563 749 rancore
579 725 633 749 ibid.
650 738 681 742 —

117 767 219 790 facienda
237 773 284 789 non
306 767 383 789 animo
404 766 557 794 malignandi,
575 766 617 788 sed
633 772 681 788 cor-

117 806 208 834 rigendi
226 807 271 828 203
289 806 317 828 86
330 819 361 822 —
370 806 463 828 caritate
475 805 608 834 tranquillae
620 811 681 827 men-

117 845 146 867 tis
164 845 267 868 facienda
285 845 330 867 234
348 846 361 867 2
380 858 409 860 -
426 845 505 867 Melius
525 846 560 867 est
576 844 633 867 dura
652 844 682 866 in-

116 885 248 912 crepatione
269 885 336 907 ferire
358 886 480 912 protervos
496 890 567 912 quam
592 883 681 906 adulari

117 923 172 946 ibid.
189 937 220 940 —
237 923 414 946 Constitutiones
433 923 463 946 de
480 923 620 945 correctione
642 923 682 945 de-

118 963 270 992 linquentium
289 962 333 985 457
351 969 376 989 a,
393 962 416 984 b.
434 962 478 985 458
497 968 522 990 a,
540 961 554 983 b
571 974 602 978 —
623 962 682 990 Quo-

117 1002 188 1024 modo
205 1001 315 1024 tractandi
332 1001 377 1023 sint
393 1001 559 1023 correctionem
579 1000 681 1023 debitam

117 1047 164 1064 non
181 1041 317 1068 recipientes
335 1040 378 1062 144
398 1041 426 1062 10

164 1080 265 1103 Gnarum
281 1092 313 1096 —
329 1085 422 1107 semper
439 1079 548 1107 fugienda
567 1079 611 1101 482
630 1079 637 1101 1

164 1119 287 1142 (1111511005
303 1131 334 1135 -
350 1118 488 1141 Prohibetur
504 1118 632 1141 sollicitudo
653 1118 682 1140 de

118 1159 229 1185 erastino,
246 1164 293 1180 non
310 1158 413 1186 provisio
430 1157 475 1180 342
493 1164 505 1180 a

163 1198 251 1221 Canas
267 1210 297 1213 —
314 1197 398 1220 abiecit
414 1197 507 1225 pondus
521 1197 570 1219 auri
589 1197 633 1219 299
653 1196 681 1218 17

165 1237 270 1260 caenon
294 1249 326 1253 —
349 1236 468 1265 quomodo
495 1236 627 1264 diligendus
653 1236 682 1258 sit

75 1285 78 1288 ⁴
119 1276 164 1299 124
182 1277 195 1299 2
207 1288 238 1293 -
250 1276 321 1298 Amor
338 1276 379 1298 Dei
393 1281 446 1298 cum
458 1275 586 1298 reverentia
599 1275 682 1298 mixtus

119 1318 154 1338 est
171 1315 266 1338 suavior
287 1315 326 1337 141
348 1315 362 1337 6
378 1328 409 1331 —
427 1315 504 1337 omnia
525 1317 620 1342 propter
643 1315 682 1336 ho-

119 1355 204 1377 minem
224 1355 276 1377 fecit
291 1355 305 1376 7
328 1355 352 1376 18
370 1366 401 1371 —-
418 1354 504 1376 homini
517 1354 597 1382 triplex
615 1353 682 1376 bene-

118 1393 196 1416 ficium
213 1393 329 1416 commisit
345 1393 358 1415 6
377 1394 410 1415 11.
426 1399 478 1422 sqq.
491 1406 522 1409 —
534 1393 642 1416 Creatura
655 1393 681 1414 ir-

120 1433 236 1455 rationalis
260 1435 294 1455 est
317 1432 453 1460 vestigium,
474 1432 590 1454 rationalis
612 1432 680 1454 etiam

120 1472 198 1500 imago
215 1471 328 1495 Creatoris
346 1472 374 1494 30
393 1472 405 1494 3

165 1511 288 1534 caenum
305 1523 337 1527 —
357 1510 440 1533 Omnia
462 1513 538 1533 creata
560 1511 625 1538 prius
642 1510 681 1532 im·

119 1551 218 1579 perfecta
237 1551 328 1572 fuerunt
348 1550 393 1572 268
416 1551 429 1572 6
447 1562 479 1566 -
499 1552 596 1572 cunctae
617 1550 682 1577 spiri-

118 1589 208 1612 tualiter
225 1590 262 1612 vel
279 1589 415 1612 sensibiliter
432 1589 559 1617 productae
580 1589 682 1612 relucent

118 1628 142 1651 in
160 1628 237 1651 Verbo
255 1629 356 1651 increato
369 1631 393 1651 nt
404 1628 528 1656 exemplari
541 1628 586 1650 242
607 1629 633 1650 12
651 1640 681 1644 -

118 1667 154 1690 Ab
171 1669 215 1691 hoc
226 1668 350 1696 exemplari
363 1674 408 1690 uno
421 1670 443 1690 et
458 1668 557 1690 indiviso
575 1668 682 1690 diversae

118 1710 214 1730 manant
230 1710 326 1730 naturae
342 1710 364 1729 et
381 1707 532 1735 perfectiones
553 1707 681 1729 secundum

118 1747 209 1769 variam
226 1747 299 1775 ipsius
320 1747 519 1774 participationem
542 1746 587 1768 243
606 1747 634 1768 12
653 1759 682 1762 -

118 1786 167 1808 Hoc
183 1786 300 1814 exemplar
312 1787 412 1813 perfecte
425 1785 454 1807 ab
467 1792 511 1808 una
529 1788 633 1808 creatura
645 1791 683 1808 ca-

121 1825 146 1853 pi
163 1831 210 1848 non
227 1828 303 1853 potest
319 1824 373 1848 ibid.
392 1837 423 1841 —
439 1825 462 1847 ln
480 1825 595 1847 creatione
616 1824 683 1847 nobis

120 1864 233 1893 impressa
250 1867 284 1887 est
305 1865 377 1886 forma
398 1864 493 1886 Deitatis
509 1864 592 1887 Christi
607 1865 650 1887 189
669 1865 682 1886 3

119 1916 150 1919 —
167 1904 241 1926 Homo
257 1906 350 1926 creatus
364 1903 439 1926 estad
456 1903 582 1931 imaginem
600 1903 682 1926 [10115

119 1943 133 1965 9
150 1955 182 1959 -
197 1942 314 1965 rationalis
331 1948 357 1965 ex
374 1949 398 1965 se
415 1943 444 1971 ad
461 1943 557 1965 nihilum
576 1943 647 1965 tendit
661 1946 683 1965 et

118 1981 148 2004 ad
172 1984 270 2004 mortem
295 1982 461 2010 sempiternam
490 1982 531 2004 103
562 1982 586 2004 12
609 1995 639 1998 —-
656 1988 682 2005 ex

119 2021 296 2048 participatione
321 2020 428 2043 bonitatis
451 2021 489 2043 Dei
509 2021 590 2043 vivere
614 2021 682 2044 01οᾱ

121 2059 215 2083 beatum
232 2066 283 2082 esse
299 2061 422 2088 pervenire
438 2060 509 2083 debet
524 2060 578 2083 z'bicl.

167 2111 199 2116 ·-·
215 2099 296 2122 Omnia
320 2099 455 2122 ordinantur
476 2100 506 2122 ad
528 2100 567 2121 Dei
585 2100 682 2128 gloriam

119 2138 145 2160 71
168 2139 177 2160 1
198 2151 230 2154 -—
247 2138 323 2161 omnis
345 2138 405 2160 bona
430 2141 453 2160 et
475 2139 562 2161 munda
587 2140 678 2161 051261

121 2177 150 2200 14
167 2190 199 2194 —-
215 2178 287 2200 Amor
311 2181 430 2200 creaturae
452 2184 497 2200 non
514 2178 616 2206 proficit,
636 2184 682 2200 non

120 2216 204 2245 reficit,
221 2223 267 2239 non
284 2217 368 2239 sufficit
383 2217 397 2239 7
420 2217 446 2239 15
463 2230 493 2233 -
514 2218 593 2240 Falsus
618 2223 683 2240 amor

119 2258 278 2278 creaturarum
302 2260 336 2278 est
352 2256 410 2279 ratio
427 2256 514 2284 peccati
530 2257 558 2278 33
578 2257 613 2278 12.
631 2263 683 2286 sqq.

120 2307 151 2311 —
168 2295 191 2317 ln
208 2294 317 2317 omnibus
333 2295 443 2318 creaturis
464 2295 579 2327 invenitur
595 2298 682 2318 tantum

123 2340 169 2356 una
187 2337 250 2362 gutta
267 2334 438 2362 pulcritudinis,
455 2334 582 2356 dulcedinis
596 2336 618 2356 et
634 2340 684 2356 sua-

121 2373 198 2396 vitatis
214 2373 254 2396 Dei
267 2372 322 2396 ibid.
338 2385 369 2390 ——-
386 2373 448 2396 Beati
465 2373 588 2395 dilatantur
598 2373 622 2395 in
634 2379 684 2401 spe-

119 2413 234 2435 culatione
251 2416 408 2435 creaturarum
427 2412 456 2434 65
474 2412 504 2434 25
519 2424 551 2428 -
567 2412 684 2435 subiectae

122 2454 176 2474 sunt
196 2452 304 2480 potestati
325 2452 417 2474 animae
437 2452 462 2473 31
489 2452 503 2473 7
522 2464 551 2467 —
569 2451 641 2473 Pietas
661 2452 684 2474 S.

122 2491 234 2513 Francisei
260 2497 315 2518 erga
339 2493 456 2513 creaturas
480 2490 524 2513 527
549 2491 572 2512 6.
594 2491 639 2513 528
661 2491 683 2513 7.

120 2536 172 2559 sqq.

168 2569 272 2592 Cunnum
284 2582 314 2585 —
325 2569 472 2592 Credendum
484 2572 519 2592 est
535 2575 576 2597 per
591 2569 683 2591 firmum

122 2608 216 2630 rationis
232 2614 352 2631 assensum
367 2609 394 2630 12
413 2608 426 2630 3
437 2621 468 2624 -
480 2608 601 2630 Credendo
616 2608 684 2635 capti-

120 2649 188 2670 vatur
200 2647 325 2670 intellectus
340 2647 366 2669 15
378 2648 391 2670 8
404 2660 434 2663 -
444 2647 570 2670 Intellectus
581 2647 685 2675 redigen-

170 2919 261 2941 sznon
278 2931 309 2935 —
325 2921 360 2941 est
376 2918 483 2942 inimicus
496 2919 572 2946 fortis,
585 2919 684 2942 erudelis

121 2960 144 2980 et
160 2957 256 2980 callidus
274 2958 302 2980 36
321 2958 350 2980 20
367 2969 398 2974 -
415 2960 448 2980 051
461 2958 530 2980 draco
543 2961 651 2981 cruentus
663 2962 685 2981 01

121 2997 157 3019 leo
174 2996 269 3019 rabidus
286 2997 315 3019 80
333 2997 363 3019 33
375 3009 405 3013 —
421 2999 475 3020 sunt
491 2997 572 3025 vulpes
590 2997 683 3020 fraudu-

810 217 910 265 liftDEx
930 217 1178 246 ALPHABETICUS.

714 295 758 318 dus
776 298 810 318 est
827 295 851 317 in
869 295 976 318 Veritatis
989 295 1141 324 obsequium,
1158 302 1201 318 nec
1219 296 1278 319 01105

715 335 804 357 falsitati
822 334 969 362 praebendus
981 341 1089 357 assensus
1107 335 1151 357 233
1173 335 1177 357 1
1194 347 1224 351 υ-
1236 334 1280 357 Co-

713 373 818 396 lumbino
828 374 911 397 intuitu
923 374 1057 402 simpliciter
1068 374 1211 396 eredendum
1223 374 1248 396 71
1266 375 1273 396 1

713 425 744 430 —-
761 413 917 436 Credentibus
941 413 1082 441 promittitur
1107 413 1168 435 salus
1193 413 1217 435 81
1248 413 1277 435 36

713 464 744 468 —
768 451 922 475 Credentibus
945 452 1053 474 solatium
1081 455 1115 474 est
1139 452 1278 480 configurari

714 490 803 514 Christo
820 492 865 514 326
883 492 912 514 28

762 530 896 553 Cnantrotus
912 542 942 546 —
961 532 1096 558 procurator
1113 530 1158 552 314
1177 531 1205 552 13

762 569 847 592 Crimen
864 581 895 585 —
909 569 997 591 deletur
1009 575 1050 597 per
1070 569 1217 592 devotionem
1237 569 1277 591 148

715 609 728 630 2
747 620 778 625 —-
795 609 844 631 Non
862 608 1048 636 participandum
1066 614 1119 630 cum
1137 608 1279 636 praevarica·

715 650 764 670 tore
782 648 804 670 in
822 648 917 670 crimine
935 647 975 669 4ll
999 647 1027 670 15

762 687 848 710 Cnocus
864 699 896 703 —
917 687 1033 714 significat
1054 686 1215 710 abstinentiam
1233 687 1278 709 216

719 726 760 748 134

761 764 933 787 Cauctranonun
949 777 980 781 —-
995 765 1058 787 Ordo
1076 765 1120 787 514
1138 766 1151 787 8

762 803 824 827 Cnux
841 817 871 820 —
888 804 967 827 Crucis
982 804 1108 832 ignominia
1126 804 1202 826 statim
1219 804 1278 827 ortui

715 843 796 866 Christi
814 843 965 872 copulabatur
987 844 1027 865 183
1046 844 1059 865 2
1076 856 1107 860 -
1124 844 1184 866 Mors
1205 837 1282 866 crucis'

715 886 763 905 erat
774 883 849 910 magis
866 882 961 910 acerba,
978 883 1109 911 vituperosa
1126 886 1148 905 et
1160 883 1277 905 inhonesta

715 922 779 944 0111111
796 925 868 944 morte
886 922 931 944 502
952 922 978 944 12
990 935 1021 937 -
1036 922 1141 949 signatur
1162 921 1278 949 lignorum

715 964 790 988 strue,
807 967 878 989 super
894 967 965 990 quam
982 961 1041 983 vites
1058 961 1177 983 elevantur
1204 961 1245 983 172
1265 962 1278 982 2

715 1013 746 1016 m
764 1004 912 1028 comparatur
929 1000 1019 1023 camino
1041 1003 1064 1022 et
1080 1006 1132 1022 arae
1156 1000 1199 1022 100
1218 1001 1231 1022 2
1249 1012 1279 1016 -

716 1039 798 1062 Christi
827 1039 855 1061 de
888 1042 988 1068 quatuor
1015 1038 1141 1067 generibus
1167 1039 1278 1061 arborum

716 1080 773 1101 facta
792 1079 832 1101 suit
858 1078 902 1101 224
929 1079 973 1101 163
991 1091 1022 1094 ——
1040 1078 1080 1100 fuit
1097 1079 1168 1100 lectus
1186 1079 1279 1100 immitis

716 1118 796 1140 mortis
813 1117 896 1140 Christi
920 1118 964 1140 172
987 1118 999 1139 3
1018 1130 1049 1133 —
1070 1117 1175 1140 membra
1196 1117 1279 1140 Christi

715 1157 819 1179 contrahi
840 1163 886 1179 non
909 1157 1013 1185 permisit
1038 1158 1077 1179 121
1105 1156 1119 1179 5
1135 1169 1166 1173 -
1184 1158 1279 1179 thronus

716 1196 799 1219 Christi
817 1196 858 1218 fuit
882 1196 926 1218 174
949 1197 962 1218 2
979 1209 1010 1213 -
1027 1196 1117 1224 imperii
1141 1196 1234 1218 nomine
1250 1196 1280 1218 si-

716 1235 837 1263 gnificatur
852 1236 894 1257 183
914 1236 921 1257 1
940 1248 968 1251 —
980 1238 1014 1257 051
1026 1235 1170 1263 signaculum
1188 1235 1278 1263 regium

716 1275 756 1296 221
781 1274 824 1296 «153
842 1287 873 1291 —
891 1277 964 1297 totum
982 1275 1096 1297 mundum
1118 1278 1140 1297 et
1164 1275 1278 1297 infernum

715 1313 850 1341 subiugavit
872 1314 915 1335 183
939 1315 952 1335 2
977 1326 1009 1330 -
1034 1314 1164 1336 manifestat
1187 1314 1226 1336 Dei
1243 1320 1279 1336 sa-

715 1352 837 1381 pientiam,
851 1352 972 1381 iustitiam,
985 1353 1167 1375 misericordiam
1184 1353 1208 1375 13
1224 1353 1237 1375 4
1249 1366 1279 1369 -

716 1392 852 1418 manifestat,
861 1394 973 1420 quantum
985 1392 1059 1414 virtus
1070 1392 1098 1414 sit
1111 1392 1218 1420 pretiosa,
1230 1398 1280 1420 spe-

715 1431 789 1458 ciosa,
807 1432 923 1453 fructuosa
942 1431 970 1453 14
989 1431 1001 1453 4
1013 1444 1044 1448 —
1057 1431 1196 1458 manifestat,
1209 1438 1279 1460 quan-

715 1473 765 1493 tum
781 1473 859 1492 reatus
875 1470 903 1493 sit
924 1469 1064 1493 detestabilis
1085 1470 1139 1493 ibid.
1155 1483 1187 1487 -
1206 1470 1279 1493 Cruce

715 1510 872 1532 manifestatur
889 1509 1021 1537 benignitas
1037 1510 1192 1537 Angelorum,
1208 1510 1280 1537 digni-

716 1553 750 1571 tas
768 1549 902 1575 nominum,
921 1548 1043 1571 crudelitas
1061 1549 1214 1577 daemonum;
1231 1555 1280 1571 eae-

716 1589 784 1616 citas,
801 1588 906 1611 sterilitas
919 1590 942 1611 01
952 1588 1061 1616 iniquitas
1072 1588 1166 1615 mundi3
1179 1588 1279 1616 paradisi

716 1628 787 1656 gloria
796 1645 801 1655 ,
813 1627 895 1650 laetitia
908 1630 930 1650 et
941 1627 1071 1655 opulentia;
1084 1627 1164 1649 inferni
1178 1630 1279 1655 egestas,

715 1667 800 1694 vilitas,
817 1667 955 1694 ignominia,
973 1667 1090 1689 calamitas
1107 1669 1129 1689 et
1146 1667 1237 1689 miseria
1251 1667 1278 1689 13

717 1706 730 1728 4
748 1718 779 1722 -
796 1707 837 1728 Ρο1
850 1712 943 1728 crucem
960 1706 1042 1728 caritas
1054 1706 1163 1734 nutritur,
1180 1706 1280 1734 01501111-

716 1745 796 1768 formis
814 1745 886 1773 gratia
909 1745 1044 1767 diffunditur
1066 1745 1096 1767 69
1119 1744 1133 1767 5
1153 1757 1180 1761 -—
1201 1745 1280 1768 Crucis

717 1785 828 1813 mysterio
840 1784 978 1807 charismata
989 1784 1128 1813 gratiarum,
1145 1784 1224 1807 merita
1238 1785 1281 1807 vir-

716 1826 802 1851 tutum,
821 1823 921 1846 thesauri
938 1823 1065 1851 sapientiae
1081 1826 1103 1846 et
1119 1823 1226 1846 scientiae
1243 1830 1281 1846 ve-

716 1863 793 1885 lantur
810 1863 857 1885 564
875 1863 888 1885 8
906 1875 937 1879 -
953 1865 987 1885 051
1004 1863 1087 1890 clavis,
1105 1866 1183 1891 porta,
1204 1863 1241 1885 vla
1259 1865 1281 1885 01

716 1903 825 1931 splendor
841 1902 945 1925 veritatis
962 1902 1038 1924 onmia
1056 1902 1203 1925 manifestans
1220 1902 1249 1925 -l4
1266 1903 1280 1925 5

763 1954 794 1958 —
811 1941 894 1964 Christi
912 1942 995 1965 devote
1007 1942 1182 1970 contemplanda
1196 1942 1240 1964 167
1259 1943 1280 1964 3.

716 1987 752 2010 sq.
768 1994 800 1997 —
816 1982 913 2004 Fructus
935 1982 1090 2004 meditationis
1112 1981 1216 2004 Cruciflxi
1236 1982 1279 2004 123

717 2020 741 2042 11
763 2032 794 2037 --
811 2021 914 2043 Efficacia
928 2021 1054 2044 memoriae
1066 2021 1172 2044 (ΣΙ-00111111
1192 2021 1232 2043 130
1252 2022 1279 2043 10

715 2071 747 2076 -
764 2059 872 2082 Crucifixi
890 2060 967 2087 imago
985 2061 1115 2083 consolatur
1135 2061 1280 2088 impatientes

717 2098 761 2120 123
781 2099 805 2121 «11
826 2111 858 2116 -
878 2099 983 2122 Christus
1008 2099 1093 2122 invitat·
1113 2100 1142 2122 ad
1167 2100 1279 2128 supplicia

715 2138 792 2160 crucis
810 2138 855 2161 235
873 2139 887 2160 2
898 2150 930 2155 -
941 2139 1100 2167 amplectenda
1114 2145 1156 2167 per
1167 2139 1281 2167 passionis

715 2176 858 2199 desiderium
879 2178 961 2205 plenae
979 2178 1067 2200 iniuriis
1086 2178 1109 2200 in
1126 2178 1209 2206 rebus,
1226 2184 1282 2200 eon-

716 2216 777 2239 vitiis
795 2216 817 2238 in
837 2216 926 2244 1011115,
942 2217 1048 2239 ludibriis
1063 2217 1084 2239 in
1096 2217 1180 2246 signis,
1197 2218 1282 2246 suppli·

716 2256 757 2278 ciis
774 2257 798 2278 in
821 2256 940 2279 tormentis
963 2257 991 2279 13
1015 2257 1028 2278 3
1046 2269 1076 2273 -
1099 2257 1280 2279 circumferenda

717 2294 800 2322 iugiter
817 2299 896 2318 mente
912 2298 935 2318 et
946 2302 1016 2318 carne
1027 2296 1056 2318 68
1070 2296 1078 2318 1
1094 2309 1124 2312 ——
1137 2296 1221 2318 carnali
1232 2302 1282 2318 sen-

716 2334 752 2356 sui
770 2335 921 2362 praeferenda
938 2335 967 2356 69
985 2334 999 2356 5
1015 2347 1047 2351 -
1063 2336 1178 2357 Perfectus
1192 2335 1282 2358 crucifi-

717 2372 778 2400 gitur
795 2373 883 2395 mundo
910 2373 982 2396 tribus
1007 2374 1106 2396 consiliis
1134 2373 1180 2396 247
1205 2374 1233 2396 10
1251 2386 1281 2390 --

717 2412 816 2434 Mundus
828 2412 971 2440 crucifigitur
980 2413 1075 2440 homini,
1085 2416 1107 2435 ct
1116 2414 1186 2435 homo
1195 2413 1282 2435 mundo

718 2457 759 2479 per
785 2451 976 2479 complacentiam
998 2452 1011 2474 9
1033 2452 1045 2473 8
1063 2464 1093 2467 ——-
1110 2452 1152 2474 Per
1174 2452 1281 2474 malleum

717 2490 794 2513 crucis
810 2496 850 2513 cor
867 2490 940 2513 scindi
953 2490 1023 2513 debet
1039 2491 1068 2513 ad
1080 2491 1194 2518 lacrymas
1212 2491 1256 2513 180
1270 2491 1277 2513 1

717 2542 746 2545 -
767 2529 808 2551 1110
825 2530 922 2552 1110110115
938 2529 1036 2552 validior
1052 2532 1087 2551 est
1103 2529 1133 2552 ad
1155 2529 1282 2552 feriendum

717 2568 784 2596 virga
809 2568 880 2596 ltloysi
902 2567 931 2591 ib.
951 2569 965 2590 2
992 2568 1046 2591 Vide
1062 2574 1082 2591 υ.
1109 2567 1194 2591 Arbor.
1212 2569 1282 2591 —in

717 2607 778 2630 finali
790 2607 875 2630 iudicio
890 2607 1018 2635 portabitur
1030 2607 1052 2629 in
1065 2607 1220 2630 testimonium
1233 2613 1283 2630 con-

719 2649 753 2669 tra
777 2650 923 2674 peccatorem
946 2646 975 2668 53
998 2646 1012 2668 5
1029 2658 1060 2663 -
1077 2646 1201 2674 Explicatio
1227 2646 1283 2669 tituli

975 2778 1022 2825 D

717 2919 790 2942 lentiis
815 2919 951 2942 seducentes
968 2919 997 2942 84
1023 2919 1051 2942 43
1069 2932 1099 2936 -
1117 2920 1172 2942 falsa
1188 2926 1280 2948 persua-

718 2959 781 2981 sione
798 2958 884 2986 decipit
901 2958 930 2980 95
948 2959 961 2980 3
983 2970 1014 2975 —-
1038 2961 1072 2981 est
1096 2961 1175 2981 auctor
1201 2959 1281 2981 mortis

718 2998 742 3021 81
765 2997 794 3020 34
819 3010 850 3014 —-
874 3000 908 3020 est
925 2997 1019 3020 humani
1035 2997 1127 3026 generis
1143 2998 1281 3021 adversator

1820 218 1875 247 703

1569 257 1625 279 0Αο

1312 296 1387 318 010015
1404 297 1448 318 222
1467 296 1519 319 153.
1533 296 1577 319 225
1596 297 1639 318 163
1653 308 1683 313 -
1695 296 1836 319 Praedicatio
1853 297 1876 319 S.

1312 335 1402 357 Antonii
1414 335 1444 358 de
1455 335 1519 358 titulo
1532 335 1606 358 crucis
1618 335 1664 357 515
1677 335 1743 357 10-
1753 335 1783 357 De
1792 335 1876 358 virtute

1312 374 1387 397 crucis
1403 374 1426 396 in
1444 375 1465 396 S.
1484 374 1603 397 Francisco
1621 374 1666 396 513
1685 375 1705 396 3.
1723 374 1768 397 515
1786 374 1808 396 9.
1830 374 1876 397 545

1313 413 1350 435 10.
1368 413 1412 435 549
1432 414 1452 435 1.
1469 413 1514 435 564
1531 413 1554 435 7.
1577 420 1611 442 sq.
1629 426 1660 429 —
1681 412 1735 436 Vide
1760 413 1829 435 etiam
1854 419 1875 436 υ.

1311 451 1464 475 Franeiscas.

1359 490 1429 513 (101111
1440 504 1469 507 -
1479 491 1532 514 Eius
1542 491 1643 519 gravitas
1652 491 1768 520 dependet
1777 498 1788 514 a
1798 491 1877 514 nobili-

1313 532 1357 552 tate
1368 531 1484 558 peccantis
1500 534 1522 553 et
1539 531 1669 553 excellentia
1681 531 1761 553 offensi
1777 531 1805 553 32
1820 531 1833 551 S
1845 543 1876 546 —

1312 569 1426 591 deformat
1438 569 1554 592 hominem
1568 570 1596 591 28
1610 570 1623 592 2
1635 582 1666 586 -
1677 570 1742 592 Unde
1754 575 1877 598 cognosca-

1313 611 1349 630 tur
1366 609 1449 636 culpae
1461 608 1594 631 deformitas
1613 609 1641 631 32
1655 609 1676 630 8.
1694 609 1723 631 33
1745 609 1770 631 10
1786 608 1840 631 Vide
1851 615 1874 632 v.

1313 647 1446 670 Peccatum.
1463 659 1493 664 -—
1511 648 1599 670 deletur
1617 654 1658 675 per
1675 648 1771 675 gratiam
1790 647 1876 676 baptis-

1313 687 1396 708 malem
1415 687 1428 708 6
1447 687 1475 709 12
1494 699 1523 702 -
1544 687 1639 715 Propter
1661 688 1753 715 culpam
1770 690 1804 709 est
1829 688 1876 715 plo-

1313 725 1412 748 randum
1429 732 1484 748 cum
1501 725 1591 754 dolore,
1608 726 1709 754 pudore,
1727 726 1808 748 timore
1831 726 1843 747 8
1862 727 1875 748 2

1313 777 1343 781 --
1361 765 1404 793 Qui
1421 765 1505 787 labitur
1522 765 1543 786 in
1561 765 1653 792 culpam
1671 765 1791 787 difficulter
1809 765 1877 787 corri-

1313 803 1374 831 gitur
1393 804 1436 825 132
1455 804 1468 826 2
1480 815 1511 820 -
1523 804 1659 826 lncertitudo
1671 804 1717 826 diei
1735 804 1814 826 mortis
1830 810 1876 826 mo-

1313 845 1362 870 net,
1375 848 1404 865 ne
1421 843 1473 871 quis
1485 846 1602 865 remaneat
1617 843 1641 865 in
1653 844 1719 870 culpa
1737 843 1751 864 5
1768 843 1782 865 7
1799 854 1830 859 —
1841 843 1877 865 Af-

1314 883 1386 904 fectus
1402 882 1578 910 contemplantis
1594 882 1730 910 purgandus
1746 885 1780 904 est
1796 888 1809 904 a
1830 882 1877 904 cul-

1314 927 1356 949 pa,
1373 921 1454 949 culpae
1471 921 1563 949 sequela
1581 924 1603 943 01
1624 921 1746 943 occasione
1767 921 1796 943 56
1818 921 1823 942 1
1846 934 1876 937 —

1313 960 1475 987 Reprehensus
1487 960 1578 988 culpam
1590 966 1656 982 500111
1666 960 1742 982 dicere
1751 959 1820 981 debet
1832 959 1876 982 485

1314 999 1327 1020 2
1339 1011 1368 1014 -
1381 999 1511 1027 Capitulum
1529 999 1648 1027 culparum
1668 998 1711 1021 454
1723 1005 1744 1020 a.
1757 998 1800 1021 458
1818 1005 1844 1026 a,
1861 998 1876 1020 b

1360 1038 1447 1060 Cuma
1460 1050 1488 1053 -—
1500 1038 1652 1066 ignominiae,
1662 1037 1809 1065 abiectionis,
1821 1044 1876 1065 pau-

1314 1077 1408 1104 pertatis
1429 1077 1465 1099 161
1488 1078 1501 1100 3
1517 1090 1549 1093 -
1567 1077 1655 1099 11010115
1672 1076 1700 1100 ib.
1713 1077 1725 1099 4

1361 1116 1444 1139 801105
1460 1129 1491 1134 -
1509 1117 1562 1144 Dei,
1588 1117 1610 1138 in
1633 1123 1679 1145 quo
1704 1117 1812 1139 consistat
1831 1117 1876 1139 250

1314 1157 1343 1178 20
1360 1168 1391 1172 -
1408 1156 1483 1184 magis
1502 1159 1524 1179 et
1550 1156 1626 1179 minus
1651 1157 1751 1184 perfecte
1774 1155 1877 1178 exhiberi

1314 1198 1390 1223 potest
1407 1194 1461 1218 ibid.
1480 1195 1606 1218 —latriae
1631 1198 1665 1217 est
1690 1202 1743 1223 pars
1767 1195 1877 1217 orationis

1316 1235 1328 1256 8
1348 1235 1355 1256 1
1377 1247 1408 1251 -
1419 1235 1497 1257 1011100
1509 1234 1578 1257 debet
1590 1234 1675 1257 hahere
1689 1234 1842 1256 reverentiam
1854 1236 1877 1256 et

1315 1274 1484 1301 adorationem,
1506 1273 1689 1296 benevolentiam
1712 1276 1733 1295 et
1750 1274 1877 1301 gratiarum

1314 1313 1438 1341 actionem,
1455 1313 1646 1341 complacendum
1664 1316 1687 1334 et
1704 1315 1808 1334 mutuam
1825 1313 1878 1334 allo-

1313 1352 1429 1374 cutionem
1454 1351 1483 1374 ib.
1511 1352 1523 1374 4
1540 1352 1666 1374 —latriae
1691 1351 1810 1374 exhibetur
1835 1357 1877 1378 per

1312 1391 1489 1413 admirationem
1500 1393 1523 1413 et
1540 1391 1746 1414 considerationem
1762 1391 1783 1412 11
1806 1391 1834 1412 12
1848 1402 1877 1406 —-

1313 1430 1401 1452 Latriae
1418 1431 1505 1452 cultum
1522 1430 1572 1453 sine
1592 1430 1663 1458 gratia
1683 1436 1729 1452 non
1753 1435 1877 1457 possumus

1313 1469 1360 1491 Deo
1377 1469 1485 1492 exhibere
1500 1470 1512 1491 8
1528 1470 1536 1491 1
1555 1482 1585 1485 -
1596 1469 1708 1491 maiestati
1723 1471 1828 1491 aeternae
1840 1468 1878 1490 de-

1313 1507 1374 1530 bitus
1391 1509 1424 1531 sic
1445 1511 1480 1531 est
1504 1508 1649 1536 reddendus,
1673 1507 1736 1536 quod
1761 1507 1877 1530 idolorum

1313 1548 1402 1570 cultura
1419 1547 1503 1570 vitetur
1521 1548 1565 1569 233
1585 1548 1592 1569 1

1361 1588 1477 1610 (1010111115
1494 1600 1524 1603 -
1541 1586 1592 1610 rvide
1609 1593 1630 1610 v.
1647 1586 1762 1610 Avaritia.

1361 1627 1422 1650 Curta
1439 1640 1469 1644 —-
1491 1627 1598 1655 provenit
1619 1633 1644 1649 ex
1668 1627 1762 1648 avaritia
1786 1626 1829 1648 433
1855 1627 1877 1649 6.

1315 1666 1359 1689 439
1385 1666 1399 1688 5
1421 1679 1451 1682 -
1472 1669 1567 1694 generat
1589 1666 1772 1695 inquietudinem
1794 1666 1838 1689 338
1862 1666 1877 1688 b

1316 1719 1344 1722 —
1361 1705 1428 1728 obest
1444 1706 1536 1734 puritati
1553 1706 1681 1728 devotionis
1704 1705 1733 1728 ib.
1750 1712 1763 1728 0
1785 1719 1815 1722 -—
1837 1712 1877 1734 pa-

1314 1746 1404 1768 storalis
1421 1752 1467 1768 non
1484 1749 1518 1768 est
1530 1745 1672 1774 dominium,
1683 1746 1724 1768 sed
1736 1745 1877 1773 dispensatio

1315 1788 1337 1807 et
1354 1785 1456 1807 officium
1474 1785 1639 1807 ecclesiasticae
1657 1785 1775 1812 potestatis
1801 1784 1844 1807 428
1864 1784 1876 1807 4

1363 1824 1491 1847 (101110511Α5
1507 1836 1538 1840 -
1555 1824 1649 1853 quando
1661 1824 1683 1846 in
1696 1824 1789 1846 homme
1800 1824 1878 1852 vigeat

1316 1864 1359 1886 108
1379 1864 1391 1886 3
1409 1876 1440 1880 -
1456 1863 1543 1892 appetit
1557 1864 1616 1886 seire
1627 1864 1726 1890 occulta,
1738 1863 1819 1886 videre
1831 1864 1878 1891 pul-

1315 1909 1366 1930 cra,
1384 1902 1470 1925 habe-re
1487 1909 1539 1925 cara
1558 1903 1571 1925 4
1589 1903 1602 1925 5
1627 1915 1658 1919 -
1678 1906 1712 1925 051
1736 1903 1800 1925 radix
1824 1902 1877 1925 mali

1315 1941 1369 1965 ibid.
1393 1954 1424 1959 —-
1448 1942 1471 1964 in
1488 1942 1600 1970 sapientia
1616 1942 1726 1964 saeculari
1749 1941 1878 1964 cohibenda

1315 1984 1349 2004 est
1366 1981 1410 2004 433
1429 1982 1441 2003 6
1459 1994 1489 1998 -
1509 1981 1638 2004 Curiositati
1656 1981 1806 2009 praeferenda
1822 1981 1877 2003 sim-

1315 2021 1403 2049 plicitas
1420 2021 1448 2043 69
1467 2021 1481 2042 5
1498 2033 1530 2037 -
1553 2021 1680 2043 declinatur
1697 2020 1775 2043 verbis
1791 2020 1879 2048 simpli-

1314 2060 1393 2087 cibus,
1410 2060 1526 2083 consuetis
1543 2062 1566 2082 et
1581 2059 1680 2082 rudibus
1697 2060 1725 2082 68
1744 2061 1756 2081 2
1779 2072 1810 2076 -
1827 2066 1878 2088 pro-

1316 2099 1407 2122 hibetur
1424 2100 1494 2122 variis
1510 2098 1710 2122 constitutionibus
1728 2098 1772 2121 452
1790 2098 1805 2121 b

1362 2139 1472 2162 CusToniA
1489 2151 1520 2155 —
1531 2139 1672 2167 vigilantiam
1690 2138 1789 2161 insinuat
1806 2140 1880 2166 pasto-

1315 2179 1386 2201 ralem
1405 2178 1449 2200 419
1467 2178 1495 2200 22
1536 2179 1542 2185 ”

1364 2217 1447 2240 Cusros
1464 2230 1493 2233 —
1509 2218 1599 2240 Nomen
1612 2217 1713 2240 custodis
1724 2220 1800 2240 actum
1813 2217 1877 2246 dicit,

1316 2263 1365 2279 non
1383 2257 1483 2285 gradum
1501 2256 1545 2279 427
1563 2257 1576 2279 4
1588 2269 1619 2273 —
1630 2257 1786 2279 Samaritanus
1803 2260 1880 2279 custos

1316 2296 1479 2324 interpretatur
1497 2296 1540 2318 418
1559 2297 1588 2318 22
1605 2309 1636 2312 -
1653 2297 1716 2324 Quae
1733 2296 1756 2318 in
1773 2296 1822 2318 eius
1837 2296 1879 2318 cle-

1315 2336 1390 2358 ctione
1407 2335 1551 2357 observanda
1568 2335 1614 2357 sint
1636 2335 1675 2357 461
1705 2341 1718 2356 a
1741 2347 1773 2351 —
1795 2334 1879 2357 habent

1316 2374 1492 2396 sollicitudinem
1511 2374 1629 2401 partialem
1647 2373 1677 2396 de
1688 2373 1773 2396 Ordine
1787 2373 1831 2396 447
1849 2374 1878 2396 36

1316 2425 1347 2429 —
1364 2412 1421 2441 ipsis
1438 2413 1564 2440 imponitur
1586 2413 1717 2440 procuratio
1739 2413 1880 2436 necessario-

1316 2458 1368 2474 rum
1386 2451 1430 2474 419
1449 2452 1478 2473 22
1495 2463 1526 2468 —-
1548 2451 1633 2474 debent
1652 2457 1731 2474 curam
1749 2458 1830 2479 gerere
1847 2453 1879 2474 in-

1317 2491 1436 2513 firmorum
1455 2490 1498 2512 418
1517 2491 1546 2513 22
1567 2502 1598 2507 -
1622 2491 1778 2518 dispensative
1795 2493 1879 2519 tempe-

1317 2535 1368 2552 rare
1385 2532 1482 2557 possunt
1498 2530 1598 2557 rigorem
1616 2530 1717 2557 Regulae
1740 2530 1783 2552 419
1802 2531 1830 2552 22
1848 2542 1879 2547 -

1316 2575 1363 2591 11011
1379 2569 1491 2591 5051111010
1504 2568 1600 2596 debent,
1612 2568 1742 2591 labefactari
1754 2569 1877 2597 puritatem

1316 2608 1407 2630 Ordinis
1427 2607 1480 2630 ibid.
1505 2619 1536 2624 —-
1556 2607 1652 2630 Nomine
1677 2607 1784 2631 Custodis
1809 2608 1878 2631 ctiam

1316 2647 1440 2669 Guardiani
1456 2647 1611 2674 intelliguntur
1627 2646 1681 2670 ibid.

1315 2919 1359 2942 486
1381 2920 1385 2942 1
1407 2932 1438 2936 —
1454 2920 1532 2942 nititur
1550 2919 1656 2942 fidelibus
1671 2919 1767 2943 obviare
1784 2921 1878 2944 latenter

1314 2958 1366 2981 ibid.
1384 2971 1415 2976 —
1433 2959 1540 2987 impedit,
1562 2966 1590 2981 ne
1613 2965 1704 2982 sursum
1728 2959 1780 2988 quis
1802 2966 1878 2983 ascen-

1313 2997 1352 3020 dat
1378 2998 1420 3021 117
1439 2998 1448 3021 t
1475 3010 1505 3014 —
1530 2997 1637 3021 libentius
1654 2998 1773 3021 insidiatur
1790 2999 1877 3022 meritis
