2133 3317
12 336 85 358 munda.

20 592 86 613 rania.

34 2007 93 2050 'iii-⁵121

543 206 740 235 OPUSCULUM
762 205 791 233 11.
813 205 984 234 SPECULUM
1005 205 1248 234 CONSClENTIAE.
1270 205 1337 234 CAP.
1360 206 1399 233 111.

172 285 215 310 42.
235 285 305 310 Circa
324 285 472 314 secundum,
492 285 585 309 scilicet
597 284 626 309 de
639 284 769 309 omissione
787 284 852 314 voti,
873 283 947 308 scien-

102 329 174 357 dum,
193 328 258 360 quod
276 329 363 353 votum
381 328 420 353 est
437 327 562 358 conceptio
582 327 690 351 melioris
718 326 839 357 propositi
867 333 921 351 cum
937 324 944 338 ¹

102 371 278 397 deliberatione
291 370 404 400 firmata;
424 371 449 395 et
467 370 543 394 talem
557 369 744 400 promissionem
763 369 856 400 absque
872 376 948 393 causa

102 415 141 440 vel
153 414 337 446 dispensatione
356 414 439 438 debita
461 413 574 438 omittere
596 413 672 437 habet
687 413 808 438 rationem
821 412 947 441 mortalis,

101 458 165 483 unde
190 457 270 482 David
284 456 307 482 ²:
339 457 428 482 Voveie
451 457 474 481 et
495 456 607 486 redditc,·
633 455 735 481 Glossa:
764 455 884 481 «Vovere
910 455 949 479 est

101 500 251 529 voluntatis,
272 500 313 524 sed
333 499 432 524 reddere
451 499 607 523 necessitatis
621 509 645 523 ».

171 543 214 568 43.
234 543 305 568 Circa
323 542 440 572 tertium,
461 542 553 567 scilicet
566 542 595 566 de
614 542 744 567 omissione
753 541 879 572 promissi
888 560 895 572 ,
908 547 949 565 no-

103 586 220 615 tandum,
240 585 305 617 quod
324 585 473 616 promissum
493 592 542 610 non
561 585 695 616 complere,
715 584 813 615 quando
836 583 874 609 est
893 584 949 608 sim-

105 629 161 661 plex
180 629 324 660 promissio,
343 629 391 653 nisi
411 628 578 659 compleatur,
599 627 727 659 peccatum
746 626 797 657 est,
817 627 865 652 nisi
884 626 950 651 adsit

105 671 307 703 impedimentum
325 671 464 703 legitimum
490 671 529 696 vel
548 671 615 695 iusta
643 678 718 695 causa
737 669 877 694 dimittendi
896 677 950 701 pro-

102 716 220 745 missum;
239 714 315 739 habet
333 715 417 739 autem
442 714 563 739 rationem
589 714 682 745 peccati
701 721 728 739 eo
747 713 832 744 modo,
853 720 901 744 quo
925 713 951 737 et

103 757 266 782 mendacium.
285 757 353 781 Tunc
367 757 431 781 enim
444 757 563 788 impletur
582 756 748 785 mendacium,
767 763 821 780 cum
841 763 890 780 non
908 756 950 780 im-

104 800 188 832 pletur
208 800 366 831 promissum.
391 799 466 824 Patet
489 800 582 831 igitur,
608 799 727 830 quomodo
752 798 836 829 potest
858 798 949 822 habere

102 843 223 868 rationem
243 843 374 872 mortalis,
403 843 532 874 quoniam,
553 842 618 867 sicut
637 841 804 871 mendacium,
832 841 897 872 quod
924 841 948 865 in

104 886 221 911 damnum
240 886 322 917 vergit
346 885 463 915 alterius,
486 885 561 909 habet
580 884 700 909 rationem
721 884 846 913 mortalis,
867 884 901 908 sic
925 884 950 908 et

103 928 226 954 frustrare
251 929 414 960 promisssum
438 935 493 953 00111
518 927 718 952 damnificatione
738 927 855 956 alterius,
875 927 904 951 ut
929 927 950 951 si

103 972 159 1003 quis
177 971 241 997 forte
260 971 393 1002 promittat
412 970 561 995 adiutorium
576 970 649 995 alicui
669 971 694 994 in
715 970 885 1001 prosecutione
904 969 951 993 ali-

102 1015 172 1039 cuius
191 1014 298 1045 negotii,
317 1014 342 1038 et
361 1013 518 1045 postmodum
537 1013 578 1037 ille
598 1012 750 1042 succumbit,
771 1012 809 1036 vel
834 1012 948 1036 notabili-

102 1057 142 1083 ter
154 1057 329 1082 damnificatur
341 1057 367 1082 in
380 1056 478 1088 negotio
492 1056 594 1087 propter
606 1055 727 1080 defectum
742 1055 865 1086 promissi.
875 1055 949 1084 Item,

102 1101 167 1126 circa
186 1100 232 1125 hoc
250 1100 375 1125 sciendum
394 1099 444 1129 est,
464 1099 528 1131 quod
553 1098 686 1123 secundum
709 1098 764 1122 iura
788 1098 826 1122 est
849 1098 951 1128 promis-

103 1144 154 1175 sio,
173 1143 306 1168 secuudum
326 1151 398 1175 quam
413 1142 530 1174 competit
546 1142 609 1167 actio
628 1142 652 1166 in
674 1142 726 1166 iure
739 1141 776 1166 illi
795 1141 834 1165 001
851 1140 881 1165 fit
894 1148 951 1172 pro-

103 1187 201 1216 missio,
220 1186 250 1211 ut
269 1193 323 1211 cum
337 1186 392 1218 quis
405 1185 482 1214 facto,
496 1185 535 1210 vel
548 1185 636 1215 verbo,
656 1185 694 1209 vel
708 1184 755 1209 fide
774 1184 896 1215 praestita
915 1191 951 1209 co-

104 1237 157 1254 ram
176 1229 247 1255 bonis
266 1237 292 1254 se
308 1229 403 1261 obligat
421 1229 452 1253 ad
480 1228 630 1260 implendum
655 1228 819 1259 promissum
848 1227 873 1251 et
891 1227 951 1252 tunc

104 1272 237 1298 seeundum
256 1272 378 1297 iustitiam
397 1272 546 1303 promissum
565 1271 664 1296 tenetur
686 1271 802 1302 implere,
825 1271 899 1296 aliter
917 1271 951 1295 di-

103 1316 169 1341 recte
188 1315 299 1340 faciendo
317 1315 404 1341 contra
423 1315 545 1339 iustitiam
566 1314 693 1345 peccatum
712 1314 817 1339 mortale
842 1314 950 1339 commit-

103 1359 176 1384 teret.
196 1359 227 1384 In
247 1358 376 1390 promissis
395 1358 493 1389 autem,
516 1365 578 1389 quae
597 1358 705 1388 vergunt
724 1358 749 1382 in
774 1357 950 1382 detrimentum

104 1401 209 1431 salutis,
228 1408 277 1426 non
296 1401 422 1432 obligatur
445 1401 508 1432 quis.
528 1400 597 1424 Unde
623 1399 735 1425 Isidorus
748 1398 772 1424 ³:
797 1409 809 1421 «
822 1399 853 1424 In
878 1399 950 1424 malis

104 1445 233 1476 promissis
252 1443 361 1469 rescinde
380 1443 466 1473 fidem,
486 1444 512 1468 in
531 1443 600 1474 turpi
616 1443 673 1468 voto
692 1443 763 1468 muta
790 1442 950 1468 decretum».

174 1488 217 1514 44.
231 1488 267 1512 De
280 1488 410 1513 omissione
424 1487 563 1512 iuramenti·
576 1486 621 1512 1100
634 1486 697 1511 idem
716 1486 857 1518 dicendum,
872 1486 949 1518 quod,

82 1531 169 1564 ..sicut
187 1531 230 1562 qui
248 1531 273 1555 in
291 1530 430 1555 iuramento
450 1529 588 1555 assertorio
608 1529 715 1560 peierat,
737 1530 821 1560 peccat
840 1529 949 1554 mortali-

104 1573 156 1604 ter,
176 1574 196 1599 si
214 1573 260 1599 hoc
279 1573 438 1598 deliberative
457 1572 533 1597 faciat
557 1572 582 1597 et
612 1580 638 1597 se
656 1573 738 1597 iurare
757 1572 887 1602 advertat;
912 1572 949 1597 ita

105 1616 179 1642 etiam
202 1617 244 1648 qui
271 1616 437 1641 iuramentum
460 1615 661 1646 promissorium
685 1615 779 1646 frangit
804 1615 856 1640 siue
875 1622 950 1640 causa

104 1660 168 1685 idem
186 1667 265 1692 genus
284 1660 371 1691 culpae
389 1659 502 1684 incurrit.

175 1702 218 1727 45.
239 1702 309 1727 Circa
333 1702 488 1727 omissionem
517 1709 574 1726 vero
598 1701 708 1726 iniuncti
735 1701 872 1726 notandum
897 1701 950 1731 est,

43 1747 49 1751 '
83 1745 170 1778 -quod
189 1745 366 1777 poenitentiam
393 1744 530 1769 iniunctam
559 1752 574 1769 a
599 1744 704 1769 discreto
732 1743 870 1769 confessore
897 1751 951 1768 con-

105 1788 215 1814 temnere
240 1788 265 1813 et
283 1789 336 1813 sine
354 1795 429 1812 causa
447 1788 532 1819 aliqua
554 1787 679 1811 dimittere
708 1787 800 1818 absque
825 1786 952 1818 dispensa-

105 1831 171 1857 tione
190 1830 288 1856 videtur
307 1830 398 1856 habere
417 1831 537 1855 rationem
557 1830 678 1855 mortalis.
704 1829 773 1854 Unde
792 1829 952 1861 Augustinus

105 1875 131 1899 in
149 1874 264 1906 Epistola
277 1874 300 1899 ⁴:
325 1884 337 1896 α
355 1873 425 1898 Nihil
450 1873 518 1898 aliud
537 1873 592 1905 agit
617 1874 658 1905 qui
677 1880 734 1897 vere
760 1872 883 1904 poenitet,
903 1873 951 1897 11131

105 1917 134 1942 ut
152 1917 177 1942 id
196 1917 260 1949 quod
279 1917 343 1942 male
361 1917 467 1946 fecerat,
486 1917 636 1948 impunitum
656 1924 706 1941 non
726 1916 793 1941 sinat
809 1926 833 1941 ».

176 1960 219 1985 46.
240 1960 310 1985 Circa
328 1960 482 1985 omissionem
503 1959 581 1984 debiti
598 1959 644 1985 hoc
663 1959 701 1984 est
718 1959 867 1989 notandum,
887 1959 952 1990 quod

106 2003 179 2028 homo
197 2003 269 2028 debet
287 2003 371 2034 aliqua
395 2003 424 2027 de
444 2003 499 2027 iure
521 2002 640 2027 naturali
659 2010 745 2034 agere,
765 2002 794 2027 ut
812 2001 890 2027 facere
910 2002 953 2026 alii

107 2046 171 2078 quod
190 2046 236 2071 sibi
255 2046 311 2071 vult
329 2045 397 2076 fieri;
416 2046 500 2077 aliqua
519 2046 547 2070 de
568 2046 622 2070 iure
641 2045 744 2076 divino,
766 2045 795 2070 ut
820 2045 953 2076 praecepta

106 2090 230 2121 decalogi3
249 2090 333 2121 aliqua
351 2089 380 2113 de
400 2089 455 2113 iure
468 2089 582 2120 positivo
601 2096 630 2113 ex
655 2087 800 2120 praecepto,
819 2088 848 2112 ut
877 2087 952 2113 semel

105 2133 131 2158 in
144 2140 209 2158 anno
222 2132 334 2158 confiteri
353 2132 453 2163 proprio
473 2131 593 2156 sacerdoti
605 2130 614 2142 ⁵
634 2131 659 2155 et
672 2131 696 2155 in
713 2130 806 2155 Pascha
819 2131 951 2155 communi-

106 2183 174 2205 care,
196 2176 244 2200 nisi
262 2183 290 2200 ex
308 2182 383 2200 causa
402 2174 514 2206 legitima
533 2174 690 2203 dimittatur;
704 2174 729 2198 et
742 2174 783 2198 ille
802 2174 844 2205 qui
870 2173 909 2198 est
927 2174 952 2198 in

107 2219 185 2244 sacris
203 2218 330 2244 ordinibus
353 2217 518 2246 constitutus,
547 2217 586 2242 vel
614 2217 758 2242 beneficium
786 2216 862 2241 habet
880 2216 952 2241 eccle-

108 2261 247 2291 siasticum,
267 2261 327 2291 11100
347 2261 446 2286 tenetur
465 2260 496 2285 ad
515 2260 597 2285 Horas
616 2261 747 2285 canonicas
765 2267 793 2284 ex
812 2260 952 2291 praecepto.

84 2317 92 2322 -
107 2319 144 2322 —
156 2304 226 2329 Circa
246 2304 353 2335 primum
368 2303 451 2328 autem
470 2303 495 2328 et
514 2303 645 2328 secundum
655 2322 661 2332 ,
675 2303 768 2328 scilicet
780 2303 809 2327 de
822 2303 953 2328 omissione

108 2347 171 2372 iuris
204 2346 337 2372 naturalis
370 2346 409 2371 vel
437 2346 535 2377 (livini,
563 2347 588 2370 in
620 2346 790 2377 prosecutione
819 2346 954 2377 praedicto-

81 2393 95 2408 '-
110 2397 165 2415 rum
184 2390 275 2415 dictum
296 2390 342 2415 est.
360 2403 396 2408 —-
414 2389 450 2414 De
474 2389 674 2420 transgressione
696 2396 739 2413 seu
768 2389 898 2414 omissione
916 2395 953 2413 eo-

110 2441 165 2459 rum
184 2440 246 2464 quae
265 2433 296 2457 ad
314 2433 353 2457 ius
369 2432 508 2463 positivum
527 2431 667 2463 pertinent,
687 2431 732 2456 1100
757 2431 881 2456 sciendum
900 2430 952 2461 est,

111 2476 175 2508 quod
194 2476 236 2508 qui
253 2477 292 2501 ius
320 2474 455 2507 positivum
483 2475 589 2499 scienter
617 2474 724 2504 omittit,
754 2475 775 2499 si
802 2474 869 2499 istud
883 2472 893 2486 ³
921 2474 954 2498 sit

112 2518 322 2551 praeceptorium,
341 2518 482 2543 inobediens
506 2518 545 2542 est
570 2517 595 2542 et
614 2517 698 2549 peccat
717 2517 870 2547 mortalitem
890 2517 954 2541 unde

1792 206 1844 234 641

1004 283 1048 307 illa
1067 291 1128 315 quae
1147 283 1287 308 immediate
1312 291 1389 315 supra
1407 284 1473 308 dicta
1498 284 1571 313 sunt,
1591 291 1653 315 quae
1671 284 1703 308 ad
1722 284 1761 308 ius
1786 284 1848 314 posi-

1004 326 1083 350 tivum
1104 326 1230 358 pertinent
1248 327 1273 351 et
1296 326 1390 351 habent
1408 327 1529 351 rationem
1549 327 1699 358 praecepti,
1721 326 1845 350 dimittere

1005 368 1132 400 peccatum
1145 369 1250 394 mortale
1268 369 1399 394 iudicatur.
1413 369 1448 394 De
1467 369 1506 394 his
1522 376 1591 399 vero,
1606 376 1668 400 quae
1681 369 1711 393 ad
1728 368 1848 400 Officium

1005 412 1120 436 divinum
1135 412 1275 443 specialiter
1295 412 1432 443 pertinent,
1452 413 1490 437 est
1508 412 1657 442 notandum,
1677 412 1741 444 quod
1760 412 1784 436 in
1804 412 1849 437 hoc

1005 455 1177 486 multipliciter
1196 455 1326 486 peccatur,
1352 455 1445 480 scilicet
1463 455 1563 480 dicendo
1582 455 1695 480 Officium
1714 455 1824 480 divinum
1838 453 1846 467 ⁷

1006 497 1142 528 inattente,
1162 496 1286 528 indevote,
1305 499 1379 522 extra
1397 497 1503 528 horam,
1524 499 1642 529 corrupte
1667 499 1690 522 et
1715 498 1848 523 diminute.

1005 540 1036 564 In
1055 540 1094 564 his
1112 540 1195 565 autem
1214 547 1263 565 non
1282 540 1353 565 facile
1372 540 1411 565 est
1423 541 1580 565 iudicandum
1599 540 1718 570 mortale,
1738 541 1785 565 nisi
1804 540 1849 565 1100

1006 583 1136 614 proveniat
1154 591 1183 608 ex
1207 583 1358 614 contemptu.
1387 583 1536 614 Simpliciter
1555 583 1638 608 autem
1658 583 1783 608 dimittere
1806 582 1850 613 Of-

1005 625 1092 656 ficium
1110 625 1135 650 in
1155 625 1268 651 ordinato
1293 626 1318 650 in
1350 626 1443 655 sacris,
1463 626 1488 650 in
1507 626 1621 657 religioso
1641 626 1727 651 clerico
1751 626 1776 650 et
1796 632 1851 657 pro-

1006 668 1084 698 fesso,
1112 669 1137 693 in
1161 668 1305 693 beneficiato
1328 669 1353 693 in
1372 669 1474 693 ecclesia
1498 668 1603 693 mortale
1629 669 1791 694 communiter
1816 669 1849 693 iu-

1006 711 1111 736 dicatur.

1076 754 1119 779 47.
1139 754 1209 779 Circa
1227 755 1383 780 omissionem
1402 755 1507 779 utilium
1520 755 1555 780 acl
1572 755 1682 780 salutem
1700 755 1745 780 1100
1763 755 1851 780 notare

1007 804 1150 828 possumus,
1171 797 1236 828 quod
1254 797 1358 829 quilibet
1376 797 1449 822 utilia
1470 797 1545 822 saluti
1565 798 1665 822 tenetur
1687 805 1812 829 quaerere,
1826 798 1851 822 et

1006 840 1110 864 maxime
1129 840 1186 869 illa,
1207 840 1259 865 sine
1278 840 1367 871 quibus
1386 847 1434 865 non
1455 840 1537 871 potest
1556 841 1611 872 quis
1624 840 1714 865 habere
1735 841 1851 872 cognitio-

1006 891 1061 908 nem
1081 884 1180 908 illorum
1200 891 1261 914 quae
1281 884 1341 908 sunt
1359 883 1498 908 necessaria
1523 883 1554 908 ad
1577 884 1691 908 salutem.
1711 884 1780 909 Unde
1803 892 1852 908 ma-

1006 927 1097 951 ximum
1117 926 1166 955 est,
1187 926 1250 958 quod
1270 926 1312 951 1110
1331 927 1373 957 (101
1392 933 1517 951 sermones
1546 927 1571 951 et
1599 927 1745 952 monitiones
1770 928 1795 951 et
1813 934 1852 952 so-

1006 969 1121 994 cietatem
1149 969 1267 994 bonorum
1296 969 1374 993 evitat
1392 969 1439 994 hac
1467 969 1616 999 intentione,
1645 977 1675 994 110
1695 970 1787 995 scilicet
1806 970 1852 995 hac

1007 1012 1131 1036 occasione
1145 1011 1273 1036 moveatur
1292 1011 1323 1036 ad
1342 1012 1444 1041 bonum,
1465 1012 1502 1036 vel
1516 1012 1545 1036 ut
1564 1012 1728 1043 cognitionem
1742 1011 1751 1024 ⁵
1765 1020 1849 1037 eorum

1006 1062 1055 1079 non
1074 1054 1179 1084 habeat,
1199 1062 1261 1086 quae
1273 1055 1413 1079 necessaria
1426 1055 1486 1079 sunt
1499 1055 1574 1079 saluti
1595 1055 1632 1079 vel
1650 1055 1736 1085 utilia,
1756 1055 1851 1080 resistit

1007 1097 1110 1128 Spiritui
1129 1097 1215 1122 sancto
1228 1098 1253 1122 et
1265 1097 1361 1129 gratiae
1379 1097 1423 1122 Dei
1442 1097 1467 1122 et
1485 1105 1514 1122 ex
1532 1097 1577 1123 hoc
1596 1098 1736 1123 mortaliter
1756 1099 1852 1130 peccat,

1007 1140 1094 1171 utpote
1113 1141 1154 1171 qui
1173 1148 1243 1165 suam
1263 1140 1369 1165 salutem
1389 1141 1533 1165 contemnit.

1078 1182 1121 1207 48.
1140 1183 1265 1207 Secundus
1284 1190 1380 1213 ramus,
1400 1184 1442 1214 qui
1461 1191 1489 1208 ex
1508 1183 1661 1215 negligentia
1680 1184 1803 1215 procedit,
1823 1185 1852 1209 ut

1007 1226 1099 1251 dictum
1119 1226 1158 1251 est
1171 1224 1188 1255 ⁹,
1208 1226 1247 1251 est
1266 1226 1430 1258 iqnoram‘ia,
1453 1226 1586 1251 secundum
1613 1227 1677 1258 quod
1702 1227 1785 1258 potest
1810 1227 1851 1252 ha-

1007 1269 1064 1294 bere
1083 1269 1204 1294 rationem
1223 1269 1325 1300 peccati.
1344 1269 1394 1294 Illa
1412 1269 1476 1294 enim
1496 1269 1638 1300 ignorantia
1658 1270 1740 1301 potest
1761 1270 1852 1295 habere

1006 1313 1128 1338 rationem
1148 1312 1255 1343 peccati,
1274 1319 1336 1343 quae
1355 1320 1384 1337 ex
1406 1312 1560 1343 negligentia
1581 1313 1685 1337 oriatur.
1706 1313 1775 1338 Unde
1801 1313 1849 1338 Au·

1006 1356 1124 1388 gustinus
1143 1355 1171 1380 de
1190 1355 1290 1380 Natura
1309 1356 1334 1380 et
1352 1356 1435 1387 gratia
1450 1354 1483 1380 ¹⁰:
1508 1366 1520 1377 κ
1533 1355 1590 1380 Non
1610 1355 1654 1380 tibi
1674 1356 1810 1387 deputatur
1822 1356 1854 1380 ad

1006 1399 1106 1430 culpam
1125 1398 1189 1430 quod
1207 1398 1302 1423 invitus
1327 1398 1441 1429 ignoras,
1462 1398 1503 1423 sed
1525 1399 1589 1429 quod
1608 1399 1714 1430 negligis
1736 1407 1854 1430 quaerere

1007 1442 1071 1474 quod
1090 1442 1190 1473 ignoras
1204 1451 1228 1465 ».
1248 1441 1317 1466 Unde
1340 1442 1382 1472 qui
1401 1441 1430 1466 de
1449 1441 1530 1465 salute
1557 1449 1602 1466 sua
1621 1441 1727 1473 diligens
1752 1442 1790 1466 est
1809 1449 1852 1473 per

1006 1484 1174 1516 ignorantiam
1193 1484 1306 1508 damnari
1325 1491 1373 1509 non
1394 1483 1490 1515 potest,
1510 1484 1582 1515 quia,
1603 1484 1623 1508 si
1642 1484 1666 1508 in
1686 1491 1713 1509 eo
1738 1485 1853 1516 ignoran-

1007 1528 1042 1552 tia
1062 1527 1141 1557 esset,
1165 1527 1314 1552 invincibilis
1339 1527 1417 1556 esset,
1444 1534 1506 1558 quae
1526 1527 1627 1551 excusat
1652 1528 1759 1552 omnino.
1778 1527 1853 1559 Igno-

1006 1570 1090 1595 rantia
1109 1570 1198 1601 igitur,
1218 1577 1280 1601 quae
1304 1569 1429 1600 peccatum
1455 1569 1505 1599 est,
1525 1577 1553 1594 ex
1579 1569 1732 1601 negligentia
1756 1570 1852 1600 oritur3

1006 1621 1068 1646 quae
1096 1613 1227 1644 multiplex
1255 1613 1338 1644 potest
1365 1620 1430 1642 esse,
1450 1612 1543 1637 scilicet
1570 1612 1713 1644 ignorantia
1738 1612 1802 1642 facti
1830 1613 1855 1638 et

1007 1657 1080 1682 iuris.

1076 1699 1119 1724 49.
1140 1699 1210 1724 Circa
1228 1698 1395 1730 ignorantiam
1418 1697 1481 1728 facti
1502 1698 1576 1726 nota,
1602 1698 1665 1729 quod
1686 1698 1745 1723 tunc
1763 1698 1854 1723 dicitur

1007 1750 1060 1767 esse
1078 1742 1142 1772 facti
1161 1742 1323 1774 iynorantia,
1344 1741 1442 1772 quando
1460 1741 1551 1772 aliquis
1570 1740 1629 1765 facit
1648 1741 1740 1766 factum
1760 1742 1853 1766 malum

1007 1794 1036 1811 ex
1054 1793 1143 1817 genere
1170 1785 1195 1810 et
1223 1784 1336 1816 ignorat,
1356 1784 1420 1816 quod
1448 1784 1499 1809 tale
1518 1784 1611 1809 factum
1632 1784 1718 1814 faciat,
1747 1784 1776 1809 de
1804 1792 1851 1816 qno

1008 1829 1091 1854 tamen
1111 1828 1192 1860 novit,
1212 1828 1276 1860 quod
1296 1828 1422 1859 peccatum
1442 1828 1494 1857 est,
1514 1828 1543 1852 ut
1562 1828 1582 1852 si
1601 1827 1657 1859 quis
1675 1827 1760 1852 credat
1779 1828 1853 1853 iuter-

1008 1872 1080 1897 ficere
1099 1872 1176 1897 feram
1196 1871 1221 1896 et
1239 1871 1373 1896 interficiat
1391 1870 1531 1899 hominem,
1551 1871 1589 1895 vel
1609 1870 1687 1895 credit
1704 1878 1850 1902 cognoscere

1009 1923 1079 1940 suam
1098 1915 1123 1940 et
1150 1914 1275 1946 cognoscit
1302 1921 1351 1939 uon
1371 1921 1455 1942 suam,
1474 1913 1500 1938 et
1528 1914 1552 1937 in
1577 1913 1622 1938 hoc
1641 1921 1699 1938 casu
1719 1914 1853 1939 secundum

1008 1958 1107 1983 modum
1125 1957 1291 1988 negligentiae
1311 1956 1394 1988 potest
1412 1956 1446 1980 ibi
1473 1963 1526 1981 esse
1546 1956 1682 1987 peccatum.
1701 1956 1726 1980 Si
1745 1957 1809 1981 enim
1828 1957 1854 1980 in

1008 2001 1054 2026 hoc
1072 2008 1131 2025 casu
1150 2007 1198 2025 nou
1217 2000 1322 2031 apponit
1340 2000 1449 2031 aliquam
1476 1999 1646 2031 diligentiam,
1674 2006 1748 2030 quam
1767 1999 1852 2028 debet3

1008 2044 1044 2069 ita
1064 2043 1156 2075 poterit
1174 2051 1227 2068 esse
1247 2050 1336 2067 crassa
1354 2042 1521 2074 negligentia,
1542 2042 1606 2074 quod
1626 2050 1675 2067 non
1694 2042 1821 2067 excusabit
1839 2050 1854 2067 a

1009 2086 1117 2118 peccato.
1136 2086 1207 2111 Unde
1224 2085 1344 2115 Lamech,
1364 2085 1405 2116 qui
1426 2085 1525 2116 putavit
1549 2085 1656 2110 occidere
1676 2084 1752 2109 feram
1772 2085 1797 2109 et
1815 2092 1855 2110 oc-

1009 2130 1068 2155 cidit
1087 2128 1188 2158 Cain¹¹,
1206 2136 1255 2154 non
1275 2128 1414 2153 excusatur.

1080 2172 1122 2196 50.
1143 2172 1213 2197 Circa
1232 2171 1399 2203 ignorantiam
1429 2171 1493 2195 iuris
1520 2171 1594 2200 nota,
1613 2171 1677 2202 quod
1695 2171 1734 2195 est
1753 2171 1792 2195 ius
1809 2178 1853 2195 na-

1010 2215 1102 2246 turale,
1117 2215 1231 2239 divinum
1250 2214 1275 2239 et
1291 2214 1439 2245 positivum.
1460 2213 1530 2238 Circa
1549 2214 1717 2245 ignorantiam
1731 2214 1792 2238 iuris
1811 2221 1853 2238 na-

1010 2258 1103 2284 turalis
1122 2258 1193 2287 nota,
1213 2257 1277 2289 quod
1294 2257 1379 2282 nullus
1398 2256 1543 2286 excusatur,
1563 2257 1622 2288 quin
1642 2257 1725 2288 peccet
1743 2256 1853 2281 faciendo

1009 2302 1096 2327 contra
1114 2301 1193 2332 legem
1212 2300 1362 2325 naturalem.
1382 2300 1428 2325 Hic
1453 2299 1536 2324 autem
1566 2300 1604 2324 ius
1623 2299 1739 2324 naturale
1758 2307 1801 2324 seu
1819 2299 1854 2324 le-

1009 2352 1064 2376 gem
1084 2343 1224 2369 naturalem
1243 2343 1342 2375 appello
1362 2343 1439 2374 illud,
1453 2343 1484 2367 ad
1504 2343 1573 2367 cuius
1587 2342 1751 2373 cognitionem
1771 2342 1854 2373 potest

1009 2387 1082 2412 homo
1101 2394 1144 2418 per
1162 2386 1289 2416 naturalia
1307 2386 1438 2417 attingere.
1461 2385 1565 2410 Constat
1578 2385 1656 2415 enim,
1671 2385 1734 2416 qnod
1748 2385 1790 2416 qui
1803 2385 1853 2409 tale

1010 2430 1068 2462 quid
1087 2429 1201 2461 ignorat,
1227 2428 1272 2453 1100
1295 2429 1316 2453 01
1335 2435 1363 2453 ex
1388 2427 1542 2459 negligentia
1561 2427 1692 2459 contingit.
1720 2442 1755 2445 ——
1783 2427 1854 2452 Circa

1010 2473 1178 2505 ignorantiam
1197 2472 1259 2496 iuris
1278 2471 1360 2496 divini
1367 2491 1374 2503 ,
1394 2471 1486 2496 scilicet
1505 2471 1679 2495 mandatorum
1699 2471 1809 2502 decalogi
1829 2471 1854 2495 et

1010 2516 1172 2541 articulorum
1185 2514 1252 2544 fidei,
1266 2514 1403 2539 notandum
1422 2514 1473 2543 est,
1492 2513 1556 2545 quod
1575 2513 1635 2538 haec
1653 2513 1796 2545 ignorantia
1815 2513 1853 2538 est

176 2724 180 2738 ¹
200 2724 250 2746 vat.
267 2722 345 2745 animi
360 2729 402 2751 pro
419 2728 481 2745 cnm.

173 2754 182 2767 ²
199 2755 280 2777 Psalm.
297 2754 341 2781 75,
362 2755 394 2776 12.
412 2754 490 2776 Glossa
509 2753 543 2775 illa
556 2757 589 2775 est
602 2753 659 2775 Petri
672 2752 796 2775 Lombardi
808 2753 831 2774 in
843 2754 905 2775 hunc
922 2753 952 2775 lo-

112 2792 164 2809 cum
182 2790 257 2808 sunna
275 2792 301 2808 ex
318 2786 423 2813 August,
441 2785 508 2813 Epist
539 2784 589 2807 127.
607 2785 670 2809 (alias
688 2784 733 2812 45.)
752 2791 773 2806 n.
791 2785 812 2806 8.
830 2784 874 2806 Csr.
896 2787 950 2806 10111.

112 2818 148 2840 ῃ.
165 2816 498 2875 ¹galila!ll,Snyonttfflmssinor-nm,
511 2853 533 2869 n.
542 2846 579 2868 58.
589 2846 639 2875 (cfr.
652 2852 721 2874 supra
735 2852 787 2874 pag.
799 2846 853 2874 634,
865 2848 917 2868 nota
930 2846 951 2868 2.

173 2879 183 2892 ⁴
201 2880 269 2907 Epist.
292 2879 341 2901 153.
359 2879 423 2907 (alias
440 2877 487 2906 54.)
505 2884 523 2900 0.
543 2878 563 2899 3.
581 2884 603 2899 n.
622 2878 642 2899 6.

174 2909 183 2922 ⁶
200 2911 223 2933 ln
242 2911 293 2933 Vat.
309 2910 413 2932 additur:
427 2909 451 2931 id
466 2910 507 2937 esc,
524 2908 560 2931 illi
576 2907 618 2938 qui
626 2909 702 2937 potest
716 2907 837 2931 absolvere
850 2909 872 2930 et
882 2907 953 2931 semel

113 2942 136 2965 in
153 2948 230 2970 (tnnc,
247 2941 347 2969 scilicet,
364 2944 385 2963 et
403 2941 514 2962 omittitur
531 2941 558 2963 et.

175 2972 184 2986 ‘¹
203 2973 253 2995 νει.
270 2971 293 2995 id
310 2972 346 2995 ius
364 2978 406 3000 pro
423 2971 498 2999 istud,
517 2974 539 2993 et
563 2970 647 2993 deinde
671 2970 753 2993 omittit
769 2969 901 2993 immediate
918 2976 954 2993 sn-

108 3010 154 3034 pra
173 3003 234 3027 dicta
250 3004 314 3031 sunl,
332 3009 399 3032 quae.
418 3003 449 3025 Dc
466 3002 565 3025 diversis
583 3001 675 3024 ini-ilius
693 3001 747 3023 vide
764 3001 820 3023 insi-a
838 3008 859 3023 n.
877 3001 914 3024 50.

203 3050 230 3074 S.
241 3051 331 3073 Bonuv.
342 3062 372 3066 —
383 3050 452 3072 Toni.
464 3050 519 3071 Vlll.

1071 2720 1080 2733 ⁷
1099 2721 1148 2742 Vat.
1166 2720 1249 2741 omittit
1266 2718 1384 2745 divinum,
1402 2722 1424 2740 01,
1442 2718 1510 2746 paulo
1528 2721 1579 2745 post
1601 2724 1642 2745 pro
1662 2718 1687 2740 ln
1712 2717 1747 2740 liis
1773 2718 1852 2739 aulem

1009 2752 1075 2774 habel
1094 2750 1150 2774 Inde
1167 2752 1251 2773 lumen.

1071 2782 1080 2794 Β
1099 2783 1148 2804 Vm.
1167 2787 1287 2810 perperam
1306 2780 1469 2810 cognititionem
1488 2787 1529 2808 pro
1547 2779 1710 2809 cnynillonem.

1070 2812 1080 2825 ⁹
1098 2814 1171 2841 Supra
1190 2820 1212 2835 n.
1228 2812 1265 2835 41.
1281 2825 1311 2828 —
1329 2812 1422 2834 iuferius
1435 2818 1476 2839 pro
1489 2811 1533 2834 lllrt
1545 2811 1607 2834 enim
1620 2810 1779 2840 iynorunliu...
1793 2817 1852 2839 quae

1011 2845 1060 2867 Val.
1079 2844 1152 2868 Nulla
1169 2842 1330 2873 mum-antia...
1348 2842 1400 2865 nisi.

1073 2874 1092 2888 ¹⁰
1109 2875 1164 2903 Cap.
1182 2875 1219 2897 67.
1236 2881 1258 2897 n.
1276 2875 1318 2901 81,
1337 2874 1374 2896 uhi
1392 2874 1443 2896 0011.
1466 2877 1487 2896 et
1504 2874 1540 2895 ed.
1563 2874 1567 2895 1
1592 2880 1633 2901 pro
1651 2872 1737 2896 invitus
1756 2872 1853 2901 imzoras

1010 2907 1095 2929 liabent
1112 2906 1199 2929 invitas
1218 2905 1282 2929 vadis
1300 2905 1331 2928 «ul
1347 2905 1452 2934 culmine,
1472 2908 1494 2927 01
1511 2905 1594 2927 11011010
1611 2904 1712 2927 salutem
1730 2910 1771 2932 pro
1789 2903 1852 2933 qnod

1010 2938 1116 2967 iynorns.

1076 2968 1091 2983 ¹¹
1111 2970 1165 2991 Gen.
1185 2968 1205 2996 ι1,
1224 2969 1260 2990 23.
1278 2967 1323 2990 Csr.
1340 2968 1417 2989 Glossn
1436 2966 1559 2989 ordinaria
1577 2967 1638 2995 apud
1658 2967 1779 2994 Lyrnnum,
1793 2972 1853 2995 quac

1012 3001 1079 3022 refert
1096 3000 1156 3022 illum
1175 2998 1331 3022 Hebraeorum
1350 2999 1502 3021 traditionem.

1729 3045 1752 3065 81

1868 754 1958 778 Septima.

1866 1186 1892 1205 De
1904 1187 1990 1213 ignoran-

1911 1212 1944 1228 na.

1871 1616 1903 1634 Est
1915 1615 1991 1639 duplex.

1878 1702 1983 1725 Ignorantia

1904 1726 1955 1744 sacti.

1872 2174 1923 2195 ilem,
1938 2173 1984 2192 iuris

1887 2197 1972 2220 triplicis.

1870 2221 1940 2239 Prima.

1871 2430 1963 2449 Secunda.
