2133 3317
1 683 101 760 ἰἒεἪὲῑ

16 762 34 776 ss·

19 1221 51 1242 tn.
62 1224 90 1238 re-

16 1248 35 1263 1'0
50 1248 96 1262 11101·-

32 1266 54 1286 de
65 1271 84 1285 se

15 1289 96 1314 inperfe-

20 1315 61 1332 mm.

585 203 782 232 OPUSCULUM
802 204 844 232 XI.
867 204 1027 234 APOLOGIA
1051 205 1230 234 PAUPERUM.
1252 207 1320 235 CAP.
1343 207 1384 235 tv.

117 281 150 311 ad
171 281 309 310 Christum
331 280 478 317 praecipue
499 279 636 308 salvandis
656 280 821 309 conveniens
842 281 868 309 in
885 285 958 310 statu

117 327 268 365 praesentis
288 326 415 355 miseriae
435 326 586 354 attenditur
608 326 760 355 secundum
785 327 958 356 assimilatio-

117 381 178 403 nem
199 374 226 402 in
247 373 372 410 passione
387 376 413 401 et
427 375 531 406 morte,
547 373 627 401 Petro
640 374 649 389 ¹
663 375 825 407 attestante,
841 374 888 410 qui
903 374 956 402 ait:

117 419 250 449 Clu-istus
276 428 331 456 pro
358 418 440 447 uobis
466 427 574 456 passus
602 423 658 453 est,
686 418 766 448 vobis
793 419 958 457 relinquens

116 466 293 503 exemptum,
315 468 348 493 ut
366 465 534 503 sequamini
553 465 674 503 vestiyia
695 466 777 494 eius:
799 466 851 494 hoc
873 466 957 503 igitur

115 516 167 546 est,
181 512 215 541 ad
229 511 304 549 quod
324 511 499 540 inclinatione
515 512 663 548 praecipua
677 512 813 549 perfectae
835 512 957 541 car'ttatis

115 559 196 588 ardor
217 558 383 592 inflammat,
405 558 486 587 iuxta
506 558 574 587 illud
595 558 790 587 Canticorum:
806 559 904 587 Fortis
918 562 957 587 est

116 609 147 634 ut
166 613 246 634 mors
267 605 396 639 ditectio,
418 605 499 633 (tura
519 605 594 634 sicut
619 604 755 642 infernus
783 605 956 639 aemulatio,

117 652 265 689 tampades
285 651 348 680 etus
369 652 520 689 tampades
540 652 618 689 tynis
645 656 731 690 atque
754 652 955 689 flammarum.

115 714 152 720 —
173 698 245 727 Idem
267 698 446 727 nihilominus
467 706 559 732 amor,
575 701 606 727 ut
620 698 685 727 dicit
706 699 897 733 Richardus2,
916 702 957 728 est

115 745 159 774 vis
189 744 346 773 liberaliter
377 744 526 782 diffusiva.
558 745 608 774 Ubi
640 745 724 782 igitur
750 745 888 782 perfectus
916 749 956 774 est

113 800 207 826 amor,
228 791 265 820 ibi
286 795 314 820 et
334 791 455 828 perfecta
475 792 585 820 diffusio
613 792 655 821 vel
676 795 755 826 actu,
777 792 798 821 si
823 796 956 829 opportu-

113 839 183 867 nitas
203 838 295 872 adest,
318 839 360 867 vel
381 838 404 867 si
425 846 478 866 non
497 838 589 872 adest,
605 838 701 867 saltem
715 838 851 867 desiderio
866 839 954 875 pleno.

112 885 180 914 Cum
194 885 279 922 igitur
295 885 405 913 traditio
419 885 462 914 sui
477 885 505 913 in
519 888 637 914 mortem
659 893 710 921 pro
731 885 849 914 alicuius
862 893 956 914 amore

111 931 146 961 sit
168 931 321 960 diffusionis
346 931 550 968 permaximae,
579 939 690 960 necesse
717 935 773 966 est,
802 931 954 968 perfectum

110 978 231 1007 caritatis
251 985 374 1006 amorem
394 978 428 1006 ad
459 978 485 1006 id
516 978 655 1014 aspirare,
676 978 757 1007 iuxta
784 978 858 1015 quod
889 978 956 1007 dici-

111 1027 157 1053 tur
178 1024 204 1052 in
227 1024 324 1052 Ioanne
335 1024 362 1052 ³:
380 1024 521 1053 Maiorem
539 1023 594 1053 hac
615 1024 792 1053 ditectionem
805 1024 955 1053 ’1101110110-

110 1070 167 1105 bet,
191 1074 221 1098 ut
242 1071 375 1099 animam
396 1079 484 1099 suam
502 1075 596 1108 ponat
614 1071 679 1109 quis
692 1080 748 1108 pro
763 1071 867 1099 caizz'cis
881 1071 953 1100 suis.

190 1117 216 1146 3.
238 1118 352 1146 Mortem
374 1118 466 1154 itaque
487 1125 538 1154 pro
559 1118 668 1146 Christo
682 1118 856 1152 desiderare,
871 1118 953 1146 morti

110 1171 140 1193 se
159 1171 211 1200 pro
231 1164 340 1192 Christo
361 1171 502 1201 exponere
523 1167 550 1193 et
570 1164 597 1192 in
620 1164 717 1192 mortis
732 1172 818 1200 agone
833 1164 954 1201 gaudere

110 1213 188 1239 actus
209 1213 250 1239 est
271 1210 393 1239 caritatis
407 1210 552 1247 perfectae.
570 1211 670 1245 Porro,
686 1214 805 1239 mortem
820 1210 954 1248 refuyere

111 1260 189 1286 actus
209 1260 251 1286 est
271 1257 500 1294 imperfectionis,
523 1261 659 1295 quantum
679 1257 713 1286 de
734 1265 763 1286 se
783 1260 842 1291 est;
865 1260 954 1294 potest

111 1307 200 1333 tamen
232 1304 266 1332 ad
298 1304 491 1340 perfectionem
521 1304 615 1333 reduci
644 1312 693 1340 per
718 1304 951 1333 circumstantiam

109 1350 329 1387 superadditam,
344 1350 415 1379 sicut
429 1350 643 1379 determinatum
658 1352 699 1379 est
714 1358 799 1387 supra
810 1351 837 1384 ’π
856 1353 952 1387 utpote

108 1404 171 1426 cum
198 1397 262 1433 quis
289 1397 341 1425 hoc
362 1396 439 1430 facit,
461 1399 493 1425 ut
513 1404 542 1425 se
565 1401 687 1425 reservet
707 1396 741 1424 ad
762 1396 951 1433 gloriosiorem

108 1443 297 1480 triumphum,
328 1443 400 1472 sicut
421 1442 489 1479 fugit
511 1443 670 1479 Apostolus,
693 1442 735 1471 vel
757 1450 820 1471 cum
841 1442 868 1471 id
896 1442 951 1479 agit

106 1489 140 1518 ad
154 1489 342 1526 praebendum
358 1489 475 1518 infirmis
490 1489 547 1526 spei
561 1489 705 1523 solatium,
717 1497 767 1523 ne,
779 1489 844 1517 dum
861 1492 950 1517 morte

106 1535 266 1564 imminente
295 1535 433 1572 trepidare
458 1543 487 1564 se
508 1535 647 1569 sentiunt,
676 1535 703 1563 in
730 1535 949 1571 desperationem

106 1582 243 1611 labantur.
265 1582 297 1610 Et
318 1583 369 1611 hac
391 1582 497 1611 ratione
518 1582 620 1619 fugisse
641 1581 796 1611 credendus
816 1585 858 1610 est
871 1581 951 1610 Chri-

106 1632 180 1663 stus,
203 1637 258 1657 non
279 1637 316 1658 ex
342 1629 515 1658 vehementia
543 1629 666 1663 timoris,
694 1628 741 1657 sed
769 1636 805 1657 ex
834 1629 951 1665 benigna

106 1675 334 1705 condescensione
362 1675 575 1712 perfectissimae
604 1675 740 1709 caritatis,
770 1675 850 1703 iuxta
877 1674 950 1711 quod

86 1745 90 1750 .
107 1722 172 1751 dicit
185 1722 354 1759 Augustinus
369 1730 453 1759 super
469 1722 595 1750 Ioannem
611 1721 723 1750 homilia
738 1721 908 1758 sexagesima
920 1721 930 1738 ⁵
944 1732 949 1749 :

111 1780 126 1795 α
139 1769 299 1798 Firmissimi
320 1772 386 1797 sunt
407 1768 570 1802 Christiani,
589 1768 610 1797 si
626 1768 674 1805 qui
689 1771 769 1802 sunt,
784 1768 831 1805 qui
847 1775 950 1804 nequa-

106 1823 190 1853 quam
211 1818 300 1844 morte
315 1815 476 1844 imminente
491 1815 650 1844 turbantur.
666 1815 717 1843 Sed
731 1814 857 1851 nunquid
872 1814 950 1843 Chri-

107 1865 148 1891 sto
168 1862 330 1891 firmiores?
352 1862 419 1898 Quis
440 1862 492 1890 hoc
514 1862 706 1890 insanissimus
726 1861 854 1890 dixerit?
879 1860 950 1897 Quid

106 1912 148 1938 est
167 1916 249 1946 ergo,
270 1909 345 1946 quod
365 1909 411 1937 ille
432 1908 562 1937 turbatus
583 1911 644 1937 est?
665 1908 716 1937 nisi
739 1907 805 1945 quia
826 1908 950 1936 infirmos

105 1955 133 1984 in
154 1963 205 1984 suo
226 1963 357 1992 corpore,
379 1955 406 1984 id
427 1958 469 1984 est
489 1955 516 1983 in
539 1955 672 1989 Ecclesia,
695 1962 761 1983 suae
782 1953 950 1982 infirmitatis

105 2002 261 2031 voluntaria
281 2002 449 2031 assumtione
470 2002 627 2031 consolatus
648 2004 704 2036 est,
723 2005 770 2036 ut,
786 2001 870 2038 siqui
886 2009 949 2029 suo-

105 2057 167 2078 rum
190 2052 278 2078 morte
300 2049 459 2078 imminente
481 2049 648 2083 turbantur,
674 2049 765 2086 ipsum
793 2048 821 2076 in
849 2048 949 2084 spiritu

105 2095 281 2130 intueantur,
302 2103 352 2130 ne,
374 2096 426 2124 hoc
447 2096 506 2132 ipso
528 2103 556 2124 se
577 2098 706 2132 putantes
728 2095 877 2132 reprobos,
902 2102 949 2131 pe-

104 2142 162 2171 iore
182 2142 381 2179 desperationis
403 2145 490 2171 morte
511 2142 712 2171 absorbeantur
728 2154 753 2170 ».
773 2142 843 2170 Haec
857 2142 948 2178 Augu-

104 2189 202 2218 stinus.
223 2189 330 2225 Quibus
351 2189 412 2217 luce
433 2189 535 2217 clarius
556 2188 728 2222 ostenditur,
750 2188 824 2225 quod
839 2188 866 2216 in
878 2196 947 2224 pas-

102 2235 183 2264 sione
204 2235 365 2273 trepidare,
386 2243 555 2272 quamquam
574 2235 608 2264 sit
623 2235 828 2272 imperfectum,
843 2234 946 2263 nullam

1803 210 1860 240 253

1018 286 1107 311 tamen
1130 283 1157 311 in
1179 283 1288 312 Christo
1309 285 1543 314 condescendente
1563 286 1796 322 imperfectionem
1812 295 1860 324 po—

1016 328 1072 362 nit,
1094 329 1141 358 sed
1162 329 1189 357 111
1211 330 1250 358 015
1271 330 1377 364 501001,
1398 331 1501 368 quibus
1522 331 1579 368 ipse
1600 331 1800 361 condescendit.

1092 375 1118 403 lt.
1141 375 1271 405 Similiter
1292 377 1373 405 etiam
1394 378 1427 406 de
1448 377 1524 415 fuya
1545 386 1630 415 super
1657 379 1725 408 illud
1751 379 1857 409 Ioannis

1014 421 1133 457 septimo
1144 422 1154 438 ⁶
1168 433 1174 450 :
1190 422 1254 451 Non
1269 423 1343 452 euim
1359 424 1470 453 volebat
1484 425 1515 453 in
1529 425 1671 454 Iudaeam
1687 425 1856 461 ambulare,

1014 467 1114 495 astruit
1142 475 1201 496 esse
1228 469 1410 498 sentiendum.
1437 481 1450 494 «
1466 471 1618 505 Futurum,
1646 471 1752 509 inquit,
1780 475 1856 506 erat,

1015 516 1045 541 111
1066 513 1167 550 aliquis
1190 514 1276 543 tidelis
1297 515 1357 544 eius
1377 516 1558 546 absconderet
1578 525 1623 552 se,
1644 526 1679 547 ne
1697 526 1713 547 a
1727 526 1857 555 persecu-

1014 559 1122 588 toribus
1143 560 1330 595 inveniretur3
1353 565 1379 591 et
1400 570 1434 591 ne
1456 563 1493 591 illi
1516 572 1566 600 pro
1587 564 1702 593 crimine
1723 565 1858 594 obiicere—

1014 608 1060 634 tur
1082 606 1244 642 latibulum,
1266 609 1414 644 praecessit
1436 609 1463 638 111
1484 610 1572 646 capite
1590 611 1665 648 quod
1683 611 1710 640 in
1727 612 1858 641 membris

1013 653 1227 682 confirmaretur
1241 666 1267 682 ».
1291 655 1363 683 Idem
1384 664 1496 693 quoque
1517 665 1601 694 super
1623 658 1691 686 illud
1717 658 1813 687 Psalmi
1827 659 1857 687 ⁷:

1015 699 1210 738 Quoaclusque
1230 700 1345 730 iustitia
1359 706 1546 731 convertatur
1561 704 1592 732 ia
1607 704 1767 733 iudicium:
1788 716 1801 730 «
1816 705 1858 733 In—

1013 746 1123 780 firmos,
1146 746 1250 783 inquit,
1273 747 1299 775 111
1321 756 1350 776 50
1379 749 1570 786 praefigurans
1594 750 1743 784 Dominus,
1769 751 1795 779 id
1817 754 1858 780 est

1013 800 1158 828 personam
1182 793 1356 823 infirmorum
1372 803 1471 831 gerens
1490 796 1598 833 Illisque
1622 797 1790 834 compatiens
1804 797 1857 826 ait:

1020 839 1161 867 Transeat
1182 848 1202 868 a
1223 848 1266 868 me
1287 840 1366 869 catix
1387 841 1445 869 iste.
1475 842 1532 870 Non
1561 843 1634 871 enim
1663 843 1776 872 timebat
1805 844 1858 872 Do-

1012 885 1104 913 minus
1124 886 1196 922 pati,
1222 886 1265 915 die
1297 887 1378 915 tertia
1409 891 1636 923 resurrecturus,
1663 897 1725 917 cum
1747 890 1857 919 arderet

1013 931 1113 960 Paulus
1133 932 1254 960 dissolui
1273 937 1297 961 et
1318 941 1377 961 esse
1408 942 1474 961 cum
1502 933 1615 962 Christo
1631 946 1656 963 ιι.
1683 935 1795 964 Certum
1816 939 1857 965 est

1011 981 1121 1012 autem,
1150 978 1224 1015 quod
1253 979 1354 1007 Paulus
1382 979 1501 1008 habebat
1529 980 1717 1010 infirmitatem
1746 982 1854 1016 carnis;

1011 1033 1066 1053 11011
1088 1024 1171 1061 igitur
1193 1025 1310 1054 infirmis
1331 1034 1420 1055 carne
1440 1026 1567 1055 Christus
1591 1028 1752 1064 exemplum
1774 1036 1853 1064 prae-

1012 1071 1087 1105 buit,
1109 1071 1156 1100 sed
1178 1072 1295 1101 infirmis
1316 1073 1425 1110 spiritu
1446 1073 1646 1102 condescendit.

1090 1118 1115 1146 5.
1138 1118 1206 1147 Huic
1227 1121 1318 1147 auten]
1341 1119 1449 1148 veritati
1469 1123 1524 1148 tam
1539 1120 1629 1149 clarae
1644 1120 1667 1149 is
1681 1121 1726 1149 cui
1742 1128 1854 1157 respon-

1010 1164 1123 1198 demus,
1152 1165 1342 1201 multIpliciter
1370 1169 1487 1194 conatur
1512 1166 1653 1195 obsistere.
1679 1167 1749 1203 Quia
1773 1167 1855 1201 011101,

1011 1213 1044 1239 111
1065 1211 1189 1240 veritatis
1210 1211 1339 1248 ignarus,
1355 1213 1507 1241 absurdum
1523 1216 1634 1250 reputat
1645 1213 1672 1248 ³,
1687 1214 1761 1250 quod
1777 1214 1856 1243 Chri-

1010 1260 1070 1286 stus
1091 1258 1259 1294 imperfectis
1280 1259 1504 1288 condescenderit
1519 1260 1545 1288 in
1561 1260 1654 1296 aliquo
1668 1263 1748 1294 actu;
1764 1264 1856 1289 osten-

1009 1304 1075 1333 dere
1095 1304 1210 1339 nititur,
1232 1305 1306 1342 quod
1326 1304 1429 1343 fuyere
1443 1310 1563 1335 mortem
1585 1307 1620 1335 sit
1637 1306 1671 1335 de
1686 1314 1735 1335 sua
1750 1307 1856 1335 ratione

1010 1351 1178 1387 perfectum,
1200 1359 1251 1388 pro
1272 1359 1304 1380 eo
1326 1352 1464 1386 videlicet,
1487 1353 1560 1389 quod
1575 1361 1591 1381 a
1612 1353 1721 1381 Christo
1739 1353 1855 1390 praeci-

1005 1398 1089 1434 pitur
1101 1398 1128 1432 ⁰,
1150 1401 1178 1427 et
1198 1399 1263 1435 quia
1281 1398 1312 1427 in
1329 1399 1401 1427 viris
1412 1398 1551 1436 perfectis
1564 1400 1720 1436 reperitur.
1743 1416 1780 1420 —
1802 1400 1853 1430 Ve-

1008 1452 1071 1472 rum
1092 1445 1210 1481 primam
1231 1445 1366 1473 rationem
1388 1445 1492 1474 nullius
1517 1454 1577 1474 esse
1606 1446 1707 1483 vigoris
1735 1455 1771 1475 ex
1800 1447 1851 1476 hoc

1007 1490 1135 1527 colligere
1156 1499 1316 1527 possumus,
1331 1491 1408 1528 quia,
1424 1492 1495 1520 510111
1510 1495 1687 1529 praeceptum
1709 1493 1853 1529 perfectio-

1007 1545 1070 1566 nem
1091 1545 1145 1565 non
1166 1537 1265 1571 efficit,
1290 1538 1328 1566 sic
1356 1546 1406 1567 nec
1434 1538 1668 1575 imperfectionem
1690 1539 1760 1568 tollit
1773 1540 1802 1567 ¹⁰.
1826 1540 1852 1568 Si

1007 1583 1080 1611 enitn
1102 1583 1335 1619 imperfectionem
1361 1584 1484 1618 tolleret,
1512 1585 1682 1622 quicumque
1711 1588 1852 1614 teneretur

1007 1629 1040 1658 ad
1056 1630 1194 1666 praecepti
1210 1630 1412 1659 observantiam
1422 1653 1429 1665 ,
1446 1634 1587 1660 teneretur
1608 1631 1642 1660 ad
1657 1632 1853 1668 perfectionem

1008 1676 1184 1713 implendam.
1206 1677 1284 1713 Quod
1305 1685 1368 1705 cum
1390 1678 1425 1706 sit
1446 1678 1622 1707 manifestum
1644 1678 1851 1713 inconveniens,

1008 1725 1129 1756 constat,
1152 1723 1225 1759 quod
1240 1723 1345 1752 frustra
1360 1724 1466 1752 laborat
1487 1724 1646 1758 ostendere,
1669 1725 1742 1761 quod
1757 1725 1853 1762 fugere

1007 1768 1043 1797 sit
1062 1769 1232 1805 perfectum,
1254 1777 1304 1806 per
1325 1770 1501 1807 Evangelium
1515 1772 1552 1805 ¹¹,
1575 1779 1624 1807 per
1645 1771 1783 1808 Pelagium
1805 1772 1852 1800 Pa-

1007 1823 1070 1852 pam
1091 1818 1118 1844 et
1138 1823 1188 1852 per
1208 1816 1403 1851 Athanasium,
1425 1825 1488 1845 cum
1510 1817 1685 1854 perfectionis
1715 1818 1851 1855 evangeli—

1007 1869 1055 1890 cae
1076 1862 1185 1890 culmen
1207 1870 1243 1890 ex
1264 1863 1507 1900 supererogatione
1528 1867 1621 1893 manet
1634 1864 1719 1893 divini
1734 1865 1849 1900 consilii,

1007 1916 1061 1936 non
1083 1915 1119 1936 ex
1140 1908 1305 1944 obligatione
1327 1909 1473 1946 praecepti.

1086 1955 1110 1982 6.
1134 1955 1261 1991 Insuper,
1276 1958 1303 1984 et
1318 1955 1385 1984 illud
1407 1956 1566 1985 mandatum
1587 1956 1621 1986 de
1638 1957 1767 1994 fugiendo
1781 1966 1797 1986 a
1811 1958 1850 1987 fa-

1006 2001 1047 2030 cie
1067 2004 1278 2038 persecutorum
1299 2002 1413 2039 intelligi
1434 2003 1517 2032 habet
1537 2003 1564 2031 in
1587 2011 1668 2038 casu,
1700 2004 1772 2033 sicut
1799 2005 1850 2034 Ra-

1006 2048 1094 2076 banus
1114 2047 1179 2076 dicit
1210 2056 1294 2085 super
1325 2049 1490 2078 Matthaeum
1505 2050 1543 2084 ¹2,
1565 2052 1592 2079 et
1612 2050 1724 2079 Glossa:
1751 2062 1764 2076 «
1779 2051 1848 2085 Hoc,

1006 2094 1110 2131 inquit,
1131 2094 1165 2122 ad
1186 2094 1254 2123 illud
1286 2098 1395 2132 tempus
1423 2096 1557 2132 pertinet,
1579 2105 1635 2133 quo
1655 2097 1760 2126 dictum
1787 2101 1847 2126 est:

1005 2141 1041 2169 Iu
1060 2140 1141 2169 viam
1160 2141 1290 2178 9011110111
1311 2151 1345 2170 ue
1366 2141 1514 2176 abieritis,
1536 2143 1610 2180 quod
1629 2143 1848 2180 persecutionem

1005 2195 1058 2215 non
1080 2187 1197 2216 debeant
1227 2188 1340 2222 timere,
1363 2188 1409 2217 sed
1431 2189 1583 2224 declinare,
1605 2192 1637 2218 111
1662 2190 1848 2219 tribulationis

1004 2233 1110 2262 occasio
1131 2233 1166 2262 sit
1187 2234 1324 2271 Evangelii
1345 2235 1565 2264 seminarium».
1591 2235 1618 2264 Si
1645 2244 1712 2273 ergo
1739 2236 1767 2264 in
1795 2235 1848 2265 ltoc

167 2395 174 2407 ¹
194 2396 262 2424 Epist.
280 2396 294 2418 I.
311 2402 331 2418 c.
349 2397 374 2423 2,
393 2396 430 2418 at.
447 2408 477 2412 —
495 2395 597 2418 Subinde
615 2396 724 2423 allegatur
741 2395 805 2418 Cant.
823 2396 848 2423 S,
866 2396 887 2417 6.

165 2433 174 2446 ²
192 2434 237 2457 Cfr.
254 2435 286 2457 III.
304 2435 333 2457 de
350 2435 412 2457 Trin.
429 2441 450 2457 c,
467 2436 489 2456 2.
506 2441 571 2463 seqq.
589 2437 610 2457 et
627 2434 654 2456 Y.
667 2441 686 2457 c.
709 2435 744 2456 16.
760 2441 836 2463 scqq.,
854 2441 881 2456 ex
898 2434 946 2463 qui-

103 2471 148 2494 bus
164 2479 233 2500 supra
252 2479 306 2501 pag.
324 2473 350 2500 9,
368 2476 420 2495 uota
443 2473 476 2495 10.
493 2473 599 2495 nonnulla
617 2476 670 2495 sunt
687 2473 761 2495 allata.

166 2510 175 2523 ⁹
193 2511 248 2539 Cap.
269 2511 308 2539 15,
329 2512 363 2534 13.

165 2549 175 2562 ⁴¹
192 2549 248 2578 Cap.
268 2551 286 2572 1.
303 2557 326 2573 n.
342 2551 371 2577 9,
388 2549 427 2573 ubi
445 2550 513 2572 etiam
526 2550 555 2573 de
567 2552 620 2578 fuga
633 2551 735 2578 Apostoli
748 2550 809 2572 Pauli
822 2553 843 2572 et
855 2549 945 2572 Christi.

102 2600 133 2605 —
150 2589 243 2611 Inferius
260 2595 303 2617 pro
320 2588 421 2619 infirmis
439 2590 456 2612 G
474 2589 623 2618 imperfectis.

165 2626 175 2639 ⁵
192 2627 259 2649 Num.
271 2627 292 2650 5.
305 2628 348 2650 Pro
360 2627 489 2651 turbantur
507 2628 524 2650 A
534 2627 550 2650 C
561 2628 578 2650 D
588 2628 604 2650 Ε
621 2626 746 2650 turbentur
756 2635 765 2655 ,’
783 2626 880 2650 subinde
898 2630 943 2650 tex-

103 2669 140 2690 tus
156 2667 272 2694 originalis
290 2673 332 2694 pro
348 2666 494 2690 assumtione
517 2667 633 2690 substituit
657 2665 818 2694 similitudine,
846 2669 867 2689 et
892 2668 943 2689 tur-

103 2704 191 2729 bantur
208 2705 232 2728 in
248 2705 349 2735 spiritu,
366 2706 445 2735 ipsum
465 2706 604 2729 intueantur
630 2712 672 2734 pro
694 2705 838 2734 turbantur,
864 2705 942 2735 ipsum

104 2744 128 2767 in
144 2744 230 2774 spiritu
248 2744 393 2768 intueantur.

165 2782 174 2796 Β
192 2784 257 2806 vers.
275 2784 295 2806 t.
312 2784 427 2806 Sententia
444 2785 541 2812 August.
572 2783 669 2806 habetur
692 2784 716 2806 in
734 2784 793 2806 Ioan.
811 2784 898 2811 Evang.
915 2786 941 2806 tr.

103 2822 140 2845 28.
158 2829 180 2845 n.
198 2823 224 2849 2,
241 2822 281 2844 ubi
297 2828 339 2850 pro
356 2822 381 2845 in
397 2822 508 2846 mmnbris
526 2825 599 2845 textus
615 2822 731 2850 originalis
748 2821 772 2844 in
789 2821 903 2844 membro.

166 2859 174 2872 ⁷
192 2861 292 2883 Enarrat.
310 2861 331 2883 in
349 2861 384 2883 Ps.
400 2861 443 2888 93,
463 2861 499 2883 15.
515 2867 538 2883 0.
556 2861 600 2883 ι191
618 2860 735 2889 Quosdam
760 2866 816 2888 ergo
840 2860 942 2883 infirmos

104 2898 128 2920 iu
144 2905 169 2921 se
187 2900 358 2927 praefigurans,
376 2900 411 2921 vel
428 2899 451 2922 10
467 2905 565 2927 corpore
582 2905 637 2926 suo,
649 2906 675 2922 ex
687 2904 784 2926 persona
797 2898 941 2921 infirmorum

103 2938 247 2965 compatiens
264 2938 315 2965 illis,
332 2938 363 2960 nit
380 2937 466 2966 [Matth.
483 2938 525 2964 26,
543 2937 608 2967 39.]:
626 2937 707 2965 Pater,
732 2936 754 2960 si
777 2936 831 2967 (ieri
853 2938 940 2966 potest,

103 2976 209 2999 transeat
225 2983 239 2999 a
259 2982 294 2999 mr
310 2975 375 2999 calisc
392 2975 457 2999 iste...
475 2976 507 2998 Te
525 2976 680 3004 praesignavit
698 2976 809 2998 DotuInus
821 2976 844 2998 in
855 2982 896 2998 sua
910 2975 942 2998 in-

1003 2395 1121 2421 firmitate,
1138 2401 1184 2417 non
1202 2401 1241 2422 se;
1259 2401 1305 2417 non
1323 2395 1383 2417 onim
1403 2395 1497 2418 timebat
1519 2396 1630 2418 Dominus
1648 2396 1707 2424 pati,
1725 2396 1791 2418 tertio
1808 2396 1845 2418 die

1002 2435 1195 2456 resurrecturus...
1213 2434 1275 2462 quod
1294 2440 1338 2456 non
1357 2434 1489 2457 formidavit
1506 2435 1628 2463 Apostolus
1646 2435 1741 2462 Paulus,
1758 2435 1780 2457 in
1800 2435 1845 2457 fine

1001 2473 1086 2494 saeculi
1104 2476 1281 2495 resurrecturus.
1300 2473 1335 2495 Ait
1352 2473 1412 2495 enim
1431 2474 1496 2502 [Phil⁴
1518 2474 1538 2500 t,
1557 2474 1593 2495 23.
1615 2473 1686 2502 seq.]:
1712 2473 1844 2503 compellor

1000 2512 1080 2534 autem
1096 2517 1127 2534 ea*
1144 2510 1247 2539 duobus,
1264 2511 1477 2541 concupiscentiam
1490 2511 1577 2535 habens
1589 2511 1686 2535 dissolri
1697 2513 1719 2535 et
1729 2518 1778 2535 esse
1790 2518 1843 2535 cum

1002 2549 1094 2573 Christo
1111 2553 1154 2572 etc.

1062 2587 1071 2601 Β
1089 2588 1133 2611 Cfr.
1150 2595 1220 2617 supra
1237 2595 1257 2612 c.
1276 2590 1297 2611 I.
1315 2596 1336 2612 n.
1354 2590 1375 2612 5.

1061 2626 1071 2640 ⁹
1088 2627 1165 2650 Mattli.
1183 2627 1222 2654 «10,
1240 2628 1282 2650 23:
1300 2627 1358 2650 Cum
1376 2631 1453 2650 autem
1471 2631 1639 2657 persequentur
1657 2634 1699 2651 vos
1715 2629 1737 2650 in
1749 2629 1842 2652 civitate

998 2666 1053 2693 ista,
1071 2667 1141 2694 fugite
1159 2667 1180 2688 in
1199 2667 1274 2689 aliam.

1061 2704 1081 2718 ¹⁰
1097 2705 1143 2728 Cfr.
1159 2711 1229 2733 supra
1247 2711 1266 2727 c.
1284 2706 1305 2728 2.
1323 2712 1344 2728 11.
1362 2706 1384 2728 6,

1061 2743 1079 2756 ¹¹
1099 2744 1157 2767 Vide
1173 2750 1243 2772 supra
1260 2747 1339 2767 notam
1360 2744 1380 2766 8.
1403 2744 1434 2766 De
1454 2743 1549 2774 Petuqto
1569 2745 1599 2767 ΙΙ.
1622 2745 1661 2767 cir.
1683 2745 1795 2772 Gratiam,
1816 2745 1841 2768 C.

1000 2782 1094 2810 Omnis,
1114 2783 1152 2811 qui
1171 2782 1278 2810 gemebat
1295 2787 1317 2804 et
1334 2782 1459 2805 vexabatur
1476 2788 1488 2804 a
1507 2783 1572 2810 Saul,
1587 2783 1688 2811 fugiebat
1700 2786 1722 2806 et
1734 2783 1840 2807 veniebat

998 2821 1027 2843 ad
1045 2821 1088 2843 Dax
1096 2821 1118 2843 id
1136 2824 1177 2843 etc.
1196 2821 1226 2849 (c,
1243 2821 1291 2849 36.)
1310 2821 1378 2844 Caus.
1394 2821 1417 2843 7.
1433 2828 1457 2850 q.
1476 2822 1501 2850 t;
1518 2822 1548 2844 (10
1563 2821 1694 2845 Athanasio
1711 2823 1752 2845 cfr.
1768 2822 1841 2850 ipsius

998 2860 1107 2888 Apologia
1125 2859 1155 2882 (10
1172 2860 1225 2887 suga
1242 2866 1291 2882 sua.

1061 2896 1079 2910 ¹²
1097 2897 1157 2921 Libr.
1174 2898 1207 2920 III.
1224 2904 1244 2921 c.
1262 2899 1303 2927 40,
1321 2899 1361 2927 23,
1380 2898 1419 2921 ubi
1437 2899 1492 2928 Ipse,
1510 2899 1568 2922 sicut
1579 2902 1601 2922 et
1618 2900 1696 2922 Glossa
1714 2899 1839 2923 ordinaria

998 2937 1073 2965 (cuius
1089 2937 1160 2959 verba
1178 2943 1230 2960 mox
1248 2938 1391 2966 afferuntur),
1409 2938 1513 2966 sequitur
1530 2938 1635 2966 Hieron.¹
1652 2938 1675 2961 in
1692 2939 1792 2961 eundem
1810 2939 1840 2962 10-

997 2982 1057 2998 cum.
1073 2975 1187 3003 Allegatur
1205 2976 1280 2998 tttaun.
1299 2976 1340 3004 40,
1358 2976 1387 2999 5:
1405 2977 1430 2999 1η
1448 2976 1512 3000 viam
1529 2980 1571 3000 etc.

1874 385 1997 408 Augustinus.

1887 1132 1972 1151 Obiectiu

1880 1155 1983 1178 scriptoris.

1866 1409 1934 1428 Contra
1946 1410 1962 1428 1.
1972 1415 2001 1428 ra-

1869 1433 2000 1456 tionem,qu0d

1868 1456 1933 1479 fugere
1948 1462 1999 1480 prae-

1869 1480 1956 1503 eipiatur.

1865 1967 1995 1988 confirmatur.
