2133 3317
803 222 1045 252 PROLEGOMENA
1066 223 1094 252 C.
1116 224 1134 252 1.

156 302 170 330 S
186 302 210 324 3.
225 300 360 332 Opuseulum
377 300 417 323 ΙΙΙ.
435 300 534 330 Lignum
549 300 621 323 vitae.
702 329 704 332 Ι

156 354 176 371 a.
194 348 243 371 Hoc
263 348 414 376 opusculum,
438 348 502 376 quod
526 348 621 376 incipit:
643 347 732 370 Christo
755 348 857 370 confixus
882 353 933 370 sum

93 395 168 423 cruci,
186 395 235 423 ipse
251 394 355 417 Oudinus
372 394 510 423 (Commeat.
522 394 551 417 de
562 395 668 422 scriptor.
684 394 821 421 ecclesiast,
833 397 888 416 tom.
901 394 934 416 lll.

93 442 138 465 col.
154 441 211 469 407,
228 441 266 464 ed.
282 441 372 469 Lipsiae
390 441 473 470 t722),
489 444 566 464 censet
582 446 633 463 esse
652 449 664 461 α
676 447 723 463 11011
745 441 868 468 indignum
890 440 935 463 Do-

93 491 155 512 ctore
171 488 291 516 seraphico
307 487 338 510 ob
355 488 491 516 gravitatem
503 491 526 510 et
537 488 660 510 dictionem
672 487 776 510 Latinam
787 494 813 514 »ς
825 486 933 509 sharalea

93 540 149 557 vero
166 534 333 563 (supplement.
358 534 388 557 ad
413 534 536 562 scriptores
560 534 616 557 Ord.
640 533 719 562 Min.)‚
735 533 835 556 editores
852 533 933 555 Veneti

94 581 159 610 (10111.
179 582 198 609 1,
215 580 324 609 Diatriba)
337 583 360 603 et
371 581 456 603 Bonelli
473 581 602 607 (Prodrom.
618 581 661 603 col.
676 580 731 609 560)
744 582 805 603 reete
816 581 933 606 asserunt,

92 627 148 650 illud
165 633 215 650 esse
232 630 293 650 certo
310 628 437 656 genuinum
446 636 452 655 ;
469 628 533 657 quod
549 627 722 650 evidentissime
738 627 896 650 demonstrant
912 628 934 648 et

93 675 143 703 ipsa
160 675 271 703 praeclari
288 673 339 697 libri
356 675 443 697 indoles
459 678 482 697 et
498 675 621 697 auctoritas
637 677 669 697 tot
686 674 742 696 intra
759 674 883 696 relatorum
895 679 934 696 co—

92 721 181 749 dicum,
206 721 245 750 qui
262 721 328 750 quasi
346 727 391 744 uno
408 727 448 743 ore
465 724 582 743 auctorem
600 721 705 743 eiusdem
722 726 772 742 esse
789 720 933 742 Bonavenlu-

92 774 141 791 ram
158 771 299 791 attestantur.
325 769 348 790 ln
373 768 494 791 codicibus
515 768 592 791 titulus
617 767 719 797 Liynum
740 767 801 790 vilae
818 767 932 789 interdum

92 814 214 842 omittitur,
226 815 262 836 vel
278 814 320 837 alia
333 814 404 837 verba
421 821 464 843 pro
481 820 508 837 eo
525 814 704 842 substituuntur,
717 816 742 836 ut
752 813 831 836 Arbor
843 812 932 841 crucis,

92 861 128 883 vel
147 861 272 884 Tractatus
288 860 316 884 de
332 860 418 884 arbore
440 861 530 890 crucis,
548 861 598 884 sive
613 860 693 884 Arbor
709 860 782 889 vitae,
800 860 836 883 vel
854 859 933 883 Fasci-

92 907 161 932 culus
177 908 303 938 myrrhae,
321 909 359 931 vel
376 908 544 938 Contemplatio
561 907 589 931 de
601 908 713 937 passione
729 907 825 930 Domini
840 910 862 929 et
873 907 933 929 simi·

93 955 129 977 lia.
145 955 213 977 Teste
230 954 336 977 Sbaralea
355 955 407 983 (loc.
423 955 483 983 cit.),
500 955 569 977 etiam
594 954 664 977 editio
686 954 737 976 sine
757 954 807 977 loco
829 957 851 976 et
873 960 933 977 anno

93 1002 172 1032 (qnam
190 1002 225 1024 ille
242 1004 307 1030 putat
324 1008 375 1024 esse
393 1002 502 1024 Venetam
520 1008 556 1024 an.
570 1001 640 1030 ’1487)
657 1004 691 1023 051
707 1001 815 1029 inscripta
832 1001 865 1023 De
881 1001 933 1024 Iesu

93 1048 180 1073 Christi
194 1048 244 1072 vita
260 1048 432 1078 contemplatio.
448 1049 520 1075 llaec,
534 1051 560 1070 ut
571 1047 632 1070 idem
644 1047 737 1075 asserit,
752 1056 763 1067 ιι
776 1047 838 1070 haud
850 1053 932 1075 parum

91 1096 166 1120 differt
177 1096 207 1119 ab
218 1096 405 1124 Argentoratensi
417 1095 513 1124 aliisque
527 1094 722 1124 subsequentibus
735 1103 756 1122 1⁰,
768 1094 797 1117 de
808 1101 866 1123 quo,
879 1094 933 1123 quia

91 1142 189 1165 eandem
206 1148 252 1164 non
269 1141 383 1170 vidimus,
401 1141 503 1164 iudicare
520 1147 565 1163 non
582 1147 715 1169 possumus.

154 1187 177 1211 b.
193 1189 216 1210 ln
233 1189 330 1216 prologo
347 1188 402 1211 satis
428 1187 565 1215 insinuatur,
591 1186 620 1209 ab
645 1189 738 1210 auctore
764 1187 833 1209 ruisse
858 1186 933 1209 libello

91 1235 215 1264 praefixam
239 1234 356 1264 quandam
382 1234 496 1262 picturam
513 1233 603 1257 arboris
619 1234 679 1256 vitae
695 1234 845 1262 delineatam,
862 1240 933 1263 quam

93 1283 154 1306 idem
172 1282 251 1305 verbis
267 1285 372 1305 accurate
394 1281 510 1305 describit.
528 1282 590 1304 Talis
607 1282 684 1310 imago
701 1282 769 1304 etiam
787 1282 811 1304 in
828 1281 934 1310 pluribus

92 1329 211 1353 codicibus
227 1332 249 1352 et
265 1329 289 1351 in
305 1329 445 1352 editionibus
470 1328 567 1351 habetur
589 1329 664 1357 magis
685 1329 793 1351 minusve
811 1328 933 1351 artificiose

92 1377 158 1399 facta.
174 1376 296 1404 Perpulcra
313 1379 347 1398 est
363 1381 448 1404 magna
465 1375 533 1398 huius
550 1375 639 1398 arboris
657 1375 747 1403 imago,
763 1381 824 1404 quae
841 1378 934 1397 exornat

94 1423 203 1451 parietem
215 1422 327 1445 refectorii
337 1421 468 1445 Conventus
479 1422 601 1444 Florentini
613 1421 690 1445 Sama
702 1421 786 1450 Crooe,
798 1427 859 1450 quae
870 1427 933 1449 prae-

92 1471 126 1491 ter
143 1469 197 1491 alias
215 1468 301 1496 figuras
317 1468 386 1491 etiam
402 1471 520 1490 auctorem
535 1470 694 1496 repraesentat
705 1468 727 1490 S.
739 1468 932 1490 Bonaventuram.

93 1515 126 1538 De
142 1515 230 1543 pictore
246 1515 315 1538 huius
331 1515 420 1538 artificii
437 1515 504 1538 nobis
520 1521 568 1538 non
584 1518 683 1542 constat,
695 1521 748 1538 cum
761 1515 861 1538 nonnulli
877 1515 931 1538 illud

93 1561 193 1585 tribuant
208 1562 329 1585 Francisco
346 1562 375 1585 de
392 1562 510 1585 Volaterra
529 1562 598 1590 (eirca
615 1568 652 1584 an.
669 1562 752 1590 ⁴350),
769 1562 806 1584 alii
823 1568 878 1584 vero
897 1562 933 1584 Pe-

93 1613 129 1632 tro
145 1609 229 1632 Gerino
247 1609 315 1636 (circa
333 1615 371 1631 an.
389 1610 466 1637 1380).
484 1609 533 1631 Alia
550 1615 594 1631 non
607 1609 723 1632 dissimilis
734 1609 808 1637 figura
821 1609 890 1632 huius
900 1615 934 1631 ar-

93 1656 156 1679 boris
173 1656 270 1678 habetur
286 1656 438 1683 Darmstadii,
461 1655 564 1678 biblioth.
582 1655 684 1684 Ducalis,
702 1655 723 1678 in
740 1656 791 1678 cod.
813 1655 878 1678 1777.
896 1656 933 1678 sol.

94 1702 135 1731 44,
152 1703 209 1725 infra
226 1703 250 1724 in
266 1703 360 1725 elencho
378 1702 483 1725 codicum
501 1708 522 1724 11.
536 1702 573 1724 65.
584 1702 706 1729 descripto.
724 1701 802 1724 Obiter
814 1704 933 1730 notamus,

93 1753 215 1779 utramque
232 1751 291 1772 hanc
308 1750 432 1777 imaginem
450 1752 498 1772 arte
515 1749 697 1777 photographica
720 1755 852 1777 expressam
874 1749 934 1772 exhi-

94 1797 143 1819 beri
159 1797 181 1819 in
199 1798 220 1819 2.
238 1797 338 1819 editione
355 1797 464 1824 egregiae
480 1796 593 1819 versionis
609 1796 677 1819 huius
694 1796 761 1818 libelli
777 1796 935 1824 germanicae,

93 1850 163 1873 quarn
175 1843 302 1872 publicavit
313 1843 403 1866 celeber
415 1843 538 1871 bibliopola
550 1843 649 1871 Herder,
663 1842 768 1871 Friburgi
781 1849 817 1866 an.
832 1844 898 1865 1888.

157 1890 201 1913 Nus
213 1890 341 1918 simplicem
353 1890 421 1912 11111115
433 1889 522 1912 arboris
533 1889 734 1912 adumbrationem
747 1889 859 1917 opusculo
870 1895 936 1917 prae-

94 1937 134 1965 figi
150 1937 296 1964 curavimus,
313 1942 373 1965 quae
391 1936 486 1959 fideliter
503 1936 663 1964 interpretatur
679 1936 858 1964 descriptionem
876 1936 936 1958 eius-

94 1984 148 2006 dem
165 1984 187 2006 in
205 1984 303 2012 prologo
321 1983 352 2010 (n.
369 1984 392 2006 2.
408 1982 495 2012 seqq.)‚
513 1989 555 2011 pro
572 1989 617 2011 qua
634 1985 695 2005 recte
706 1983 853 2010 intelligenda
865 1989 936 2011 quae-

93 2030 147 2053 dam
164 2033 243 2053 notare
259 2030 331 2052 iuvat.
347 2030 492 2052 Vocabulum
514 2029 688 2052 versiculorum
705 2028 735 2051 ibi
753 2029 866 2057 significat
882 2029 936 2051 inte-

93 2082 158 2105 gram
171 2076 294 2106 stropham
305 2078 405 2104 quatuor
416 2082 527 2099 versuum
532 2084 538 2103 ς
551 2079 572 2098 et
584 2076 605 2098 in
623 2075 697 2103 prima
714 2075 773 2098 serie
790 2075 828 2103 (tle
844 2075 936 2105 oriyine

93 2123 174 2147 elvita
191 2123 323 2151 Salvatoris)
341 2129 368 2145 ex
386 2126 482 2152 utraque
504 2122 585 2146 trtmci
600 2125 664 2151 parte
677 2122 724 2145 duo
736 2124 936 2150 repraesentantur

94 2170 170 2198 rami,
194 2176 294 2199 quorum
311 2169 408 2199 quilibet
424 2170 546 2198 inscriptas
563 2169 631 2192 habet
648 2169 706 2192 duas
723 2170 843 2198 strophas,
860 2169 882 2192 id
901 2172 935 2191 est

94 2219 145 2240 octo
162 2223 243 2240 versus
268 2223 321 2240 cum
339 2216 434 2239 floribus
451 2219 473 2239 et
489 2216 582 2239 duobus
599 2216 718 2239 fructibus.
737 2216 795 2239 Hinc
812 2216 886 2244 prima
903 2222 935 2238 se-

93 2263 138 2286 ries
154 2264 177 2286 in
193 2269 284 2286 summa
301 2262 370 2286 habet
389 2263 417 2286 ¹¹6
437 2269 519 2286 versus
534 2269 587 2286 cum
608 2263 621 2286 4
642 2262 765 2290 fructibus,
783 2263 824 2291 qui
843 2262 865 2285 in
885 2262 935 2290 ipso

94 2311 206 2339 opusculo
223 2311 363 2338 explicantur
375 2314 397 2333 et
412 2313 571 2338 proponuntur
587 2310 726 2333 meditanda.
742 2309 819 2332 Verba
831 2309 935 2338 prologi:

94 2357 224 2381 secundum
241 2356 347 2380 ordinem
363 2356 492 2386 alphabeti,
505 2363 550 2379 non
563 2357 696 2385 accipienda
713 2360 780 2384 sunt,
797 2357 863 2386 quasi
882 2357 935 2378 litte-

95 2409 134 2426 rae
151 2404 246 2427 initiales
262 2410 373 2427 versuum
391 2403 490 2426 habeant
501 2404 606 2426 ordinem
623 2403 806 2432 alphabeticum,
823 2403 865 2425 sed
881 2402 935 2431 quia

96 2451 119 2473 in
136 2451 252 2479 primitiva
276 2452 350 2480 ligura
377 2451 412 2474 isti
437 2454 537 2480 quatuor
562 2452 660 2478 fructus,
677 2451 762 2473 scilicet
775 2450 935 2480 praeclaritas

97 2498 207 2528 oriyinis,
219 2498 341 2522 humilitas
357 2498 542 2522 conversationis
558 2501 613 2525 ete„
625 2499 704 2521 litteris
720 2499 764 2521 AB
774 2498 790 2521 C
800 2499 817 2520 D
835 2498 934 2520 distincti

97 2548 119 2568 et
135 2545 228 2568 indicati
244 2548 314 2568 erant.
332 2546 354 2567 ln
373 2545 462 2573 pictura
479 2552 550 2574 quam
567 2545 702 2568 exhibemus
718 2544 807 2567 arboris
825 2546 868 2567 hae
882 2545 936 2567 litte-

96 2598 134 2614 rae
146 2592 243 2619 desunt;
256 2592 309 2614 satis
321 2595 397 2614 tamen
409 2593 495 2614 fructus
507 2592 555 2620 ipsa
568 2597 608 2614 sua
621 2592 695 2619 figura
705 2591 839 2614 indicantur.
851 2592 934 2614 Eadem

96 2639 192 2661 dicenda
210 2642 263 2661 sunt
279 2639 308 2662 de
325 2639 383 2661 serie
399 2639 501 2661 secunda
525 2638 626 2668 (passio)
645 2641 667 2661 et
684 2639 747 2661 tertia
765 2637 935 2668 (qlorificalio).

98 2685 154 2708 llinc
172 2685 240 2707 arhor
257 2688 302 2708 tota
325 2685 393 2707 habet
410 2686 432 2707 in
451 2686 479 2707 '12
497 2685 596 2713 strophis
613 2685 641 2707 48
660 2691 754 2712 versus,
771 2685 810 2713 qui
829 2684 857 2706 48
875 2684 936 2712 capi-

98 2732 142 2754 tula
160 2731 334 2754 meditationum
360 2731 510 2759 distinguunt.
537 2731 576 2753 llis
601 2730 722 2754 addendae
746 2734 799 2753 sunt
818 2734 864 2753 tres
881 2731 937 2753 aliae

97 2778 217 2805 strophae,
234 2783 332 2806 quarum
350 2778 423 2805 prima
441 2778 462 2799 in
481 2778 530 2805 ipso
545 2778 642 2805 prologo
661 2777 764 2805 ponitur,
781 2780 851 2800 totam
869 2776 936 2799 libelli

98 2824 216 2846 materiam
235 2824 360 2851 generatim
378 2824 494 2846 insinuans
509 2823 598 2846 verbis:
623 2823 642 2847 0
658 2830 734 2851 crucr,
751 2824 834 2853 fratem
849 2823 937 2854 salvifi-

97 2875 138 2893 cus
155 2874 198 2892 etc.
215 2870 277 2892 Aliae
294 2870 353 2892 duae
370 2871 477 2898 strophae
495 2870 517 2892 in
534 2870 631 2898 prologo
648 2871 683 2892 his
700 2869 777 2892 verbis
794 2870 826 2897 (n.
840 2870 871 2897 5.)
884 2870 938 2892 satis

99 2917 244 2940 indicantur:
265 2925 275 2937 α
287 2918 328 2940 Ρο1·
345 2923 414 2946 quam
433 2917 545 2945 (crucem)
563 2917 635 2939 sancti
653 2917 750 2945 Spiritus
762 2917 843 2939 caritas
855 2917 877 2939 in
890 2923 938 2939 cor-

99 2963 167 2987 dibus
183 2964 273 2987 devotis
290 2964 388 2986 nutritur
405 2967 427 2987 ct
443 2964 581 2992 septiformis
598 2965 670 2992 gratia
683 2965 830 2991 dicundum,
841 2964 902 2987 sicul
913 2964 937 2987 iu

1730 224 1833 253 xxxix

989 301 1108 330 supremis
1124 303 1146 325 et
1159 302 1287 331 postremis
1307 302 1431 326 versiculis
1447 301 1622 332 postulatur».
1638 301 1702 324 Unde
1720 305 1793 330 patet,
1811 303 1834 325 in

990 347 1106 374 primitiva
1123 348 1299 371 adumbratione
1310 355 1381 377 super
1392 349 1467 377 capite
1484 348 1572 371 arboris
1584 348 1681 376 scriptas
1693 348 1762 371 fuisse
1773 349 1832 371 duas

989 393 1039 416 illas
1055 395 1173 422 strophas,
1190 401 1249 424 quas
1265 402 1307 418 nos
1319 396 1364 418 fide
1373 396 1475 424 plurium
1487 396 1594 419 codicum
1612 397 1700 418 tantum
1712 395 1833 423 posuimus

990 440 1014 462 in
1026 441 1072 463 fine
1088 442 1179 469 prologi
1196 443 1228 471 (n.
1245 443 1295 471 G.):
1312 442 1355 466 His
1371 449 1415 466 ‘nos
1436 442 1487 466 ciba
1510 441 1628 472 fructibus
1644 445 1687 465 etc.
1710 443 1733 465 ln
1755 442 1833 465 editio-

990 486 1058 510 nibus
1074 491 1096 510 et
1112 495 1157 511 non
1175 490 1255 517 paucis
1272 489 1391 512 codicibus
1417 490 1438 512 hi
1460 494 1512 513 octo
1535 496 1617 513 versus
1631 489 1764 512 exciderunt
1781 490 1832 517 (cir.

990 540 1046 562 pag.
1061 535 1104 563 69,
1122 538 1175 558 nota
1192 536 1232 565 7.).
1250 537 1296 559 Sed
1312 537 1438 560 certissime
1460 540 1512 560 sunt
1529 537 1635 565 genuini,
1651 543 1704 559 cum
1722 543 1767 559 non
1784 539 1834 559 tan-

990 583 1040 603 tum
1056 581 1103 604 fide
1119 582 1261 610 optimorum
1285 583 1393 605 codicum
1416 583 1541 611 probentur
1559 588 1580 606 et
1597 583 1675 606 verbis
1693 583 1763 606 modo
1781 583 1833 606 alle-

990 628 1049 655 gatis
1066 628 1220 656 insinuentur,
1245 629 1286 652 sed
1310 630 1404 658 insuper
1427 632 1527 659 perfecte
1543 630 1700 659 respondeant
1717 630 1767 652 illae
1784 635 1833 652 ora-

989 674 1044 697 tioni
1061 681 1103 703 pro
1121 675 1252 699 obtinendis
1268 680 1356 705 septem
1373 677 1441 700 donis
1458 677 1556 706 Spiritus
1572 678 1608 704 S.‚
1620 683 1680 706 quae
1693 679 1766 700 totum
1777 682 1833 705 opu-

989 721 1080 743 sculum
1097 723 1212 745 concludit
1229 722 1292 751 (vide
1309 729 1364 751 pag.
1382 724 1410 746 86
1429 730 1450 746 n.
1470 723 1517 752 49).
1531 722 1650 746 Probabile
1661 727 1706 751 est,
1726 726 1831 746 sanctum

989 770 1107 790 auctorem
1129 774 1209 790 omnes
1234 772 1373 791 memoratos
1390 770 1420 791 60
1437 776 1519 792 versus
1535 776 1575 792 seu
1595 770 1623 792 15
1640 770 1746 797 strophas
1763 770 1831 797 plene

989 814 1109 842 scripsisse
1125 818 1213 838 tantum
1232 815 1254 838 in
1271 816 1320 844 ipsa
1337 815 1426 839 arboris
1444 817 1530 844 figura,
1546 822 1592 839 11011
1603 817 1707 839 seorsim.
1721 816 1768 839 Hoc
1780 821 1833 844 sup-

989 861 1076 888 posito,
1094 861 1159 884 facile
1176 862 1283 890 explicari
1301 864 1387 890 potest,
1404 865 1452 885 tum
1469 862 1535 891 quod
1546 862 1605 885 duae
1619 863 1712 885 ultimae
1723 864 1833 891 strophae

989 906 1088 934 scriptae
1104 913 1175 935 supra
1192 907 1300 931 arborem
1317 908 1442 931 exciderint
1458 909 1481 931 111
1497 908 1539 931 11115
1560 908 1692 938 codicibus,
1709 909 1750 938 qui
1767 909 1833 932 arbo-

989 959 1038 976 rem
1054 954 1090 976 vel
1108 955 1201 977 omnino
1217 961 1263 977 non
1280 955 1416 978 delineatam
1437 955 1564 984 habebant,
1581 959 1606 978 ut
1628 956 1650 978 in
1673 956 1779 984 plurimis
1795 956 1833 979 ad-

990 1001 1035 1023 huc
1051 1001 1212 1029 superstitibus
1228 1001 1348 1024 codicibus
1359 1002 1454 1030 accidit,
1466 1003 1502 1025 vel
1519 1003 1652 1030 imperfecte
1669 1006 1770 1031 tantum,
1783 1005 1831 1025 tum

989 1047 1055 1075 quod
1072 1047 1140 1070 codd.
1157 1049 1174 1070 A
1185 1047 1202 1071 C
1212 1048 1241 1070 W
1250 1049 1266 1070 Z
1284 1049 1333 1071 loco
1351 1048 1380 1071 48
1392 1054 1502 1071 versuum
1510 1067 1516 1077 ,
1527 1049 1568 1077 qui
1578 1052 1640 1071 recte
1651 1049 1770 1071 materiam
1784 1055 1832 1071 me-

990 1093 1127 1116 ditationum
1145 1094 1258 1122 indicant,
1279 1095 1426 1118 solummodo
1444 1095 1569 1118 duodecim
1586 1098 1608 1118 et
1624 1095 1720 1124 quidem
1737 1095 1767 1118 ab
1784 1095 1833 1118 aliis

990 1141 1121 1164 differentes
1137 1141 1267 1165 exhibeant.
1293 1142 1325 1164 De
1347 1148 1402 1165 vero
1419 1149 1516 1165 numero
1533 1148 1645 1165 versuum
1661 1142 1759 1170 capitula
1777 1142 1833 1165 indi-

989 1188 1090 1210 cantium
1109 1188 1202 1210 minime
1219 1191 1293 1216 potest
1309 1187 1421 1216 dubitari,
1439 1194 1491 1211 cum
1510 1188 1532 1210 in
1549 1188 1658 1211 omnibus
1675 1188 1795 1211 codicibus
1811 1191 1833 1211 et

989 1234 1131 1256 editionibus
1148 1237 1235 1257 tantum
1254 1235 1282 1257 48
1300 1235 1399 1263 capitula
1412 1235 1542 1258 meditanda
1555 1238 1724 1263 proponantur,
1742 1241 1834 1257 versus—

989 1286 1036 1309 que
1052 1281 1082 1304 ad
1099 1282 1156 1304 haec
1173 1282 1272 1310 capitula
1289 1284 1312 1304 et
1328 1282 1427 1310 capitula
1445 1282 1475 1304 ad
1491 1288 1574 1304 versus
1599 1282 1718 1304 manifeste
1735 1282 1833 1304 reseran-

989 1330 1026 1350 tur
1042 1331 1065 1350 et
1081 1328 1181 1351 invicem
1198 1335 1223 1351 se
1240 1328 1398 1357 comprobent.
1415 1341 1446 1345 —
1463 1329 1569 1351 Ceterum
1582 1329 1711 1351 secuudum
1728 1328 1834 1351 intentio-

989 1381 1043 1397 nem
1059 1375 1159 1397 auctoris
1176 1375 1199 1397 hi
1216 1382 1298 1398 versus
1313 1375 1443 1398 debuerunt
1458 1382 1503 1398 non
1520 1378 1567 1397 tam
1588 1376 1700 1403 hymnum
1718 1375 1834 1403 poeticum

990 1422 1089 1444 formare
1113 1428 1183 1451 quam
1209 1422 1328 1444 materiam
1351 1422 1506 1445 meditandam
1530 1422 1656 1444 memorIae
1680 1422 1768 1444 facilius
1793 1421 1833 1443 1111-

989 1468 1098 1496 primere.

1052 1521 1075 1536 c.
1090 1513 1191 1544 Lignum
1209 1515 1268 1538 vilae
1285 1515 1322 1537 1110
1338 1518 1360 1538 et
1372 1515 1522 1544 sequentibus
1533 1515 1630 1538 saeculis
1642 1518 1688 1537 tam
1701 1515 1798 1543 placuit,
1810 1517 1835 1536 ut

989 1568 1035 1584 non
1052 1563 1126 1584 solum
1144 1564 1176 1584 tot
1193 1568 1250 1585 msc.
1266 1566 1289 1584 et
1305 1561 1444 1585 editionibus
1461 1563 1593 1590 vulgatum,
1611 1563 1650 1585 sed
1664 1562 1732 1584 etiam
1745 1561 1774 1584 ab
1786 1561 1834 1584 aliis

990 1609 1124 1632 auctoribus
1140 1612 1262 1637 acceptum
1278 1612 1301 1632 et
1316 1610 1451 1638 ampliatum
1468 1610 1503 1632 511.
1517 1610 1573 1632 infra
1585 1610 1607 1632 in
1619 1610 1714 1632 elencho
1726 1610 1834 1632 codicum

990 1663 1012 1679 11.
1031 1657 1068 1679 39.
1087 1657 1171 1679 relatus
1188 1659 1222 1679 est
1238 1657 1290 1679 cod.
1308 1657 1488 1684 Aurelianensis,
1506 1657 1546 1685 qui
1568 1659 1653 1679 textum
1674 1657 1740 1685 triplo
1763 1657 1834 1680 maio-

990 1709 1040 1725 rem
1065 1703 1134 1725 habet
1157 1709 1227 1731 quam
1253 1703 1372 1726 editiones.
1390 1716 1419 1719 -
1445 1704 1514 1726 Porro
1535 1703 1592 1726 liber
1614 1703 1649 1726 ille
1669 1704 1706 1726 Fr.
1728 1703 1831 1726 Ubertini

991 1750 1021 1772 de
1037 1749 1123 1777 Casali,
1140 1750 1218 1772 famosi
1237 1750 1392 1778 spiritualium
1410 1750 1567 1778 antesignani,
1584 1750 1623 1779 qui
1641 1750 1771 1773 inscribitur
1788 1752 1832 1774 Ar-

991 1796 1034 1819 bor
1050 1796 1111 1820 vitae
1127 1796 1258 1826 crucifixae
1275 1797 1343 1824 lesu,
1360 1803 1406 1819 non
1424 1800 1511 1819 tantum
1528 1797 1679 1825 principalem
1694 1797 1770 1820 ideam
1782 1803 1835 1826 ope-

991 1843 1022 1866 ris
1039 1846 1156 1866 mutuatus
1172 1846 1206 1866 est
1230 1849 1244 1866 a
1269 1843 1343 1866 libello
1369 1844 1555 1871 Bonaveuturae‚
1577 1844 1618 1866 sed
1640 1844 1709 1866 etiam
1733 1844 1836 1872 complu-

991 1897 1028 1913 res
1044 1896 1126 1913 versus
1143 1891 1233 1919 aliaque
1250 1891 1322 1913 multa
1338 1896 1365 1913 ex
1389 1891 1433 1913 hoc
1458 1891 1494 1913 vel
1517 1890 1566 1913 aliis
1588 1890 1698 1918 operibus
1721 1890 1832 1913 eiusdem.

992 1936 1093 1965 Exempli
1111 1937 1196 1964 gratia,
1213 1939 1265 1965 post
1282 1936 1399 1964 duplicem
1416 1937 1540 1965 prologum
1557 1939 1666 1959 tractatus
1683 1936 1784 1960 Ubertini
1800 1936 1834 1960 sic

991 1983 1071 2011 incipit
1087 1989 1138 2011 cap.
1161 1983 1182 2005 l:
1200 1984 1277 2011 Iesus,
1301 1989 1333 2007 επ
1356 1984 1404 2007 Deo
1420 1983 1520 2013 genitus.
1538 1983 1597 2007 Cum
1621 1983 1690 2007 audis
1708 1984 1786 2007 lesum
1802 1989 1833 2007 ea:

991 2030 1063 2053 Patre
1079 2030 1197 2059 centlum,
1213 2030 1261 2053 scil.
1273 2031 1430 2058 omnipotente
1441 2031 1488 2053 Deo
1500 2033 1617 2053 aeterno...
1634 2036 1696 2059 cave,
1710 2036 1739 2053 ize
1750 2030 1834 2054 nlevztz's

992 2078 1047 2100 tuae
1063 2076 1138 2100 oculis
1155 2076 1246 2106 aliquid
1263 2077 1369 2100 carnalis
1387 2077 1533 2107 cmitayionis
1551 2077 1583 2106 [in
1601 2080 1662 2100 textu
1673 2078 1761 2100 Bonav.
1772 2077 1836 2107 copi-

994 2123 1100 2153 talionis]
1126 2125 1251 2152 occurrat,
1269 2123 1326 2153 quin
1342 2123 1420 2153 potius
1437 2123 1570 2147 columbino
1587 2125 1608 2147 el
1624 2123 1731 2153 aquilino
1748 2123 1835 2147 intuitu

991 2169 1129 2199 simpliciter
1140 2170 1207 2193 crede
1218 2176 1246 2194 ac
1255 2170 1423 2200 perspicaciter
1440 2170 1611 2200 contemplare,
1624 2170 1687 2200 quod
1699 2171 1723 2194 in
1734 2170 1776 2194 illa
1789 2174 1832 2194 etc.

992 2216 1068 2240 Verba
1085 2217 1164 2240 litteris
1182 2217 1261 2240 italicis
1277 2217 1390 2246 impressa
1407 2217 1547 2241 verbotenus
1558 2221 1633 2241 sumta
1651 2221 1704 2241 sunt
1715 2224 1742 2241 ex
1758 2218 1833 2248 Lifflzo

990 2264 1059 2287 vitae.
1084 2265 1192 2293 Sequitur
1209 2264 1296 2288 ibidem
1320 2265 1410 2293 longior
1430 2266 1557 2294 explanatio
1579 2265 1609 2288 de
1628 2266 1750 2293 Trinitate,
1775 2271 1834 2294 quae

992 2311 1116 2340 praecipue
1134 2312 1242 2334 fundatur
1258 2311 1336 2335 verbis
1353 2312 1376 2334 S.
1393 2313 1569 2335 Bonaventurae
1585 2313 1667 2335 sumtis
1683 2318 1711 2335 ex
1733 2313 1835 2335 Brevilo-

992 2358 1047 2387 quio
1065 2358 1125 2387 (libr.
1145 2359 1160 2381 l.
1177 2364 1197 2381 c.
1214 2360 1237 2381 2.
1253 2365 1276 2380 11.
1294 2359 1338 2388 3.),
1363 2359 1426 2388 quod
1451 2359 1536 2381 scilicet
1553 2358 1610 2381 fides
1629 2367 1640 2379 α
1652 2359 1722 2381 dictat
1738 2358 1767 2381 de
1785 2358 1832 2380 Deo

992 2410 1042 2427 esse
1058 2405 1203 2427 sentiendum
1221 2405 1330 2428 altissime
1341 2407 1364 2427 et
1375 2405 1477 2433 piissime
1486 2414 1497 2425 n
1511 2408 1567 2434 etc.,
1579 2411 1639 2434 quae
1651 2405 1774 2428 Ubertinus
1786 2411 1835 2427 ver-

991 2450 1089 2474 botenus
1105 2452 1191 2474 recitat.
1214 2453 1240 2475 Et
1261 2452 1323 2475 idem
1344 2453 1458 2480 reperitur
1474 2452 1522 2475 aliis
1539 2452 1562 2475 in
1584 2453 1646 2475 locis.
1668 2452 1790 2476 Ubertinus
1811 2453 1835 2476 in

992 2504 1034 2521 suo
1050 2498 1108 2521 libro
1124 2505 1167 2526 pro
1185 2498 1213 2521 48
1231 2498 1338 2522 versibus
1355 2498 1424 2522 habet
1441 2499 1498 2526 150,
1515 2506 1615 2528 quorum
1637 2500 1666 2522 28
1688 2499 1758 2522 sumti
1780 2502 1833 2522 sunt

991 2550 1018 2567 ex
1036 2545 1204 2567 Bonaventura.
1229 2545 1343 2572 Expositio
1360 2545 1462 2568 Ubertini
1478 2546 1609 2573 dogmatica
1626 2549 1648 2568 et
1664 2546 1761 2568 ascetica
1778 2551 1832 2568 cum

993 2591 1070 2613 multis
1094 2591 1228 2613 excursibus
1253 2591 1343 2614 acerbis
1360 2594 1438 2614 contra
1454 2593 1596 2620 corruptelas
1614 2593 1666 2614 cleri
1684 2598 1739 2615 snae
1755 2593 1835 2615 aetatis

994 2644 1020 2660 ac
1038 2637 1215 2665 Religiosorum,
1227 2638 1360 2665 praesertim
1378 2638 1470 2661 Ordinis
1485 2639 1604 2666 lilinorum,
1617 2639 1695 2666 implet
1707 2641 1796 2661 tomum
1813 2640 1835 2661 in

994 2684 1047 2706 lolio
1064 2687 1086 2706 et
1103 2684 1172 2706 habet
1188 2685 1290 2713 quinque
1307 2684 1389 2711 libros;
1406 2691 1450 2707 non
1469 2690 1541 2712 pauca
1564 2685 1631 2707 etiam
1648 2686 1713 2707 affert
1730 2691 1775 2708 nou
1792 2685 1835 2708 exi-

994 2731 1034 2759 gui
1051 2732 1160 2754 momenti
1177 2738 1219 2759 pro
1237 2732 1329 2754 historia
1347 2732 1369 2754 S.
1381 2732 1494 2754 Francisci
1507 2735 1528 2754 et
1540 2731 1631 2754 Ordinis
1643 2732 1700 2754 eius.
1712 2733 1759 2755 Hoc
1774 2738 1834 2760 opus

994 2778 1015 2801 in
1033 2785 1117 2806 genere
1128 2785 1170 2801 suo
1182 2778 1281 2801 notabile
1297 2782 1377 2801 auctor
1394 2779 1414 2800 in
1429 2779 1524 2806 prologo
1536 2779 1628 2806 asserit,
1640 2785 1665 2801 50
1676 2780 1835 2807 composuisse

994 2825 1017 2847 in
1030 2826 1104 2848 Monte
1126 2825 1239 2847 Alvernae
1256 2831 1293 2847 an.
1314 2825 1385 2852 ¹305,
1397 2828 1419 2847 et
1430 2825 1506 2847 addin
1526 2834 1537 2845 α
1550 2826 1598 2848 Non
1611 2826 1663 2853 plus
1675 2831 1745 2854 quam
1763 2826 1832 2848 trium

995 2872 1108 2895 mensium
1121 2875 1143 2894 et
1154 2875 1242 2900 septem
1255 2872 1345 2894 dierum
1359 2872 1394 2894 vel
1407 2872 1467 2894 circa
1479 2872 1578 2900 spatium
1591 2872 1613 2894 in
1625 2872 1746 2895 scribendo
1759 2876 1831 2895 totum

994 2918 1101 2941 librum...
1115 2925 1229 2947 occupare
1238 2925 1275 2941 me
1285 2919 1405 2946 permisit»
1420 2919 1493 2945 Dcus;
1505 2919 1569 2948 quod
1581 2925 1635 2942 sane
1648 2922 1681 2942 est
1694 2919 1835 2946 mirandum,

994 2966 1045 2988 licet
1062 2965 1115 2988 illud
1134 2968 1224 2993 tempus
1249 2965 1377 2994 aliquorum
1401 2966 1514 2988 mensium
1538 2965 1656 2988 intervallo
1681 2966 1834 2993 interruptum
