2133 3317
386 279 441 301 ANN

135 317 212 346 potius
228 317 300 340 voluit
314 321 412 340 mortem
429 317 503 340 crucis
519 316 610 344 subire,
627 322 697 345 quam

135 356 288 385 permitteret,
305 356 393 378 animas
410 356 484 384 perire
502 356 543 377 381
565 355 594 377 20

181 407 212 411 -
230 395 299 417 Saluti
311 395 439 417 animarum
452 394 506 417 nihil
518 394 697 422 praeferendum

135 437 169 456 est
185 434 226 456 531
249 433 262 455 4
279 446 310 450 —-
321 434 379 456 Nihil
391 433 513 461 pretiosius
524 436 558 455 est
569 433 641 455 salute
653 433 697 455 ani-

135 478 225 495 marum
243 472 324 495 Christi
341 473 453 500 sanguine
464 472 638 500 redemptarum
651 472 696 494 410

136 512 165 534 13
181 524 212 528 -
229 513 250 534 10
268 511 394 534 salvatione
410 511 540 533 animarum
560 512 605 533 Deo
618 511 697 539 gratis-

135 550 219 573 simum
236 553 366 578 praestatur
381 549 519 579 obsequium
542 550 583 572 143
596 551 609 572 3
621 562 653 567 --
664 551 697 572 ln-

134 589 320 617 comparabiliter
336 589 412 611 maius
428 589 577 617 dispendium
595 592 640 617 est,
658 595 696 617 pe-

134 629 225 651 riclitari
242 628 344 655 animas,
360 634 431 657 quani
449 634 486 651 res
507 628 582 656 perire
604 628 648 650 145
667 628 695 650 12

134 680 165 684 -
180 674 226 690 000
243 671 277 690 aet
293 667 374 689 leviter
390 667 563 696 praecipitanda
585 667 609 689 in
631 667 697 689 infer-

133 713 189 729 num
208 707 247 728 381
269 707 298 728 20

180 757 211 762 -
228 746 363 768 Animarum
380 746 475 768 salvatio
492 746 638 774 procuranda
660 749 695 768 est

133 791 175 813 per
191 785 320 807 orationum
333 785 496 813 frequentiam,
508 791 550 813 per
561 791 695 807 sermonum

133 824 331 851 informationem,
358 830 399 852 per
426 825 585 852 exemplorum
618 824 695 847 incita-

131 866 208 885 menta
230 863 271 885 130
293 863 319 885 10

179 914 211 919 -
227 902 316 931 Quibus
332 902 456 924 virtutibus
472 902 602 925 animarum
619 905 695 925 rector

132 941 251 970 praeditus
268 947 318 964 esse
335 941 418 964 debeat
430 941 474 963 132
488 941 507 963 4.
520 947 584 970 seqq.
598 954 627 957 —
639 941 695 969 Qui-

133 980 176 1003 bus
194 980 316 1003 virtutibus
333 980 429 1008 praediti
454 986 504 1002 esse
529 980 628 1002 debeant
653 980 692 1009 qui

132 1019 254 1042 animabus
271 1022 380 1047 praesunt
399 1019 443 1041 150
462 1020 490 1041 15

177 1070 209 1075 -
230 1065 300 1087 saepe
325 1058 412 1081 facilius
436 1058 528 1081 ducitur
552 1057 643 1080 lenibus
671 1060 693 1080 et

132 1097 223 1121 blandis
234 1104 304 1127 quam
317 1097 456 1120 terribiiibus
467 1100 489 1120 et
498 1097 614 1125 adversis;
622 1102 694 1124 saepe

131 1137 206 1165 magis
216 1137 312 1160 allicitur
321 1137 440 1165 promissis
449 1136 612 1162 consolatoriis,
622 1141 693 1164 quam
713 1159 714 1163 Ἰ

131 1179 228 1204 cogatur
244 1176 312 1199 minis
328 1179 351 1199 et
368 1175 494 1199 terroribus
511 1175 540 1198 55
559 1175 582 1197 11

177 1228 208 1231 -
224 1216 246 1238 S.
263 1215 398 1238 Franciscus
409 1220 523 1243 supernae
534 1213 693 1236 illustrationis
713 1215 714 1221 ¹

131 1255 224 1277 oraculo
242 1254 362 1281 intellexit,
386 1260 410 1276 se
434 1254 528 1276 missum
552 1259 602 1275 esse
619 1259 631 1275 a
649 1253 694 1275 Do·
712 1273 714 1277 .

131 1293 206 1320 mino,
224 1296 249 1316 ut
265 1294 391 1315 lucraretur
407 1293 496 1315 animas
513 1293 557 1314 513
575 1293 591 1314 2

177 1345 208 1349 -
232 1339 273 1355 cur
297 1333 413 1355 desiderat
437 1338 583 1355 reassumere
608 1337 695 1359 corpus

130 1372 283 1400 glorificatum
301 1371 331 1394 64
349 1372 373 1394 21
396 1384 426 1387 —-
442 1372 506 1400 Quae
522 1371 551 1393 sit
561 1372 617 1393 stola
630 1377 691 1394 nova

131 1411 221 1433 animae
238 1411 377 1439 glorificatae
393 1410 423 1433 ib.
445 1411 474 1433 22
499 1423 531 1427 —-
554 1410 619 1433 beata
645 1416 692 1432 non

129 1453 248 1479 appeteret
264 1450 432 1472 resumtioneui
448 1450 564 1478 corporis,
586 1450 604 1472 si
622 1449 694 1477 impe-

130 1489 189 1512 diret
205 1489 308 1511 divinam
325 1489 542 1517 contemplationem
561 1489 589 1511 63
607 1489 633 1511 21

176 1540 208 1545 —·
224 1527 292 1551 debet
309 1534 360 1550 esse
371 1528 432 1551 socia
444 1528 585 1556 Angelorum
599 1534 641 1556 per
652 1534 694 1556 pu-

129 1567 219 1590 ritatem
237 1570 259 1590 et
275 1567 441 1595 innocentiam,
464 1567 508 1590 11113
530 1567 692 1595 Apostolorum

826 239 925 267 INDEX
946 239 1193 268 ALPHABETICUS.

779 317 901 339 Amoenus
928 329 960 333 —-
989 317 1149 345 interpretatur
1179 317 1292 340 silentium

731 356 873 383 paupertatis
891 355 935 378 419
954 357 982 378 22
999 369 1030 372 -
1047 357 1157 384 templum
1180 357 1220 378 Dei
1242 362 1293 384 pro-

731 394 815 417 fanavit
831 394 884 417 ibid.

777 434 887 456 Aurasius
897 446 929 450 —
939 434 1034 456 eremita
1047 434 1087 456 fuit
1099 434 1221 456 illustrator
1232 435 1292 457 vitae

730 474 920 495 anachoretarum
938 473 982 495 258
1001 474 1014 495 2

776 524 808 528 -
824 512 853 534 de
871 512 947 534 Padua
962 515 1010 534 erat
1021 512 1130 540 egregius
1148 513 1292 540 praedicator

730 551 776 573 515
796 551 822 572 10
835 563 868 567 -
883 554 917 573 est
933 550 1014 573 Christi
1031 551 1163 579 praeclarus
1174 553 1291 575 confessor

730 588 782 612 ibid.
800 602 831 606 —
847 590 989 618 praedicavit
1006 590 1028 612 in
1045 590 1149 618 Capitulo
1166 591 1290 613 Arelatensi

729 628 759 651 de
771 628 834 651 titulo
846 629 921 652 crucis
931 629 1014 652 Christi
1025 628 1080 652 ibid.
1093 629 1139 652 545
1155 630 1180 651 10
1194 642 1225 646 -
1242 636 1291 658 per-

730 669 787 690 fecte
798 668 821 690 in
832 668 878 690 vita
894 674 936 690 sua
952 671 1044 691 secutus
1055 668 1096 691 fuit
1110 669 1132 691 S.
1144 669 1290 691 Franciscum

729 706 775 728 559
788 707 796 728 1
812 719 843 723 -
854 710 950 735 apparet
965 713 1018 730 cum
1031 708 1055 729 S.
1065 707 1185 730 Francisco
1197 707 1290 730 cuidam

729 751 798 768 caeco
815 746 885 768 Fratri
903 745 956 768 ibid.

775 785 832 808 Ares
849 798 878 801 --
896 785 1026 813 significant
1042 786 1130 808 animas
1152 786 1290 814 contempla-

729 824 788 846 tivas
805 824 846 846 221
871 824 912 846 149

775 876 805 879 ——
822 865 856 885 est
873 869 884 885 a
902 863 969 886 nobis
986 863 1096 886 imitanda
1118 864 1147 886 ad
1171 864 1292 886 conficien-

728 902 784 924 dum
802 902 846 924 mel
863 902 993 925 devotionis
1011 903 1055 924 187
1076 903 1081 924 1

773 952 805 957 ·-—
832 941 926 968 Apicula
954 941 1012 963 inter
1039 941 1166 963 volandum
1198 947 1290 969 semper

727 979 844 1008 quendam
861 986 944 1002 sonum
962 980 1026 1002 vocis
1043 979 1112 1002 habet
1129 986 1171 1002 000
1194 980 1291 1003 contice-

726 1057 800 1079 mellis
816 1057 962 1080 dulcedinem
983 1057 1083 1085 exoptati
1104 1058 1191 1086 colligit
1216 1060 1238 1080 et
1256 1064 1290 1081 ex-

726 1096 788 1123 sugit
806 1097 849 1118 t88
867 1097 880 1118 2

773 1135 832 1158 Arcx
849 1147 882 1152 -
897 1135 951 1157 dicit
967 1135 1123 1158 summitatem
1141 1136 1175 1158 rei
1195 1136 1290 1158 alicuius

726 1177 852 1197 extremam
870 1178 892 1196 et
908 1175 1019 1197 excelsam
1039 1175 1079 1196 291
1106 1175 1131 1196 16

774 1214 883 1236 Arctoum
898 1225 929 1230 —
946 1213 1072 1241 respondet
1088 1213 1257 1236 obiectionibus
1269 1216 1291 1236 et

726 1253 828 1275 defendit
845 1252 874 1275 ab
891 1253 1067 1280 impugnatione
1083 1253 1128 1275 234
1147 1254 1160 1275 2

773 1293 887 1314 Ανο5τΛτ11
906 1305 936 1307 -
953 1292 1016 1320 Quae
1033 1292 1110 1320 quoad
1129 1291 1192 1319 ipsos
1214 1291 1291 1314 obser-

712 1320 801 1353 3vanda
819 1331 863 1353 sint
881 1331 925 1353 458
943 1337 955 1352 3

756 1371 864 1393 Ares-rou
880 1382 910 1386 —
928 1371 1020 1392 fuerunt
1037 1370 1161 1392 duodecim
1181 1370 1226 1392 408
1244 1370 1257 1392 4

772 1421 803 1425 -
820 1409 982 1437 Apostolorum
1000 1409 1094 1437 propria
1106 1409 1201 1431 nomina
1213 1409 1291 1431 inscri-

726 1451 764 1477 pta
781 1451 835 1471 sunt
859 1448 1042 1476 superhumerali
1068 1448 1182 1470 Pontificis
1208 1447 1289 1471 Christi

726 1488 770 1510 293
792 1488 818 1509 19
836 1501 865 1503 -
881 1488 975 1510 Nomina
989 1487 1112 1509 duodecim
1126 1488 1288 1515 Apostolorum

725 1527 808 1555 scripta
826 1527 848 1549 in
868 1527 1023 1549 fundamentis
1038 1532 1153 1554 supernae
1166 1527 1289 1548 lerusalem

725 1569 747 1589 et
763 1566 787 1588 in
803 1566 880 1594 typico
897 1566 1001 1588 rationali
1018 1566 1048 1588 ad
1063 1565 1290 1588 commendationem

130 1610 152 1630 et
169 1607 293 1635 Martyrum
310 1613 352 1635 per
368 1607 485 1630 caritatem
503 1610 525 1629 et
545 1607 692 1635 patientiam,
711 1606 866 1634 ¹paupertatis
884 1605 928 1628 302
946 1606 975 1627 23

129 1646 292 1669 Confessorum
309 1649 331 1669 et
350 1646 472 1674 Virginum
490 1652 531 1674 per
548 1646 658 1674 pietatem
670 1648 693 1668 et
711 1652 713 1674 ς

130 1685 292 1708 continentiam
311 1685 336 1708 51
359 1685 388 1707 17
404 1697 435 1702 -
452 1685 521 1708 debet
543 1691 593 1708 esse
613 1685 693 1707 illumi-

130 1725 202 1747 natrix
219 1731 262 1753 per
278 1725 398 1747 honestam
420 1724 633 1752 conversationem,
650 1730 693 1752 per

130 1763 258 1786 virtuosam
280 1764 437 1792 operationem
455 1766 477 1786 et
495 1764 622 1786 studiosam
640 1763 692 1786 alio·
711 1767 713 1794 l

710 1796 883 1841 {evangelicam
901 1801 991 1829 docuit,
1008 1807 1067 1830 quos
1089 1801 1119 1823 ad
1141 1801 1287 1829 perfectionis

725 1841 816 1863 culmen
833 1841 931 1863 exaltare
946 1840 1082 1863 decreverat
1098 1840 1142 1862 246
1158 1841 1171 1861 8
1184 1852 1215 1857 -—
1226 1840 1288 1862 Chri·

1306 1880 1307 1883 ’
1320 1879 1398 1901 cordia
1415 1878 1459 1901 sibi
1476 1879 1556 1901 datum
1573 1879 1602 1901 ad
1616 1878 1774 1901 necessitatem
1787 1877 1839 1901 ibid.
1854 1889 1883 1894 -—-

130 1809 182 1825 rum
201 1803 223 1825 in
240 1802 301 1826 bono
319 1803 503 1826 informationem
521 1803 547 1825 91
568 1804 581 1825 2

176 1854 208 1859 -
224 1841 293 1865 debet
310 1848 361 1865 esse
375 1843 468 1865 domina
480 1849 603 1870 sensuum,
615 1848 694 1865 carna-

129 1881 184 1904 lium
203 1881 442 1910 concupiscentiarum
459 1884 481 1904 et
492 1882 596 1904 omnium
609 1888 692 1910 opera·
711 1891 712 1902 1

130 1920 218 1943 tionum
236 1921 260 1942 91
283 1922 296 1943 2
314 1933 344 1936 -
361 1921 418 1943 Tres
435 1921 526 1943 animae
547 1921 609 1943 vires
631 1920 691 1943 bene

129 1966 197 1987 reges
213 1960 329 1987 dicuntur,
344 1960 438 1989 quando
450 1960 513 1982 carni
525 1960 692 1988 principantur,

130 1998 237 2021 sensibus
253 1999 408 2026 dominantur,
426 1999 449 2021 in
465 1999 519 2022 solis
542 1999 626 2022 divinis
647 2002 694 2022 stu·
711 2017 712 2023 ,

711 2039 785 2058 *stum
803 2036 849 2058 390
868 2036 896 2058 15

129 2038 186 2065 (1115,
203 2038 262 2060 510111
278 2038 357 2065 decet,
374 2041 517 2066 occupantur
533 2039 562 2061 93
582 2038 589 2060 1

177 2090 206 2093 —
223 2077 319 2099 Animae
335 2077 439 2100 rationali
456 2083 502 2100 non
520 2080 554 2100 est
570 2077 616 2100 vita
628 2077 692 2105 spiri-

130 2116 196 2139 tualis
204 2116 253 2139 51110
262 2116 446 2144 incorporatione
455 2122 473 2139 s.
482 2116 637 2139 Eucharistiae
650 2117 691 2138 103

131 2155 159 2177 13
177 2168 207 2171 -
223 2155 339 2178 rationalis
358 2155 400 2177 frui
418 2154 487 2178 debet
508 2154 597 2178 Christo
615 2154 645 2178 z'b.
663 2156 691 2178 m

129 2206 163 2211 -
176 2194 292 2217 rationalis
308 2200 351 2222 per
366 2194 472 2223 spiritum
485 2194 569 2218 Christi
578 2195 647 2223 pleno
659 2195 692 2217 af-

130 2234 189 2256 fectu
206 2236 228 2256 et
250 2233 364 2256 intellectu
384 2233 490 2261 nutritur,
513 2233 640 2261 vigoratum
657 2234 692 2256 in-

129 2273 261 2295 flammatur
277 2275 300 2295 et
316 2272 447 2295 vivificatur
464 2271 518 2295 ibid.

177 2323 208 2328 —
224 2311 302 2334 deficit
313 2311 336 2333 in
347 2317 444 2339 corpore
455 2311 550 2334 robusto
562 2314 584 2334 et
595 2314 692 2339 vegeto,

131 2350 220 2379 proficit
236 2351 260 2373 in
277 2349 348 2373 debili
364 2352 386 2372 et
402 2350 494 2373 infirmo
511 2350 556 2372 260
574 2350 587 2372 9

177 2402 208 2406 -
230 2390 254 2412 10
279 2389 438 2416 meditatione,
464 2389 561 2418 qualiter
586 2389 646 2412 Deus
671 2392 693 2412 et

131 2428 206 2451 anima
228 2429 273 2451 sint
297 2428 397 2451 invicem
422 2428 558 2456 copulandi,
581 2431 615 2451 est
639 2428 691 2451 111115

130 2467 206 2490 omnis
222 2467 360 2495 cognitionis
382 2470 404 2490 et
428 2467 567 2495 operationis
592 2469 614 2490 et
638 2473 692 2490 vera

131 2507 241 2535 sapientia
257 2507 272 2529 7
290 2507 320 2529 18
336 2519 366 2524 -
383 2507 505 2536 Quomodo
522 2507 613 2529 animae
625 2507 693 2529 facul-

131 2549 188 2569 tates
204 2546 340 2574 purgandae
356 2546 401 2569 sint
412 2549 463 2569 ante
475 2546 691 2574 contemplationem

131 2585 160 2608 56
180 2587 189 2607 1

178 2637 208 2641 -
226 2624 326 2647 Morituri
342 2624 442 2646 animam
460 2624 532 2646 Patris
548 2624 634 2646 aeterni
647 2629 693 2646 ma-

132 2663 199 2686 nibus
223 2663 387 2686 commendare
412 2663 508 2690 debent,
534 2669 561 2685 ne
578 2662 608 2685 ab
624 2662 692 2685 huius

132 2702 212 2725 mundi
229 2702 334 2730 principe
350 2702 576 2730 comprehendantur
596 2701 638 2723 179
658 2702 666 2723 1

177 2753 209 2757 -
225 2741 320 2763 Animae
336 2741 473 2770 poenitentis
489 2740 594 2763 contritio
610 2744 633 2763 er
642 2746 694 2763 con-

132 2779 199 2802 fessio
216 2780 245 2802 32
263 2780 276 2801 8

178 2831 209 2835 —
226 2819 322 2841 Animus
338 2819 460 2842 distractus
477 2819 506 2841 ad
524 2819 588 2846 plura
611 2818 636 2840 111
652 2818 695 2840 mi-

132 2863 173 2880 nor
198 2857 227 2880 ad
251 2858 340 2885 singula
365 2858 463 2886 provide
487 2857 621 2886 peragenda
652 2856 694 2878 145

136 2895 161 2918 tt

180 2935 253 2958 Annus
270 2947 300 2952 ·-
318 2935 449 2958 Secundum
467 2935 636 2958 multitudinem
649 2940 694 2957 me·

133 2973 228 2996 ritorum
246 2974 321 3002 magis
337 2980 407 3003 quam
424 2980 537 2997 annorum
550 2974 602 3003 quis
614 2976 648 2996 est
659 2979 694 2995 ac-

132 3013 220 3041 ceptior
236 3013 299 3041 apud
316 3013 389 3036 Deum
408 3012 448 3035 371
470 3012 485 3035 b

771 1657 802 1661 —
819 1645 930 1667 excellunt
947 1644 1039 1667 caritate
1056 1646 1078 1667 et
1095 1650 1179 1672 magna
1192 1644 1289 1672 diligen·-

726 1684 756 1706 tia
773 1684 802 1706 62
821 1684 848 1706 ts
866 1696 897 1701 —-
912 1683 976 1706 missi
987 1685 1040 1706 sunt
1051 1683 1091 1706 toti
1104 1684 1191 1706 mundo
1204 1684 1227 1706 in
1239 1689 1288 1706 san-

711 1723 806 1746 rctitatis
822 1723 953 1751 exemplum
971 1722 1016 1745 416
1035 1723 1062 1744 13

771 1775 802 1779 ·—
814 1762 916 1785 Christus
925 1762 1050 1790 discipulos
1059 1768 1114 1784 suos
1123 1762 1286 1790 perfectionem

725 1883 773 1903 stus
789 1880 812 1902 in
829 1879 944 1908 Apostolis
961 1879 1037 1907 posuit
1053 1880 1200 1907 perfectionis
1218 1885 1288 1901 evan-

725 1919 811 1947 gelicae
827 1919 913 1941 lumina
932 1919 977 1941 272
995 1919 1007 1941 3
1026 1931 1056 1934 -
1073 1925 1119 1941 000
1142 1918 1205 1941 aliter
1227 1918 1287 1940 vixe-

724 1961 778 1980 runt
794 1964 864 1987 quam
882 1958 986 1980 Christus
1003 1960 1025 1980 et
1040 1958 1129 1980 nullum
1152 1958 1215 1980 aliud
1239 1963 1287 1985 per-

726 1997 828 2020 fectionis
844 1998 961 2025 exemplar
982 1996 1112 2019 habuerunt
1133 2003 1203 2026 quam
1226 1996 1288 2019 Chri-

771 2087 802 2092 —-
818 2078 881 2098 erant
898 2075 1015 2103 Evangelii
1032 2074 1117 2098 Christi
1127 2075 1287 2103 perfectissimi

725 2114 886 2137 observatores
904 2115 948 2137 342
964 2120 979 2136 a
994 2127 1025 2131 —
1041 2114 1118 2137 omnia
1136 2120 1179 2142 pro
1197 2113 1287 2137 Christo

724 2153 866 2182 reliquerunt
883 2152 936 2176 ibid.

770 2204 802 2209 —
818 2192 921 2215 Christus
943 2193 1057 2220 Apostolis
1082 2193 1193 2220 imposuit
1216 2195 1288 2215 extre*

724 2237 776 2254 mae
788 2237 817 2254 ac
827 2232 966 2260 penuriosae
975 2231 1117 2260 paupertatis
1130 2232 1229 2254 formam
1242 2231 1287 2254 273

725 2271 739 2294 5
759 2283 790 2287 -
811 2270 915 2293 Christus
939 2271 1011 2293 sacris
1035 2270 1150 2299 Apostolis
1177 2273 1287 2299 tanquam

724 2316 780 2333 suae
796 2310 921 2332 sanctitatis
931 2309 1085 2332 imitatoribus
1098 2310 1205 2337 perfectis
1218 2313 1288 2332 extre-

725 2355 776 2371 mae
793 2349 936 2377 paupertatis
953 2349 1051 2371 sormam
1068 2348 1206 2371 servandam
1228 2348 1288 2371 insti-

726 2387 767 2410 tuit
783 2387 829 2410 275
846 2387 863 2409 9·
877 2400 908 2403 -
923 2386 1066 2415 Paupertatis
1083 2388 1170 2414 forma,
1193 2393 1239 2416 qua
1256 2387 1288 2409 ni-

725 2427 756 2449 hil
773 2426 905 2455 possidetur
921 2429 943 2449 et
959 2426 982 2448 in
999 2431 1090 2448 summa
1101 2432 1180 2448 rerum
1192 2426 1288 2454 penuria

725 2466 819 2494 vivitur,
836 2465 951 2493 Apostolis
967 2465 1008 2488 fuit
1024 2467 1146 2493 praecepta
1163 2466 1186 2487 et
1202 2464 1232 2487 ab
1248 2465 1288 2488 eis-

726 2505 780 2527 dem
797 2507 887 2527 servata
905 2504 949 2526 276
970 2505 999 2526 12

773 2556 803 2559 —
821 2543 951 2566 Mandatum
969 2543 999 2566 de
1009 2543 1152 2571 paupertatis
1166 2543 1240 2565 forma
1251 2543 1289 2566 da-

726 2585 774 2605 tum
791 2582 905 2610 Apostolis
921 2585 956 2605 est
966 2581 997 2604 ad
1007 2582 1104 2604 litteram
1117 2581 1287 2610 intelligendum

726 2622 771 2644 278
790 2621 818 2644 20

774 2673 803 2676 -
821 2660 877 2688 10515
899 2660 997 2683 carentia
1019 2660 1094 2682 omnis
1121 2660 1176 2682 iuris
1201 2659 1287 2688 proprii

726 2699 762 2722 vel
780 2699 909 2722 communis
926 2699 1032 2727 imposita
1049 2701 1099 2721 erat
1114 2698 1145 2721 ad
1167 2698 1287 2721 avaritiam

726 2738 895 2766 exstirpandam
914 2738 954 2760 421
975 2738 991 2760 7
1008 2750 1038 2754 -—
1054 2738 1169 2766 Apostolis
1191 2740 1214 2760 et
1236 2743 1289 2765 apo-

726 2777 809 2800 stolicis
819 2777 874 2799 viris
885 2777 994 2805 competit
1005 2775 1119 2799 abdicatio
1131 2777 1209 2799 omnis
1220 2779 1288 2799 trans-

727 2816 807 2839 itoriae
825 2817 935 2839 facultatis
955 2821 1009 2838 cum
1033 2815 1129 2844 penuria
1147 2818 1169 2838 et
1187 2816 1288 2844 indigen-

727 2856 755 2878 tia
782 2857 927 2884 opportunae
951 2854 1121 2877 sustentationis
1148 2854 1193 2876 280
1211 2855 1240 2876 22
1257 2866 1288 2871 -

727 2894 869 2923 pauperrimi
886 2894 989 2921 fuerunt,
1007 2893 1063 2916 nihil
1077 2893 1122 2916 sihi
1144 2896 1288 2916 reservantes

727 2933 782 2957 ibid.

774 2985 805 2990 —
817 2972 931 3000 Apostolis
942 2972 1076 3000 impositum
1089 2973 1129 2999 est,
1142 2974 1167 2994 ut
1178 2974 1287 3000 tanquam

727 3011 777 3034 veri
795 3017 909 3040 pauperes
926 3011 947 3033 in
964 3017 1055 3033 summa
1072 3016 1149 3033 rerum
1172 3010 1288 3033 constituti

1832 244 1887 273 683

1584 281 1638 303 Apo

1327 319 1422 346 penuria
1447 322 1549 342 carerent
1575 320 1689 347 pecuniis,
1714 321 1819 343 alimenta
1842 328 1887 344 non

1327 359 1423 384 ferrent,
1440 358 1536 386 simplici
1554 359 1636 381 vestitu
1654 360 1753 382 contenti
1773 363 1848 382 essent
1864 363 1886 383 et

1325 396 1375 418 sine
1391 397 1552 420 calceamentis
1569 398 1711 425 incederent,
1732 401 1757 421 ut
1778 399 1811 421 sic
1833 405 1887 427 pau-

1325 438 1437 463 pertatem
1454 436 1586 459 altissimam
1604 440 1655 459 actu
1678 440 1699 459 et
1722 437 1799 460 habitu
1824 444 1887 466 prae-

1326 475 1409 497 ferrent
1426 475 1470 497 273
1489 475 1502 497 5
1522 488 1549 491 -
1567 476 1630 498 Hanc
1647 476 1717 498 vitam
1739 477 1811 499 sancti
1827 479 1885 505 Apo-

1324 514 1375 535 stoli
1393 517 1514 536 tenucrunt
1531 518 1552 537 et
1569 518 1621 537 ante
1639 518 1660 537 et
1682 518 1733 543 post
1755 516 1886 544 passionem

1325 552 1416 575 Domini
1434 553 1476 575 413
1495 553 1517 575 4.
1534 554 1578 576 417
1599 554 1626 577 15

1371 604 1401 607 -
1419 593 1560 620 Paupertatis
1576 593 1686 616 districtio
1703 600 1749 616 non
1762 594 1802 617 fuit
1813 594 1887 622 impo-

1324 630 1365 653 sita
1383 631 1496 659 Apostolis
1517 634 1542 654 ut
1565 632 1683 661 praetatis,
1708 633 1748 656 sed
1774 636 1885 662 tanquam

1324 671 1459 693 authenticis
1476 671 1674 699 praedicatoribus
1686 672 1731 694 416
1747 673 1772 694 13
1784 685 1815 689 -
1827 672 1885 701 Apo-

1324 709 1387 732 stolis
1403 709 1462 732 sicut
1478 710 1545 733 certis
1562 711 1666 738 personis
1678 711 1806 740 primisque
1818 718 1885 739 prae-

1324 747 1464 770 dicatoribus
1476 749 1623 776 evangelicae
1635 749 1692 777 legis
1704 749 1819 772 abdicatio
1831 752 1887 772 tem-

1324 787 1437 814 poralium
1454 787 1587 815 intelligitur
1604 788 1673 811 fuisse
1695 792 1830 817 praecepta,
1853 795 1886 811 re-

1323 826 1399 853 ceptio
1415 827 1583 854 stipendiorum
1600 833 1659 849 vere
1673 827 1784 855 permissa
1798 828 1842 850 279
1855 829 1885 850 20

1323 875 1354 880 -
1370 863 1531 891 obligabantur
1547 864 1576 887 ad
1588 866 1712 892 perfectam
1725 868 1885 893 paupertatem

1323 908 1369 924 11011
1387 903 1445 925 510111
1463 903 1595 925 fundatores
1606 904 1741 926 christIanae
1753 904 1881 933 religionis,

1323 941 1364 963 sed
1376 942 1435 964 sicut
1446 942 1582 970 exemplaria
1593 943 1737 970 perfectionis
1746 942 1885 971 obligatione

1310 981 1468 1006 ,voluntariae
1484 981 1632 1009 professionis
1648 981 1703 1005 ibid.

726 1019 780 1045 scit,
805 1018 880 1041 donec
905 1019 963 1041 intra
988 1019 1068 1041 florem
1095 1019 1224 1047 intraverit,
1251 1019 1289 1041 ubi
1310 1017 1311 1020 ’

1371 1031 1400 1035 -
1413 1019 1515 1043 Christus
1527 1020 1644 1048 praecepit
1655 1021 1769 1048 Apostolis
1778 1027 1823 1043 non
1833 1027 1886 1049 pos-

1324 1059 1399 1081 sidere
1420 1065 1503 1081 aurum
1526 1059 1571 1081 275
1593 1059 1615 1081 9.
1632 1059 1677 1081 276
1695 1060 1732 1082 tt.
1750 1066 1784 1088 sq.
1801 1073 1833 1076 —
1848 1060 1886 1083 Ob

1310 1100 1412 1125 {septem
1429 1098 1529 1120 rationes
1546 1098 1602 1126 ipsis
1619 1097 1761 1126 prohibitum
1784 1101 1818 1121 est
1834 1105 1884 1127 pos·

1309 1127 1311 1165 ‚¹
1324 1136 1399 1159 sidere
1415 1143 1511 1164 aurum,
1528 1140 1649 1165 argentum
1667 1140 1689 1160 et
1705 1138 1827 1165 pecuniam
1841 1138 1885 1160 412

1325 1176 1345 1198 3.
1363 1182 1414 1204 sqq.
1431 1187 1463 1192 —
1478 1176 1592 1204 Apostolis
1609 1176 1631 1198 in
1649 1176 1774 1204 Evangelio
1789 1176 1884 1199 inhibita

1310 1210 1311 1213 ’
1324 1215 1365 1237 fuit
1381 1215 1479 1242 pectmia
1496 1215 1542 1237 315
1561 1215 1588 1237 14

1370 1266 1401 1270 -
1418 1254 1512 1282 perfecti
1529 1256 1604 1282 erant,
1622 1257 1644 1276 et
1660 1257 1737 1277 tamen
1755 1254 1795 1277 fuit
1810 1255 1844 1277 eis
1856 1255 1885 1277 in-

1324 1292 1417 1315 terdicta
1436 1293 1532 1320 pecunia
1550 1293 1579 1315 ad
1596 1293 1716 1316 vitandam
1737 1294 1883 1316 occasionem

1324 1331 1433 1354 avaritiae
1450 1332 1490 1353 281
1513 1332 1541 1354 27
1558 1344 1587 1348 -
1605 1331 1650 1354 Cur
1667 1332 1722 1360 ipsis
1739 1332 1842 1355 Christus
1855 1333 1883 1354 10-

1323 1371 1388 1393 011105
1404 1370 1490 1393 hahere
1507 1371 1646 1393 interdixerit
1663 1371 1708 1393 415
1724 1371 1738 1393 9

1370 1422 1402 1425 -
1419 1409 1530 1432 Dominus
1546 1410 1569 1432 in
1587 1411 1629 1432 hac
1645 1411 1696 1438 lege
1714 1416 1766 1432 cum
1789 1410 1885 1438 Apostou

1323 1448 1351 1470 lis
1367 1454 1413 1476 pro>
1427 1451 1531 1476 tempore
1548 1449 1661 1477 passionis
1677 1449 1820 1477 dispensavit
1837 1449 1884 1471 415

1327 1487 1352 1508 10
1371 1500 1399 1503 -
1417 1488 1532 1515 Tempore
1545 1488 1710 1515 persecutionis
1721 1487 1823 1510 Christus
1835 1494 1886 1516 per-

1323 1526 1384 1548 misit
1400 1527 1515 1554 Apostolis
1531 1527 1653 1554 pecuniam
1670 1528 1728 1549 ferre
1746 1527 1792 1549 285
1808 1527 1838 1549 39
1854 1540 1885 1543 -

1322 1565 1396 1588 5011110
1413 1565 1436 1587 111
1453 1568 1532 1593 300113
1549 1566 1682 1588 necessitate
1698 1565 1815 1589 debebant
1827 1567 1885 1589 ferre

1322 1604 1408 1626 loculos
1425 1603 1479 1627 ibid.

1369 1656 1399 1659 —
1415 1643 1530 1671 Apostolis
1547 1646 1696 1672 praeceptum
1715 1647 1763 1666 erat
1780 1644 1834 1666 nihil
1846 1645 1884 1666 ha-

1322 1681 1376 1704 bere
1392 1684 1415 1704 et
1432 1682 1570 1710 permissum
1588 1683 1669 1705 vivere
1685 1683 1714 1706 de
1731 1682 1789 1705 cibis
1806 1685 1828 1705 et
1844 1683 1884 1705 im-

1307 1722 1308 1739 }
1322 1721 1411 1748 pendiis
1428 1721 1507 1744 alienis
1524 1721 1568 1744 414
1586 1721 1599 1743 4
1611 1734 1643 1738 -
1653 1722 1767 1744 Dominus
1779 1722 1842 1750 ipsos
1854 1721 1884 1744 in-

1321 1759 1428 1782 formavit
1450 1760 1480 1783 ad
1503 1761 1659 1789 receptionem
1684 1761 1884 1788 eleemosynarum

1320 1798 1366 1821 424
1382 1798 1411 1821 24
1428 1811 1460 1816 ·-—
1476 1800 1537 1822 Licet
1553 1800 1631 1822 omnia
1654 1800 1710 1828 ipsis
1732 1799 1881 1827 deberentur,

1321 1843 1396 1862 tamen
1415 1841 1439 1861 ut
1456 1845 1571 1867 pauperes
1593 1842 1730 1867 receperunt
1753 1845 1780 1861 ex
1797 1839 1883 1861 miseri-

1320 1924 1332 1940 a
1349 1917 1456 1940 tidelibus
1473 1917 1602 1940 subsidium
1620 1923 1663 1945 pro
1679 1917 1785 1945 corporis
1806 1923 1883 1940 neces-

1320 1957 1386 1979 sitate
1402 1957 1470 1979 etiam
1488 1957 1511 1979 in
1528 1958 1604 1979 futuro
1621 1956 1730 1984 petebant
1746 1958 1769 1978 et
1790 1956 1884 1984 recipie-

1321 1995 1376 2018 bant
1392 1995 1438 2018 342
1455 2002 1468 2018 a
1478 2008 1509 2012 —-
1520 2002 1566 2018 non
1577 2002 1589 2018 a
1601 1995 1741 2024 perfectione
1752 1995 1886 2018 exciderunt

1320 2035 1344 2057 in
1356 2036 1407 2063 hoc,
1418 2035 1483 2063 quod*
1497 2034 1683 2057 sustentabantur
1695 2034 1724 2057 ab
1736 2035 1785 2057 aliis
1798 2034 1843 2057 327
1855 2035 1884 2057 32

1367 2087 1399 2091 -
1415 2074 1499 2097 debent
1516 2080 1599 2097 ornare
1619 2079 1711 2096 mensas
1732 2073 1884 2096 saecularium

1321 2115 1387 2137 bonis
1412 2114 1522 2142 exemplis
1546 2116 1568 2136 et
1592 2111 1766 2136 auctoritatibus
1793 2112 1883 2135 devotis

1322 2153 1364 2176 411
1391 2153 1421 2176 24
1442 2165 1476 2169 -
1499 2152 1621 2180 Discipulis
1645 2152 1675 2174 ad
1701 2151 1883 2180 praedicandum

1321 2193 1397 2215 missis
1414 2192 1526 2214 Dominus
1542 2191 1606 2214 dedit
1627 2190 1829 2213 condescensionis
1848 2196 1884 2212 ae-

1321 2231 1461 2255 dificatoriae
1479 2232 1575 2254 formam
1594 2230 1616 2252 in
1633 2230 1695 2252 victu
1714 2230 1758 2252 259
1777 2230 1792 2251 6

1369 2284 1399 2287 -
1415 2270 1479 2293 Circa
1496 2271 1655 2298 paupertatem
1673 2268 1823 2297 apostoticam
1839 2268 1883 2290 sol-

1321 2313 1408 2333 vuntur
1424 2311 1523 2338 quatuor
1540 2308 1680 2331 obiectiones
1698 2307 1742 2330 414
1756 2308 1778 2330 5.
1790 2313 1841 2336 sqq.
1854 2319 1883 2323 —-

1322 2349 1413 2377 Triplex
1431 2351 1479 2371 erat
1499 2347 1584 2370 modus
1604 2346 1700 2369 vivendi
1721 2346 1884 2374 Apostolorum

1322 2387 1366 2410 416
1385 2387 1414 2409 10

1368 2438 1399 2443 -
1415 2426 1537 2454 Apostolos
1554 2424 1665 2447 Dominus
1681 2423 1757 2446 nudos
1779 2430 1820 2452 per
1837 2429 1884 2446 sae-

1321 2466 1371 2488 cula
1389 2464 1511 2487 destinavit
1528 2463 1572 2486 424
1590 2463 1619 2486 94

1368 2516 1399 2521 —-
1415 2503 1450 2526 Ad
1467 2503 1570 2531 regulam
1583 2502 1731 2531 apostolicam
1745 2501 1843 2530 pertinet
1854 2501 1884 2523 ni-

1321 2543 1352 2565 hil
1370 2543 1391 2565 10
1409 2542 1446 2565 via
1463 2542 1540 2565 toliere
1557 2545 1578 2564 et
1600 2541 1650 2563 sine
1672 2540 1832 2563 calceamentis
1853 2540 1884 2562 in-

1322 2582 1404 2605 cedere
1421 2582 1467 2603 388
1484 2582 1496 2603 8
1516 2593 1545 2596 —
1556 2579 1660 2603 Christus
1672 2579 1789 2607 Apostolis
1800 2579 1884 2602 calcea-

1321 2623 1397 2643 menta
1415 2619 1513 2642 inhibuit
1531 2619 1574 2642 40²2
1594 2619 1623 2642 17

1368 2672 1399 2676 -
1415 2659 1483 2682 nudis
1499 2658 1600 2687 pedibus
1616 2659 1758 2681 incesserunt
1770 2658 1815 2679 306
1828 2658 1843 2679 6·
1853 2668 1884 2674 -

1321 2701 1374 2727 post
1391 2698 1555 2721 institutionem*
1570 2697 1709 2726 apostolicae
1725 2697 1819 2724 reg-ulae
1835 2696 1884 2718 sine

1321 2737 1481 2760 calceamentis
1497 2737 1527 2760 ad
1551 2737 1648 2759 litteram
1674 2736 1816 2759 incesserunt
1838 2735 1883 2757 389

1323 2777 1359 2799 tt.
1377 2776 1422 2798 390
1441 2776 1469 2798 15
1486 2788 1515 2792 —-
1532 2775 1660 2798 discalceati
1678 2775 1820 2797 incesserunt
1838 2774 1882 2796 38ss

1323 2816 1344 2837 1.
1361 2821 1413 2844 sqq.
1432 2828 1459 2831 —
1476 2815 1499 2837 in
1516 2814 1624 2837 omnibus
1641 2813 1737 2842 picturis
1755 2813 1883 2836 0103013111-

1321 2854 1352 2876 ris
1369 2854 1514 2883 antiquarum
1531 2853 1658 2882 imaginum
1681 2853 1718 2875 vel
1740 2858 1794 2875 cum
1816 2852 1884 2874 soleis

1321 2893 1358 2915 vel
1374 2893 1443 2915 nudis
1460 2892 1559 2921 pedibus
1574 2892 1733 2920 exprimuntur
1746 2891 1791 2913 388
1804 2891 1826 2914 6.
1838 2890 1882 2913 389

1323 2932 1360 2954 10.
1378 2931 1422 2954 402
1441 2932 1470 2954 17

1368 2983 1398 2987 -
1416 2970 1520 2993 sandalia
1539 2970 1594 2999 ipsis
1616 2976 1628 2993 a
1651 2969 1750 2992 Domino
1775 2974 1882 2992 concessa

1321 3012 1386 3033 erant
1403 3008 1447 3032 tot
1466 3010 1490 3032 21
