2133 3317
408 229 604 259 OPUSCULUM
627 229 714 257 xvlll.
735 228 1017 257 CONSTlTUTlONES
1038 230 1278 258 NARBONENSES.
1301 229 1534 258 DEFINlTlONES.

176 307 355 336 collectiones
376 307 557 344 pecuniarum
579 313 629 342 pro
650 305 814 334 Fratribus¹
837 306 864 334 in
879 306 942 334 Fra-

98 357 172 383 trum
194 353 443 391 praedicationibus
464 352 622 381 nullatenus
648 352 707 381 fieri
736 352 940 389 permittantur.

175 400 339 434 Thuribula,
354 407 451 428 cruces
465 402 492 427 et
506 399 644 435 ampullae
658 398 691 428 de
706 402 820 435 argento
831 399 942 427 omnino

0 463 8 478 r
29 455 86 474 tiones
97 449 286 476 amoveantur.
309 446 340 474 Et
360 446 394 474 de
414 449 506 474 cetero
528 445 626 474 calices
654 445 791 482 simplices
820 445 886 473 fiant
915 445 939 473 iu

97 501 179 531 opere
200 493 281 530 plano
307 496 335 522 et
366 493 473 529 pondus
494 492 613 520 duarum
640 492 818 520 marcharum
847 495 875 520 et
901 492 942 520 di—

97 540 196 569 midiae
217 548 271 568 non
293 539 443 573 excedant;
465 547 515 567 nec
538 539 631 575 plures
652 539 750 567 calices
771 546 854 575 quam
874 539 942 567 alta-

96 587 137 616 ria
158 587 323 619 habeantur,
344 589 462 622 excepto
483 594 539 614 uno
561 594 611 622 pro
632 585 782 613 Conventu.

173 633 341 666 Definimus,
363 632 437 669 quod
458 632 590 660 Custodes
611 634 638 660 et
658 631 805 660 Guardiani
821 631 941 659 habean-

95 683 142 709 tur
163 687 214 717 pro
235 679 381 716 praelatis,
403 682 430 707 et
451 678 592 707 Generalis
613 678 652 707 eis
673 686 768 707 curam
783 678 939 706 animarum

95 726 256 760 committit,
278 729 305 754 et
326 725 475 754 Guardiani
497 725 523 753 in
546 725 675 753 omnibus
695 724 824 753 obediant
843 724 941 753 Custo-

94 773 175 802 dibus
196 773 254 801 suis
265 773 284 800 ⁵³.
307 773 425 801 Caveant
447 776 554 805 tamen,
576 780 610 800 ne
638 772 665 800 in
697 772 755 800 suis
782 771 880 800 officiis
907 771 940 799 ad

94 819 211 848 invicem
233 827 262 848 se
285 819 458 856 perturbent.

172 866 312 895 Generalis
333 866 408 899 vult,
430 865 503 902 quod
532 866 655 894 Minister
683 865 858 902 provincialis
885 873 940 893 non

94 912 247 941 committat
267 912 348 940 alicui
362 911 371 924 ³
394 911 578 948 receptionem
599 912 726 939 Fratrum
752 914 833 939 extra
861 918 939 939 suam

93 959 263 987 Provinciam
287 958 338 987 nisi
362 958 388 986 in
410 958 509 987 studiis
529 957 719 995 generalibus;
742 960 769 986 et
797 957 871 994 quod
892 957 940 985 Mi-

93 1005 172 1034 nistri
195 1007 371 1033 transeuntes
389 1012 438 1041 per
453 1004 555 1033 alienas
571 1004 726 1032 Provincias
741 1003 768 1031 in
784 1003 941 1040 recipiendo

94 1051 188 1081 strIcte
209 1059 238 1080 se
259 1051 393 1085 habeant,
415 1054 442 1079 et
463 1059 533 1088 quos
554 1050 692 1087 recipiunt
720 1058 813 1079 secum
838 1050 942 1078 ducant

94 1106 157 1128 cum
178 1098 259 1127 firmo
280 1098 421 1135 proposito
442 1098 601 1126 nullatenus
622 1097 788 1126 remittendi.

171 1145 323 1174 Admodum
334 1145 346 1161 ⁴
367 1144 572 1173 testitudinatae
592 1152 645 1172 non
661 1144 728 1172 fiant
742 1143 873 1172 ecclesiae
888 1143 940 1172 nisi

93 1199 178 1229 super
198 1192 285 1220 altare
306 1191 412 1228 absque
434 1191 542 1219 licentia
562 1190 698 1227 generalis
719 1189 843 1218 Ministri.

171 1238 316 1274 Quaelibet
337 1237 437 1266 domus
459 1237 486 1265 in
508 1236 634 1265 terminis
661 1236 867 1265 provinciarum
891 1236 940 1264 ha—

92 1285 168 1314 bebit
189 1285 248 1314 loca
268 1284 319 1313 sibi
342 1284 489 1318 viciniora,
512 1284 569 1312 sive
591 1283 645 1312 sint
673 1283 706 1312 de
734 1283 807 1312 suo⁵
836 1283 941 1320 episeo-

93 1335 161 1370 patu
183 1332 224 1360 vel
246 1339 347 1368 regno,
369 1331 426 1359 sive
448 1339 517 1364 non,
540 1330 591 1359 nisi
613 1338 649 1359 ex
671 1338 754 1358 causa
769 1330 878 1366 speciali
894 1330 942 1359 Ge-

92 1379 195 1408 neralis
214 1378 294 1407 aliter
315 1377 430 1406 duxerit
450 1377 644 1406 ordinandum.

171 1425 324 1454 Declaratio
344 1424 446 1453 domini
470 1425 556 1461 Papae
578 1424 726 1453 Innocentii
748 1424 863 1461 quarti6
884 1432 940 1453 ma-

72 1489 79 1494 ·
93 1475 158 1501 neat
178 1479 327 1509 suspensa,
349 1471 420 1500 sicut
440 1471 493 1499 fuit
513 1471 541 1499 in
562 1471 687 1507 Capitulo
702 1471 813 1499 Metensi
827 1471 837 1487 ⁷
850 1471 940 1500 deter-

93 1519 245 1552 minatum,
266 1521 293 1547 et
314 1518 472 1546 inhibemus
492 1517 632 1551 districte,
654 1525 688 1546 ne
716 1518 816 1554 aliquis
845 1521 940 1546 utatur

93 1574 125 1595 ea
145 1565 173 1594 in
195 1565 253 1599 his,
274 1565 301 1593 in
323 1564 426 1602 quibus
440 1564 605 1601 expositioni
619 1564 721 1593 domini
737 1564 859 1601 Gregorii
876 1564 939 1593 noni

93 1612 264 1642 contradicit.

171 1659 252 1693 item,
275 1659 369 1687 nullus
390 1657 553 1687 confessor8
574 1658 660 1695 possit
680 1658 823 1687 absolvere
844 1658 877 1687 de
899 1662 939 1687 ta-

92 1706 183 1735 ctibus
203 1705 365 1742 impudicis,
387 1705 438 1733 nisi
461 1705 508 1741 qui
531 1705 667 1733 licentiam
683 1704 835 1733 habuerit⁹
850 1705 938 1733 absol-

92 1752 173 1781 vendi
194 1752 227 1781 de
249 1752 327 1788 lapsu
348 1751 454 1785 carnis;
476 1754 503 1780 et
524 1751 544 1780 si
561 1751 608 1788 qui
624 1751 865 1780 consuetudinarie
880 1751 939 1780 fue-

92 1799 150 1827 rint
168 1798 349 1835 deprehensi,
377 1798 530 1834 puniantur
561 1797 633 1826 sicut
664 1797 698 1826 de
729 1797 807 1834 lapsu
839 1798 938 1826 carnis.

92 1845 166 1874 Idem
186 1845 304 1874 dicimus
317 1844 351 1874 de
366 1844 576 1873 sollicitantibus
589 1844 611 1861 ¹⁰
632 1852 667 1873 ex
689 1848 765 1873 certa
779 1844 891 1873 scientia
905 1844 940 1873 ad

92 1894 244 1929 peccatum.

170 1938 326 1975 Capitulum
349 1937 477 1975 generale
499 1938 579 1974 punit
598 1937 724 1974 Capitula
744 1937 938 1975 provincialia,

70 2003 77 2007 -
92 1992 163 2022 quae
184 1993 238 2014 non
260 1985 432 2022 scripserunt
452 1984 486 2013 de
506 1987 580 2013 statu
602 1985 808 2014 Provinciarum
823 1992 937 2013 suarum

65 2026 72 2031 “
93 2031 245 2061 secundum
260 2032 415 2069 generalem
432 2032 655 2061 constitutionem
671 2032 787 2068 positam
799 2032 851 2061 sub
863 2040 939 2068 prae-

93 2081 188 2116 cepto,
209 2086 297 2116 poena
317 2079 401 2107 unius
421 2079 543 2115 psalterii
568 2079 719 2116 quemlibet
749 2079 783 2108 de
813 2079 938 2115 Capitulo

92 2128 120 2154 et
139 2125 224 2154 unius
244 2125 296 2154 diei
318 2125 345 2154 in
361 2133 430 2162 pane
444 2128 472 2154 et
486 2133 558 2162 aqua
572 2128 600 2154 et
614 2126 698 2154 trium
713 2125 937 2162 disciplinarum,

48 2204 51 2205 ⁷
92 2175 120 2201 et
139 2172 241 2206 sciant,
263 2172 337 2209 quod
357 2172 491 2209 amplius,
513 2172 535 2200 si
556 2172 745 2209 neglexerint,
760 2172 872 2209 gravius
887 2180 938 2208 pu-

94 2218 215 2247 nientur.

173 2265 316 2294 Inhibeant
336 2265 451 2294 Ministri
473 2265 655 2302 provinciales
672 2265 814 2294 Fratribus
829 2265 939 2302 cingula

71 2329 78 2333 -
93 2319 157 2340 cum
179 2312 297 2340 cultellis
317 2315 345 2340 et
364 2312 458 2340 bursis
478 2314 505 2340 et
526 2312 625 2340 bursas
646 2311 761 2340 inferius
782 2312 896 2340 latentes
911 2312 938 2339 in

94 2358 187 2387 tunica
208 2359 328 2387 habitus.

157 2545 164 2558 ¹
183 2547 199 2568 E
216 2547 299 2569 omittit
312 2552 358 2575 pro
378 2546 502 2569 Fratribus
509 2555 518 2575 ,-
535 2550 578 2569 tota
593 2548 648 2568 haee
660 2547 772 2569 ordinatio
784 2547 848 2569 deest
860 2547 881 2568 in
895 2547 937 2569 Fir.

94 2585 152 2607 sicut
169 2588 191 2608 et
208 2591 315 2613 sequens.

156 2622 164 2636 ²
182 2624 223 2645 Hic
240 2630 266 2646 ex
284 2624 326 2645 Fir.
345 2624 478 2646 addidimus
493 2623 558 2651 suis,
576 2627 598 2646 et
614 2630 682 2651 supra
702 2623 725 2646 [n
742 2627 794 2646 aule
816 2623 937 2651 omnibus,

94 2665 116 2684 et
133 2662 190 2684 insi-a
208 2662 251 2684 Fir.
269 2662 337 2684 nabet
354 2662 493 2685 conturbent
511 2669 552 2690 pro
566 2662 713 2691 perturbent.

156 2700 165 2713 ὃ
182 2701 224 2723 Fir.
243 2701 304 2724 aliis.

158 2739 167 2752 ⁴
185 2740 227 2761 Fir.
245 2739 343 2762 Annulo.

159 2778 168 2791 ⁵
186 2779 227 2800 Pro
245 2778 272 2801 tle
288 2785 332 2801 suo
349 2779 392 2801 Fir.
410 2779 441 2801 iu.

157 2816 166 2829 ⁵
183 2818 226 2839 Fir.
244 2818 307 2839 addit
323 2824 398 2846 supra
416 2818 506 2845 relatu,
524 2821 545 2840 et
563 2818 619 2840 iufra
639 2821 691 2845 post
708 2817 805 2840 aletensi
815 2824 841 2840 cx
853 2818 935 2839 eodem

94 2856 254 2884 supplevimus
271 2855 460 2878 aptet-mimicum.

156 2893 164 2906 ⁷
182 2895 247 2916 Anno
269 2894 324 2916 1249
343 2900 354 2915 a
374 2895 397 2916 B.
416 2895 496 2916 loanne
515 2895 630 2917 Parmensi
649 2895 769 2916 celebrato.
788 2895 883 2917 Litterae
906 2895 937 2916 ‹li-

96 2936 144 2954 ctae
162 2933 285 2954 innocentii
303 2933 340 2954 lV.
357 2933 386 2954 de
402 2933 436 2955 14.
448 2934 503 2955 Nor.
522 2933 578 2955 1245
592 2933 704 2955 habentur
716 2934 777 2960 apud
791 2933 936 2961 Sbaraleumy

96 2971 177 2993 Bullar.
195 2972 210 2992 1.
224 2970 274 2992 too.
288 2971 352 2992 Plura
366 2970 395 2992 ibi
408 2971 477 2993 dubia
490 2972 549 2993 circa
562 2972 673 2999 Regulam
686 2972 812 2999 solvuntur,
826 2975 847 2993 et
858 2972 935 3000 quoad

95 3015 214 3032 recursum
232 3010 259 3031 ad
278 3009 365 3031 anticos
382 3010 510 3037 spirituales
528 3017 569 3038 pro
586 3011 689 3033 emendis
706 3010 775 3032 rebus
792 3017 803 3032 a
821 3011 936 3033 Fratribus

190 3056 215 3079 S.
227 3056 316 3078 Boane.
328 3068 358 3072 —
370 3057 437 3078 Toni.
452 3056 504 3078 viu.

1788 230 1844 258 465

1077 308 1195 335 Revocat
1215 308 1351 344 generalis
1372 308 1494 336 Minister
1521 307 1614 336 omnia
1645 309 1791 344 praecepta
1819 310 1845 335 et

998 353 1086 381 edicta
1107 353 1331 390 praecedentium
1355 354 1525 390 generalium
1554 353 1758 387 Ministrorum,
1787 353 1845 382 sive

998 399 1052 427 lata
1072 399 1175 427 fuerint
1196 400 1222 427 in
1245 400 1343 429 litteris
1364 400 1421 429 sive
1442 401 1470 428 in
1492 400 1592 429 verbis.

1077 445 1132 474 Fiat
1153 446 1274 474 officium
1295 447 1400 483 duplex
1423 447 1512 475 maius
1532 447 1566 476 de
1597 447 1754 476 beatissima
1784 447 1845 475 Tri-

996 492 1081 520 nitate
1103 492 1130 520 in
1153 496 1249 521 octava
1271 494 1451 522 Pentecostes.
1475 494 1513 522 De
1527 497 1648 531 quatuor
1665 494 1844 528 Doctoribus‚

998 538 1101 567 scilicet
1123 539 1289 575 Augustino,
1305 540 1452 577 Gregorio,
1468 541 1633 577 Hieronymo
1647 544 1674 569 et
1689 540 1843 574 Ambrosio,

998 585 1046 613 fiat
1066 585 1188 614 officium
1216 586 1399 623 semiduplex.
1433 587 1471 616 De
1502 591 1596 616 sancto
1627 587 1766 616 Bernardo
1797 587 1844 615 fiat

997 631 1119 660 officium
1141 632 1185 660 die
1206 640 1272 666 suo,
1294 634 1397 662 scilicet
1421 634 1464 662 13.
1490 634 1624 663 Kalendas
1645 634 1822 671 Septembris.

1076 678 1114 706 De
1135 682 1230 707 sancta
1250 679 1329 708 Clara
1351 680 1397 708 liat
1412 680 1534 709 officium
1548 680 1669 717 duplex,
1685 681 1757 709 sicut
1772 680 1841 717 Papa

998 725 1151 759 mandavit,
1174 729 1200 753 et
1222 733 1320 754 nomen
1343 727 1403 755 eius
1434 730 1554 763 ponatur
1576 727 1602 755 in
1635 727 1736 755 litania.
1768 727 1842 755 Anti-

997 771 1090 808 phona
1111 771 1144 799 de
1165 775 1259 800 sancta
1280 773 1364 801 Maria
1385 781 1494 810 semper
1514 773 1623 802 dicatur
1645 776 1706 810 post
1719 774 1844 810 Comple-

998 818 1098 846 torium
1129 818 1178 847 nisi
1209 819 1300 847 triduo
1325 822 1388 848 ante
1410 820 1520 848 Pascha.
1544 820 1645 848 Nomen
1668 820 1739 849 beati
1761 821 1844 848 Fran-

997 864 1060 892 cisci
1084 864 1110 892 in
1138 865 1307 894 consessione
1339 869 1466 902 ponatur.
1499 866 1631 895 Cantetur
1653 866 1792 895 interdum
1815 866 1843 894 in

998 911 1139 948 Vesperis:
1160 912 1313 941 Caetorum.
1328 913 1440 941 candor
1454 913 1480 941 in
1497 913 1756 942 commemoratione
1771 913 1843 941 beati

997 958 1140 987 Francisci.
1164 959 1190 987 ln
1213 959 1258 988 illa
1279 959 1428 996 antiphona
1449 960 1520 988 beati
1542 960 1693 994 Francisci,
1715 968 1785 997 quae
1805 960 1843 989 sic

997 1005 1107 1041 incipit:
1130 1006 1184 1034 Hic
1201 1006 1246 1034 cir
1261 1007 1291 1034 in
1312 1006 1492 1035 vanitatibus
1513 1007 1645 1035 nutritas
1666 1007 1842 1041 indecenter,

998 1052 1045 1080 fiat
1067 1052 1127 1080 talis
1150 1053 1281 1087 mutatio,
1302 1053 1410 1082 divinis
1425 1052 1655 1082 charismatibus
1666 1057 1843 1091 praeventus

997 1102 1038 1126 est
1058 1098 1207 1127 clementer
1219 1099 1250 1127 ¹¹.

1076 1145 1140 1174 Item
1162 1146 1276 1174 sollicite
1292 1150 1419 1175 servetur
1433 1147 1593 1175 constitutio
1607 1148 1755 1184 generalis,
1770 1155 1842 1184 quae

997 1191 1077 1225 dicit,
1099 1192 1172 1228 quod
1194 1192 1220 1220 in
1243 1193 1309 1221 locis
1324 1193 1450 1222 Fratrum
1465 1194 1574 1222 Fratres
1588 1201 1685 1223 carnes
1700 1202 1753 1222 non
1769 1202 1843 1223 com-

997 1238 1079 1267 edant
1101 1239 1157 1267 ullo
1178 1243 1318 1276 tempore,
1340 1240 1465 1276 exceptis
1492 1240 1628 1269 debilibus
1653 1244 1680 1270 et
1708 1241 1841 1276 infirmis,

997 1284 1100 1320 quibus
1121 1285 1267 1313 Guardiani
1291 1286 1436 1322 providere
1458 1287 1576 1323 possint,
1599 1287 1750 1316 secundum
1766 1288 1841 1325 quod

997 1330 1178 1360 iudicaverint
1194 1332 1392 1361 rationabiliter
1407 1333 1543 1370 indigere;
1559 1337 1587 1362 et
1601 1334 1646 1362 illa
1660 1334 1756 1368 etiam,
1771 1342 1842 1371 quae

997 1377 1077 1412 dicit,
1100 1379 1173 1415 quod
1195 1379 1303 1407 Fratres
1324 1379 1350 1407 in
1373 1379 1498 1416 Capitulo
1519 1381 1638 1417 generali
1665 1381 1707 1410 vel
1731 1381 1842 1417 provin-

997 1424 1112 1453 cialibus
1134 1426 1210 1453 nullo
1232 1426 1310 1454 modo
1332 1434 1429 1455 carnes
1451 1427 1602 1456 comedant.

1075 1472 1221 1509 Cingulum
1245 1473 1379 1501 habeatur
1400 1473 1504 1502 chorda
1524 1474 1678 1503 communis
1698 1478 1725 1504 et
1746 1475 1840 1510 rudis,

996 1521 1023 1546 et
1044 1518 1111 1546 nihil
1135 1522 1260 1555 portetur
1282 1527 1433 1555 appensum
1455 1520 1489 1548 ad
1507 1520 1648 1549 chordam.
1664 1521 1717 1550 Nec
1731 1521 1841 1558 cingula

997 1564 1151 1593 habeantur
1172 1565 1289 1594 interius
1309 1574 1373 1594 cum
1395 1566 1513 1595 cultellis
1532 1571 1558 1595 et
1572 1567 1678 1601 bursis,
1694 1575 1743 1596 nec
1758 1568 1841 1596 etiam

996 1611 1097 1640 bursae
1119 1612 1233 1641 inferius
1254 1613 1281 1640 in
1301 1613 1393 1641 tunica
1409 1613 1519 1642 habitus
1535 1614 1689 1643 habeantur
1705 1615 1840 1644 laterales.

1075 1659 1193 1687 Caveant
1215 1660 1323 1688 Fratres
1345 1668 1395 1696 pro
1416 1668 1495 1697 posse
1516 1669 1532 1689 a
1553 1661 1704 1690 sumtuosis
1732 1662 1842 1691 cibariis

996 1708 1023 1734 et
1044 1714 1099 1733 uno
1121 1705 1225 1734 ferculo
1246 1706 1299 1734 sint
1320 1706 1449 1734 contenti.
1472 1707 1503 1735 Et
1524 1707 1551 1735 in
1573 1707 1675 1736 mensis
1696 1708 1753 1736 suis
1768 1708 1840 1737 vasis

996 1754 1044 1781 aut
1065 1752 1171 1788 cyathis
1193 1752 1286 1781 vitreis
1307 1761 1355 1781 seu
1377 1753 1458 1781 etiam
1479 1754 1600 1782 stanneis
1621 1762 1674 1782 non
1696 1757 1820 1783 utantur.

1073 1799 1142 1827 Cum
1164 1802 1256 1827 autem
1278 1799 1423 1828 curiositas
1443 1803 1470 1828 et
1485 1800 1664 1837 superfluitas
1678 1801 1781 1830 directe
1795 1802 1841 1830 ob-

996 1845 1070 1874 vient
1091 1845 1263 1882 paupertati,
1284 1846 1460 1881 ordinamus,
1482 1847 1556 1884 quod
1576 1847 1765 1876 aedificiorum
1790 1856 1838 1877 cu-

996 1892 1104 1920 riositas
1125 1892 1152 1920 in
1173 1892 1303 1928 picturis,
1325 1893 1487 1927 caelaturis,
1508 1893 1635 1922 fenestris
1656 1897 1683 1922 et
1704 1894 1840 1923 columnis

995 1941 1022 1967 et
1038 1938 1208 1972 huiusmodi,
1224 1938 1251 1967 in
1268 1939 1448 1975 longitudine,
1464 1939 1607 1969 latitudine
1621 1941 1772 1969 secundum
1789 1941 1839 1970 loci

995 1985 1221 2014 consuetudinem
1243 1986 1347 2014 arctius
1368 1987 1495 2015 evitetur.
1524 1986 1681 2024 Campanile
1703 1988 1783 2016 etiam
1806 1988 1840 2016 ad

995 2032 1106 2060 modum
1129 2032 1214 2060 turris
1235 2032 1268 2060 de
1290 2035 1381 2061 cetero
1403 2041 1539 2070 nusquam
1563 2034 1618 2062 fiat.
1634 2034 1756 2063 Vitrinae
1771 2043 1840 2071 quo-

994 2086 1048 2115 que
1070 2079 1228 2107 historiatae
1256 2079 1298 2107 vel
1331 2079 1483 2115 picturatae
1514 2080 1547 2108 de
1579 2083 1670 2109 cetero
1701 2089 1839 2118 nusquam

995 2125 1076 2159 fiant,
1098 2128 1230 2162 excepto,
1251 2126 1324 2162 quod
1346 2126 1372 2154 in
1395 2126 1537 2163 principali
1559 2127 1646 2156 vitrea
1667 2131 1728 2164 post
1750 2128 1840 2158 maius

994 2172 1080 2200 altare
1102 2172 1205 2208 possint
1226 2172 1328 2200 habere
1350 2172 1481 2209 imagines
1502 2173 1651 2208 Crucifixi‚
1670 2174 1764 2203 beatae
1779 2174 1840 2203 Vir-

995 2218 1080 2255 ginis,
1102 2218 1173 2247 beati
1196 2219 1329 2247 Francisci
1351 2221 1378 2247 et
1399 2219 1469 2247 beati
1491 2220 1598 2248 Antonii
1621 2223 1736 2249 tantum.

1074 2265 1156 2299 item,
1179 2266 1287 2294 tabulae
1309 2268 1467 2294 sumtuosae
1483 2274 1531 2295 seu
1552 2267 1677 2296 curiosae
1696 2276 1780 2304 super
1801 2269 1839 2297 al-

996 2315 1054 2341 tare
1076 2313 1118 2340 vel
1139 2312 1203 2341 alibi
1224 2312 1257 2340 de
1278 2316 1369 2341 cetero
1391 2313 1481 2341 nullae
1503 2313 1578 2341 fiant.
1602 2314 1632 2342 Et
1654 2314 1674 2343 si
1697 2314 1730 2343 de
1745 2317 1837 2343 cetero

996 2359 1153 2387 huiusmodi
1177 2359 1279 2387 vitreae
1301 2359 1343 2387 vel
1365 2359 1473 2388 tabulae
1495 2360 1533 2388 sic
1554 2360 1640 2390 sactae
1654 2361 1773 2396 fuerint,
1788 2370 1838 2398 per

996 2547 1086 2569 utendis
1103 2547 1217 2575 quaedam
1236 2546 1265 2568 ibi
1284 2550 1408 2569 occurrunt
1425 2548 1534 2576 loquendi
1547 2549 1657 2570 formulae
1670 2549 1737 2571 nimis
1750 2555 1837 2577 vagae,

995 2586 1129 2613 pracsertim
1148 2586 1213 2614 quia,
1231 2592 1283 2607 cum
1301 2586 1426 2613 Gregorius
1444 2587 1480 2608 lX.
1502 2587 1562 2609 hunc
1579 2593 1697 2609 recursum
1716 2588 1838 2616 restringat

994 2625 1024 2647 ad
1041 2631 1092 2647 rem
1110 2624 1280 2649 necessariam,
1299 2625 1442 2647 {lllltu'clllitls
1460 2625 1523 2647 addit
1547 2627 1569 2648 et
1595 2625 1686 2653 utilem,
1713 2630 1734 2648 et
1760 2627 1837 2649 verbis

994 2670 1037 2693 pro
1056 2663 1189 2686 necessitate
1206 2664 1269 2685 addit
1288 2663 1322 2686 ret
1339 2664 1460 2686 rezumetlo
1477 2670 1568 2687 rorum.
1591 2665 1668 2687 Postea
1691 2666 1712 2687 iu
1736 2666 1838 2688 deelara-

994 2703 1053 2724 tionc
1072 2703 1173 2729 ungulae
1191 2703 1272 2724 Nicolai
1292 2704 1324 2724 111.
1342 2704 1397 2724 hacc
1414 2704 1542 2725 accuratius
1559 2704 1708 2726 determinata
1727 2708 1786 2727 suut.

1057 2740 1066 2751 '³
1084 2742 1112 2763 lta
1131 2742 1186 2768 Fir-4
1204 2742 1255 2763 cod.
1274 2741 1361 2764 Nullus
1378 2741 1495 2765 sacerdos.

1057 2778 1066 2791 ⁰
1085 2782 1112 2802 lla
1132 2780 1185 2807 fin,
1203 2780 1253 2802 cod.
1272 2780 1370 2808 litrltrut;
1388 2781 1472 2803 ‹li-inde
1490 2787 1531 2809 pro
1549 2781 1576 2804 tle
1599 2781 1667 2811 lapsu
1690 2782 1770 2805 carius
1792 2783 1835 2805 Fir.

994 2824 1007 2840 a
1025 2819 1118 2847 peccam
1136 2817 1229 2845 curnis,
1242 2822 1264 2840 ct
1280 2819 1401 2845 contiuuo,
1413 2819 1504 2841 omissis
1516 2820 1597 2842 ceteris
1609 2820 1720 2847 articulis,
1733 2821 1836 2848 adiungit

994 2857 1049 2879 alios
1068 2857 1121 2879 insi-a
1141 2857 1234 2884 positos.

1059 2895 1076 2909 ¹⁰
1094 2896 1109 2917 Ε
1126 2895 1336 2918 sollicitationibus.

1057 2933 1074 2946 ²¹
1089 2935 1110 2956 lu
1122 2934 1281 2957 Firmanwnto
1294 2935 1341 2957 solo
1351 2935 1463 2957 lialicutur
1472 2940 1595 2964 sequentes
1606 2937 1768 2963 ordinationes
1779 2938 1834 2959 duni

993 2978 1061 3000 supra
1079 2973 1181 3001 quinquo
1201 2973 1289 2995 ultimas
1301 2974 1389 3000 omisit3
1402 2980 1454 2996 rum
1470 2976 1596 2997 reserantur
1609 2975 1652 2997 sub
1664 2976 1745 2998 cadem
1761 2977 1835 2998 iuscri-

994 3011 1082 3039 ptione,
1099 3012 1225 3039 rvputanda
1243 3016 1295 3034 suut
1312 3019 1361 3034 esse
1380 3012 1545 3035 Narbonenses.

1711 3061 1739 3083 52·

1858 454 1953 478 Quaedam
1961 460 1992 473 ru-

1888 478 1958 497 brieno.

1863 1153 1933 1172 Carnes
1946 1159 1982 1172 non

1859 1178 1989 1196 comedantur.

1862 1481 1915 1500 Circa
1929 1486 1973 1505 pau-

1865 1507 1957 1528 pertatem
1960 1519 1965 1523 .

1853 2278 1983 2298 Continuatur.
