2133 3317
108 474 192 500 911311101-
203 477 245 496 spe-

121 502 161 515 cies
180 501 245 520 super-

120 520 171 538 biae.

130 855 158 874 De
171 855 238 879 prima.

111 1885 140 1904 De
153 1885 241 1904 secunda.

256 219 312 247 208

257 304 343 322 eorum
362 296 426 321 sicut
445 296 542 320 foenum
557 298 573 323 ¹,
599 294 623 318 et
648 293 757 318 nondum
781 292 926 321 aestiment,
952 299 978 316 se
1002 291 1034 316 ad
1059 291 1105 315 im-

255 339 418 365 mortalitatis
428 337 606 363 beatitudinem
621 335 797 364 resurrexisse,
812 334 853 359 sed
867 334 947 359 adhuc
959 334 1002 359 illo
1015 341 1104 358 carneo

256 382 350 414 pariete
369 380 544 408 circumdatos,
564 379 606 410 qui
624 378 690 402 inter
709 378 776 408 ipsos
795 376 883 401 dividit
896 376 921 401 et
937 376 1054 401 dilectum
1068 376 1104 401 Ie-

257 433 320 450 sum.
340 424 450 449 Caveant
468 423 539 447 illum
558 421 671 446 astutum
692 420 832 451 serpentem
851 420 912 450 ipsis
931 419 1104 450 multipliciter

256 467 428 495 insidiantem,
449 465 478 489 ut
496 465 535 489 vel
554 464 628 488 ducat
641 461 649 474 ²
669 471 710 488 eas
729 463 760 487 ad
779 463 987 494 praesumendum
1011 462 1105 493 aliquid

257 511 285 535 de
303 518 342 538 se,
362 508 485 540 quatenus
504 506 659 535 existiment,
679 506 783 534 bonum,
798 505 862 536 quod
874 505 981 535 habent,
1000 513 1050 530 non
1063 505 1105 530 ha-

255 553 311 578 bere
331 560 356 577 se
375 559 389 576 a
408 551 472 579 Deo,
487 550 529 575 sed
542 557 556 574 a
576 550 678 580 propria
697 548 805 578 virtute,
820 549 858 573 vel
871 549 985 578 credant,
1000 549 1046 573 sibi
1060 556 1105 580 pro

254 596 350 621 meritis
370 595 421 619 suis
440 594 540 623 datum3
560 593 599 617 vel
618 592 721 624 propter
740 592 785 616 hoc
804 592 869 623 quod
888 599 903 616 a
927 592 1032 617 Domino
1058 593 1105 616 sin-

254 638 377 669 gulariter
402 635 565 667 acceperunt,
591 635 694 660 credant
719 642 744 659 se
771 635 884 660 meliores
912 635 982 665 31113;
1009 635 1049 659 vel
1076 635 1106 659 ut

254 680 356 712 putent,
377 687 401 704 se
426 679 517 703 habere
536 678 600 710 quod
619 685 669 703 non
691 678 794 702 habent.
819 678 887 702 Haec
911 677 971 702 sunt
998 678 1105 709 quatuor

256 724 348 754 species
366 722 500 747 iactantiae
514 722 531 751 ³,
551 721 641 752 quibus
660 721 701 745 ille
720 721 887 752 nequissimus
906 728 1009 752 serpens
1028 721 1105 745 etiam

256 767 332 791 bonos
351 773 400 790 non
419 772 476 789 raro
495 764 594 795 decipit.

326 808 368 832 99.
388 808 422 832 Et
441 808 522 838 prima
541 807 639 838 quidem
659 807 738 837 specie
757 806 860 837 decepti,
871 807 913 837 qui
932 813 981 831 non
1001 806 1104 837 putant,

256 859 281 876 se
301 852 404 880 bonum,
424 851 488 882 quod
507 850 614 879 habent,
635 857 649 874 a
663 849 714 874 Deo
727 850 863 880 accepisse,
877 849 990 874 incidunt
1003 849 1104 879 vitium,

256 902 303 926 quo
322 894 419 919 nullum
439 893 477 918 est
496 892 794 922 11131113,3011100101·1111011
807 892 997 923 ingratitudinis
1010 894 1028 916 4.
1043 892 1106 922 Quid

255 939 319 963 enim
339 938 408 969 peius
431 944 506 968 quam
523 944 573 961 non
592 943 779 967 recognoscere,
803 936 879 960 Deum
894 943 947 960 esse
960 935 1104 966 largitorem

255 982 334 1007 omnis
352 981 428 1005 boni?
441 979 510 1009 Quod
523 980 565 1010 qui
576 986 625 1004 non
639 979 770 1010 agnoscat,
785 978 904 1010 quomodo
917 978 1003 1010 grates
1016 978 1106 1003 referet

255 1025 288 1054 ei,
308 1032 323 1048 a
341 1031 389 1055 (1110
408 1031 432 1047 30
451 1023 514 1047 1111111
533 1022 651 1047 3031111131
669 1022 810 1053 accepisse?
828 1022 862 1046 Et
880 1022 946 1046 certe
965 1029 1014 1046 non
1034 1022 1106 1053 pauci

255 1067 320 1092 tales
340 1066 413 1096 sunt,
433 1066 498 1097 quod
511 1064 520 1077 ⁵
540 1073 568 1090 ex
580 1065 663 1090 verbis
676 1066 787 1096 ipsorum
800 1065 871 1096 potes
884 1072 1025 1096 agnoscere.
1043 1064 1106 1094 Quid

256 1111 319 1135 enim
348 1109 452 1134 dicunt?
480 1108 573 1137 Quare,
601 1108 732 1139 inquiunt,
756 1115 805 1132 non
831 1108 938 1132 servasti
963 1107 1105 1132 castitatem

256 1153 344 1177 tuam?
358 1152 438 1181 Quare
451 1158 501 1176 non
514 1151 590 1175 habes
608 1151 760 1175 humilitatis
773 1150 798 1175 et
812 1150 948 1181 patientiae
967 1150 1106 1175 virtutem?

252 1196 337 1226 ,Quare
355 1203 404 1220 non
423 1195 500 1219 habes
519 1194 639 1219 orationis
657 1194 811 1219 devotionem
832 1194 857 1218 et
875 1193 970 1218 fluenta
987 1194 1106 1225 lacryma-

255 1239 332 1264 rum?
352 1238 414 1268 Quid
433 1238 508 1269 putas
527 1245 568 1262 eos
587 1237 707 1268 cogitare,
728 1237 770 1268 qui
788 1237 834 1261 hoc
852 1236 951 1266 dicunt,
971 1237 1019 1261 nisi
1040 1236 1105 1267 quod

255 1282 303 1313 ipsi
322 1281 382 1306 11300
400 1280 510 1305 habeant
522 1288 537 1304 a
556 1288 593 1310 se,
614 1280 638 1304 et
655 1278 799 1311 quaelibet⁶
813 1280 887 1304 etiam
907 1287 922 1304 a
935 1287 960 1303 se
979 1279 1039 1303 haec
1052 1286 1106 1310 pos-

257 1325 290 1349 sit
307 1324 417 1349 habere?
436 1323 493 1348 Non
512 1323 548 1347 ita
568 1322 649 1354 cogita
668 1323 710 1352 tu,
731 1323 801 1354 virgo
816 1322 923 1351 Christi,
937 1322 979 1347 sed
993 1322 1066 1351 scito,
1081 1322 1105 1347 te

257 1375 271 1392 a
290 1368 314 1392 te
333 1368 387 1398 ipso
406 1367 468 1391 nihil
487 1366 578 1391 habere
597 1367 645 1390 nisi
664 1366 778 1397 peccata,
799 1366 881 1390 cetera
897 1373 954 1391 vero
973 1366 1038 1391 bona
1050 1373 1106 1397 gra.-

257 1411 306 1435 tiae
320 1411 408 1441 Sponsi
427 1409 464 1434 tui
478 1410 545 1434 sunt.
566 1409 699 1433 Gratulare
713 1416 785 1440 ergo,
806 1409 829 1433 id
846 1409 895 1438 est,
914 1409 1009 1433 laetare
1032 1409 1105 1433 simul

257 1454 282 1479 et
300 1454 397 1485 gratias
416 1460 461 1484 age
487 1454 521 1482 ei,
542 1460 556 1477 a
575 1459 623 1483 quo
642 1452 719 1476 habes
738 1452 763 1477 et
785 1459 836 1477 esse
865 1452 890 1477 et
913 1452 973 1476 benc
992 1459 1056 1482 essm
1082 1451 1106 1476 et

258 1497 331 1522 tanto
344 1497 424 1528 magis
437 1496 512 1527 dilige
525 1495 642 1520 dilectum
656 1495 738 1525 tuum,
753 1495 847 1526 quanto
861 1495 976 1526 pluribus
989 1495 1014 1519 01
1033 1495 1106 1520 111310-

259 1540 328 1564 ribus
346 1539 416 1564 donis
436 1540 487 1563 suis
501 1546 571 1563 suam
591 1545 650 1569 erga
664 1538 688 1562 te
708 1538 853 1569 comprobat
871 1538 1035 1562 dilectionem.
1055 1538 1107 1562 Im-

257 1590 296 1608 1110
316 1583 340 1607 01
359 1583 414 1613 ipsa
433 1582 497 1607 (10113
521 1581 645 1607 virtutum
664 1581 722 1612 plus
744 1581 818 1612 dilige
841 1581 1033 1612 diligentiusque
1053 1588 1107 1605 con—

258 1633 342 1655 serva,
362 1626 420 1656 quia
439 1625 499 1649 haec
517 1632 532 1649 a
551 1624 602 1649 tam
628 1624 716 1648 dilecto
736 1623 761 1648 et
783 1623 883 1648 tantum
902 1623 1025 1655 diligendo
1037 1621 1045 1634 ⁷
1070 1630 1107 1648 ac-

257 1669 337 1700 cipere
355 1668 483 1697 mernisti,
503 1675 577 1699 quam
591 1668 611 1692 si
624 1667 733 1698 propriis
752 1666 847 1691 viribus
872 1666 1004 1691 obtineres.
1024 1666 1055 1691 In
1071 1674 1107 1690 re-

258 1712 359 1737 tinendo
378 1712 464 1736 datum
483 1710 614 1742 diligenter
634 1710 717 1735 dantis
737 1710 819 1735 dilecti
837 1710 927 1741 Sponsi
945 1710 982 1734 tui
1000 1709 1107 1734 dilectio-

257 1762 312 1779 nem
332 1754 446 1784 ostende,
466 1755 524 1785 quia
542 1761 591 1779 non
606 1754 669 1779 solet
687 1754 747 1778 vilia
760 1753 818 1778 dare
837 1760 941 1777 munera
959 1753 1032 1777 dator
1054 1753 1107 1777 tam

259 1798 392 1829 pretiosus.

331 1840 390 1865 100.
409 1840 520 1865 Secunda
539 1846 597 1865 vero
611 1840 689 1871 specie
709 1839 815 1870 decepti,
830 1840 872 1870 qui
885 1839 1000 1868 credunt,
1015 1846 1040 1863 se
1054 1839 1108 1870 qui-

259 1884 314 1909 dem
332 1884 468 1915 accepisse,
488 1883 553 1914 quod
571 1882 665 1907 habent
674 1880 691 1912 Β,
711 1890 726 1907 3
745 1882 809 1912 Deo,
834 1882 877 1907 sed
902 1882 986 1907 tamen
1005 1882 1108 1913 propter

259 1927 347 1952 merita
367 1934 425 1956 sua,
451 1926 540 1951 volunt
564 1926 698 1957 benignum
724 1925 857 1950 Dominum
881 1933 926 1950 sua
945 1925 1028 1957 gratia
1054 1932 1107 1956 spo-

257 1970 332 1999 liare,
353 1971 456 2001 quinon
476 1969 579 2000 propter
592 1969 694 1998 merita,
716 1969 757 1993 sed
776 1968 858 1999 gratis
870 1968 914 1992 dat
933 1968 1026 1997 omnia,
1045 1975 1107 1999 quae

257 2012 309 2037 dat.
328 2013 352 2037 Si
372 2013 436 2037 enim
450 2012 552 2043 propter
571 2012 660 2036 merita
679 2011 724 2036 tua
737 2011 812 2042 putas
831 2011 953 2042 accepisse
972 2011 1106 2040 virtutem,

258 2056 296 2080 dic
314 2055 385 2080 mihi:
405 2055 465 2084 Quis
484 2054 551 2079 dedit
569 2054 615 2079 tibi
635 2061 706 2085 posse
719 2054 826 2078 mereri?
849 2054 917 2086 Quid
935 2054 999 2078 enim
1013 2053 1105 2084 habes,

259 2097 328 2128 quocl
344 2105 398 2121 non
417 2095 566 2127 accepisti?
595 2096 625 2121 Si
649 2098 734 2120 autem
762 2096 896 2127 accepisti,
923 2096 987 2127 quicl
1008 2096 1107 2127 gloria-

259 2141 312 2171 ris,
332 2140 408 2171 quasi
426 2147 477 2164 non
497 2136 663 2170 acceperis&
682 2139 716 2163 Et
735 2140 756 2163 si
775 2139 812 2163 vis
832 2139 907 2169 scire,
927 2139 1047 2170 quomodo
1066 2146 1107 2164 ac-

694 215 890 244 OPUSCULL'M
914 214 944 242 X.
968 214 1052 242 VITIS
1073 213 1222 242 MYSTlCA.
1245 214 1506 243 ADDITAMENTUM
1529 214 1570 242 lv.

1162 292 1269 322 ceperis,
1298 292 1356 316 audi
1383 292 1486 317 eundem
1511 292 1677 323 Apostolum:
1701 291 1811 324 Gratia,
1840 292 1934 324 inquit,
1960 293 2010 317 Dei

1162 334 1228 359 salvi
1246 333 1310 364 feroti
1329 342 1424 360 sumus.
1445 335 1514 364 Quod
1532 335 1615 360 autem
1629 335 1757 360 salvamur
1780 335 1913 360 secundum
1936 343 2010 366 opera

1162 376 1261 405 nostra,
1282 384 1331 401 non
1350 384 1378 401 ex
1397 377 1615 402 iustificationibus
1634 378 1776 407 salvamur;
1796 378 1838 402 sed
1861 379 1951 409 yratia
1970 378 2010 402 da-

1162 419 1204 445 tur
1218 427 1270 450 pro
1282 420 1373 451 qratia
1383 417 1411 443 ¹⁰.
1428 419 1522 444 Gratia
1535 421 1603 444 enim
1615 421 1666 445 Dei
1678 428 1767 445 sumus
1784 420 1811 444 icl
1823 420 1892 451 quod
1908 428 2009 452 sumus,

1162 463 1213 487 sive
1232 463 1257 486 111
1276 462 1397 487 habendis
1416 463 1565 492 virtutibus,
1585 464 1674 488 sivein
1693 464 1841 488 caelestibus
1861 463 2009 488 obtinendis.

1234 504 1294 529 101.
1314 505 1391 529 Tertii
1407 513 1477 534 vero,
1497 506 1539 536 qui
1558 513 1587 530 ex
1600 507 1700 537 speciali
1719 506 1781 531 dono
1805 506 1896 537 putant
1915 514 1940 531 30
1953 507 2009 531 31113

1162 549 1275 573 meliores
1294 548 1403 579 aliosque
1425 549 1587 573 contemnunt
1612 549 1733 580 tanquam
1758 550 1856 574 viliores
1882 557 1920 579 se,
1940 550 2009 580 peste

1162 592 1230 616 illius
1249 591 1377 616 Pharisaei
1389 590 1406 603 ¹¹
1428 592 1587 622 premuntur,
1608 593 1649 623 qui
1668 593 1756 622 etiam,
1776 600 1830 617 cum
1845 600 1889 624 pro
1902 593 2010 624 acceptis

1162 634 1300 659 virtutibus
1318 635 1415 666 gratias
1434 635 1533 666 ageret,
1554 635 1677 666 peccavit,
1698 636 1756 666 quia
1775 636 1934 666 publicanum
1954 643 2008 661 con-

1163 677 1273 708 tempsit.
1294 677 1340 702 Sed
1359 679 1413 709 quia
1436 678 1537 708 plurimi
1555 678 1602 703 hac
1625 678 1694 709 peste
1716 679 1845 710 laborant,
1871 679 2008 709 tentemus,

1162 720 1297 745 adiuvante
1323 720 1439 749 Domino,
1464 721 1504 745 1113
1530 721 1630 752 aliquod
1655 721 1860 746 medicamentum
1885 722 2009 746 adhibere.

1163 763 1373 788 Considerandum
1388 763 1448 794 puto
1461 763 1500 788 his
1513 764 1555 795 qui
1568 764 1652 795 aliqua
1665 764 1758 789 virtute
1772 765 1872 796 speciali
1892 765 2012 796 praeemi-

1162 806 1237 837 nent,
1257 806 1344 837 utpote
1363 806 1480 830 castitate
1498 807 1633 837 virginali,
1653 807 1717 838 quod
1737 808 1815 837 alius,
1835 808 1877 839 qui
1896 808 1942 832 hac
1961 808 2011 832 vir-

1162 849 1217 873 tute
1236 849 1304 873 caret
1315 847 1342 878 ¹²¹,
1362 849 1469 874 forsitan
1487 849 1563 874 habet
1581 850 1656 874 aliam
1670 851 1775 875 similem
1795 851 1851 879 isti,
1876 851 1915 875 vel
1935 851 2011 876 maio-

1162 899 1213 916 rem
1227 891 1281 916 hac.
1295 892 1319 916 Si
1336 892 1399 916 enim
1414 892 1442 916 tu
1454 893 1525 923 virgo
1539 900 1578 922 es,
1598 893 1679 917 adhuc
1691 893 1792 918 dubium
1811 893 1857 917 tibi
1870 893 1919 923 est,
1933 901 2011 925 usque

1162 935 1193 959 ad
1207 942 1277 966 quem
1291 935 1397 966 gradum
1416 935 1548 966 dignitatis
1561 936 1692 967 virginalis
1705 936 1853 961 ascenderis.
1874 936 1931 961 Nou
1944 937 2008 961 enim

1155 977 1270 1006 ,eiusdem
1290 978 1372 1002 meriti
1395 978 1454 1002 sunt
1480 985 1563 1003 omnes
1587 979 1705 1009 virgines.
1734 978 1793 1008 Quis
1821 979 1885 1003 enim
1914 978 2012 1004 sancto-

1162 1028 1217 1045 rum
1237 1021 1347 1045 virorum
1360 1021 1385 1045 in
1399 1021 1525 1045 castitatis
1540 1021 1613 1045 laude
1627 1021 1715 1046 similis
1728 1022 1817 1046 10311111
1828 1021 1866 1046 ¹³?
1885 1021 1951 1051 Quae
1964 1022 2012 1046 vir-

1161 1064 1248 1095 ginum
1273 1063 1421 1088 feminarum
1446 1071 1523 1095 usque
1551 1064 1582 1089 ad
1601 1064 1760 1089 altitudinem
1788 1065 1881 1090 Mariae
1900 1065 2012 1096 Virginis

1161 1107 1299 1132 altissimae
1327 1107 1456 1138 pervenit?
1482 1107 1539 1132 Non
1568 1115 1626 1139 ergo
1654 1107 1679 1132 te
1704 1108 1798 1133 exaltes
1826 1115 1900 1139 super
1928 1115 2012 1139 quem-

1162 1157 1249 1181 quam,
1263 1150 1332 1175 cuius
1351 1150 1458 1175 mentem
1477 1151 1592 1182 ignoras,
1606 1158 1636 1175 110
1650 1151 1696 1175 sub
1709 1151 1823 1176 omnibus
1836 1151 1918 1176 cadas.
1931 1151 2011 1181 Item,

1163 1194 1184 1218 si
1209 1193 1237 1218 tu
1265 1193 1329 1218 forte
1348 1194 1373 1218 in
1401 1194 1555 1225 virginitatis
1583 1194 1705 1225 dignitate
1716 1193 1735 1206 ¹¹¹
1754 1195 1834 1219 locum
1859 1194 1929 1219 tenes
1956 1194 2013 1219 infi-

1162 1243 1243 1265 mum,
1264 1236 1383 1267 quomodo
1403 1236 1427 1260 te
1441 1236 1542 1261 audebis
1561 1244 1704 1267 comparare
1717 1238 1845 1268 cuiquam,
1866 1237 1907 1268 qui
1926 1237 1952 1262 in
1965 1236 2012 1261 hu-

1162 1279 1269 1304 militate
1293 1279 1333 1304 vel
1358 1279 1463 1304 caritate
1485 1280 1525 1304 vel
1551 1280 1689 1305 obedientia
1707 1280 1771 1305 forte
1795 1280 1866 1305 iuxta
1888 1287 2011 1305 summum

1162 1321 1267 1353 gradum
1287 1322 1419 1346 ascendit?
1438 1321 1514 1352 Quid,
1535 1323 1555 1347 si
1574 1323 1616 1347 ille
1635 1323 1674 1347 cui
1693 1322 1717 1347 te
1736 1323 1811 1347 audes
1831 1323 1967 1354 praeferre,
1981 1323 2013 1347 ad

1163 1364 1261 1389 tantam
1280 1364 1453 1395 perfectionem
1468 1365 1593 1396 pervenit,
1613 1366 1703 1391 utnon
1717 1366 1825 1395 dubitet,
1844 1367 1930 1396 immo,
1949 1366 2013 1391 teste

1163 1407 1225 1436 Deo,
1245 1408 1284 1432 cui
1303 1408 1452 1432 conscientia
1470 1408 1550 1439 ipsius
1569 1408 1629 1433 nota
1648 1408 1697 1438 est,
1718 1409 1850 1440 promptus
1868 1408 1902 1433 sit
1920 1408 1945 1433 et
1958 1408 2013 1433 tota

1162 1451 1245 1475 mente
1258 1451 1348 1482 flagret
1361 1451 1461 1475 calicem
1474 1452 1598 1482 passionis
1612 1459 1656 1482 pro
1667 1451 1771 1477 Domino
1785 1451 1867 1477 bibere
1877 1451 1914 1476 ¹⁵?
1922 1466 1958 1469 —
1967 1451 2013 1476 Sed
2025 1455 2109 1498 Obith'ffl
2119 1455 2130 1475 Ι-

1162 1493 1208 1519 1100
1227 1493 1342 1519 fortassis
1361 1494 1434 1523 dicis,
1463 1495 1521 1526 quia
1546 1494 1571 1519 et
1590 1494 1634 1525 tu,
1656 1494 1806 1519 conscientia
1825 1494 1869 1519 tua
1888 1494 2011 1524 testante,

1164 1537 1268 1568 paratus
1288 1538 1322 1561 sis
1342 1537 1373 1561 ad
1392 1537 1549 1562 tolerandum
1569 1538 1717 1568 passionem.
1737 1537 1777 1562 Ad
1801 1538 1866 1569 quod
1885 1537 2014 1569 responde-

1164 1587 1233 1609 mus,
1252 1580 1317 1611 quod
1336 1587 1386 1605 non
1406 1580 1440 1604 sit
1458 1581 1604 1611 quisquam,
1624 1581 1665 1612 qui
1684 1581 1759 1605 huius
1777 1580 1881 1606 virtutis
1899 1580 2013 1606 constan-

1164 1622 1224 1647 tiam
1244 1624 1270 1647 in
1289 1630 1314 1647 se
1334 1623 1455 1648 veraciter
1475 1623 1555 1654 possit
1574 1631 1720 1655 agnoscere,
1740 1624 1789 1648 nisi
1802 1631 1846 1655 per
1864 1624 2013 1655 experimen-

1163 1663 1248 1690 111111ιθ
1267 1665 1387 1690 didicerit.
1401 1665 1513 1695 Quantos
1532 1666 1595 1690 enim
1616 1666 1691 1697 putas
1704 1667 1730 1691 in
1749 1666 1929 1691 tormentorum
1949 1673 2013 1691 acer-

1164 1708 1243 1733 bitate
1261 1709 1391 1738 defecisse,
1412 1709 1454 1740 qui
1467 1716 1492 1733 se
1512 1708 1637 1740 putabant
1650 1716 1727 1740 usque
1747 1709 1778 1734 ad
1797 1709 1901 1734 mortem
1915 1709 2013 1734 fortiter

1165 1752 1387 1783 perseveraturos?
1406 1752 1463 1777 Non
1483 1759 1541 1783 ergo
1556 1753 1578 1776 tc
1596 1752 1681 1783 ‘ipsum
1701 1752 1806 1782 iudices,
1825 1752 1905 1783 quite
1930 1753 2012 1783 ipsum

1164 1803 1213 1820 non
1233 1795 1359 1826 agnoscis,
1373 1802 1428 1819 cum
1448 1795 1643 1826 perfectissimus
1662 1796 1770 1820 omnium
1787 1795 1882 1820 Paulus
1900 1795 1966 1820 dicat
1979 1795 2012 1820 ¹⁷:

1165 1837 1217 1863 Sed
1228 1845 1308 1868 neque
1321 1845 1360 1862 me
1373 1838 1458 1868 ipsunt
1476 1838 1561 1862 iudico
1570 1857 1576 1869 ,
1596 1838 1641 1869 qui
1654 1839 1740 1863 autem
1753 1845 1791 1863 nic
1810 1838 1909 1863 iudicat
1920 1838 2012 1863 Domi-

1163 1889 1213 1906 nus
1232 1882 1276 1905 est.
1289 1880 1366 1905 Alios
1384 1881 1479 1910 autem,
1494 1882 1536 1912 qui
1549 1881 1628 1906 multo
1641 1881 1723 1906 minus
1736 1881 1782 1906 tibi
1794 1882 1847 1907 noti
1866 1882 1925 1906 sunt
1938 1889 2012 1913 quam

1164 1924 1193 1949 tu
1211 1924 1271 1954 tibi,
1291 1924 1370 1949 multo
1398 1925 1481 1948 minus
1499 1924 1572 1949 debes
1597 1924 1717 1954 iudicare,
1745 1925 1847 1956 propter
1875 1925 1921 1950 hoc
1948 1925 2012 1956 quod

1163 1967 1253 1992 ibidem
1279 1967 1394 1991 subditur
1405 1965 1438 1991 ¹⁸:
1457 1967 1547 1992 Nolite
1567 1968 1652 1998 itaque
1679 1969 1737 1992 ante
1766 1969 1863 1999 tempus
1881 1967 2013 1999 iudicare,

1164 2010 1330 2042 quoadusque
1348 2011 1434 2035 veniat
1455 2011 1599 2041 Dominus,
1619 2011 1664 2041 Qui
1682 2012 1707 2035 ct
1727 2011 1888 2036 illuminabit
1907 2011 2013 2036 abscon-

1164 2054 1220 2078 clita
1248 2053 1411 2077 tenebrarum
1439 2054 1462 2077 et
1479 2052 1656 2082 manifestabit
1682 2054 1792 2079 consilia
1820 2054 1936 2079 cordium
1943 2062 1952 2084 ,·
1970 2054 2013 2078 ubi

1164 2096 1216 2120 sine
1235 2095 1308 2120 dubio
1332 2096 1405 2120 multi
1431 2096 1474 2120 alii
1493 2096 1580 2121 contra
1605 2097 1742 2127 opinionem
1772 2097 1899 2121 hominum
1924 2097 2012 2122 iudicio

1164 2138 1262 2163 Domini
1275 2139 1365 2163 cuncta
1385 2139 1492 2164 videntis
1505 2140 1704 2170 praeponentur,
1730 2139 1755 2164 et
1774 2139 1957 2171 postponentur
1970 2141 2011 2171 qui

322 2319 329 2334 ¹
347 2320 403 2341 Gen.
421 2320 448 2347 3,
467 2319 508 2341 19:
530 2319 587 2347 Quia
605 2319 682 2347 pulvis
705 2325 737 2341 es.
756 2320 790 2342 Ps.
809 2320 866 2347 ⁴02,
886 2319 921 2342 14.
938 2326 999 2348 seq:
1022 2321 1105 2343 Recor-

258 2351 326 2373 datus
342 2353 388 2378 est,
411 2351 521 2379 quoniam
547 2350 624 2378 pulvis
641 2356 735 2378 snmus;
761 2352 831 2373 homo
856 2351 914 2373 sicut
939 2352 1031 2373 foenum
1055 2352 1105 2374 dies

258 2382 318 2410 eius,
336 2384 445 2410 tanquam
463 2382 505 2404 flos
522 2382 571 2409 agri
588 2382 621 2404 sic
638 2381 758 2404 efflorebit.
778 2395 806 2398 —
824 2383 867 2404 Pro
884 2381 932 2405 dies
952 2388 1036 2405 eorum
1049 2383 1104 2405 Bon.

258 2413 306 2436 dies
323 2419 419 2441 earum,
432 2415 455 2435 et
466 2412 565 2435 subinde
582 2412 743 2436 circumdatas
761 2419 803 2441 pro
821 2413 994 2441 circumdatos,
1015 2414 1054 2443 qni
1072 2417 1103 2436 ta-

258 2450 312 2467 men
329 2444 398 2472 paulo
416 2447 469 2472 post
486 2444 554 2466 etiam
572 2443 663 2466 exhibet
680 2443 750 2473 ipsos.

321 2474 329 2487 ²
347 2476 377 2497 lta
395 2475 425 2503 Α;
443 2476 498 2497 Bon.
516 2481 569 2497 curn
587 2475 624 2497 ed.
643 2476 662 2497 11.
680 2482 709 2498 ne
725 2474 829 2498 seducat.

321 2506 330 2518 ³
348 2506 482 2529 Secundum
503 2506 612 2534 Gregor„
633 2507 712 2529 xxm.
730 2507 806 2529 Moral.
824 2513 844 2529 c.
857 2507 877 2529 6.
895 2513 917 2529 n.
936 2508 972 2529 13.
990 2507 1033 2530 Cir.
1049 2510 1104 2530 tom.

258 2538 303 2560 Vll.
321 2544 375 2566 pag.
393 2537 451 2564 455,
470 2540 521 2559 nota
540 2538 560 2559 8.

320 2568 330 2580 ⁴
347 2570 371 2591 111
388 2570 430 2591 hac
443 2569 600 2597 propositione
616 2575 643 2591 ex
660 2570 678 2591 A
690 2569 852 2597 supplevimus
865 2575 890 2592 se
906 2568 1006 2598 bonum,
1019 2570 1104 2592 deinde

257 2599 341 2622 vitium
359 2603 380 2622 et
396 2599 490 2623 scilicet.

321 2630 330 2643 ⁵
348 2632 378 2653 Ita
396 2635 426 2659 A;
444 2632 500 2653 Bon.
517 2637 571 2653 cum
588 2631 625 2653 ed.
644 2632 652 2653 Ι1
675 2637 741 2660 quos.

320 2661 329 2674 ⁶
348 2662 377 2684 lta
395 2663 431 2685 ed.
451 2663 459 2684 ll
482 2669 535 2685 cum
553 2662 571 2684 Α
583 2665 605 2685 et
622 2663 690 2690 Bon„
709 2663 805 2684 sortasse
817 2663 941 2690 legendum
954 2663 1056 2692 quilibet.
1072 2665 1103 2686 ln-

259 2693 329 2736 1011113
346 2700 389 2721 pro
405 2700 421 2716 (11
438 2695 459 2717 te
476 2693 527 2723 ipso
544 2694 601 2716 Bon.
618 2700 633 2716 a
650 2695 670 2717 te
686 2693 746 2728 ipsa.
931 2725 934 2728 .

348 2726 377 2746 lta
397 2726 425 2752 Ας
444 2726 498 2747 Bon.
516 2731 569 2747 cun]
587 2725 623 2747 ed.
643 2725 651 2746 ,1
674 2731 730 2754 qma
747 2724 791 2748 hoc
807 2731 822 2747 (ι
839 2726 888 2748 tam
909 2725 991 2749 dilecto
1014 2728 1037 2749 et
1053 2727 1103 2749 tam

258 2754 384 2784 cliliqendo.
402 2757 496 2778 inferius
513 2762 555 2784 pro
569 2756 677 2785 propriis
695 2755 784 2779 viribus
803 2756 848 2785 [ed.
871 2758 875 2778 1
898 2760 920 2779 et
936 2758 990 2779 Bon.
1015 2758 1103 2780 addunt

257 2785 313 2839 goe]
331 2788 381 2840 gba
397 2787 504 2817 propriis
521 2787 619 2811 viribus.
639 2787 742 2810 Subinde
759 2794 801 2815 pro
813 2787 872 2811 solet
889 2788 932 2817 (lta
950 2789 976 2817 A)
995 2789 1031 2811 ed.
1051 2789 1059 2810 sl
1081 2791 1104 2811 et

276 2824 314 2839 on.
347 2824 357 2840 e
373 2819 402 2841 et.

320 2848 330 2862 Β
347 2850 377 2871 113
394 2849 425 2876 Α;
444 2850 499 2871 13011.
526 2856 580 2872 011111
601 2849 638 2871 ed.
662 2850 670 2871 1
700 2849 804 2873 Secundi
822 2856 889 2878 vero,
915 2850 956 2880 qui
980 2850 1102 2873 credunt...

258 2878 321 2908 quod
336 2886 384 2902 non
402 2881 431 2907 (J)
449 2880 545 2908 liabent,
563 2881 683 2909 (1310113111
701 2881 795 2903 inferius
807 2884 859 2909 post
874 2880 977 2911 spoliare
994 2888 1047 2904 cuin
1065 2882 1102 2904 ed.

261 2911 266 2931 1
289 2913 367 2933 contra
385 2912 401 2933 A
420 2912 579 2940 prosequitur:
598 2911 646 2935 Gur
664 2914 764 2942 propter
782 2912 867 2935 merila
884 2914 926 2935 tua
947 2914 1064 2942 accepisse
1081 2915 1102 2936 te

253 2943 327 2970 putas
344 2941 472 2965 virtulem?
489 2942 531 2966 Dic
548 2942 607 2965 milii
622 2946 663 2965 etc.

320 2971 329 2984 ⁹
346 2973 415 3000 Epist.
428 2974 443 2995 l.
455 2973 499 2996 Cor
512 2975 533 3001 4,
546 2974 568 2996 7.
579 2986 610 2990 —
623 2974 730 3003 Sequitur
743 2975 799 3002 Eph.
812 2975 833 3002 2,
846 2975 871 2997 8:
884 2975 959 2997 Gratia
975 2976 1036 2997 enim
1048 2975 1102 2998 estis

257 3004 338 3026 salvati
354 3010 396 3032 per
413 3004 496 3032 fidem,
513 3008 535 3027 et
552 3006 595 3027 hoc
612 3011 657 3027 non
674 3011 700 3027 ex
718 3005 797 3032 vobis5
815 3006 855 3028 Dei
873 3007 934 3028 enim
954 3007 1042 3029 donum
1060 3009 1101 3029 est.

1225 2320 1245 2334 ¹0
1262 2320 1321 2342 10311.
1336 2320 1348 2358 „¹
1361 2337 1366 2347 ,
1386 2320 1425 2342 *162
1444 2320 1544 2342 Gratiam
1563 2319 1718 2350 [accepimus]
1738 2327 1780 2348 pro
1792 2321 1873 2348 gratia.
1886 2333 1916 2337 —
1932 2321 2009 2350 Sequi-

1163 2354 1199 2417 tur.
1217 2351 1430 2435 1¹3¹C15iricyl7ssqu
1440 2395 1471 2399 —
1483 2382 1595 2410 Superius
1612 2388 1638 2405 ex
1655 2383 1674 2405 A
1687 2382 1849 2406 substituimus
1860 2382 1959 2413 speciali
1968 2389 2010 2411 pro

1161 2415 1339 2479 δΙῗῃιξῖξαΙῑίιὼ
1357 2445 1413 2479 Bon.
1430 2451 1483 2467 cum
1501 2445 1537 2467 ed.
1557 2446 1565 2480 ¹.
1588 2444 1794 2479 Considerandum
1807 2447 1875 2474 puto.
1889 2446 1911 2468 Is
1928 2445 2010 2475 aliqu-a

1161 2478 1248 2499 virtute
1265 2476 1387 2505 spu-uuae
1404 2478 1476 2499 carel.
1502 2477 1595 2498 Inferius
1619 2480 1670 2504 post
1687 2482 1803 2499 maiorem
1829 2476 1873 2500 hac
1898 2477 1934 2499 ed.
1959 2478 1965 2498 l
1988 2479 2010 2499 et

1162 2508 1235 2553 Bon}
1247 2509 1376 2554 2011355111ῑο
1394 2508 1423 2534 Α,
1441 2508 1547 2560 addunbr
1559 2507 1854 2567 ldegrdgciterssligssrliggiffis
1867 2507 2009 2562 ιιι[1ἲρ1111ἶ13ἑ61ἑΓ3ἒὶ

1161 2539 1195 2593 gset
1207 2539 1603 2598 ἑίῗέῐῃιιὲἒωἰῑιέῗιίὲῖἐὴῐοῶ1111111113,
1621 2570 1639 2592 31
1652 2545 1721 2593 {godo
1738 2577 1782 2592 non
1798 2556 1848 2593 aliis
1865 2572 2008 2593 macularum

1161 2601 1264 2630 lapsibus
1281 2602 1443 2637 infirmatury.
1461 2602 1518 2654 Nam
1541 2604 1602 2637 tanto
1620 2602 1701 2655 maidori
1725 2602 1802 2624 studio
1824 2602 1931 2630 placendi
1949 2608 2009 2630 opus

1175 2640 1185 2651 ε
1342 2639 1352 2655 S
1752 2639 1758 2644 “
1771 2650 1775 2654 ,

1161 2636 1207 2660 Μ’
1224 2636 1340 2699 &2¹23er
1355 2633 1801 2718 13316ιὲ21116εὲυῆρῑιὲῗὲιῃαὲιωεὶῗιῖἓίίε
1818 2664 1843 2687 in
1860 2664 1967 2688 castitate
1988 2665 2010 2687 et

1161 2695 1340 2762 Μιῗάξμῗῐῗιῃῖζὲ
1349 2697 1577 2761 ἰείίἷῗὶιιῐαὲἵαὲέίι.νιῗι’
1587 2726 1649 2756 sorte
1663 2725 1777 2756 dignitate
1788 2726 1931 2756 virginitatis
1944 2729 1965 2749 et
1977 2727 2009 2749 in-

1161 2759 1329 2812 Γθιωῗῧείῖὲἶᾞ
1347 2764 1541 2812 ὒέιηῗῧῖᾔῂῖοηιω
1558 2790 1588 2815 A,
1607 2789 1715 2817 superius
1732 2789 1818 2811 omisso
1833 2790 1961 2818 promptus
1977 2788 2008 2812 sil

2026 509 2053 528 De
2065 506 2105 536 terti]

1160 2822 1193 2848 ei,
1214 2820 1356 2843 substituunt
1373 2820 1512 2843 eoeltaurz're.
1530 2821 1624 2843 inferius
1642 2827 1684 2848 pro
1701 2820 1733 2843 ad
1749 2820 1900 2843 tolerandum
1917 2820 2007 2850 passio·
2022 2830 2028 2837 ν

1159 2857 1213 2874 nem
1230 2852 1248 2874 A
1266 2851 1403 2875 tolerandae
1417 2851 1534 2881 passioni.

1223 2882 1243 2917 {⁰
1260 2884 1290 2905 lta
1308 2884 1338 2910 A;
1356 2884 1411 2906 Bon.
1429 2889 1482 2906 cum
1500 2883 1538 2906 ed.
1555 2883 1563 2905 1
1589 2882 1637 2906 nisi
1651 2889 1678 2905 re
1699 2882 1752 2912 ipsa
1768 2884 1839 2912 utque
1860 2882 2006 2912 emperientz'a

1159 2913 1329 2973 doohllfesspist.
1347 2946 1361 2967 1.
1379 2945 1430 2968 Cor.
1446 2945 1470 2972 t,
1489 2946 1510 2967 3.
1524 2951 1573 2973 seq.

1221 2975 1241 2988 ¹⁸
1259 2977 1323 2999 Vers.
1342 2977 1362 2998 5.
1380 2990 1411 2992 —
1429 2976 1540 3004 Superius
1556 2977 1612 2999 Bon.
1629 2983 1682 2999 cum
1699 2976 1736 2999 ed.
1750 2977 1770 3003 l,
1783 2977 1801 2998 A
1816 2977 1957 3004 refragante,
1974 2976 2006 2998 le-

1159 3007 1203 3035 git:
1220 3006 1286 3030 Alios
1304 3007 1398 3037 quidem
1415 3007 1490 3031 mullo
1508 3007 1588 3031 minus
1605 3007 1671 3031 debes
1683 3007 1789 3031 iudicare
1806 3010 1848 3030 etc.
