2133 3317
653 216 848 245 OPUSCULUM
870 216 899 244 u.
922 215 1153 253 SOL1LOQU1UM.
1176 216 1244 245 CAP.
1267 216 1308 244 [V.
1820 219 1855 247 65

107 296 188 325 dolor
209 303 229 324 a
248 295 410 328 voluntate,
425 297 453 323 et
473 303 492 322 a
513 294 656 322 memoria
677 293 771 322 omm's
790 293 888 327 timor,
903 293 950 322 ubi

106 343 177 371 mira
206 342 351 375 serenitas,
382 341 464 378 plena
494 340 630 374 suavitas,
659 340 783 368 omnium
815 339 951 368 bonorum

106 389 164 419 sine
184 388 292 417 fastidio
312 391 425 417 aeterna
445 388 617 416 securitas».
633 387 703 416 Haec
724 386 881 415 Bernardus
892 387 911 414 ¹.

184 436 230 465 ⁶24.
253 435 276 464 O
296 435 403 468 anima,
423 437 576 471 quantum,
599 436 693 471 putas,
715 433 836 470 gaudent
856 436 883 462 et
898 433 952 461 lae-

105 576 215 609 futura,
236 583 308 612 quae
329 582 453 603 summae
473 574 636 603 beatitudini
651 576 821 610 competunt,
836 573 952 609 apertis-

106 623 173 652 sime
193 622 394 658 speculantur?
414 621 622 658 Augustinus&
649 632 662 645 «
674 620 745 648 Dum
767 619 801 648 ad
816 619 891 648 illam
906 626 957 648 su—

106 677 219 706 pernam
241 669 331 697 lucem
363 668 450 696 Patris
478 668 615 696 luminum
647 667 821 700 venerimus,
847 669 952 699 totum,

105 715 179 753 quod
200 715 227 743 in
249 715 384 744 creaturis
405 722 465 743 esse
485 717 590 751 potest,
613 714 797 751 intelligemus
811 725 838 741 ».
860 713 958 742 Ansel-

105 762 206 791 mus⁵⁵z
233 762 338 790 «Tunc
358 761 424 790 iusti
445 761 532 789 scient
558 760 666 794 omnia,
692 768 764 797 quae
789 760 863 788 Deus
890 760 954 788 fecit

105 808 256 838 scienda».
280 808 310 836 Et
336 808 430 845 «quid
458 811 500 837 est
526 807 601 844 quod
632 807 742 836 nescire*
766 809 877 843 possent
904 806 952 844 qui

105 855 236 885 scientem
256 855 347 883 onmia
368 854 461 883 vident
476 858 508 882 n?

182 901 374 938 Fulgentius&
394 913 406 926 a
419 902 495 929 Sicut
510 909 558 938 per
573 901 716 937 speculum
733 900 806 928 trina
820 900 898 928 nobis
914 900 953 928 v-i-

1009 294 1160 330 speculatio
1180 294 1311 331 gaudiosa
1332 297 1360 323 et
1380 294 1540 324 ineffabilis!
1563 295 1586 323 Ο
1607 303 1690 332 quam
1713 295 1794 332 digne
1815 296 1856 324 di-

1009 343 1083 368 ctum
1105 343 1147 369 est
1168 341 1201 369 de
1223 345 1264 375 te,
1288 341 1402 370 Domine
1424 342 1497 370 Deus
1511 350 1609 370 meus:
1625 342 1725 370 Melior
1740 346 1780 370 esc
1794 343 1855 371 <lies

1008 395 1071 414 ana.
1092 387 1125 415 z'rt
1144 387 1232 416 atrii-9
1253 388 1312 416 tuas»
1338 397 1428 425 super
1448 388 1588 422 mz'llz'a⁸‚·
1608 389 1749 427 quoniam
1779 389 1857 417 mille

1009 433 1082 461 anal
1103 437 1169 462 aule
1183 434 1280 463 oculos
1295 439 1360 463 tuos
1374 439 1516 474 tanquam
1537 436 1598 464 (lies
1619 435 1767 470 hesterna,
1783 445 1857 474 qaae

16 489 94 518 ruma-‚n
106 485 200 512 tantur
220 482 267 519 qui
289 481 357 510 illud
388 480 558 510 aeternitatis
588 480 732 517 speculum
765 479 866 516 iugiter
887 487 954 508 con·
987 480 1182 516 ·p›·aece1·z'e't;
1212 484 1239 509 et
1270 482 1422 510 secundum
1451 483 1651 519 Augustinum‚
1684 485 1789 511 «tanta
1816 486 1857 511 est

16 513 94 562 {2333
107 529 288 566 temptantur,
309 529 336 556 in
357 536 414 565 quo
434 527 527 556 omnia
559 527 724 564 praeterita,
747 526 905 563 praesentia
924 528 952 554 et

1009 525 1169 561 pulcritudo
1189 534 1326 563 supernae
1348 528 1466 564 gloriae,
1489 531 1565 557 tanta
1585 532 1628 558 est
1641 529 1799 558 iucunditas
1814 529 1858 558 lu-

1009 572 1048 601 cis
1068 575 1211 607 aeternae,
1233 577 1264 602 ut
1285 575 1383 608 etiam,
1405 576 1427 604 si
1450 584 1503 604 non
1526 576 1621 605 liceret
1641 576 1761 613 amplius
1782 576 1808 604 in
1825 584 1857 604 ea

986 648 988 651 ,
1009 618 1138 648 delectari
1160 628 1243 656 quam
1266 621 1350 650 unius
1370 622 1423 650 diei
1447 623 1531 656 hora,
1553 626 1668 659 propter
1690 623 1741 651 hoc
1766 623 1856 651 solum

1009 665 1226 695 innumerabiles
1255 667 1340 696 huius
1367 669 1438 697 vitae
1462 669 1520 698 dies
1541 670 1612 706 pleni
1634 669 1738 698 deliciis
1759 672 1786 698 ct
1807 669 1858 698 cir-

1009 712 1190 740 cumfluentia
1211 713 1347 742 bonorum
1370 715 1562 751 temporalium
1594 719 1669 744 recte
1700 716 1855 753 meritoque

987 771 989 773 ¹
1009 759 1219 796 despicerentur
1233 772 1260 788 n.
1283 761 1348 789 Tam
1371 762 1468 798 pulcra
1489 762 1561 791 enim
1583 766 1625 791 est
1645 766 1672 791 et
1687 763 1795 797 suavis,
1810 765 1855 795 ut,

1009 813 1042 834 ea
1062 806 1135 839 visa,
1159 814 1212 835 non
1235 807 1354 844 amplius
1372 809 1461 836 valeat
1482 809 1556 837 aliud
1577 809 1723 843 delectari,
1745 817 1855 838 omnem

1010 853 1095 881 vincit
1108 853 1291 888 dulcedinem,
1303 862 1413 883 omnem
1429 859 1581 892 exsuperat
1596 856 1854 893 concupiscentiam.

1089 901 1134 929 26.
1157 901 1256 929 asum.
1281 901 1360 930 Estne
1381 902 1485 939 aliquid
1506 903 1597 937 aliud,
1619 903 1699 932 cuius
1719 903 1788 932 visio
1808 903 1860 932 de-

1009 946 1105 980 lectet,
1127 947 1208 976 cuius
1229 948 1424 984 contemplatio
1446 949 1596 977 laetificet?

1087 994 1173 1023 Homo.
1196 994 1218 1022 O
1239 995 1345 1029 anima,
1368 996 1495 1032 quamvis
1518 996 1585 1024 liaeo
1607 997 1665 1025 sola
1686 996 1855 1031 sufficerent,
1869 1003 2002 1030 secundas-1.

1009 1040 1031 1069 si
1051 1041 1128 1069 nulla
1149 1041 1202 1069 alia
1222 1041 1364 1075 adessent,
1386 1045 1428 1070 est
1449 1045 1540 1071 tamen
1561 1043 1653 1071 adliuc
1678 1051 1749 1077 una,
1771 1046 1803 1071 ut
1822 1043 1856 1072 de
1877 1027 2001 1069 ἶῖ-Ῐέιῗθςωθ

0 938 94 982 lanque-
105 949 145 978 sio
158 948 380 981 demonstratur,
396 948 462 985 quia
476 948 602 976 videlicet
615 955 665 975 nos
679 947 766 983 ipsos,
786 946 876 983 ipsum
892 954 953 983 spe-

1 983 29 1021 ῗῖ·
39 977 89 997 '¹⁶⁹‘
104 996 199 1025 culum
218 998 246 1024 et
266 995 400 1032 quidquid
422 1002 553 1032 praesens
574 997 631 1028 est,
660 994 804 1027 videmus:
833 994 872 1022 sic
903 1001 953 1030 per

104 1042 248 1079 speculum
270 1042 378 1071 divinae
400 1042 532 1070 claritatis
549 1041 638 1078 ipsum
654 1041 755 1075 Deum,
770 1041 953 1078 nosmetipsos

0 1612 32 1631 ιο,
41 1607 87 1627 visio

0 1631 29 1658 ¹³¹¹!
39 1631 81 1651 Dei.

104 1091 131 1118 et
151 1091 295 1118 creaturas
315 1089 382 1117 alias
403 1096 602 1125 cognoscemus
618 1100 644 1116 n.

181 1135 204 1164 O
224 1136 330 1170 anima,
352 1143 424 1173 quae
444 1135 609 1164 naturaliter
623 1135 695 1164 scire
709 1135 884 1169 desideras⁵‚
899 1135 952 1163 hoc

104 1183 248 1220 speculum
269 1182 364 1211 videre
385 1183 496 1216 affecta,
518 1182 546 1210 in
567 1182 614 1210 illo
629 1182 743 1210 studere
758 1185 785 1210 et
800 1182 891 1218 legere
905 1182 952 1210 de-

104 1229 210 1263 sidera,
230 1229 296 1267 quia
317 1229 371 1258 hoc
390 1229 473 1258 semel
496 1229 596 1258 vidisse
627 1232 669 1257 est
696 1229 789 1257 onmia
815 1229 950 1258 didicisse.

103 1277 141 1306 lbi
163 1284 261 1305 revera
282 1276 398 1305 stultitia
419 1276 558 1305 videbitur
579 1279 607 1304 et
627 1276 805 1313 reputabitur
834 1276 952 1305 Platonis

103 1322 226 1357 theoria,
254 1322 406 1351 Aristotelis
426 1322 616 1359 philosophia,
648 1322 794 1350 Ptolomaei
826 1326 951 1351 astrono-

102 1370 172 1404 mia,
193 1369 259 1407 quia
279 1369 415 1406 quidquid
437 1369 481 1398 liic
502 1369 535 1398 de
557 1369 673 1398 veritate
688 1369 885 1405 intelligimus,
900 1369 951 1397 mi-

103 1417 177 1446 nima
197 1424 263 1454 pars
283 1425 380 1445 eorum
402 1419 459 1450 est,
481 1424 553 1453 quae
574 1416 743 1453 ignoramus.
773 1416 854 1444 Tunc
876 1416 951 1445 vide-

104 1464 147 1493 bis
161 1468 187 1492 ec
200 1464 314 1501 afflues,
330 1467 354 1492 el
368 1463 531 1492 mirabitur
545 1467 569 1492 el
584 1463 760 1491 dilatabitur
771 1471 822 1491 cor
834 1467 918 1491 taam
929 1463 949 1491 ⁶.

181 1512 227 1540 ⁶25.
249 1511 349 1539 Annia.
372 1511 402 1539 Et
423 1510 490 1548 quid
511 1510 631 1539 videbo?

181 1558 266 1587 Homo.
283 1558 385 1595 Rcycm
397 1557 464 1586 caeli
477 1557 508 1586 in
519 1557 621 1586 (locare
629 1565 683 1585 stoa
695 1557 714 1584 ⁷.
728 1557 813 1585 Beda:
830 1568 842 1581 α
855 1557 950 1593 Splen-

103 1604 153 1634 dor
174 1607 302 1633 aeternae
323 1604 426 1641 gloriae
447 1607 488 1632 est
510 1606 601 1632 tantae
622 1603 818 1640 pulcritudinis
845 1607 950 1632 tantae-

103 1658 158 1688 que
179 1650 347 1684 dulcedinis,
369 1653 400 1679 ut
421 1650 503 1679 etiam
526 1650 577 1687 ipsi
598 1650 708 1687 Angeli,
737 1650 785 1687 qui
807 1650 864 1678 sole
885 1652 952 1678 sunt

102 1697 354 1734 incomparabiliter
385 1697 532 1731 clariores,
556 1705 589 1726 eo
610 1697 704 1726 satiari
726 1705 780 1725 non
802 1696 949 1734 possint».

103 1745 180 1773 Tunc
200 1752 267 1781 ergo
287 1744 392 1782 afflues
412 1744 517 1773 deliciis
539 1744 566 1772 in
588 1743 723 1780 stupenda
741 1743 849 1772 divinae
870 1742 951 1771 clari-

102 1791 166 1820 tatis
180 1791 299 1825 visione,
321 1791 478 1820 miraberis
499 1791 525 1820 in
548 1791 588 1820 tui
610 1791 698 1828 ipsius
718 1790 847 1819 deliciosa
861 1790 950 1819 consi-

102 1838 258 1872 deratione,
280 1838 451 1867 dilataberis
479 1838 506 1867 in
526 1838 650 1866 omnium
672 1841 865 1866 creaturarum
888 1845 952 1874 per-

101 1885 172 1914 fecta
192 1885 386 1922 speculatione.
408 1885 431 1913 Ο
452 1885 646 1921 contemplatio
667 1884 804 1921 stupenda
823 1887 850 1913 et
864 1884 951 1913 admi-

102 1931 215 1960 rabilis!
242 1932 265 1960 O
285 1931 467 1960 consideratio
498 1931 627 1960 deliciosa
658 1934 685 1960 et
708 1931 899 1960 delectabilis!
930 1930 952 1959 O

103 2069 213 2096 gaudium
232 2069 280 2092 illos
297 2068 377 2091 beatos
393 2069 487 2097 spiritus
499 2069 604 2092 laetificat
620 2071 641 2091 et
653 2069 756 2092 delectat.
769 2070 874 2092 Gaudent
885 2070 948 2092 enim

102 2107 264 2130 delectabiliter
281 2107 303 2130 in
320 2109 419 2136 perfecta
437 2111 460 2130 et
475 2108 602 2130 clarissima
620 2108 714 2130 (livinae
725 2108 832 2131 claritatis
849 2112 948 2131 contem-

102 2147 213 2175 platione,
231 2147 333 2175 gaudent
349 2147 446 2169 dulciter
464 2147 485 2169 in
512 2147 620 2169 melliflua
644 2150 666 2170 et
691 2147 829 2170 suavissima
855 2147 948 2170 divinae

102 2185 209 2208 bonitatis
225 2186 398 2214 degustatione,
416 2186 518 2214 gaudent
534 2186 727 2214 sempiternaliter
750 2187 771 2209 in
789 2187 908 2215 tranquilla
926 2189 949 2209 ct

102 2225 248 2247 securissima
270 2225 364 2247 divinae
389 2225 514 2248 maiestatis
536 2226 644 2248 tentione.
669 2226 717 2248 Scis
742 2226 812 2254 enirn,
830 2232 843 2248 o
860 2226 948 2253 anima,

102 2264 165 2293 quod
183 2263 256 2287 tribus
273 2264 361 2286 viribus
379 2264 520 2287 naturalibus
537 2265 682 2293 praeemines
700 2265 721 2287 iu
745 2267 782 2288 tua
808 2264 948 2288 substantia:

102 2303 173 2325 liabcs
190 2303 251 2325 enim
280 2303 328 2325 vim
353 2303 500 2332 rationalem,
525 2310 584 2332 quae
611 2310 655 2326 non
681 2305 781 2332 perfecte
807 2305 948 2327 illuminatur

101 2343 144 2365 nisi
160 2349 203 2371 per
219 2343 309 2371 primae
325 2343 427 2365 zeritatis
444 2345 548 2370 apertam
565 2343 731 2371 cognitionem
749 2347 771 2366 et
793 2344 841 2366 vini
867 2351 948 2367 coucu·

103 2381 245 2410 piscibilem,
262 2388 323 2411 quae
339 2388 384 2404 non
402 2382 497 2404 satiatur
514 2382 557 2404 nisi
583 2389 624 2411 per
648 2389 755 2405 summae
773 2383 880 2406 bonitatis
896 2389 950 2411 per-

102 2422 183 2444 lectam
200 2421 360 2448 dilectionem;
377 2421 425 2443 vim
443 2428 537 2450 quoque
554 2421 706 2450 irascibilem,
723 2428 783 2451 quae
800 2429 846 2445 non
863 2423 949 2451 quieta-

102 2463 138 2482 tur
154 2460 196 2482 nisi
214 2466 256 2488 per
272 2463 377 2482 aeternae
395 2460 519 2483 maiestatis
536 2466 642 2483 securam
660 2463 899 2489 comprehensionem.
916 2462 948 2484 De

102 2499 137 2522 his
154 2498 227 2522 tribus
252 2499 306 2522 dicit
331 2499 412 2522 beatus
437 2500 569 2522 Bernardus
590 2506 660 2528 super
685 2500 776 2523 cantica
799 2500 885 2530 [Serm.
912 2501 949 2523 ll.

102 2543 124 2560 n.
142 2538 164 2560 5.
183 2537 258 2568 seq.]:
278 2547 289 2557 ιι
300 2537 347 2566 Qui
363 2538 436 2567 replet
453 2537 477 2561 in
494 2537 560 2561 bonis
577 2537 721 2561 desiderium
738 2539 806 2561 tuum
828 2539 872 2567 [Ps.
893 2539 948 2567 =l02,

103 2576 145 2607 5.],
162 2577 212 2606 ipse
229 2578 319 2599 tuturus
335 2580 369 2600 est
385 2577 466 2600 rationi
485 2578 603 2606 plenitudo
620 2578 690 2606 lucis,
702 2578 811 2601 voluntati
825 2578 948 2601 multitudo

103 2616 178 2644 pacis,
204 2615 329 2638 memoriae
354 2616 495 2639 continuatio
516 2617 662 2639 aeternitatis.
689 2616 769 2645 Quare
793 2617 868 2640 tristis
885 2623 916 2645 es,
935 2623 948 2640 o

102 2653 183 2677 (mima
200 2660 264 2682 mea,
283 2655 305 2677 et
320 2660 395 2684 quare
412 2654 541 2678 conturbus
558 2657 612 2678 me?
629 2655 705 2685 Spera
723 2655 747 2678 ἰη
765 2655 820 2684 Deo,
833 2655 947 2685 qnoniam

102 2692 180 2716 adhuc
197 2693 323 2723 confitebor
340 2693 376 2716 illi
387 2702 396 2714 i·
419 2693 463 2723 [rs.
482 2694 523 2722 41,
542 2693 583 2723 6.].

166 2731 172 2746 ¹
191 2732 265 2754 Serin.
283 2732 320 2754 ll.
337 2732 360 2754 in
377 2732 442 2755 Cant.
459 2739 482 2755 n.
499 2733 522 2754 6.

165 2770 174 2783 ‘-'
191 2770 254 2793 Libr.
271 2771 286 2793 Ι.
308 2771 337 2793 de
361 2771 503 2794 Mirabilibus
525 2778 604 2794 sacrae
629 2772 761 2800 Sci-{ptume
784 2772 852 2800 (inter
876 2778 945 2800 opera

103 2809 218 2838 August),
230 2816 249 2832 c.
261 2810 288 2832 7:
306 2810 351 2833 Sed
369 2810 387 2832 si
404 2810 433 2833 ad
451 2811 511 2833 illam
528 2811 602 2833 lucem
621 2812 692 2834 Patris
710 2811 822 2834 luminum
836 2811 887 2841 [cfr.
905 2812 948 2834 lac.

105 2848 125 2875 l,
145 2849 190 2877 l7.]
208 2848 351 2877 venerimus,
368 2849 422 2872 nihil
439 2849 461 2872 iu
478 2850 588 2873 creaturis
605 2850 661 2878 erit,
678 2850 741 2879 quod
759 2850 895 2873 nesciamus.

166 2887 175 2900 ³
193 2888 225 2910 De
243 2888 435 2911 similitudinibus
452 2888 520 2917 (inter
536 2895 606 2917 opera
624 2889 747 2918 AnseInst),
765 2895 785 2912 c.
803 2889 840 2912 49.
860 2903 891 2905 —
909 2891 949 2912 Se-

104 2927 182 2956 quitur
199 2927 309 2950 sententiu
326 2929 435 2956 Gregor.,
453 2928 490 2950 lV.
508 2928 597 2957 Dialog.
615 2935 635 2951 c.
652 2929 697 2951 33:
715 2928 776 2957 Quid
793 2931 828 2951 est
841 2929 904 2957 quod
917 2928 947 2950 ibi

105 2965 219 2993 nesciant,
237 2966 276 2988 ubi
293 2967 403 2989 scientem
420 2967 499 2989 omnia
516 2967 611 2990 sciunt?
631 2968 654 2990 ll.
677 2968 754 2990 Illoral.
779 2973 800 2990 c.
825 2968 846 2990 3.
869 2974 892 2990 n.
917 2968 946 2989 3:

105 3004 164 3033 Quid
181 3005 242 3027 enim
255 3005 284 3028 de
302 3005 414 3035 hisquae
439 3006 531 3028 scienda
556 3009 609 3029 sunt
633 3006 751 3034 nesciunt,
775 3007 816 3036 qui
838 3007 948 3029 scientem

198 3051 224 3076 S.
236 3052 325 3076 Bonae.
337 3065 368 3069 —
379 3053 446 3075 Toni.
459 3053 513 3075 Vlll.

1007 1087 1124 1115 aliarum
1157 1088 1281 1116 omnium
1307 1096 1377 1125 pene
1399 1089 1643 1118 innumerabilium
1666 1090 1787 1119 iucunda
1815 1090 1855 1118 vi-

1008 1133 1084 1162 sione
1116 1136 1234 1168 taceam,
1267 1142 1338 1171 quae
1371 1135 1534 1164 mirabiliter
1559 1136 1683 1164 omnium
1705 1136 1856 1173 spirituum

1007 1183 1114 1209 mentes
1135 1181 1263 1209 laetificat
1284 1184 1310 1210 et
1332 1181 1402 1210 miro
1423 1182 1559 1219 quodam,
1581 1183 1673 1212 nescio
1697 1191 1753 1220 quo
1781 1183 1858 1211 inae-

1008 1227 1137 1256 stimabili
1158 1227 1259 1264 gaudio
1279 1236 1388 1257 omnem
1411 1229 1517 1258 beatam
1540 1233 1697 1258 creaturam
1723 1230 1855 1265 inebriat,

1008 1274 1101 1303 videre
1123 1275 1227 1304 scilicet
1248 1275 1322 1304 illius
1343 1276 1469 1305 caelestis
1491 1277 1607 1313 Reginae
1628 1277 1753 1306 deificam
1776 1278 1856 1306 clari-

1008 1324 1090 1350 tatem
1112 1326 1140 1350 et
1161 1329 1227 1350 suae
1248 1322 1421 1351 beatissimae
1443 1323 1528 1352 Prolis
1549 1324 1727 1360 glorificatam
1758 1325 1856 1353 huma-

1008 1368 1129 1397 nitatem.
1152 1368 1235 1405 Quis,
1257 1377 1273 1397 ο
1294 1369 1401 1403 anima,
1416 1370 1459 1398 vel
1475 1370 1596 1407 cogitare
1617 1371 1751 1405 sufficiat,
1767 1380 1855 1409 quan-

1008 1418 1067 1443 tum
1089 1415 1220 1452 gaudium
1242 1419 1371 1452 generat,
1394 1417 1467 1445 illam
1489 1418 1603 1446 Matrem
1634 1418 1854 1452 misericordiae,

1008 1462 1136 1499 Reginam
1170 1463 1278 1499 pietatis
1299 1466 1326 1491 et
1347 1463 1508 1493 clementiae
1530 1464 1639 1499 videre,
1661 1465 1713 1493 iam
1735 1474 1790 1494 non
1812 1474 1856 1494 re-

1007 1508 1183 1537 cumbentem
1205 1516 1268 1537 cum
1291 1509 1408 1538 l’arvulo
1430 1510 1555 1547 vagiente
1576 1511 1603 1539 in
1626 1511 1784 1548 praesepio,
1810 1512 1855 1541 cui

984 1563 1102 1598 v,omnes
1133 1555 1210 1583 chori
1243 1556 1408 1592 Angelorum
1437 1557 1518 1585 inodo
1549 1558 1722 1587 famulantur
1749 1562 1781 1587 ut
1807 1559 1858 1587 do-

1008 1602 1113 1635 minae:
1143 1603 1195 1631 iam
1218 1611 1272 1631 non
1294 1603 1514 1633 circumeuntem
1536 1607 1563 1633 et
1584 1608 1764 1642 quaerentem
1791 1614 1854 1634 cum

1007 1649 1137 1685 lacrymis
1164 1650 1277 1683 Filium,
1300 1658 1363 1678 cum
1386 1651 1544 1687 perdiderat
1575 1651 1784 1681 dilectissimum
1814 1653 1856 1681 in-

1006 1696 1143 1724 fantulum
1176 1696 1202 1724 in
1236 1696 1369 1731 triduo⁰‚
1402 1697 1448 1726 sed
1479 1706 1543 1726 eum
1565 1706 1640 1727 nunc
1664 1699 1854 1736 inspicientem

1008 1743 1033 1771 in
1055 1743 1224 1779 sempiterno
1244 1743 1362 1780 galatim
1386 1744 1439 1772 iam
1467 1753 1522 1773 non
1555 1745 1693 1774 turbatam
1726 1754 1789 1774 cum
1823 1754 1855 1775 eo

1006 1789 1157 1827 fugientem
1178 1790 1204 1818 in
1227 1791 1380 1827 Aegyptum
1403 1799 1418 1819 a
1439 1791 1507 1820 facie
1539 1792 1667 1826 Herodis,
1699 1793 1765 1830 quia
1796 1793 1854 1830 ipse

1006 1836 1128 1865 aseendit
1160 1836 1186 1864 in
1218 1837 1343 1871 caelum,
1368 1841 1395 1866 et
1420 1838 1539 1867 Herodes
1560 1838 1701 1867 descendit
1722 1839 1749 1867 in
1770 1839 1854 1868 inser-

1008 1891 1090 1917 num;
1107 1883 1159 1912 iam
1176 1892 1229 1912 non
1247 1884 1386 1913 turbatam
1401 1893 1466 1922 erga
1481 1885 1617 1922 plurima,
1639 1894 1710 1923 quae
1729 1886 1856 1915 fecerunt

984 1957 985 1960 ,
1007 1930 1072 1959 Filio
1103 1938 1154 1959 suo
1186 1930 1291 1965 ludaei,
1313 1931 1378 1968 quia
1406 1932 1506 1960 Olmtt'a
1532 1932 1663 1961 subiecta
1682 1936 1755 1963 sanc
1773 1934 1855 1967 05¹⁰,-

1005 2069 1082 2091 omnia
1099 2069 1193 2091 sciunt?
1211 2069 1254 2091 Csr.
1269 2069 1291 2092 ll.
1305 2069 1387 2091 Homil.
1406 2069 1426 2091 in
1446 2070 1534 2097 Evaug.
1551 2069 1629 2092 liouiil.
1647 2069 1684 2092 31..
1702 2076 1724 2092 n.
1744 2070 1751 2092 l
1763 2070 1780 2092 l..
1794 2070 1853 2093 Vide

1004 2114 1075 2136 supra
1092 2114 1145 2136 pag.
1165 2108 1205 2135 46,
1224 2111 1300 2130 notam
1322 2108 1356 2130 10.

1067 2146 1076 2159 ⁴
1093 2148 1141 2169 Non
1159 2148 1258 2170 occurrit
1277 2148 1298 2169 in
1316 2154 1371 2175 opp.
1389 2147 1514 2175 Fulgentii,
1532 2148 1573 2170 scd
1590 2148 1612 2170 in
1631 2148 1743 2176 opusculo
1761 2147 1788 2170 (Ic
1805 2147 1853 2171 Trt‘-

1001 2186 1061 2216 plt'ci
1077 2186 1216 2209 Habilacttlo
1234 2187 1303 2215 (inter
1320 2193 1389 2215 opera
1403 2187 1518 2216 August),
1536 2194 1555 2209 c.
1573 2188 1595 2209 ti.
1614 2200 1642 2202 —
1659 2187 1717 2209 lluic
1735 2188 1784 2209 loco
1803 2187 1853 2209 Yat.

1004 2226 1144 2254 praemittit:
1168 2226 1262 2249 Αιιίιηιι.
1289 2226 1319 2249 Et
1343 2227 1460 2256 quomodo
1485 2226 1625 2255 simplicitas
1651 2226 1694 2249 hoc
1715 2226 1853 2255 pernu'ttit?

1004 2266 1092 2294 Homo,
1109 2269 1131 2288 et
1148 2266 1232 2288 deinde
1249 2266 1327 2288 addit:
1346 2265 1440 2289 Anaua.
1459 2265 1478 2289 O
1495 2265 1561 2288 beuta
1578 2265 1679 2293 veritus,
1703 2265 1751 2288 ium
1776 2265 1852 2293 rt'tleo,

1005 2304 1069 2334 quod
1087 2314 1098 2325 κ
1110 2304 1160 2328 sine
1178 2306 1198 2328 le
1214 2311 1298 2334 supere
1315 2304 1419 2334 desipere
1440 2306 1486 2332 esl,
1507 2306 1527 2327 te
1550 2310 1603 2327 rere
1629 2310 1698 2327 nosse
1719 2305 1852 2334 perlectum

1005 2343 1066 2367 scire
1083 2345 1140 2367 est»
1162 2343 1284 2372 [Anselm.‚
1301 2343 1363 2366 Orat.
1385 2344 1414 2370 2;
1436 2345 1478 2366 cfr.
1500 2350 1570 2371 supra
1593 2349 1647 2371 pag.
1665 2343 1706 2371 46,
1723 2346 1777 2365 nota
1798 2343 1853 2372 ll.].

1006 2383 1063 2405 Tam
1090 2383 1191 2411 primum
1217 2389 1288 2412 quam
1313 2383 1441 2405 secundum
1467 2383 1651 2405 additamentum
1676 2383 1784 2405 omittunt
1809 2382 1853 2405 AC

1006 2423 1024 2444 D
1035 2423 1051 2444 E
1060 2423 1075 2444 F
1085 2422 1109 2444 L.

1068 2461 1077 2473 ⁵
1095 2461 1200 2488 Aristot„
1218 2462 1232 2483 l.
1250 2461 1348 2489 llletapli.
1366 2467 1386 2484 c.
1408 2462 1432 2483 l:
1456 2461 1541 2483 Omnes
1563 2461 1668 2483 homlnes
1690 2462 1771 2483 natura
1793 2460 1852 2482 sciro

1005 2500 1142 2522 desiderantv
1160 2512 1191 2516 —
1209 2500 1304 2522 interius
1322 2506 1364 2528 pro
1381 2499 1453 2523 semel
1471 2499 1554 2522 vidisse
1571 2500 1615 2521 DE
1632 2499 1711 2522 sulum
1730 2498 1821 2522 vidisse.

1068 2538 1078 2551 ⁶
1096 2539 1145 2561 lsai.
1163 2539 1205 2566 60,
1223 2539 1245 2561 5.
1262 2552 1292 2555 —
1305 2539 1417 2567 Superius
1429 2541 1482 2566 post
1493 2538 1625 2562 Aristotelis
1635 2538 1786 2568 philosophia
1800 2538 1851 2560 Vat.

1005 2578 1070 2601 addit
1087 2577 1233 2608 Empedoclis
1251 2578 1410 2605 theoremata,
1429 2577 1579 2607 Hippocratis
1595 2576 1720 2600 scritliiit'a.

1068 2616 1077 2630 '¹
1094 2618 1143 2640 lsai.
1162 2617 1202 2644 33,
1221 2618 1257 2639 1l7.
1275 2629 1306 2634 —
1323 2618 1355 2639 De
1378 2623 1426 2645 seq.
1452 2617 1563 2639 sententia
1588 2616 1663 2639 Bedae
1688 2618 1728 2638 cfr.
1750 2617 1783 2639 lll.
1806 2617 1852 2639 llo-

1005 2656 1052 2678 mil.
1070 2655 1156 2678 subdit.
1173 2659 1228 2678 sect.
1250 2657 1268 2678 l.
1286 2656 1363 2678 liouiil.
1381 2656 1418 2678 70.
1445 2655 1477 2683 (Ξ.
1500 2656 1521 2678 in
1540 2656 1595 2678 testo
1621 2656 1730 2677 Omnium
1749 2655 1846 2684 Sanet.);

1006 2695 1088 2717 clarius
1107 2698 1183 2717 tamen
1201 2695 1329 2717 insinuatur
1354 2695 1376 2717 in
1403 2694 1461 2717 libro
1487 2695 1516 2717 de
1541 2694 1678 2723 Cognitione
1699 2700 1769 2717 verae
1790 2694 1851 2717 vitae

1006 2734 1075 2763 (inter
1092 2740 1162 2762 opera
1180 2734 1295 2762 August),
1312 2740 1331 2756 c.
1351 2735 1372 2756 8.

1068 2772 1077 2785 ³
1094 2773 1176 2795 Psalm.
1193 2773 1235 2799 83,
1257 2773 1290 2799 ll,
1308 2776 1360 2800 post
1377 2779 1446 2801 quein
1465 2774 1507 2799 St),
1526 2773 1545 2795 4..
1559 2772 1639 2801 (quem
1653 2773 1701 2795 Vat.
1713 2773 1817 2800 omittit),
1829 2776 1851 2795 et

1005 2813 1115 2840 August,
1133 2813 1166 2834 lll.
1183 2812 1212 2834 de
1228 2811 1278 2834 Lili.
1296 2811 1350 2834 Arb.
1367 2818 1386 2833 e.
1405 2812 1443 2834 25.
1460 2818 1481 2834 u.
1499 2811 1538 2834 77.

1068 2850 1077 2863 ⁹
1094 2850 1141 2873 Csr.
1160 2851 1214 2873 Luc.
1232 2852 1258 2879 2,
1275 2851 1297 2873 7.
1316 2853 1338 2873 et
1356 2850 1392 2873 43.
1410 2857 1490 2880 seqq.;
1508 2851 1537 2873 de
1550 2851 1603 2879 suga
1616 2851 1639 2873 in
1652 2851 1784 2879 Aegyptum
1797 2851 1851 2872 ride

1006 2891 1081 2912 Matili.
1100 2891 1127 2917 2,
1149 2890 1181 2912 13.
1199 2896 1264 2919 seqq.

1069 2928 1088 2940 ¹¹¹
1105 2929 1174 2956 Epist.
1193 2929 1206 2950 l.
1224 2928 1276 2951 Cor.
1297 2929 1336 2956 ¹5,
1353 2928 1390 2951 27.
1408 2942 1438 2944 —
1455 2929 1563 2958 Sequitur
1583 2929 1607 2952 ll.
1629 2929 1685 2957 Reg.
1709 2929 1749 2956 18,
1772 2929 1809 2951 33.
1830 2931 1852 2951 et

1006 2967 1127 2996 respicitur
1145 2968 1206 2990 latui.
1226 2968 1266 2995 10,
1283 2967 1329 2990 <252
1347 2967 1441 2990 Stabant
1457 2970 1534 2990 autem
1552 2968 1613 2990 iuxta
1628 2974 1721 2990 crucem
1740 2968 1788 2990 lesu
1806 2968 1851 2990 Ma-

1007 3010 1040 3029 ter
1057 3013 1106 3029 elus
1123 3011 1165 3030 etc.

1744 3055 1757 3076 9
