2133 3317
355 268 410 290 FRA

106 312 226 336 aegrotos,
245 314 338 334 caecos,
356 307 463 329 obsessos
480 309 502 328 et
518 306 574 328 alios
591 305 631 327 541
649 306 670 327 9.

106 354 157 376 sqq.
177 360 204 363 -
224 347 329 369 Min-acuta
349 348 405 368 facta
429 352 470 368 usu
497 345 597 367 chordae
622 344 671 366 eius

106 386 147 409 541
173 387 178 408 1
190 388 194 407 1
216 398 246 402 -
263 392 332 414 supra
346 386 408 413 lepra
421 384 523 406 curanda
537 384 672 411 praecellen-

108 428 152 448 tem
170 425 278 447 vii-tutem
297 424 377 447 habuit
394 424 434 445 561
457 424 471 445 5

153 476 184 481 -·
201 464 281 486 111111ηο
299 463 387 486 accedit
404 463 432 484 ad
451 463 573 484 Alvcrnam
592 462 637 484 542
654 462 672 484 1.

109 503 154 526 575
172 502 186 525 l]
204 515 234 520 ·-
252 503 275 525 Ei
293 503 408 524 revelatur
425 501 530 529 proxima
547 501 672 523 similitudo

107 548 160 564 cum
184 542 275 564 Christo
298 541 343 563 542
361 541 374 563 2
392 553 422 556 —
440 541 527 568 Scraph
550 540 672 563 crucifixus

106 581 127 603 ei
150 583 245 609 apparet
269 580 313 602 542
337 580 359 602 3.
378 579 423 602 575
441 579 455 601 b
473 592 502 596 —
522 579 631 607 Stigmata
650 579 670 601 ei

107 620 271 648 imprimuntur
290 619 333 641 133
353 619 374 641 4.
392 619 436 641 543
455 619 475 640 3.
495 619 539 641 575
557 618 572 640 b
589 631 619 634 ——
632 618 672 640 Sti-

106 658 224 687 gmatihus
240 658 362 686 insignitus
379 660 428 680 erat
446 658 490 679 315
513 658 544 679 15.
559 657 603 679 470
616 658 628 679 3
641 669 671 674 —-

107 698 209 721 Christus
226 698 246 720 ei
264 698 370 725 stigmata
389 700 498 725 tanquam
517 696 618 724 sigillum
633 702 672 724 ap-

106 736 255 765 probativum
274 737 390 764 impressit
408 736 451 758 247
475 736 499 757 10
517 748 547 752 -
560 736 671 763 Stigmata

106 769 125 798 ei
143 776 255 804 impressa
273 780 325 798 sunt
342 776 371 798 ad
384 775 582 797 contii-mationem
597 775 672 802 Regu-

106 815 140 837 lae
161 819 183 837 01
206 815 433 837 commendationem
459 814 559 836 auctoris
577 814 621 836 546
644 814 665 836 44

108 866 138 870 -—
155 854 267 882 Stigmata
284 854 328 882 ipsi
347 854 458 881 impressa
483 855 574 876 suerunt
596 860 640 876 non
658 859 671 875 a

106 895 186 915 natura
205 893 240 915 1·οΙ
258 896 319 919 arte,
338 893 379 915 sed
397 893 498 920 potentia
516 892 614 920 Spiritus
633 892 671 914 Dei

107 932 155 954 vivi
174 932 219 954 505
237 933 250 954 2
267 944 299 948 -
319 931 374 954 Vide
391 938 413 954 Γ.
430 931 555 960 Sti'gsmnta.
573 943 603 947 —
620 937 672 953 coe-

107 971 140 999 pit
157 970 329 993 infirmitatibus
346 971 448 998 graviter
465 970 569 992 laborare
587 970 632 992 545
650 971 671 992 2.

107 1010 153 1032 546
171 1011 192 1033 3.
210 1010 254 1032 577
272 1009 287 1031 h
304 1022 335 1026 -
347 1009 475 1031 Videbatur
487 1009 552 1038 quasi
565 1009 620 1031 alter
634 1008 672 1031 lob

108 1049 153 1071 546
172 1050 184 1071 2
201 1061 233 1065 -
251 1052 349 1071 mortem
367 1054 433 1070 suam
452 1048 576 1076 praescivit
593 1048 637 1070 546
650 1049 671 1070 2.

107 1088 151 1110 578
169 1093 181 1110 3
198 1100 230 1104 -
246 1087 274 1110 ad
294 1087 462 1109 Portiunculam
485 1093 509 1109 se
532 1087 616 1109 deferri
633 1093 672 1114 po-

107 1127 181 1155 poscit
198 1127 243 1149 578
261 1133 272 1148 a
291 1139 322 1143 —
342 1126 365 1148 in
391 1129 465 1148 mot-tc
487 1126 587 1148 ostendit
610 1132 672 1148 amo-

108 1172 156 1188 rem
174 1165 316 1194 paupertatis
329 1165 373 1187 546
388 1165 399 1187 4
412 1177 442 1181 -
456 1165 529 1187 voluit
541 1171 583 1192 per
595 1165 670 1187 omnia

106 1205 220 1228 Crucifixn
232 1204 357 1227 conformis
369 1210 419 1227 esse
432 1203 486 1227 ibid.
495 1216 526 1220 --
536 1205 592 1226 liora
602 1207 672 1226 trans-

107 1244 152 1267 itus
176 1244 305 1266 consolatur
327 1246 349 1265 et
374 1243 490 1266 benedicit
514 1243 604 1265 Fratres
626 1242 671 1265 546

107 1283 129 1305 5.
146 1283 191 1305 578
208 1288 220 1305 3
238 1295 268 1298 -
285 1282 386 1305 Morienti
404 1282 487 1310 legitur
500 1282 576 1310 passio
588 1282 672 1304 Christi

107 1321 152 1344 547
171 1322 192 1344 5.
211 1321 255 1344 578
273 1328 285 1343 3
302 1334 334 1338 -
351 1321 440 1344 cunctis
452 1321 473 1343 in
486 1327 539 1343 011111
551 1321 673 1349 completis

108 1361 223 1389 mysteriis
234 1360 377 1383 obdormivit
390 1361 411 1382 in
424 1361 523 1383 Domino
536 1360 580 1382 547
593 1361 615 1382 6.
628 1360 672 1382 578

108 1399 124 1422 b
140 1412 170 1416 —
188 1403 240 1427 post
257 1403 354 1422 mortem
373 1403 405 1422 ter
423 1402 519 1428 apparet
535 1399 579 1421 547
593 1400 614 1421 6.
627 1399 672 1421 578

108 1438 124 1461 b
139 1451 171 1455 —
187 1439 248 1461 Hora
265 1439 373 1461 transitus
389 1439 485 1461 veniunt
508 1439 592 1460 multae
614 1439 674 1461 alau-

108 1477 152 1500 dae
169 1478 214 1500 547
232 1479 246 1500 6
264 1491 293 1494 —-
311 1478 405 1507 quando
424 1481 529 1500 mortuus
551 1478 579 1500 sit
597 1477 641 1500 548
659 1478 673 1499 6

108 1529 138 1533 --
155 1517 287 1540 pulcritudo
313 1517 417 1545 corporis
441 1517 526 1539 mortui
550 1516 594 1539 548
613 1517 626 1539 3
643 1529 674 1534 -

111 1556 180 1579 Mirae
197 1556 320 1585 exsequiae
335 1555 366 1579 w.
384 1557 397 1579 5
413 1568 445 1573 —
457 1556 566 1578 continuo
578 1556 674 1578 miracu-

110 1595 136 1618 lis
153 1596 284 1618 coruscaxit
301 1594 329 1618 ib.
348 1596 361 1617 6
380 1608 407 1611 —-
425 1595 472 1617 Alia
496 1595 605 1617 miracula
629 1594 673 1617 549

111 1635 137 1661 4,
154 1635 181 1663 2,
199 1635 220 1656 9.
246 1634 291 1657 550
317 1635 338 1656 3.
356 1640 407 1663 sqq.
434 1634 478 1660 578
504 1634 525 1656 b.
552 1634 596 1656 579
615 1640 627 1656 a
643 1646 675 1650 —

157 1908 253 1930 6111111131.
270 1919 301 1924 ·—
318 1907 402 1930 missus
419 1907 449 1930 ad
467 1907 586 1935 virginem
603 1907 628 1929 71
650 1907 663 1929 3

157 1947 206 1969 GAn
222 1959 253 1963 —
270 1947 317 1969 Filii
335 1947 384 1969 Gad
401 1948 493 1969 fuerunt
511 1947 604 1969 fratrum
623 1952 673 1968 suo-

109 1992 162 2009 rum
180 1988 367 2014 propugnatores
385 1986 429 2008 373
448 1985 462 2007 h

157 2026 247 2048 Gmm
264 2037 295 2042 —-
311 2028 412 2047 castrum
431 2025 475 2048 562
498 2025 503 2046 1

157 2065 252 2087 Gutum
274 2077 301 2080 —
322 2070 365 2092 pro
382 2064 450 2092 pullis
467 2070 491 2086 se
508 2064 586 2086 obiicit
602 2064 674 2086 milvo

112 2103 156 2125 438
178 2104 182 2125 1
204 2115 235 2120 --
252 2103 413 2131 compassione
430 2103 458 2125 ad
471 2104 545 2131 pullos
556 2109 675 2125 commen-

111 2142 178 2164 datur
199 2142 240 2164 190
258 2143 282 2164 21
303 2154 334 2159 -—
346 2142 448 2165 Christus
459 2142 490 2164 ob
505 2141 675 2170 incomparabi-

111 2181 154 2203 lem
165 2181 282 2203 caritatem
293 2181 390 2209 gallinae
401 2187 425 2204 se
437 2181 581 2209 comparavit
591 2180 642 2204 ibid.

158 2220 278 2242 GanoArus
295 2233 324 2236 —-
342 2226 408 2242 mons
425 2220 470 2242 547
489 2220 509 2242 6.
528 2220 573 2243 559
591 2221 604 2243 5

159 2260 263 2282 GAumuu
285 2271 316 2275 —
338 2258 407 2281 debet
429 2265 480 2281 esse
500 2265 554 2281 cum
577 2262 676 2282 tremore

112 2297 156 2320 497
175 2304 187 2320 a
203 2310 235 2314 —
257 2297 390 2320 Subiectum
413 2298 523 2320 mundani
540 2298 619 2326 gaudii
643 2300 677 2320 est

113 2337 189 2360 anima
206 2337 306 2365 peccatis
323 2337 450 2359 deformata
468 2337 497 2359 48
515 2337 528 2359 9
554 2349 586 2354 -
611 2343 677 2359 mun-

111 2376 198 2399 danum
216 2379 250 2398 est
266 2376 381 2404 flagellum
400 2376 541 2404 incognitum
561 2376 589 2398 47
611 2377 625 2398 9
646 2388 677 2393 —

112 2421 158 2438 non
175 2416 275 2443 perfecte
291 2415 450 2443 cognoscitur,
468 2415 509 2437 nisi
521 2416 621 2442 perfecte
638 2415 678 2437 de-

113 2455 209 2482 spicitur
226 2453 280 2477 ibid.
296 2467 327 2471 —
343 2457 377 2477 est
395 2454 569 2482 despiciendum
596 2454 624 2476 48
648 2455 676 2476 10

112 2505 145 2510 -
160 2496 255 2522 propter
273 2494 287 2516 5
304 2499 386 2516 causas
403 2493 575 2521 contemptibile
592 2493 678 2515 haben-

116 2532 172 2555 dum
191 2533 220 2555 47
237 2533 251 2554 9
267 2545 299 2549 —
315 2533 412 2555 caeleste
429 2532 589 2561 quaerendum
602 2532 630 2554 48
650 2532 677 2554 10

115 2584 145 2587 -
161 2572 217 2594 caeli
233 2578 304 2600 super
321 2571 397 2594 omnia
416 2571 598 2594 desiderandum
617 2571 646 2593 57
664 2571 676 2593 4

113 2622 144 2627 -
160 2611 216 2633 03011
233 2611 335 2639 quotidie
352 2611 512 2633 meditandum
529 2609 558 2633 ib.
577 2610 590 2632 3
601 2622 632 2627 —
644 2611 679 2632 Ef-

115 2650 186 2672 fectus
204 2649 272 2672 liuius
283 2650 482 2678 contemplationis
493 2648 547 2672 ibid.
559 2655 593 2678 sq.
607 2649 636 2671 62
649 2649 677 2671 17

114 2700 145 2706 --
166 2689 191 2711 12
210 2689 294 2717 gaudia
311 2689 367 2712 caeli
385 2689 414 2711 56
437 2690 454 2711 1.
477 2689 506 2711 57
525 2689 546 2710 2.
572 2695 622 2717 sqq.
647 2700 678 2705 —

116 2727 258 2756 singulorum
268 2728 390 2751 Beatorum
403 2730 455 2750 sunt
464 2727 596 2750 communia
606 2727 679 2750 omni-

116 2765 160 2789 bus
177 2767 206 2789 60
225 2767 260 2789 43.
278 2767 303 2789 61
326 2767 362 2795 15,
377 2767 413 2789 17.
425 2766 453 2788 67
468 2767 497 2789 27
509 2779 539 2783 -
551 2767 677 2788 Perfectum

116 2805 228 2833 gaudium
240 2806 262 2828 in
281 2806 327 2828 Deo
343 2806 460 2828 invenitur
477 2805 506 2828 64
520 2806 548 2828 24
561 2818 591 2822 -
603 2806 679 2834 Quan-

117 2847 165 2867 tum
182 2845 211 2866 sit
228 2845 339 2872 gaudium
365 2845 394 2867 de
419 2845 512 2872 propria
539 2844 679 2867 beatitudine

119 2883 147 2905 66
166 2883 194 2905 27
212 2896 242 2899 —
259 2884 356 2906 caeleste
374 2883 489 2911 dependet
504 2889 517 2906 a
530 2883 603 2911 gradu
616 2889 679 2906 amo-

117 2922 148 2944 ris
169 2922 211 2944 127
229 2922 241 2943 8
267 2934 297 2938 -
323 2922 417 2950 Propter
434 2922 517 2949 gaudia
544 2925 679 2950 praeparata

118 2961 234 2983 offerenda
256 2963 291 2984 est
316 2961 362 2983 Deo
387 2961 480 2983 devotio
498 2960 524 2982 94
545 2960 558 2983 4
583 2960 637 2983 Vide
658 2967 680 2984 v.

119 2999 222 3023 Laetitia.

799 227 897 255 lNDEX
920 226 1166 255 ALPHABETICUS.

705 305 831 327 Translatio
852 311 870 327 s.
892 305 997 332 corporis
1020 304 1064 327 549
1083 305 1095 323 8
1114 316 1144 320 -—
1161 304 1266 326 Miracula

705 344 726 366 in
744 344 891 366 translatione
909 343 962 366 ibid.
980 356 1010 360 —
1027 343 1173 366 Canonizatio
1190 343 1235 365 549
1252 343 1266 364 7

705 396 734 398 —
751 383 866 411 ascriptus
883 386 916 405 est
933 383 1038 410 catalogo
1056 384 1192 404 Sanctorum
1205 385 1226 404 et
1238 381 1267 404 ab

706 423 803 444 Ecclesia
821 425 944 444 veneratur
962 422 1007 444 315
1028 421 1055 443 15
1083 420 1137 444 Vide
1154 427 1175 444 v.
1194 420 1267 444 Mino-

703 467 742 484 res
759 463 781 484 et
798 468 817 484 r.
835 461 933 490 Remila.

750 501 850 523 Fnccrus
866 512 896 516 —
914 500 1021 528 prox-enit
1037 506 1063 522 ex
1082 500 1136 521 tiore
1155 499 1199 521 179
1216 500 1220 520 1
1237 512 1267 515 -

704 539 780 562 bonus
792 539 882 562 dandus
894 539 1009 567 oratione,
1021 539 1130 565 lectione,
1143 538 1201 560 bona
1215 545 1267 566 ope-

704 579 792 601 ratione
812 579 822 600 t
842 578 854 600 4
872 591 902 594 -
919 578 1057 600 centesimus
1075 578 1180 605 designat
1197 578 1268 605 virgi-

704 619 778 640 nalem
791 618 955 640 continentiam
965 635 970 645 ‚
982 618 1139 645 sexagesimus
1150 617 1267 639 vidualem

705 657 748 679 249
768 657 795 679 48
813 670 844 673 -—
867 657 890 678 12
909 657 963 684 ligni
981 657 1043 678 vitae
1055 657 1083 678 68
1097 658 1110 678 2
1123 668 1153 673 —-
1166 656 1220 684 ligni
1233 656 1267 678 vi-

705 700 740 719 tae
757 699 789 718 est
807 696 922 723 Christus,
940 696 980 725 qui
1001 696 1023 717 in
1047 695 1155 724 paradiso
1177 695 1267 717 caelesti

704 736 840 763 degustatur
857 736 887 757 69
905 736 917 757 3
935 747 966 751 ——
983 735 1037 763 ligni
1055 735 1116 757 vitae
1133 738 1186 757 sunt
1202 740 1268 762 sapo-

704 780 740 796 res
757 773 842 795 vivifici
862 774 890 795 86
910 773 937 795 49
955 785 985 789 -—
1003 773 1057 800 ligni
1076 773 1136 794 vitae
1159 772 1228 794 habet
1247 772 1267 794 in

704 819 728 834 se
745 819 813 835 omne
830 813 1022 835 delectamentum
1039 815 1062 834 et
1078 818 1171 834 omnem
1194 812 1267 834 suavi-

705 855 772 874 tatem
790 853 820 873 69
839 852 851 873 3
870 864 899 867 -
917 852 949 873 sic
966 851 1098 873 domesticis
1121 851 1158 873 Dei
1181 851 1210 873 ad
1228 857 1268 878 gu-

704 891 812 913 standum
835 891 983 918 proponitur,
1002 894 1026 912 ut
1048 890 1158 912 satientur
1175 892 1197 912 et
1214 896 1268 912 111111-

704 936 774 959 quam
794 930 907 952 fastidiant
925 929 978 952 ibid.
995 941 1026 946 —
1043 935 1083 951 sua
1101 930 1213 951 suavitate
1231 929 1268 951 de-

704 969 787 991 lectant
804 972 825 991 et
842 969 986 991 virtuositate
1007 970 1137 991 confortant
1159 968 1268 990 meditan-

705 1011 751 1030 tem
769 1007 798 1031 ib.
817 1008 830 1030 5
848 1021 878 1024 -
903 1008 959 1036 tigni
984 1008 1044 1029 ritae
1069 1007 1120 1029 licet
1144 1014 1204 1029 unus
1229 1007 1268 1034 sit,

705 1047 772 1075 quasi
789 1046 834 1069 sub
856 1047 880 1068 12
899 1047 1022 1075 saporibus
1040 1047 1175 1074 degustatur
1192 1047 1220 1068 69
1240 1046 1252 1068 4

752 1086 888 1108 Fauonius
897 1098 928 1102 —
937 1087 1032 1108 molesta
1042 1089 1075 1108 est
1084 1086 1175 1108 lascivis
1185 1086 1229 1107 326
1240 1086 1268 1107 28

751 1125 842 1147 Fnurrto
859 1137 890 1141 —
907 1125 973 1153 plena
996 1131 1102 1147 summae
1125 1124 1233 1147 bonitatis
1248 1127 1270 1146 01

704 1164 804 1187 caritatis
821 1167 854 1186 est
872 1165 893 1186 in
911 1164 983 1192 gloria
1006 1164 1026 1186 11
1053 1165 1058 1186 1
1079 1176 1110 1180 -
1128 1165 1150 1186 111
1164 1163 1270 1186 fruitione

705 1203 903 1231 sempiternalium
916 1203 1084 1226 iucunditatum
1096 1205 1184 1225 constat
1193 1209 1271 1231 supre-

706 1248 758 1264 mus
774 1245 847 1264 status
864 1242 964 1265 caritatis
981 1242 1026 1264 244
1044 1243 1057 1264 2

753 1282 841 1304 Fucene
857 1294 888 1297 —
906 1285 1003 1304 mortem
1022 1285 1055 1304 est
1075 1282 1231 1304 voluntarium
1249 1285 1271 1303 et

707 1321 796 1343 timoris
812 1321 921 1343 naturalis
939 1321 983 1343 254
1003 1321 1031 1343 10
1049 1333 1079 1337 -
1098 1321 1139 1343 Sex
1158 1321 1221 1343 modi
1239 1322 1272 1343 tu-

706 1366 749 1388 gae
767 1359 796 1382 ib.
814 1360 827 1381 9
845 1373 875 1376 —
893 1362 927 1382 cst
943 1360 1132 1388 imperfectorum
1145 1360 1189 1382 254
1202 1360 1224 1382 6.
1236 1366 1270 1388 sq.

706 1412 736 1415 —
754 1402 788 1421 est
806 1399 965 1427 imperfectum
988 1399 1009 1421 in
1034 1405 1132 1427 genere,
1154 1399 1183 1421 ad
1206 1399 1269 1427 quod

707 1439 806 1461 humana
825 1438 944 1461 infirmitas
961 1438 1081 1460 inclinatur
1098 1439 1142 1460 238
1162 1439 1182 1460 8.
1195 1444 1228 1467 sq.
1242 1451 1271 1454 —

707 1477 731 1500 fit
749 1478 876 1505 perfectum
895 1484 920 1499 ex
938 1477 1108 1500 circumstantia
1126 1476 1180 1500 ibid.
1200 1478 1245 1499 253
1257 1477 1270 1498 3

708 1529 737 1532 -
755 1517 939 1544 persecutionem
957 1517 980 1538 in
1004 1522 1028 1538 se
1052 1520 1087 1539 est
1112 1517 1271 1544 imperfectum

707 1556 752 1578 238
775 1556 799 1578 10
817 1569 847 1571 -
865 1556 945 1578 Latere
963 1556 986 1577 in
1003 1556 1163 1583 persecutione
1175 1556 1199 1577 in
1210 1555 1273 1578 Chri-

707 1598 742 1617 sto
755 1595 847 1622 respicit
860 1595 1079 1617 condescensionem
1092 1594 1136 1616 243
1150 1595 1177 1616 13
1188 1607 1218 1611 -
1227 1601 1272 1617 11011

707 1637 740 1656 est
753 1635 881 1662 perfectum
894 1634 982 1656 ratione
994 1633 1111 1662 praecepti
1124 1633 1215 1656 Domini
1227 1634 1271 1656 253

966 1765 1010 1812 G

753 1908 844 1930 6003οΝ
853 1919 883 1923 -
892 1906 1035 1934 compescuit
1046 1906 1153 1934 spiritum
1166 1906 1270 1929 virorum

708 1946 817 1974 Ephraim
839 1946 880 1968 139
897 1946 911 1968 5
928 1958 959 1963 -
976 1945 1159 1974 praebendarius
1175 1945 1271 1974 quidam

707 1987 801 2007 sanatur
818 1991 830 2007 a
849 1986 870 2007 S.
888 1985 1008 2008 Francisco
1025 1985 1069 2007 536
1087 1984 1101 2007 5
1118 1997 1149 2001 -
1167 1985 1272 2012 relapsus

708 2024 803 2046 incurrit
819 2026 916 2047 mortem
934 2024 1076 2052 praedictam
1094 2024 1139 2046 537
1156 2024 1170 2046 5

755 2064 860 2085 Genuum
878 2076 907 2079 --
924 2062 975 2086 ride
991 2069 1012 2086 v.
1030 2063 1148 2092 [tifernus.

755 2103 834 2124 Geumi
852 2115 881 2118 —-
898 2105 998 2125 castrum
1016 2102 1057 2124 541
1081 2102 1108 2124 40

756 2142 873 2163 Genusum
890 2154 920 2157 —
937 2144 1038 2164 castrum
1056 2141 1101 2163 555
1119 2141 1155 2163 40.
1173 2141 1218 2164 557
1236 2141 1257 2163 5.

757 2181 855 2202 (1311111115
876 2192 907 2197 ——-
928 2181 970 2202 Per
987 2180 1100 2208 gemitum
1127 2180 1215 2202 Veritas
1240 2183 1273 2202 est

710 2219 845 2242 advocanda
865 2219 892 2241 18
912 2219 941 2241 44

756 2260 818 2281 GENA
839 2271 867 2275 -
880 2258 997 2281 Vellicatio
1010 2264 1123 2286 genarum
1140 2258 1223 2281 Christi
1234 2258 1274 2281 du-

709 2297 798 2325 pliciter
815 2298 909 2325 intelligi
926 2300 1003 2325 potest
1028 2297 1072 2320 484
1099 2298 1107 2320 4
1133 2310 1164 2314 -
1188 2297 1274 2320 Patien-

711 2336 739 2358 tia
757 2335 840 2359 Christi
856 2336 879 2358 in
897 2337 939 2359 1130
955 2337 1092 2359 laceratione
1109 2339 1143 2359 est
1165 2336 1274 2359 imitanda

712 2375 757 2397 185
779 2375 783 2396 1

758 2415 881 2437 Geni-:mus
897 2426 928 2431 -
943 2413 995 2437 vide
1011 2420 1033 2437 v.
1050 2413 1166 2438 Minister.

758 2454 878 2476 Genenmr.
904 2466 932 2469 —
957 2454 980 2476 ln
997 2456 1048 2476 actu
1066 2453 1214 2481 generativae
1237 2460 1276 2482 po-

712 2492 795 2515 tentiae
811 2495 846 2515 est
863 2492 1046 2520 concupiscentia
1065 2492 1110 2514 245
1128 2492 1142 2514 5

758 2532 910 2554 (ἱεΝΕιῐοειτΔε
929 2544 957 2547 -
975 2531 1045 2553 31111111
1063 2531 1092 2554 55
1111 2532 1119 2553 4
1128 2531 1135 2553 4

758 2571 866 2592 (iamnes
883 2582 913 2587 —
930 2570 1088 2593 conventicula
1106 2570 1198 2597 faciunt,
1224 2576 1275 2598 pro-

712 2611 763 2632 fana
779 2609 918 2632 commercia
936 2609 1063 2638 celebrant,
1086 2609 1142 2632 ritus
1165 2610 1275 2637 perfidiae

712 2648 836 2671 observant
854 2648 897 2671 149
915 2648 928 2670 9

760 2688 888 2710 Geonernm
906 2700 937 2704 —
955 2688 1081 2715 figurarum
1100 2687 1276 2710 demonstratio-

714 2727 783 2749 nibus
801 2727 882 2749 melius
898 2726 988 2754 capitur
1008 2726 1050 2749 140
1072 2727 1077 2748 1

759 2766 869 2788 Genucius
883 2777 915 2782 —
933 2766 955 2788 ln
972 2765 1066 2788 ecclesia
1090 2766 1113 2787 S.
1134 2766 1227 2793 Georgii
1250 2766 1273 2788 S.

712 2805 847 2827 Franciscus
863 2805 974 2832 puerulus
991 2804 1075 2826 litteras
1092 2804 1185 2831 didicit,
1198 2804 1276 2832 primi-

713 2846 749 2866 tus
766 2843 920 2871 praedicavit,
937 2843 1013 2866 locum
1031 2843 1131 2870 primum
1146 2843 1229 2871 quietis
1241 2849 1276 2866 ac-

714 2882 774 2910 cepit
791 2882 835 2905 548
853 2882 867 2904 5

759 2922 880 2944 0011130110
895 2933 927 2938 -
943 2924 977 2944 est
993 2921 1121 2949 discipulus
1137 2921 1237 2944 auctoris
1253 2921 1275 2943 11-

714 2960 748 2983 bri
766 2961 868 2983 damnati
885 2961 930 2983 286
949 2961 957 2982 1
977 2973 1009 2976 -
1026 2960 1116 2988 scripsit
1130 2960 1153 2982 in
1165 2960 1275 2983 defensio-

714 3005 768 3022 nem
787 2999 837 3022 libri
855 2999 956 3022 damnati
973 2999 1019 3022 235
1039 3000 1059 3022 4.
1079 2999 1123 3022 286
1142 2999 1150 3021 1
1173 3011 1202 3015 -
1227 3001 1274 3022 toto

1809 228 1860 255 711

1558 266 1614 288 GER

1301 304 1314 325 5
1331 317 1361 319 —
1379 307 1528 332 praeceptum
1547 308 1581 327 est
1597 304 1712 332 Apostolis
1729 304 1752 326 in
1765 310 1818 327 casu
1833 303 1862 327 ib.

1300 344 1313 365 6
1331 356 1361 360 —
1378 350 1423 366 nun
1441 344 1548 366 convenit
1574 344 1680 372 perfectis
1705 344 1748 366 nisi
1771 344 1793 366 111
1810 350 1864 366 casu

1300 382 1344 404 257
1363 383 1392 404 20
1409 395 1440 399 -
1457 389 1503 405 11011
1521 386 1555 406 est
1566 383 1700 411 simpliciter
1713 386 1864 411 praeceptum

1300 421 1345 443 254
1364 422 1376 443 6
1395 434 1424 437 -
1443 422 1498 444 falso
1515 422 1628 444 extollitur
1646 425 1670 444 ut
1687 426 1752 444 actus
1774 428 1865 450 compe-

1300 463 1349 482 tens
1366 462 1473 488 perfectis
1491 462 1536 484 235
1554 463 1567 484 2
1585 473 1615 478 --
1632 468 1658 484 ex
1681 462 1763 484 timore
1787 461 1866 484 mortis

1300 506 1344 521 non
1361 503 1404 522 stat
1421 506 1473 522 cum
1493 501 1634 528 perfectione
1651 501 1751 523 caritatis
1769 501 1814 523 255
1831 501 1865 522 10.

1300 544 1351 567 sqq.
1369 551 1399 555 —
1417 540 1472 561 falso
1489 540 1573 562 dicitur
1590 541 1716 568 perfectum
1728 539 1757 562 ib.
1773 540 1807 562 12.
1819 539 1863 562 257

1300 578 1329 599 20
1346 590 1377 594 -
1394 584 1420 600 ex
1444 578 1525 600 timore
1549 579 1646 601 naturali
1671 582 1705 601 est
1730 579 1865 601 mercenarii

1301 616 1345 638 255
1365 617 1392 638 12
1410 629 1441 634 -—
1458 618 1528 639 Amor
1541 621 1634 645 superat
1647 618 1753 640 titnorem
1766 617 1820 640 ibid.
1835 630 1865 634 —

1300 662 1326 678 ex
1344 656 1527 678 consideratione
1544 657 1652 685 propriae
1670 657 1807 679 infirmitatis
1819 663 1865 679 non

1300 697 1334 717 est
1351 696 1477 722 perfectum
1496 695 1524 718 ib.
1547 696 1580 717 13.
1597 702 1632 724 sq.
1649 708 1680 712 -—
1703 702 1745 723 pro
1769 697 1818 718 loco
1843 698 1866 718 et

1301 737 1405 761 tempore
1422 738 1456 756 est
1473 734 1562 763 absque
1582 738 1676 762 peccato
1694 735 1739 757 254
1756 735 1769 756 7
1788 747 1818 752 —-
1839 741 1866 757 ex

1300 773 1422 800 prudentia
1439 773 1606 801 circumspecta
1623 774 1710 796 licitum
1728 778 1762 796 est
1777 774 1822 796 256
1837 774 1865 796 46

1299 824 1330 828 —
1342 812 1386 834 Sed
1400 813 1443 834 hoc
1455 818 1501 834 non
1519 816 1553 835 est
1564 813 1662 839 virtutis,
1676 813 1716 835 sed
1729 813 1866 835 infirmitatis

1301 850 1355 873 ibid.
1367 863 1398 867 —
1410 852 1505 873 infirmis
1518 852 1592 879 magis
1608 853 1718 880 competit
1732 858 1801 880 quam
1815 858 1867 880 per-

1302 890 1364 912 fectis
1376 889 1430 912 ibid.
1441 903 1472 907 —
1484 897 1512 913 ne
1525 894 1689 919 persequentes
1707 892 1801 919 gravitis
1813 897 1867 919 pec-

1301 932 1358 956 cent,
1369 930 1424 951 t‘also
1436 930 1519 952 dicitur
1531 931 1659 958 perfectum
1672 929 1699 953 ib.
1714 930 1739 951 18
1749 942 1779 946 -
1791 930 1820 952 ad
1833 936 1867 952 so-

1301 968 1379 990 latium
1398 969 1541 991 infirmorum
1559 971 1633 997 potest
1645 975 1695 991 esse
1711 970 1865 996 perfectorum

1301 1007 1346 1029 257
1369 1007 1393 1029 19
1411 1019 1441 1023 -
1459 1014 1506 1029 11011
1523 1010 1556 1030 est
1574 1008 1717 1030 infirmorum
1735 1014 1804 1030 carne
1822 1010 1866 1030 tan-

1302 1049 1350 1068 tum
1368 1045 1398 1068 ib.
1412 1047 1440 1068 20
1458 1059 1489 1063 -
1505 1049 1599 1074 peccata
1614 1049 1648 1069 est
1664 1047 1751 1069 donum
1769 1047 1867 1075 Spiritus

1302 1086 1324 1107 S.
1343 1085 1387 1107 254
1405 1086 1417 1106 9

1348 1125 1467 1147 Fumimun
1484 1137 1515 1141 —
1533 1125 1576 1147 508
1596 1125 1617 1147 1.
1635 1125 1675 1147 561
1697 1125 1708 1147 4

1349 1164 1515 1186 ΡυΝοΑΜΕΝτυΜ
1529 1177 1559 1181 -
1571 1167 1605 1186 est
1617 1164 1674 1186 fides
1691 1171 1732 1192 per
1748 1164 1866 1187 caritatem

1303 1208 1402 1230 operans
1420 1203 1464 1225 272
1483 1204 1491 1224 1
1513 1216 1543 1220 -
1560 1203 1695 1226 christianae
1706 1203 1823 1231 religionis
1834 1207 1866 1226 est

1303 1241 1406 1264 Christus
1418 1241 1471 1265 ibid.
1484 1255 1514 1259 —
1525 1243 1650 1265 collocatur
1662 1243 1683 1265 in
1696 1243 1809 1265 intellectu
1825 1249 1866 1271 pet·

1304 1281 1387 1308 fidem,
1404 1281 1426 1303 in
1445 1282 1526 1304 affectu
1553 1288 1594 1309 per
1616 1281 1732 1304 caritatem
1759 1281 1812 1304 ibid.
1837 1294 1867 1299 ·-

1305 1320 1416 1343 Ecclesiae
1437 1323 1489 1343 sunt
1507 1321 1652 1349 perfectionis
1669 1321 1815 1349 evangelicae
1837 1322 1867 1343 111-

1304 1359 1365 1381 mina
1382 1359 1412 1382 z'b.
1433 1360 1445 1381 3
1463 1372 1494 1376 -
1510 1360 1621 1382 virtutum
1639 1362 1673 1382 est
1690 1361 1788 1388 perfecta
1807 1360 1868 1383 iusti-

1304 1399 1333 1420 tia
1351 1399 1380 1421 73
1398 1399 1411 1420 9
1429 1411 1459 1414 —
1476 1399 1575 1421 civitatis
1592 1399 1744 1427 Bahylonicae
1756 1401 1790 1421 est
1806 1399 1868 1427 cupi-

1305 1438 1363 1460 ditas
1382 1438 1426 1460 272
1446 1439 1466 1466 4,
1484 1438 1496 1459 3

1351 1477 1438 1499 Fusnus
1453 1489 1484 1494 —
1495 1476 1586 1499 Cautela
1605 1477 1665 1500 circa
1678 1477 1774 1499 fundum
1791 1477 1835 1499 467
1854 1483 1866 1499 a

1351 1516 1472 1538 Fumeunus
1488 1528 1518 1532 ——
1535 1519 1569 1538 est
1586 1516 1705 1544 cingulum
1724 1516 1767 1538 400
1790 1517 1810 1538 11

1352 1555 1405 1578 Funt
1421 1567 1452 1571 —
1469 1555 1592 1583 cinguntur
1609 1555 1669 1578 sacci
1688 1555 1732 1577 400
1755 1555 1775 1576 44

1351 1594 1457 1617 Furunum
1474 1607 1505 1610 —
1522 1595 1551 1617 Ex
1569 1594 1714 1622 providentia
1739 1595 1867 1616 futurorum

1305 1634 1377 1656 oritur
1395 1633 1463 1656 timor
1481 1634 1494 1655 8
1512 1634 1525 1655 2

1305 1905 1363 1929 libro
1381 1906 1475 1934 impiam
1494 1906 1622 1929 doctrinam
1639 1907 1772 1930 disseminat
1784 1907 1829 1930 235
1847 1908 1869 1929 2.

1306 1945 1351 1967 236
1370 1945 1383 1968 5
1400 1957 1431 1962 -
1447 1945 1501 1968 Eius
1517 1944 1575 1968 liber
1591 1952 1603 1968 a
1621 1945 1713 1969 diabolo
1737 1946 1804 1968 trahit
1827 1946 1870 1969 ori-

1307 1984 1385 2012 ginem
1403 1985 1447 2007 236
1467 1985 1480 2007 4
1497 1997 1528 2002 -
1545 1988 1578 2007 est
1595 1985 1752 2013 calumniator,
1770 1991 1817 2008 non
1831 1986 1870 2008 do-

1307 2026 1355 2046 ctor
1373 2023 1418 2046 235
1438 2025 1459 2046 1.
1476 2030 1511 2053 sq.
1529 2025 1573 2047 236
1592 2025 1614 2047 5.
1642 2025 1687 2046 260
1714 2025 1750 2047 10.
1776 2025 1820 2047 266
1847 2025 1869 2047 4.

1307 2062 1352 2084 267
1371 2064 1397 2090 3,
1415 2063 1437 2085 6.
1454 2063 1499 2085 294
1517 2064 1545 2086 23
1564 2076 1593 2080 —
1610 2066 1644 2086 est
1661 2064 1725 2086 omni
1742 2063 1836 2086 veritate
1848 2066 1870 2086 et

1307 2102 1401 2124 scientia
1418 2103 1496 2125 nudus
1513 2103 1558 2125 240
1576 2103 1597 2125 3.
1615 2103 1656 2125 241
1679 2103 1700 2125 6.
1718 2102 1762 2125 254
1785 2103 1808 2125 9.
1825 2103 1869 2125 264

1308 2141 1344 2163 24.
1362 2142 1406 2163 289
1425 2142 1446 2163 8.
1464 2142 1508 2163 292
1536 2142 1571 2163 48.
1598 2142 1643 2164 297
1662 2142 1690 2164 10
1713 2154 1743 2158 -
1768 2145 1802 2164 est
1818 2148 1871 2164 con-

1308 2180 1413 2202 tentionis
1429 2183 1518 2206 amator
1535 2181 1575 2202 261
1594 2181 1614 2207 4,
1627 2181 1651 2203 34
1668 2187 1720 2202 —a
1732 2181 1871 2209 perfectione

1307 2222 1401 2241 revocat
1417 2218 1471 2242 ibid.
1488 2219 1533 2241 234
1551 2219 1573 2242 3.
1593 2219 1637 2242 304
1655 2220 1683 2242 29
1707 2233 1736 2236 -
1757 2220 1872 2249 intorquet

1308 2258 1449 2286 Scripturam
1467 2264 1493 2281 ea
1519 2258 1636 2281 abutendo
1658 2259 1702 2281 239
1729 2259 1750 2281 4.
1778 2259 1823 2281 234
1849 2260 1871 2282 2.

1308 2298 1348 2320 261
1372 2298 1409 2320 12.
1428 2304 1463 2326 sq.
1480 2298 1525 2320 296
1542 2298 1564 2320 5,
1582 2298 1627 2320 297
1645 2298 1667 2325 9,
1685 2298 1709 2319 ’11
1727 2298 1871 2326 —exempla

1307 2336 1389 2359 Christi
1415 2336 1524 2359 obscurat
1546 2337 1591 2359 239
1609 2337 1645 2358 44.
1663 2336 1707 2358 242
1727 2337 1763 2359 44.
1787 2337 1830 2359 253
1849 2337 1872 2359 5.

1308 2376 1353 2397 266
1371 2375 1408 2397 30.
1425 2376 1470 2397 296
1489 2376 1509 2397 8.
1527 2381 1562 2404 sq.
1586 2387 1617 2393 —-
1639 2374 1784 2403 blasphemat
1807 2375 1871 2398 Chri-

1308 2417 1368 2436 stum
1387 2416 1409 2436 et
1425 2414 1520 2437 sanctos
1537 2414 1581 2436 236
1599 2414 1622 2436 5.
1639 2414 1684 2436 255
1702 2415 1739 2437 12,
1765 2415 1809 2437 256
1835 2415 1872 2438 15.

1308 2454 1353 2476 263
1371 2454 1408 2475 20.
1426 2453 1472 2476 265
1489 2453 1526 2476 27.
1544 2454 1589 2476 266
1607 2454 1644 2476 30.
1662 2454 1706 2476 292
1725 2454 1753 2476 19
1777 2466 1807 2471 -
1833 2455 1872 2477 1111-

1309 2492 1447 2515 sericordiae
1464 2492 1590 2521 salutisque
1606 2493 1657 2515 vias
1674 2493 1802 2520 praecludit
1826 2494 1871 2516 236

1309 2532 1323 2554 5
1339 2544 1371 2548 -
1387 2534 1421 2553 est
1445 2532 1572 2554 contrarius
1596 2531 1679 2554 Christi
1704 2532 1801 2555 iustitiae
1826 2533 1870 2555 239

1310 2571 1346 2592 44.
1364 2571 1408 2593 293
1435 2571 1464 2593 20
1489 2583 1519 2588 —
1543 2571 1624 2593 callide
1642 2571 1749 2599 pietatem
1774 2572 1872 2599 praefert

1309 2609 1354 2632 234
1372 2610 1385 2632 2
1402 2622 1433 2626 -
1455 2609 1591 2632 contradicit
1608 2610 1669 2637 fidei,
1694 2611 1729 2632 Ss.
1754 2610 1871 2639 Patribus,

1308 2648 1353 2671 sibi
1370 2648 1414 2676 ipsi
1431 2649 1476 2671 239
1495 2649 1516 2671 4.
1533 2649 1578 2671 240
1596 2650 1617 2677 3,
1634 2649 1657 2671 5.
1674 2649 1714 2671 241
1737 2650 1759 2672 6.
1776 2649 1821 2672 265
1834 2650 1870 2672 29,

1309 2687 1353 2710 266
1372 2687 1410 2709 31.
1427 2687 1472 2709 269
1491 2688 1526 2710 10.
1544 2688 1589 2710 286
1608 2688 1616 2710 1
1637 2700 1668 2705 -
1684 2688 1764 2710 incidit
1781 2688 1802 2710 in
1815 2689 1872 2710 mul-

1309 2729 1343 2749 tos
1360 2732 1449 2749 errores
1466 2727 1510 2749 252
1529 2727 1557 2749 26
1569 2740 1600 2743 -
1613 2727 1753 2749 lovinianum
1769 2727 1872 2756 sequitur

1309 2765 1354 2788 240
1372 2766 1392 2788 3.
1411 2765 1451 2788 241
1473 2766 1494 2788 6.
1512 2772 1546 2795 sq.
1564 2766 1609 2788 260
1633 2766 1669 2788 44.
1692 2766 1737 2788 263
1765 2766 1801 2788 48.
1826 2766 1870 2788 270

1309 2805 1338 2827 43
1361 2816 1391 2821 —
1413 2804 1515 2827 fidelium
1540 2807 1628 2827 mentes
1651 2804 1723 2827 inficit
1749 2810 1872 2834 moresque

1307 2843 1436 2871 corrumpit
1452 2844 1497 2866 260
1517 2844 1540 2866 11
1561 2856 1592 2861 --
1608 2846 1669 2866 errat
1685 2844 1745 2866 circa
1757 2843 1872 2866 abstinen-

1309 2882 1363 2904 tiam
1380 2885 1403 2905 et
1419 2882 1529 2905 ieiunium
1548 2883 1593 2905 257
1612 2883 1633 2905 4.
1651 2883 1695 2905 202
1714 2883 1750 2905 18.
1768 2883 1812 2905 203
1835 2883 1871 2905 48.

1309 2927 1359 2950 sqq.
1377 2921 1422 2944 264
1440 2921 1477 2944 24.
1496 2922 1540 2944 266
1559 2922 1579 2944 1.
1598 2928 1649 2951 sqq.
1667 2922 1712 2944 268
1729 2921 1752 2944 7.
1774 2922 1819 2944 270
1846 2922 1871 2944 13

1306 2972 1340 2977 -
1355 2963 1415 2983 errat
1432 2964 1456 2983 ut
1473 2961 1619 2983 Nestorianus
1637 2963 1658 2983 et
1674 2961 1773 2983 Arianus
1795 2961 1839 2983 267
1858 2961 1872 2984 5

1307 3011 1338 3016 -
1354 3002 1415 3022 errat
1431 2999 1491 3022 circa
1508 3000 1575 3027 fugae
1592 2999 1712 3022 liceitatem
1730 2999 1775 3023 254
1793 3000 1814 3022 6.
1827 3000 1872 3022 255
