2133 3317
170 1266 219 1284 Laus
232 1270 287 1289 gene-

153 1290 199 1317 ralis
206 1290 225 1308 S.
232 1290 289 1308 Fran-

153 1318 206 1332 eieci.

930 365 1242 402 OPUSOULUM
1274 365 1425 401 XXIII.

447 507 926 572 LEGENDA
967 504 1314 570 SANCTI
1356 504 1866 569 FRANCISCI
1888 505 1910 568 ¹.

1089 1107 1271 1136 PROLOGUS.

383 1213 407 1240 1.
430 1210 583 1248 Apparuit
595 1210 699 1247 qratia
714 1209 768 1238 Dei
782 1208 947 1238 Salvatorz‘s
961 1207 1057 1236 nostri
1067 1207 1076 1220 '²
1096 1207 1152 1236 die—

300 1259 354 1288 bus
375 1259 435 1287 istis
456 1257 613 1286 novissimis
636 1257 662 1285 in
685 1264 766 1286 servo
787 1264 838 1285 suo
858 1255 1002 1284 Francisco
1023 1254 1153 1282 omnibus

301 1314 367 1335 vere
395 1305 550 1334 humilibus
578 1307 605 1333 et
633 1307 744 1333 sanctae
772 1302 944 1340 paupertatis
972 1301 1082 1335 amicis,
1105 1300 1153 1337 qui

300 1353 547 1390 superaffluentem
569 1352 597 1380 in
618 1359 650 1380 eo
665 1351 713 1380 Dei
732 1350 950 1379 misericordiam
972 1351 1153 1382 venerantes,

300 1401 389 1438 ipsius
410 1399 580 1429 erudiuntur
595 1398 738 1435 exemplo,
754 1397 930 1435 impietatem
944 1400 969 1424 ct
983 1395 1154 1424 saecularia

301 1448 448 1477 desideria
469 1446 596 1476 funditus
618 1445 780 1483 abnegare,
796 1444 905 1473 Christo
920 1442 1099 1472 conformiter
1114 1442 1154 1470 vi—

300 1503 367 1524 vere
388 1497 415 1523 et
435 1494 469 1523 ad
491 1494 600 1523 beatam
622 1501 700 1530 spem
721 1491 858 1521 desiderio
872 1490 1008 1519 indefesso
1023 1489 1108 1518 sitire.
1125 1489 1153 1517 In

300 1542 392 1579 ipsum
415 1549 537 1578 namque
558 1543 590 1569 ut
612 1548 677 1569 vere
700 1538 919 1577 pauperculum
947 1540 974 1566 et
1002 1537 1153 1565 contritum

300 1591 377 1618 tanta
397 1589 472 1617 Deus
497 1588 627 1617 excelsus
655 1585 832 1623 benignitatis
857 1584 1088 1613 condescensione
1109 1591 1155 1611 re-

300 1636 395 1673 spexit
409 1635 436 1669 ³,
458 1635 532 1672 quod
554 1642 608 1662 non
631 1633 720 1662 solum
741 1632 775 1661 de
797 1631 945 1660 mundialis
966 1630 1154 1660 conversatio-

300 1683 344 1712 nis
365 1683 481 1720 pulvere
501 1681 656 1710 suscitavit
676 1688 807 1717 egenum,
823 1687 921 1707 verum
937 1678 1020 1707 etiam
1036 1685 1154 1714 evange-

300 1730 369 1759 licae
390 1728 567 1766 perfectionis
588 1727 788 1765 professorem,
811 1726 910 1755 ducem
935 1729 1019 1762 atque
1040 1732 1155 1762 praeco-

300 1785 363 1806 nem
386 1776 515 1805 esfectum
544 1775 571 1803 in
598 1775 688 1803 lucem
716 1774 790 1803 dedit
812 1773 1002 1807 credentium,
1024 1776 1057 1801 ut
1079 1773 1154 1801 testi-

300 1824 434 1853 monium
454 1822 631 1860 perhibendo
653 1822 686 1850 de
708 1821 817 1850 lumine
838 1820 910 1849 viam
940 1820 1010 1849 lucis
1031 1824 1058 1849 et
1079 1821 1154 1857 pacis

300 1872 335 1901 ad
364 1871 448 1900 corda
475 1870 599 1899 fidelium
628 1869 745 1898 Domino
772 1870 960 1906 praepararet.
984 1868 1030 1896 Hic
1051 1868 1153 1897 etenim

301 1919 390 1957 quasi
410 1917 493 1946 stella
513 1916 662 1945 matutina
685 1916 716 1944 in
732 1915 827 1944 medio
842 1914 963 1943 nebulae
974 1915 1000 1949 4,
1016 1914 1099 1943 claris
1114 1914 1155 1943 vi-

301 1969 346 1995 tae
367 1965 471 1994 micans
493 1967 520 1993 et
540 1963 683 1993 doctrinae
703 1962 876 2000 fulgoribus,
894 1961 1020 1990 sedentes
1035 1961 1066 1990 in
1081 1965 1154 1990 tene—

303 2013 364 2042 bris
385 2016 411 2041 et
429 2011 538 2041 umbra
551 2011 656 2040 mortis
671 2010 850 2039 irradiatione
865 2009 1036 2047 praefulgida
1051 2009 1155 2038 direxit

302 2060 331 2089 in
352 2060 453 2093 lucem,
474 2062 502 2088 et
523 2062 656 2095 tanquam
671 2066 763 2086 arcas
777 2055 927 2094 refulgens
944 2056 1018 2085 inter
1033 2056 1155 2086 nebulas

301 2107 414 2145 yleriae
428 2106 457 2140 ⁵,
479 2106 589 2143 signum
610 2105 638 2133 in
660 2113 689 2134 se
709 2104 837 2133 dominici
853 2103 971 2132 foederis
992 2111 1155 2140 repraesen-

303 2157 380 2189 tans,
404 2161 507 2191 pacem
535 2155 562 2181 et
590 2152 707 2181 salutem
735 2150 951 2188 evanyelizavit
978 2151 1154 2184 hominibus,

303 2201 427 2230 existens
448 2202 476 2229 et
496 2200 555 2237 ipse
569 2199 688 2236 Angelus
702 2206 784 2227 verae
806 2197 896 2235 pacis,
918 2197 1072 2226 secundum
1094 2198 1155 2226 imi-

303 2248 432 2278 tatoriam
454 2254 567 2284 quoque
588 2245 796 2275 similitudinem
823 2245 1015 2274 Praecursoris
1036 2244 1155 2274 destina—

304 2298 350 2324 tus
371 2303 387 2323 a
408 2295 480 2329 Deo,
503 2296 550 2328 ut,
570 2293 652 2322 viam
671 2300 788 2330 parans
803 2291 834 2320 in
848 2292 958 2320 deserto
973 2291 984 2307 θ
1006 2291 1156 2320 altissimae

304 2341 491 2380 paupertatis,
513 2343 570 2369 tam
592 2339 721 2376 exemplo
746 2347 830 2376 quam
851 2338 937 2367 verbo
958 2338 1155 2375 poenitentiam

304 2388 486 2427 praedicaret.
509 2388 632 2416 Primum
653 2394 791 2424 supernae
806 2386 911 2423 gratiae
925 2389 1094 2422 praeventus
1109 2385 1156 2414 do-

1211 1207 1269 1241 nis,
1291 1206 1391 1235 dehinc
1412 1206 1525 1235 virtutis
1553 1206 1670 1235 invictae
1698 1206 1833 1236 adauctus
1854 1207 1976 1242 meritis,
1998 1216 2061 1245 pro-

1211 1254 1314 1291 phetali
1336 1262 1449 1290 quoque
1470 1254 1594 1290 repletus
1623 1254 1723 1291 spiritu
1744 1262 1794 1283 nec
1815 1262 1870 1283 non
1891 1257 1918 1283 et
1939 1255 2061 1292 angelico

1211 1300 1361 1337 deputatus
1383 1300 1474 1329 officio
1496 1301 1679 1338 incendioque
1700 1301 1845 1338 seraphico
1867 1304 1942 1330 totus
1958 1302 2062 1339 ignitus

1211 1350 1239 1376 et
1253 1350 1284 1376 ut
1299 1347 1342 1376 vir
1361 1347 1554 1377 hierarchicus
1575 1356 1671 1376 carru
1693 1348 1775 1385 iyneo
1797 1356 1909 1377 sursum
1928 1349 2061 1384 vectus.⁷‚

1211 1394 1284 1423 sicut
1305 1402 1341 1423 ex
1362 1394 1450 1431 ipsius
1464 1394 1537 1423 vitae
1557 1394 1679 1423 decursu
1701 1395 1857 1424 luculenter
1871 1399 2001 1432 apparet,
2017 1404 2062 1425 ra-

1212 1441 1379 1470 tionabiliter
1401 1441 1599 1478 comprobatur
1623 1442 1730 1471 venisse
1744 1442 1776 1470 in
1793 1442 1903 1479 spiritu
1917 1446 1941 1471 et
1955 1443 2062 1472 virtute

1212 1488 1301 1517 Eliae.
1325 1488 1443 1525 Ideoque
1471 1489 1587 1517 alterius
1615 1489 1707 1517 ann'ci
1726 1489 1834 1527 Sponsi
1846 1489 1873 1524 ⁸,
1894 1490 2014 1527 Apostoli
2035 1493 2063 1520 et

1212 1536 1400 1572 Evangelistae
1422 1536 1529 1564 Ioannis
1550 1536 1744 1565 vaticinatione
1765 1536 1886 1566 veridica
1907 1537 1960 1566 sub
1987 1537 2062 1566 simi-

1211 1583 1328 1611 litudine
1349 1583 1442 1620 Angeli
1468 1583 1641 1612 ascendentis
1662 1583 1696 1612 ab
1723 1586 1788 1612 ortu
1810 1584 1875 1613 solis
1896 1584 2062 1622 signumque

1211 1630 1260 1658 Dei
1282 1630 1336 1658 vivi
1359 1630 1487 1658 habentis
1508 1630 1646 1659 astruitur
1660 1638 1715 1659 non
1734 1630 1874 1660 immerito
1895 1631 2062 1669 designatus.

1212 1677 1269 1705 Sub
1290 1677 1433 1714 apertione
1454 1685 1575 1714 namque
1596 1677 1671 1706 sexti
1690 1677 1782 1715 siyttti
1801 1678 1879 1712 vidi,
1898 1678 1936 1707 ait
1950 1678 2064 1708 Ioannes

1212 1724 1239 1752 in
1264 1724 1441 1761 Apocalypsi,
1470 1723 1598 1752 alterum
1620 1724 1765 1762 Anyelum
1796 1725 1995 1754 ascendentem
2025 1725 2062 1754 ab

1213 1774 1280 1799 ortu
1301 1771 1388 1805 solis,
1411 1770 1560 1800 habentem
1581 1771 1701 1809 siynum
1722 1772 1776 1801 Dei
1795 1772 1863 1801 vivi.

1292 1820 1318 1847 2.
1341 1819 1418 1847 Hunc
1444 1818 1492 1848 Dei
1520 1819 1651 1848 nuntium
1677 1819 1823 1848 amabilem
1852 1820 1977 1855 Christo,
2005 1819 2065 1849 imi-

1213 1865 1324 1895 tabilem
1356 1865 1435 1895 nobis
1466 1868 1493 1895 et
1523 1866 1713 1895 admirabilem
1736 1867 1840 1896 mundo
1871 1874 1984 1896 servum
2014 1868 2064 1897 Dei

1212 1913 1298 1942 fuisse
1312 1913 1503 1948 Franciscum,
1525 1913 1699 1942 indubitabili
1714 1913 1768 1943 fide
1783 1914 1952 1951 colligimus,
1968 1915 1991 1944 si
2006 1915 2064 1944 cul-

1213 1968 1277 1989 men
1298 1960 1325 1988 in
1347 1968 1379 1989 eo
1401 1960 1520 1989 eximiae
1534 1961 1687 1990 sanctitatis
1700 1961 1888 1996 advertimus,
1907 1970 1963 1999 qua
1977 1962 2002 1997 ⁹,
2022 1962 2065 1991 in-

1214 2010 1256 2036 ter
1277 2008 1404 2037 homines
1418 2007 1527 2042 vivens,
1542 2007 1666 2037 imitator
1686 2007 1739 2037 fuit
1760 2008 1890 2045 puritatis
1910 2009 2064 2046 angelicae,

1214 2063 1270 2092 qua
1290 2057 1317 2084 et
1338 2054 1446 2091 positus
1465 2058 1507 2083 est
1534 2055 1665 2092 perfectis
1692 2055 1794 2084 Christi
1822 2056 2006 2086 sectatoribus
2036 2056 2064 2086 in

1213 2102 1383 2139 exemplum.
1405 2102 1442 2130 Ad
1464 2101 1539 2139 quod
1560 2102 1672 2139 quidem
1698 2102 1816 2132 fideliter
1841 2103 2015 2133 sentiendum
2037 2106 2065 2133 et

1214 2149 1273 2186 pie,
1294 2157 1350 2178 non
1372 2149 1462 2178 solum
1483 2149 1589 2178 inducit
1617 2149 1755 2184 officium,
1779 2150 1854 2187 quod
1881 2150 1995 2186 habuit,
2016 2159 2064 2180 vo-

1214 2196 1304 2225 candi
1324 2196 1365 2224 acl
1384 2195 1484 2233 fletum
1504 2199 1529 2224 et
1546 2195 1718 2233 planctum,
1744 2196 1896 2226 calvitium
1916 2201 1943 2226 et
1962 2198 2064 2236 cinqu-

1214 2243 1275 2272 lum
1295 2243 1377 2272 sacci
1392 2243 1414 2260 ¹⁰
1435 2244 1632 2282 siqnandique
1653 2243 1725 2273 thau
1746 2253 1837 2282 super
1856 2244 1969 2283 frontes
1986 2246 2065 2275 viro-

1213 2299 1284 2319 rum
1301 2291 1479 2328 yementium
1509 2295 1535 2320 et
1564 2291 1723 2321 dolentium
1754 2292 1832 2330 signo
1862 2293 2065 2330 poenitentialis

1214 2338 1306 2367 crucis
1327 2341 1354 2367 et
1375 2338 1488 2367 habitus
1509 2339 1586 2367 cruci
1601 2339 1765 2374 conformis,
1784 2347 1883 2369 verum
1898 2340 1980 2369 etiam
1994 2340 2065 2370 irre-

1213 2385 1340 2423 fragabili
1362 2385 1486 2414 veritatis
1508 2386 1699 2415 testificatione
1717 2386 1864 2416 confirmat
1877 2387 2065 2425 siynaculum

370 2591 377 2604 ¹
396 2592 438 2614 Pro
456 2590 565 2620 Leqencla
582 2590 607 2614 S.
624 2589 751 2613 Francisci
771 2590 823 2612 cod.
841 2590 858 2611 B
874 2596 887 2611 a
904 2590 1006 2612 secunda
1030 2596 1099 2612 mann
1118 2590 1158 2612 Le-

307 2630 383 2661 aenda
400 2630 428 2653 cle
448 2630 500 2653 Vita
517 2630 541 2653 S.
559 2628 686 2653 Francisci
706 2628 836 2658 composita
858 2635 872 2651 α
896 2628 949 2652 dieo
973 2629 1157 2657 Beneventum,-

307 2670 323 2693 C
342 2670 405 2699 (item
422 2676 435 2692 a
454 2671 476 2692 2.
493 2670 534 2698 m.)
557 2668 607 2692 Vita
626 2668 687 2692 beati
702 2668 782 2692 Putris
800 2667 939 2696 F1·ancz'scz',·
956 2669 973 2690 E
990 2668 1053 2691 Haec
1070 2670 1103 2691 est
1121 2669 1158 2691 Lc-

307 2708 384 2739 qenala
400 2709 479 2732 maior
497 2708 558 2732 beati
573 2708 704 2732 Francisct.
718 2708 805 2730 Deinde
818 2708 966 2736 prosequitur
983 2707 1057 2735 prima
1074 2713 1158 2730 manus

308 2748 330 2770 in
349 2749 364 2770 E
381 2747 465 2777 Incipit
479 2747 597 2777 proleque
615 2747 640 2770 in
656 2746 730 2770 vitam
753 2746 814 2770 beati
830 2746 961 2769 Francisci.
979 2746 1035 2769 Cod.
1053 2747 1071 2768 A
1087 2752 1159 2768 anno-

308 2790 354 2810 tat:
372 2788 433 2809 llaec
449 2787 524 2809 maior
541 2787 587 2809 vita
604 2787 655 2809 sire
671 2786 779 2814 Legenda
796 2785 857 2808 beati
878 2786 993 2808 Francisci
1014 2792 1057 2814 pro
1080 2785 1158 2808 aedifi-

309 2826 398 2849 catione
415 2827 520 2849 Fratrum
544 2826 567 2848 in
588 2826 638 2848 ioco
661 2825 765 2854 quolibet
786 2824 899 2847 habeatur
922 2828 944 2847 et
965 2828 1041 2853 potest
1062 2825 1107 2853 legi
1129 2824 1158 2847 ad

309 2872 413 2888 mensam
431 2872 472 2893 per
489 2868 560 2888 totam
578 2865 689 2888 Octavam
707 2865 788 2887 natalis
811 2864 871 2887 beati
893 2864 1015 2887 Francisci.
1033 2864 1105 2887 Minor
1121 2870 1160 2886 au-

309 2907 355 2927 tem
373 2905 433 2932 vita,
451 2911 512 2934 quae
529 2905 558 2927 de
575 2906 618 2927 hac
635 2907 742 2932 excerpta
759 2907 805 2932 est,
823 2904 878 2932 poni
895 2903 965 2926 debet
981 2904 1004 2926 in
1026 2903 1090 2926 libris
1106 2904 1160 2926 cho-

309 2942 397 2966 ralibus
414 2946 436 2965 et
452 2943 497 2971 legi
515 2943 643 2966 secundum
656 2949 710 2965 snas
721 2942 879 2965 distinctiones
890 2942 913 2964 in
925 2942 1087 2964 festivitatibus
1099 2941 1159 2964 beati

309 2982 423 3005 Francisci
440 2985 462 3004 et
479 2988 520 3010 per
537 2982 648 3004 Octavam
665 2982 747 3005 natalis
763 2982 825 3011 eius,
843 2985 866 3004 et
887 2982 911 3004 in
928 2982 1051 3004 Breviariis
1068 2981 1159 3009 portati-

309 3021 371 3044 libus
388 3024 462 3049 potest
479 3022 542 3049 poni.
560 3022 686 3049 Scriptores
704 3027 760 3049 ergo
777 3021 944 3049 compellantur
960 3023 1037 3043 tenere
1054 3020 1159 3049 punctio-

1215 2595 1256 2612 nes
1273 2592 1295 2611 et
1310 2589 1407 2612 litteram
1426 2589 1574 2617 exemplaris;
1592 2592 1614 2611 et
1630 2595 1711 2611 eornm
1729 2595 1819 2612 errores
1830 2589 1891 2612 iuxta
1902 2589 1979 2618 ipsum
1991 2595 2065 2612 exem-

1215 2629 1266 2656 plar
1282 2634 1324 2656 per
1341 2629 1446 2650 Fratrum
1463 2628 1605 2656 diligentiam
1628 2628 1782 2656 corrigantur.
1807 2629 1888 2656 incipit
1910 2629 2021 2657 prologus
2040 2628 2064 2651 in

1215 2667 1287 2689 vitam
1305 2666 1365 2689 beati
1382 2667 1503 2690 Francisci.
1522 2667 1643 2695 Apparuit.

1278 2704 1287 2717 ²
1306 2705 1349 2728 Tit.
1368 2707 1393 2733 2,
1412 2706 1452 2733 li,
1469 2706 1555 2728 deinde
1572 2708 1701 2735 sequuntur
1717 2705 1789 2728 verba
1808 2712 1833 2728 ex
1851 2712 1874 2728 v.
1892 2706 1929 2728 12.

1279 2743 1288 2757 ³
1305 2745 1435 2773 Respicitur
1454 2745 1502 2768 lsai.
1520 2745 1562 2772 66,
1576 2746 1596 2767 2.
1609 2748 1631 2767 et
1643 2745 1678 2767 ΡΞ.
1692 2745 1700 2767 1
1708 2745 1749 2773 12,
1766 2745 1787 2767 7.
1806 2748 1828 2768 et
1845 2745 1900 2767 infra
1919 2746 1979 2768 ioan.
1998 2745 2024 2774 1,
2041 2745 2065 2768 7.

1278 2783 1288 2796 ⁴
1305 2784 1373 2807 Eccli.
1393 2784 1434 2811 50,
1452 2785 1479 2812 6;
1496 2784 1581 2807 deinde
1597 2785 1653 2807 Luc.
1671 2785 1695 2813 l,
1713 2784 1750 2807 79.

1279 2822 1288 2835 ¹⁵
1306 2823 1372 2846 Eecli.
1385 2824 1426 2851 50,
1440 2824 1466 2851 83
1478 2823 1563 2846 deinde
1573 2824 1696 2851 respicitur
1707 2824 1762 2846 Gen.
1775 2824 1800 2852 9,
1817 2823 1851 2846 13.
1863 2826 1885 2846 et
1896 2823 1963 2846 Rom.
1977 2823 2014 2852 10,
2027 2823 2065 2846 15.

1278 2861 1288 2875 ⁶
1305 2863 1435 2891 Respicitur
1451 2863 1520 2886 Marc.
1541 2864 1563 2889 l,
1582 2863 1603 2885 3.
1621 2867 1643 2886 et
1659 2864 1714 2885 Luc.
1732 2863 1758 2891 3,
1776 2862 1798 2885 4.

1278 2900 1287 2914 ⁷
1305 2902 1350 2925 Csr.
1369 2903 1405 2925 lV.
1422 2903 1478 2930 Reg.
1497 2903 1523 2929 2,
1542 2902 1584 2929 rlsl;
1601 2902 1684 2924 deinde
1701 2901 1805 2930 sequitur
1822 2902 1875 2924 Luc.
1895 2902 1921 2928 l,
1940 2901 1977 2924 17.

1279 2939 1288 2953 ⁸
1305 2941 1349 2964 Csr.
1368 2942 1428 2964 ioan.
1445 2941 1472 2969 3,
1490 2941 1532 2968 29,
1550 2941 1607 2963 infra
1625 2941 1729 2970 sequitur
1748 2943 1820 2969 Apoc.
1836 2941 1863 2968 7,
1882 2941 1902 2963 2.

1279 2978 1289 2992 ⁹
1305 2980 1356 3003 Vat.
1374 2986 1497 3009 perperam
1515 2986 1588 3010 quam
1604 2980 1672 3003 inter.

1280 3019 1299 3032 ²⁰
1316 3020 1366 3042 lsai.
1384 3021 1426 3047 22,
1448 3020 1485 3047 123
1504 3019 1587 3042 deinde
1604 3020 1683 3042 Ezecli.
1701 3020 1728 3046 9,
1746 3019 1767 3041 4.
1785 3022 1806 3041 et
1823 3019 1880 3041 infra
1898 3019 1939 3045 28,
1959 3018 1996 3040 12.

2077 1822 2118 1841 Com
2125 1815 2133 1842 ’1
