2133 3317
321 229 517 258 OPUSCULUM
538 228 603 257 XVI.
628 227 799 256 EXPOSITIO
820 228 922 257 SUPER
943 228 1096 257 REGULAM
1117 228 1269 257 FRATRUM
1291 227 1451 257 MINORUM.
1473 228 1541 256 CAP.
1564 227 1603 256 III.

93 307 242 340 sanctus¹;
265 306 367 340 Sexta,
396 307 423 334 in
445 314 500 342 qua
527 305 681 334 crucifixus
701 309 761 339 est;
784 305 886 339 Nona,
908 305 935 333 in

94 361 149 390 qua
174 355 302 381 mortuus
323 356 379 386 est;
398 361 455 389 pro
476 352 601 390 qualibet
618 352 744 380 istarum
767 351 935 380 lior-atrum2

92 403 215 437 septem,
237 402 267 428 ut
288 399 455 436 septiformis
475 399 563 436 gratia
584 398 748 435 impetretur
774 399 816 427 vel
837 407 935 427 secun-

93 446 158 475 dum
184 449 288 482 septem
320 446 390 474 dona
422 446 540 482 Spiritus
570 446 672 479 sancti,
709 446 750 474 vel
782 445 934 474 secundum

93 495 196 528 septem
222 491 354 520 Ecclesiae
376 492 567 525 Sacramenta,
589 491 692 528 quibus
713 492 787 520 Deus
807 499 873 520 suae
895 491 935 519 in-

93 538 160 567 didit
188 538 336 566 efficaciam
359 538 500 574 passionis.
527 555 562 559 —
590 539 650 566 Pro
681 538 810 574 Vesperis
838 541 935 566 antem

94 585 260 618 duodecim
282 585 334 613 hoc
355 585 415 613 ideo
436 585 518 619 forte,
541 585 607 622 quia
628 585 765 622 Vesperae
792 593 842 621 pro
867 585 936 613 hora

92 631 194 660 habent
214 631 376 660 duodecima
396 632 530 660 celebrari
541 632 562 665 ³,
585 634 616 659 ut
636 639 687 668 pro
708 632 831 659 omnium
854 632 936 659 hora-

92 686 156 706 rum
186 678 238 706 diei
274 678 439 715 praeteritae
470 678 580 707 offensis
613 678 737 706 oratione
767 678 936 706 duodenaria

92 724 193 753 Christi
215 724 402 753 misericordia
431 725 610 761 imploretur;
633 725 675 753 vel
704 724 778 757 ideo,
800 724 865 761 quia
887 732 935 760 per

92 770 187 799 laudes
207 770 378 807 vespertinas
399 773 623 807 repraesentatur
639 770 732 798 mundi
755 778 886 806 vespera,
908 770 934 798 In

92 825 147 854 qua
167 817 225 854 ipse
247 817 380 858 Dominus
402 817 560 845 incarnatus
581 817 639 845 dies
660 817 748 845 sactus
770 820 811 845 est
832 820 859 845 et
883 817 933 845 sibi

92 864 235 893 duodecim
268 864 350 892 horas
384 864 411 892 in
443 864 587 892 duodecim
622 864 756 900 Apostolis
786 863 934 900 copulavit.

91 910 167 939 Unde
188 911 289 947 legitur
318 910 424 939 loannis
452 911 635 939 undecimo4:
657 910 756 938 Nonne
783 910 935 938 duodecim

92 956 182 986 horae
208 961 278 985 sunt
305 957 383 986 diei?
407 974 445 977 —
473 957 623 994 Sequitur:
654 958 713 985 Pro
747 956 935 993 Completorio

91 1007 210 1041 septem,
233 1004 260 1032 in
281 1012 337 1040 quo
351 1003 475 1032 omnium
497 1003 697 1032 consummatio
719 1003 889 1036 insinuatur,
904 1005 936 1030 ut

92 1050 164 1079 sicut
184 1051 303 1087 Spiritus
328 1051 496 1087 septiformis
518 1050 612 1087 incipit
641 1054 668 1079 et
688 1050 797 1086 dirigit,
819 1050 867 1078 ita.
884 1057 933 1086 per

92 1097 183 1134 ipsum
204 1097 285 1125 etiam
301 1097 353 1126 diei
373 1097 501 1125 meritum
518 1099 735 1125 consummetur.
758 1097 827 1124 Haec
842 1099 935 1124 autem

92 1144 119 1172 in
141 1144 272 1172 universo
293 1147 357 1172 sunt
379 1144 552 1180 septuaginta
574 1152 623 1172 sex
646 1144 724 1171 Pater
745 1146 851 1177 noster,
873 1142 935 1179 qui-

94 1190 145 1219 bus
166 1190 187 1218 si
209 1190 297 1218 oratio
319 1198 369 1227 pro
389 1190 526 1219 defunctis
546 1190 700 1223 adiiciatur,
716 1198 850 1218 numerus
872 1197 933 1226 pro-

92 1237 205 1266 ducitur
226 1237 445 1273 septuagesimus
466 1237 617 1274 septimus,
639 1241 670 1265 ut
690 1237 815 1265 omnium
841 1244 936 1273 pecca-

92 1287 184 1312 torum
207 1284 332 1312 remissio
353 1284 527 1320 impetretur,
552 1291 623 1320 quae
645 1284 696 1312 hoc
715 1291 831 1311 numero
853 1283 935 1319 signi—

91 1329 192 1358 ficatur
220 1337 268 1366 per
295 1329 410 1358 ductum
443 1330 589 1366 septenarii
619 1330 646 1358 in
674 1329 868 1362 undecimum,
897 1337 933 1358 ex

93 1376 195 1413 quibus
215 1376 325 1405 duobus
347 1376 503 1413 praedictus
525 1384 658 1405 numerus
679 1379 842 1413 generatur,
865 1376 936 1404 sicut

93 1426 167 1460 patet
181 1430 218 1451 ex
232 1422 326 1451 Glossa
348 1423 375 1451 in
396 1423 523 1452 Matthaei
545 1423 682 1451 declinum
704 1426 832 1451 octavum
851 1431 935 1460 super

92 1469 177 1498 illud:
200 1468 370 1506 Septziayies
390 1469 492 1506 sepcies
504 1469 523 1497 ⁵.

171 1517 196 1543 7.
221 1516 254 1544 Et
274 1516 408 1544 ieiunant.
430 1516 477 1544 Hic
491 1516 583 1552 agitur
597 1516 630 1544 de
645 1515 837 1544 ordinantibus
852 1516 937 1544 homi-

69 1579 76 1583 -
92 1570 155 1591 nem
177 1563 211 1591 ad
239 1571 268 1591 se
289 1563 403 1599 ipsum,
432 1563 535 1591 scilicet
562 1563 595 1591 de
617 1563 726 1591 ieiunio,
753 1563 784 1590 Et
813 1563 936 1600 loquitur

93 1609 127 1638 de
155 1609 254 1646 triplici
280 1609 511 1646 Quadragesima,
539 1609 608 1638 duas
636 1610 824 1646 praeceptorie
849 1610 936 1646 impo-

92 1664 176 1691 nens,
203 1656 312 1685 tertiam
344 1656 377 1684 ad
398 1656 551 1685 devotionis
581 1656 775 1685 excitationem
808 1656 934 1685 suadens.

92 1704 160 1732 Tres
181 1703 316 1740 siquidem
338 1703 470 1740 leguntur
491 1703 673 1740 quadraginta
687 1703 785 1732 diebus
806 1703 936 1732 continue

92 1749 243 1779 ieiunasse:
266 1750 379 1786 Moyses,
397 1753 429 1778 ut
450 1753 524 1786 patet
540 1750 624 1778 Exodi
647 1749 786 1786 trigesimo
800 1753 900 1786 quarto
914 1750 935 1784 ὃ,

92 1799 119 1826 et
140 1796 225 1831 Elias,
247 1796 329 1825 tertio
351 1797 452 1833 Regum
473 1796 579 1825 decimo
601 1804 688 1829 nono,
710 1799 737 1824 et
762 1796 820 1832 ipse
844 1796 936 1824 Domi-

70 1862 77 1867 ·
92 1852 162 1878 nus,
187 1843 315 1872 Matthaei
343 1846 451 1880 quarto.
474 1843 584 1879 Duplex
605 1846 698 1871 autem
719 1846 760 1871 est
785 1843 935 1877 ieiunium,

93 1890 196 1919 scilicet
216 1890 359 1918 moeroris
379 1892 406 1918 et
426 1889 541 1927 yaudii.
563 1889 697 1918 Ieiunium
717 1889 860 1917 moeroris
880 1892 934 1923 est,

93 1945 149 1974 quo
170 1937 245 1966 carni
274 1936 409 1973 placentia
430 1936 533 1965 cibaria
560 1936 652 1965 studio
678 1936 861 1973 poenitentiae
888 1936 936 1965 ab-

93 1983 266 2013 scinduntur.
292 1984 426 2012 Ieiunium
454 1991 520 2012 vero
539 1983 647 2021 qazidii
671 1986 727 2017 est,
756 1991 818 2011 cum
845 1983 935 2019 ipsum

156 2155 163 2168 ¹
181 2155 227 2179 Csr.
243 2156 292 2179 Act.
310 2157 335 2183 2,
356 2156 395 2183 15,
412 2155 452 2179 ubi
465 2156 544 2179 Petrus
560 2156 603 2179 ait:
623 2165 634 2176 <t
646 2156 705 2179 Cum
717 2157 746 2179 sit
763 2158 819 2179 hora
836 2157 881 2179 diei
894 2159 935 2179 ter-

95 2195 124 2217 tia
136 2203 157 2217 ι»,
176 2195 209 2217 De
226 2196 281 2217 hora
298 2197 358 2217 sexta
377 2197 399 2217 et
415 2201 475 2217 nona
493 2196 534 2217 cfr.
551 2196 637 2223 Μαίη,
656 2195 697 2223 27,
716 2195 754 2217 45.
770 2201 836 2224 seqq.
853 2207 884 2212 —
896 2195 935 2217 Su-

93 2234 171 2262 perius
183 2234 234 2256 Vat.
245 2234 327 2257 omittit
344 2236 365 2257 et
376 2235 491 2264 tyrannos
510 2235 552 2263 (ila
565 2235 582 2257 A
591 2235 607 2256 F
620 2237 642 2257 et
653 2235 690 2257 ed.
707 2235 740 2263 l),
753 2235 771 2257 D
783 2234 814 2257 ibi
826 2235 880 2263 legit
893 2235 935 2257 Do-

92 2272 171 2296 minus
188 2274 268 2296 noster
284 2273 349 2296 lesus
368 2272 475 2296 Christus
491 2272 523 2295 ad
540 2272 652 2296 Pilatum.

154 2310 163 2324 ²
181 2311 221 2334 Ed.
241 2312 248 2333 1
270 2318 324 2334 cum
341 2315 400 2334 textu
418 2312 524 2339 originali
542 2312 625 2335 omittit
642 2311 768 2335 horarum.

155 2349 164 2363 ⁸
181 2350 238 2373 Cod.
255 2351 273 2372 D
286 2351 341 2380 post
358 2350 443 2373 horam
460 2350 624 2373 duodecimam
637 2350 723 2374 habent
738 2350 865 2379 celebrari,
883 2351 935 2374 Vat.

90 2395 136 2419 pro
153 2388 219 2412 lim-is
236 2388 323 2412 habent
339 2388 461 2412 duodecim
478 2388 600 2412 celebrari.

154 2427 164 2440 ¹
182 2428 247 2450 Vers.
264 2428 286 2450 9.
303 2428 413 2455 August,
431 2427 453 2449 in
471 2428 532 2450 Ioan.
550 2428 636 2455 evang.
655 2430 682 2450 tr.
701 2428 738 2450 49.
759 2435 782 2450 n.
800 2429 827 2451 8:
852 2428 936 2452 Nonne

93 2466 214 2490 duodecim
232 2466 305 2489 horae
321 2468 379 2489 sunt
394 2466 458 2489 diei?
475 2467 546 2495 Quia,
564 2470 588 2489 ut
605 2467 667 2489 diem
684 2473 709 2489 se
725 2473 776 2489 esse
792 2467 933 2493 ostenderet,

92 2506 217 2529 duodecim
234 2506 360 2534 discipulos
377 2505 445 2533 elegit
463 2506 512 2530 (cfr.
530 2508 585 2528 tom.
604 2506 639 2528 Vl.
657 2512 711 2534 pag.
729 2505 786 2533 400,
803 2509 856 2528 nota
870 2506 892 2528 6.
911 2506 934 2527 in

93 2545 138 2567 fine
154 2547 176 2567 et
192 2544 321 2568 Comment.
338 2545 361 2567 in
378 2545 432 2567 Luc.
450 2545 475 2573 6,
498 2545 532 2566 12.
548 2551 569 2566 n.
588 2545 646 2572 20).
659 2545 691 2566 De
709 2545 862 2567 incarnatione
873 2543 935 2566 Chri-

93 2584 120 2607 sti
137 2583 159 2606 in
177 2583 257 2606 mundi
275 2589 372 2611 vespera
394 2583 448 2606 vide
466 2584 574 2611 August.,
598 2584 626 2605 83
645 2584 687 2612 Qq.
705 2590 728 2612 q,
746 2583 782 2605 64.
805 2590 827 2606 n.
845 2584 871 2611 2,
895 2582 935 2605 ubi

93 2622 172 2650 docet,
188 2622 304 2645 Christum
317 2622 459 2645 incarnatum
472 2622 541 2644 fuisse
553 2622 574 2644 in
591 2625 653 2644 sexta
665 2622 745 2644 mundi
763 2624 835 2644 aetate
851 2622 901 2644 sive
913 2622 934 2644 in

93 2662 143 2684 eius
159 2664 282 2684 senectute.
299 2674 331 2678 —
348 2662 391 2684 Pro
407 2661 432 2684 in
449 2661 571 2685 duodecim
589 2661 706 2691 Apus-[olis
723 2662 741 2684 G
758 2661 783 2684 id
798 2663 833 2684 est
848 2661 935 2684 duode-

94 2700 139 2724 cim
156 2700 288 2730 Apostolos.

156 2738 166 2751 ⁶
184 2739 248 2761 Vers.
266 2740 308 2767 22,
325 2738 365 2761 ubi
383 2739 461 2761 Glossa
486 2738 613 2761 ordinm-ia
630 2739 693 2766 apud
715 2739 843 2766 Lyranum:
864 2737 935 2761 Unde·

95 2777 140 2801 cim
157 2784 198 2806 per
214 2784 238 2800 se
256 2778 463 2805 transgressionem
481 2778 570 2805 signat,
587 2777 641 2806 quia
660 2778 704 2799 iam
717 2780 751 2799 est
767 2780 828 2799 extra
847 2777 935 2799 (lecato-

96 2823 163 2845 gum5
180 2823 232 2840 cum
250 2823 306 2839 vero
323 2817 485 2845 multiplicatur
503 2822 544 2844 per
560 2817 659 2846 septem,
677 2816 722 2838 iam
739 2816 815 2838 omnis
836 2815 936 2843 intelligi-

95 2858 132 2878 tur
147 2856 299 2884 transgressio
317 2858 410 2884 propter
425 2859 514 2883 septem
532 2855 594 2877 vitia.
607 2855 652 2877 Cir.
670 2855 778 2881 August,
795 2855 819 2877 ΙΙ.
834 2855 863 2876 de
880 2854 936 2876 Con-

95 2900 163 2917 sensu
180 2895 316 2922 Evangelist.
333 2901 354 2917 c.
372 2895 393 2917 t.
409 2902 430 2917 n.
452 2895 485 2917 11.
509 2901 573 2923 seqq.
592 2894 655 2923 (vide
673 2897 727 2916 tom.
753 2893 798 2916 Vll.
821 2900 874 2921 pag.
893 2893 935 2920 87,

96 2935 172 2955 notam
189 2933 234 2961 2.);
252 2933 275 2955 Il.
293 2933 335 2962 Qq.
349 2933 533 2961 Evangeliorum,
549 2939 572 2961 q.
590 2933 616 2960 63
634 2934 707 2955 Serm.
720 2933 758 2954 51.
776 2932 839 2960 (alias
857 2932 893 2954 6³.
906 2932 936 2954 de

95 2971 206 3001 Diversis)
223 2978 244 2994 c.
260 2972 298 2994 21.
315 2978 337 2994 n.
354 2972 392 2993 31.
403 2978 468 3000 seqq.
485 2975 507 2994 et
524 2972 597 2994 Serm.
615 2972 652 2993 83.
669 2971 734 2999 (alias
755 2971 789 2993 15.
805 2970 834 2993 de
852 2970 935 2993 Verbis

95 3010 199 3039 Domini)
216 3017 236 3033 c.
254 3011 276 3032 3.
287 3017 309 3032 n.
322 3011 344 3032 3.
354 3016 432 3039 seqq„
450 3009 488 3032 ubi
505 3010 643 3037 ostenditur,
655 3016 696 3037 per
714 3016 835 3031 numerum
847 3008 876 3031 77
889 3015 934 3031 non

189 3057 214 3081 S.
226 3057 316 3080 Bonuv.
328 3069 358 3073 —
369 3057 437 3079 Tom.
450 3057 505 3079 VIII.

1779 227 1834 255 409

992 313 1039 333 cor
1054 306 1136 334 tantis
1150 309 1191 334 est
1206 306 1351 334 inunctum
1365 306 1556 343 spiritualibus
1567 305 1684 339 deliciis,
1699 307 1731 333 ut
1748 312 1836 341 poena

992 352 1027 380 sit
1048 353 1071 380 ei
1094 360 1192 381 vacare
1213 353 1330 387 mensis;
1353 356 1379 381 et
1401 357 1442 381 est
1463 360 1512 389 per
1527 360 1698 389 consequens
1718 351 1835 380 delecta-

992 398 1045 426 bile
1067 399 1205 432 ieiunare,
1227 406 1289 427 cum
1312 399 1464 433 ieiunatur,
1488 407 1539 427 non
1563 402 1594 427 ut
1608 406 1710 435 corpus
1731 398 1835 434 affliga-

992 447 1054 479 tur,
1087 445 1132 473 sed
1169 454 1202 474 ne
1230 445 1338 474 devotio
1370 446 1605 482 interrumpatur,
1634 453 1689 482 qua
1720 444 1835 481 spIritus

992 495 1135 520 recreatur
1147 492 1166 520 ⁷.
1186 492 1319 520 Ieiuniiim
1343 493 1425 529 Moysi
1445 493 1579 529 significat
1603 500 1763 521 moerorem
1775 499 1833 528 pro

991 538 1126 566 deletione
1157 538 1274 575 culpae,
1307 539 1439 567 ieiunium
1471 542 1562 567 autem
1600 539 1670 567 Eliae
1701 538 1835 575 significat

991 593 1149 612 moerorem
1165 593 1219 621 pro
1241 586 1384 613 amotione
1403 586 1497 614 omnis
1517 586 1655 614 miseriae
1666 586 1685 614 ⁸.
1713 585 1834 613 Primum

992 631 1127 667 significat
1147 631 1362 668 Quadragesima
1384 632 1497 665 hiemis,
1520 632 1671 661 secundum
1701 632 1836 669 significat

992 678 1206 714 Quadragesima
1228 679 1315 711 veris;
1337 679 1377 707 vel
1398 679 1496 707 mellus
1515 679 1603 715 prima
1621 679 1836 715 Quadragesima

992 724 1113 752 refertur
1134 724 1167 752 ad
1190 728 1300 761 peccata
1311 725 1473 761 praeterita
1494 725 1644 761 expianda,
1666 724 1787 753 secunda
1801 724 1834 752 ad

991 770 1099 808 futura
1121 771 1291 799 imminentia
1312 771 1506 807 praecavenda.
1529 787 1566 793 —
1589 771 1722 800 Ieiunium
1744 774 1835 799 autem

992 818 1093 846 Christi
1116 818 1251 854 signifieat
1272 818 1404 846 ieiunium
1425 818 1548 855 qaitclii,
1571 826 1626 855 quo
1652 826 1705 846 non
1728 820 1836 846 tantum

991 872 1007 892 a
1028 864 1111 898 cibis,
1140 864 1187 892 sed
1216 864 1251 892 al)
1280 864 1408 892 omnibus
1437 865 1555 893 terrenis
1582 863 1834 893 delectationibus⁹

992 911 1154 939 abstinetur.
1171 911 1274 939 Idcirco
1294 913 1406 939 sanctus
1420 911 1581 939 Franciscus
1595 910 1664 939 duas
1679 910 1836 946 Quadrage-

992 957 1075 985 simas
1096 957 1289 993 praecipiendo
1314 957 1461 993 imposuit,
1484 957 1592 985 tertiam
1614 965 1680 985 vero
1701 965 1767 985 cum¹
1793 956 1835 984 be-

991 1004 1149 1032 nedictione
1172 1004 1223 1032 Dei
1243 1004 1344 1037 suasit,
1367 1004 1470 1037 sciens,
1493 1012 1552 1033 eam
1567 1004 1710 1032 devotione
1732 1004 1789 1032 sola
1810 1006 1837 1031 et

992 1058 1047 1078 nen
1068 1050 1207 1078 coactIOne
1228 1050 1320 1086 aliqua
1341 1050 1493 1086 adimpleri.

1070 1097 1096 1124 8.
1117 1096 1186 1124 Dicit
1200 1104 1278 1133 ergo:
1298 1097 1330 1124 El
1344 1096 1469 1124 ieizmeitt
1485 1105 1504 1125 a
1517 1095 1589 1133 festo
1607 1096 1742 1124 Omnium
1761 1096 1834 1124 Scin-

992 1147 1105 1171 ctorztm
1130 1151 1221 1180 usque
1249 1143 1288 1171 ad
1320 1142 1508 1171 Nativitatem
1542 1143 1665 1171 Domini.
1695 1143 1834 1171 Sanctam

991 1198 1058 1218 vero
1082 1189 1366 1226 Quadruyesimam,
1388 1198 1462 1227 quae
1483 1190 1585 1226 incipit
1607 1190 1643 1218 ab
1668 1188 1834 1227 Epiphania

992 1245 1082 1274 usque
1103 1236 1144 1264 cul
1164 1236 1315 1264 concinitas
1336 1237 1540 1274 quadraginta
1561 1237 1640 1270 dies,
1663 1245 1753 1275 qnam
1780 1237 1835 1264 Do-

991 1283 1091 1311 minus
1111 1291 1165 1311 suo
1182 1286 1282 1311 semeio
1297 1283 1405 1311 ieizmzz'o
1427 1283 1620 1317 consecrauit,
1639 1283 1691 1321 qui
1706 1283 1836 1311 uolunta-

992 1330 1035 1358 rie
1049 1338 1114 1358 eam
1129 1329 1260 1358 ieiunant
1276 1329 1414 1358 benedicti
1426 1329 1484 1357 sim
1499 1338 1518 1357 (ι
1535 1330 1671 1363 Domino,
1686 1333 1711 1357 el
1725 1330 1776 1367 qui
1789 1338 1836 1357 no-

992 1377 1056 1405 lunt
1076 1385 1134 1404 non
1148 1376 1205 1404 sint
1227 1376 1379 1409 adstricti,·
1398 1376 1448 1404 secl
1462 1376 1552 1404 [iliam
1570 1385 1660 1414 iisqne
1674 1376 1713 1404 acl
1729 1377 1836 1404 Resur-

992 1423 1145 1451 rectionem
1170 1423 1288 1450 Domiiti
1308 1423 1442 1450 ieiunant.
1465 1423 1545 1456 Nota,
1567 1422 1641 1459 quod
1657 1423 1700 1450 liic
1716 1422 1835 1451 seeundo

992 1470 1023 1498 fit
1038 1469 1139 1497 mentio
1151 1469 1184 1497 de
1197 1469 1393 1502 benedictione,
1406 1469 1450 1497 luc
1467 1469 1493 1497 in
1506 1469 1580 1497 victu
1595 1472 1622 1497 et
1637 1469 1765 1505 superius
1775 1469 1796 1485 ¹⁰
1808 1469 1835 1497 in

992 1516 1102 1545 vestitu.
1126 1516 1201 1544 Aliis
1222 1519 1320 1544 aulem
1341 1515 1517 1552 temporibus
1531 1524 1590 1543 non
1611 1518 1763 1544 teneantur
1777 1515 1837 1543 nisi

992 1566 1074 1591 sexta
1096 1562 1175 1600 feria
1197 1562 1343 1596 ieiunare,
1365 1562 1430 1599 quia
1454 1562 1500 1590 illa
1528 1562 1571 1591 die
1594 1562 1680 1590 voluit
1701 1562 1833 1590 Dominus

992 1610 1126 1646 cruciligi.
1150 1610 1285 1647 Tempore
1300 1618 1365 1637 vero
1386 1608 1560 1646 manifestae
1574 1608 1764 1642 necessitatis,
1787 1608 1836 1637 sci·

993 1657 1055 1685 licet
1076 1657 1119 1685 vel
1149 1659 1261 1693 propter
1283 1656 1470 1685 infirmitatem
1496 1664 1625 1693 gravem,
1657 1656 1698 1684 vel
1720 1658 1834 1692 propter

992 1703 1124 1732 virtutem
1140 1703 1165 1732 in
1189 1703 1282 1732 labore
1297 1703 1445 1731 inevitabili
1468 1703 1535 1731 adeo
1549 1702 1739 1736 deficientem,
1761 1702 1833 1739 quod

993 1750 1069 1778 labor
1100 1750 1264 1779 incumbens
1294 1750 1327 1778 de
1359 1750 1519 1778 necessitate
1546 1749 1625 1778 aliter
1655 1749 1748 1786 persici
1780 1757 1834 1777 non

991 1799 1096 1833 potest,
1124 1805 1183 1825 non
1211 1800 1363 1825 teneantur
1392 1797 1514 1824 Fratres
1541 1796 1649 1824 ieiunio
1677 1795 1833 1832 corporali.

992 1843 1071 1877 Nota,
1093 1843 1166 1880 quod
1188 1842 1268 1871 dicit:
1289 1851 1349 1870 non
1375 1845 1527 1871 teneantur
1555 1842 1613 1870 cilio
1636 1845 1775 1879 tempore,
1799 1849 1835 1870 ex

992 1890 1044 1918 hoc
1064 1889 1096 1918 ad
1118 1889 1182 1918 dicti
1204 1889 1338 1926 temporis
1358 1897 1404 1918 eos
1426 1892 1583 1917 monstrans
1608 1888 1741 1917 ieiunium
1767 1888 1835 1916 obli-

991 1936 1065 1973 gari;
1088 1936 1173 1964 tentio
1194 1936 1267 1964 enim
1288 1936 1481 1972 obligationem
1505 1935 1650 1972 importat,
1672 1938 1703 1963 ut
1719 1938 1793 1972 patet
1807 1935 1834 1963 in

992 1982 1088 2011 ordine
1109 1982 1228 2019 proximi
1245 1982 1278 2010 ad
1293 1982 1470 2019 proximunu
1486 1990 1549 2010 curn
1565 1982 1637 2010 enim
1652 1981 1769 2010 dicitur:
1784 1981 1834 2009 iste

991 2156 1066 2178 solum
1083 2155 1208 2183 significari
1225 2161 1319 2177 omnem
1337 2155 1543 2182 transgressionem
1562 2154 1629 2182 (sieut
1646 2154 1724 2176 Glossa
1741 2160 1835 2182 praeno-

992 2197 1035 2217 tata
1053 2195 1139 2224 affert),
1156 2194 1197 2216 sed
1215 2195 1282 2216 etiam
1301 2194 1459 2216 remissionem
1472 2194 1574 2216 omnium
1593 2196 1754 2221 peccatorum,
1770 2193 1834 2221 quod

991 2231 1064 2256 Lucas
1082 2234 1117 2263 (3,
1135 2234 1172 2256 21.
1189 2234 1264 2262 seqq.)
1283 2233 1392 2261 insinuat,
1410 2233 1433 2255 in
1450 2233 1497 2255 Iesu
1511 2239 1522 2254 3
1537 2233 1617 2255 Ioanne
1630 2232 1737 2261 baptizati
1755 2239 1835 2260 genea-

991 2273 1050 2300 logia
1069 2272 1228 2301 progenitores
1243 2272 1273 2294 77
1290 2272 1416 2294 adducens.
1433 2284 1464 2288 -
1480 2271 1590 2294 Contextu
1607 2271 1724 2299 exigente,
1741 2271 1835 2298 supple-

991 2312 1069 2334 vimus
1085 2318 1116 2334 ecc
1133 2311 1233 2339 Glossu;
1250 2311 1315 2337 Vat.,
1332 2311 1439 2339 superius
1456 2317 1498 2338 pro
1515 2309 1703 2339 septuuqesimus
1721 2309 1834 2339 septimus

991 2350 1114 2373 substituto
1131 2350 1306 2379 octuayesimus
1322 2349 1428 2379 primns,
1446 2349 1545 2371 subinde
1563 2355 1616 2371 cum
1635 2349 1653 2370 D
1670 2348 1753 2371 omittit
1775 2354 1835 2377 quae

991 2388 1035 2412 hoc
1051 2394 1177 2411 numero...
1192 2388 1284 2417 septies.

1053 2426 1063 2440 ³
1082 2428 1146 2450 Vers.
1169 2428 1206 2449 28.
1228 2440 1259 2443 —-
1282 2426 1384 2449 Subinde
1407 2427 1534 2454 allegantur
1557 2426 1590 2448 111.
1615 2426 1672 2453 Reg.
1699 2426 1740 2452 19,
1766 2425 1787 2447 8.
1812 2427 1834 2447 et

992 2466 1068 2489 Matth.
1088 2466 1114 2493 4,
1132 2467 1154 2488 2.

1054 2503 1062 2517 ⁷
1079 2505 1190 2532 August,
1207 2505 1231 2527 ll.
1249 2504 1290 2532 Qq.
1309 2504 1499 2531 Evangeliorum,
1517 2509 1541 2532 q.
1560 2503 1601 2525 ts:
1619 2502 1729 2525 Ieiunium
1750 2505 1789 2525 aut
1811 2502 1833 2525 in

992 2543 1136 2566 tribulatione
1153 2546 1196 2569 est,
1214 2546 1253 2565 aut
1266 2543 1286 2565 In
1299 2543 1398 2570 gaudio:
1409 2542 1431 2564 in
1444 2542 1600 2569 tribulatione,
1618 2542 1647 2564 ad
1660 2541 1832 2569 propitiandum

992 2584 1064 2605 Deum
1078 2589 1119 2611 pro
1137 2582 1247 2610 peccatis;
1261 2582 1282 2604 in
1300 2581 1386 2609 gaudio
1403 2588 1471 2607 vero,
1484 2587 1537 2603 cum
1550 2583 1611 2603 tanto
1629 2581 1706 2603 minus
1722 2581 1835 2603 delectant

991 2621 1101 2649 carnalia,
1118 2624 1203 2650 quanto
1219 2620 1372 2649 spiritualium
1395 2621 1468 2642 maior
1489 2620 1568 2647 sagina
1590 2622 1630 2642 est.
1648 2619 1694 2642 Cl‘r.
1716 2620 1784 2642 Zach.
1807 2620 1834 2647 8,

996 2660 1029 2683 19.
1041 2673 1071 2677 -
1083 2660 1194 2688 Superius
1212 2666 1254 2687 pro
1270 2659 1348 2682 sludio
1363 2658 1518 2688 poenitentiae
1534 2658 1707 2682 abscinduntur
1725 2659 1743 2680 D
1760 2664 1834 2681 causa

989 2698 1145 2728 poenitentiae
1160 2698 1349 2726 subtrahuntur,
1369 2700 1390 2720 et
1407 2704 1450 2725 pro
1466 2697 1553 2721 mensis
1570 2698 1607 2720 ed.
1626 2698 1633 2719 i
1656 2697 1723 2721 escis.

1053 2736 1063 2749 θ
1081 2738 1175 2765 Propter
1191 2737 1341 2759 idololatriam
1360 2743 1371 2759 a
1393 2737 1482 2759 ludaeis
1499 2737 1581 2758 saetam
1599 2736 1688 2764 Moyses
1710 2736 1739 2758 de
1757 2738 1834 2758 monte

992 2777 1135 2799 descendens
1152 2776 1241 2798 tabulas
1266 2776 1332 2804 Legis
1354 2776 1419 2803 tregit
1443 2778 1465 2797 et
1490 2775 1519 2798 ad
1544 2775 1679 2797 obtinendas
1704 2775 1786 2797 alteras
1810 2775 1833 2797 in

992 2818 1069 2838 monte
1087 2815 1237 2844 quadraginta
1254 2815 1345 2837 dierum
1356 2814 1467 2836 ieiunium
1486 2814 1599 2842 servavit;
1617 2814 1674 2836 Elias
1686 2814 1775 2836 veroin
1788 2815 1832 2836 sor-

992 2854 1088 2877 titudine
1104 2854 1150 2876 cibi
1162 2854 1271 2876 divinitus.
1288 2853 1351 2875 missi
1362 2853 1515 2882 quadraginta
1534 2853 1616 2875 diebus
1628 2855 1651 2875 et
1667 2853 1774 2876 noctibus
1786 2859 1832 2875 am-

992 2892 1079 2915 bulavit
1095 2898 1169 2921 usque
1186 2892 1215 2914 ad
1233 2894 1335 2914 montem
1353 2892 1393 2914 Dei
1410 2891 1495 2914 Horeb.
1512 2904 1542 2908 —
1560 2892 1653 2914 Inferius
1670 2891 1715 2914 AG
1732 2894 1754 2914 et
1770 2891 1827 2914 echi

991 2932 1098 2954 omittunt
1114 2931 1206 2960 littura.

1052 2969 1062 2982 ¹³
1079 2970 1130 2992 Vat.
1148 2970 1212 2993 addit
1223 2969 1388 2993 delectabiliter
1405 2973 1428 2992 et
1439 2970 1534 2992 inferius
1549 2972 1600 2998 post
1611 2969 1738 2999 rulimpleri
1754 2972 1831 2992 contra

991 3010 1034 3031 AG
1053 3011 1074 3031 et
1091 3009 1128 3031 ed.
1148 3010 1154 3031 I
1176 3008 1263 3031 debere.
1531 3008 1551 3021 ¹⁰
1568 3008 1622 3037 Cap.
1641 3010 1661 3031 2.
1678 3009 1738 3031 circa
1756 3008 1833 3030 linem.

1710 3055 1738 3077 52

1851 501 1934 520 Primum
1948 502 1982 520 ite-

1852 530 1892 543 rum
1904 525 1980 549 duplex.

1854 781 1881 800 Da
1899 782 1970 800 ieiunio

1875 805 1944 828 gaudii.

1866 1107 1982 1126 Determina-

1852 1131 1878 1150 tio
1899 1131 1981 1154 Regulos

1852 1155 1875 1173 de
1888 1154 1924 1173 his.

1854 1852 1966 1871 Notandum.
