2133 3317
258 205 312 233 180
787 200 985 230 OPUSCULUM
1006 201 1037 229 X.
1059 201 1145 229 VtTts
1166 200 1316 230 MYSTICA.
1338 201 1407 230 CAP.
1429 202 1484 230 XV.

256 282 397 316 fructum,
420 282 515 310 floruit
536 280 751 317 benignissimus
772 279 906 307 Dominus
928 286 1006 307 meus
1022 278 1106 307 Iesus.

110 340 246 383 ῑὲῖἓῗίἓῑίἒῗὲ.
258 330 310 366 Qui
332 333 398 358 sunt
418 329 478 357 eius
500 328 583 356 flores
604 327 655 355 nisi
678 327 817 355 virtutes?
831 325 937 354 Floruit
951 328 1044 354 autem
1059 325 1107 354 ad-

124 390 158 407 ies.
258 376 423 405 mirabiliter
445 378 472 404 et
493 374 571 403 valde
592 373 771 410 singulariter
792 376 819 401 et
847 372 1017 401 excellenter
1043 372 1107 400 vitis

258 424 325 452 haec
348 423 460 459 inclyta,
484 430 537 450 non
559 429 614 449 uno
637 420 738 448 ssorum
760 427 875 457 genere,
897 419 969 448 sicut
983 419 1051 448 aliae
1066 419 1107 448 vi-

1164 281 1204 307 tes
1226 282 1253 307 et
1273 279 1403 313 arbores,
1425 280 1473 309 sed
1494 280 1617 309 omniun]
1651 280 1677 309 in
1700 288 1728 309 se
1759 280 1860 309 ssorum
1893 281 2012 318 speciem
2026 288 2121 315 Ftofutiui

1164 325 1321 354 continebat
1333 327 1357 354 ¹:
1375 326 1473 355 violam
1490 327 1593 355 scilicet
1608 327 1782 361 humilitatis,
1797 327 1885 356 lilium
1906 328 2014 356 castita·
2046 315 2106 360 ¹22²&

1164 372 1214 406 tis,
1237 380 1328 401 rosam
1350 373 1497 409 patientiae
1518 377 1545 402 et
1567 374 1689 403 caritatis
1704 377 1731 403 et
1746 382 1859 403 crocum
1874 375 2014 403 abstinen-

1164 419 1217 448 tiae
1229 419 1248 447 2.
1271 436 1309 439 —
1330 420 1434 448 Verum
1449 420 1558 449 omissis
1572 420 1645 455 aliis,
1660 420 1694 449 de
1712 429 1782 449 rosa
1801 429 2013 458 prosequamur.

1019 555 1180 583 emmam
1202 554 1256 582 XV.

740 679 779 707 De
799 678 870 715 flore
891 686 977 707 rosae
998 677 1129 707 rubentis
1150 681 1174 706 et
1196 677 1327 706 ardentis
1350 677 1379 706 iu
1399 677 1533 715 genere?

131 1474 157 1493 De
171 1474 213 1497 igne
227 1476 245 1493 et

115 1498 206 1521 sanguine
227 1500 245 1516 et

115 1521 245 1540 instrumentis

116 1545 216 1569 passionis.

339 807 363 834 1.
379 805 470 833 Floret
484 804 511 832 in
526 803 581 832 vite
597 806 704 836 nostra,
720 802 917 839 benignissimo
928 802 940 818 4
956 802 1029 835 lesu,
1045 809 1108 830 rosa

111 854 366 903 {ssgssgss'gffngUbeUS
387 856 414 881 et
435 852 561 885 ardeus,
584 850 691 879 rubeus
723 849 857 887 sanguine
885 849 1034 886 passionis,
1057 857 1107 877 ctr—

117 908 175 927 scida.

258 902 327 930 aleus
352 901 414 937 igne
439 898 574 932 caritatis,
607 897 726 926 roscida
757 897 890 925 effusione
919 896 1107 933 lacrymarum

124 955 241 997 ehrffiiflssc‘iu
259 948 348 978 dulcis
363 948 431 976 lesu.
445 963 482 967 —
497 945 583 974 Flevit
596 945 669 974 enim
685 947 711 973 et
726 944 905 973 contristatus
920 947 961 972 est
976 943 1107 980 gaudium

124 1002 209 1021 monitio.

261 1003 363 1029 meum,
386 995 470 1022 immo
498 993 629 1030 gaudium
659 992 841 1028 Angelorum,
869 991 991 1027 optimus
1017 990 1107 1024 Iesus,

259 1044 322 1083 qui,
344 1046 376 1071 ut
397 1042 435 1070 ait
456 1040 602 1078 Apostolus
613 1040 634 1074 ⁵,
656 1040 687 1068 z'it
708 1039 809 1067 etlehas
831 1038 932 1067 ectrm's
953 1046 1025 1066 Silae
1043 1036 1108 1075 offe-

258 1100 326 1120 rens
357 1093 424 1118 vola
454 1088 736 1125 supplicationesque
765 1087 804 1115 aa
835 1094 902 1115 eum
933 1085 985 1123 qui
1015 1085 1108 1122 possit

259 1146 324 1167 eum
345 1137 463 1165 saluam
483 1134 582 1173 facere
603 1143 622 1162 a
643 1137 751 1167 morte,
774 1142 838 1162 eum
862 1132 989 1161 elamore
1010 1131 1108 1160 valido

259 1188 283 1213 el
305 1183 456 1221 lacryim'S,
478 1181 637 1210 exauditus
658 1184 698 1209 est
716 1188 773 1217 pro
793 1188 851 1208 sua
869 1178 1039 1207 reuerentia.
1055 1178 1107 1206 Au-

259 1232 316 1266 dis,
339 1239 386 1260 cor
407 1238 461 1258 non
484 1237 633 1263 carneum,
653 1228 700 1256 sed
715 1227 867 1264 lapideum,
882 1226 961 1254 illum
977 1233 1107 1262 magnum

261 1280 350 1308 Iesum
372 1281 399 1307 et
420 1277 556 1314 optimum
579 1276 605 1304 in
628 1275 726 1304 diebus
746 1274 837 1303 carnis
859 1281 941 1307 suae,
958 1281 1041 1309 quam
1057 1280 1108 1308 pro

262 1333 305 1354 me
327 1326 512 1357 assumserat,
536 1322 665 1359 lacrymis
684 1321 834 1355 maduisse,
850 1323 878 1349 et
891 1319 983 1348 adbuc
998 1319 1107 1347 aridum

261 1374 428 1409 permanes?
449 1370 471 1399 Ο
493 1378 540 1399 cor
562 1369 682 1402 durum,
704 1368 800 1401 audis,
822 1366 988 1396 commoveri
1011 1374 1061 1403 pro
1083 1368 1109 1394 te

260 1419 293 1448 ad
316 1419 452 1455 lacrymas
473 1417 520 1454 qui
544 1417 574 1445 lu
596 1420 747 1444 aeteruum
768 1423 826 1443 uon
848 1413 1108 1446 commovebitur&

262 1474 312 1495 nec
326 1465 417 1494 adhuc
432 1465 465 1493 ad
481 1465 617 1500 lacrymas
639 1466 668 1491 tu
690 1462 893 1491 commoveris?
909 1478 944 1481 -
961 1460 1060 1489 Addam
1084 1463 1111 1488 et

262 1513 352 1550 ignem
374 1511 498 1541 caritatis
519 1515 546 1539 et
568 1510 730 1547 sanguinem
753 1508 905 1546 passionis,
927 1508 948 1536 si
974 1507 1045 1536 sorte
1067 1515 1110 1535 ca-

261 1561 353 1593 lefias,
376 1560 397 1588 si
420 1559 584 1592 emolliaris,
607 1560 639 1586 ut
660 1557 820 1585 dulcissimo
835 1556 895 1585 lesu
911 1564 962 1592 pro
982 1555 1112 1591 lacrymis

262 1608 319 1637 suis
336 1610 363 1636 et
383 1607 517 1644 sanguine
532 1606 619 1634 effuso
634 1605 730 1633 saltem
749 1604 885 1640 lacrymas
899 1602 1024 1631 effundas
1038 1602 1057 1630 ⁷.
1075 1618 1110 1622 -—

261 1655 363 1684 Addam
385 1654 476 1683 adbuc
502 1653 631 1681 malleum
663 1659 775 1689 gravem
804 1654 831 1679 et
862 1650 976 1679 incudes
1006 1650 1112 1678 ferreas

262 1702 394 1731 incutiam
417 1701 482 1734 tibi,
504 1704 536 1729 ut
557 1700 653 1729 saltem
681 1699 723 1728 vel
752 1699 790 1727 sic
818 1697 964 1726 movearis.
994 1697 1060 1725 Nam
1090 1696 1111 1725 si

1164 809 1238 830 esses
1260 804 1292 829 uc
1314 804 1395 829 terra
1419 801 1481 829 siue
1509 800 1611 839 ατμια8
1639 801 1765 835 aridum,
1795 801 1892 830 leviter
1920 810 2016 839 posses

1164 848 1297 882 emolliri,
1320 848 1384 876 solis
1407 847 1551 884 perfusum
1573 848 1702 884 lacrymis
1723 848 1874 877 dulc-issimi
1897 849 1972 883 1esu;
1993 849 2015 878 si

1164 898 1256 923 autem
1279 903 1295 923 a
1315 895 1383 924 facie
1405 895 1517 932 frigoris
1542 895 1720 932 iniquitatum
1749 895 1944 932 multiplicium
1974 896 2016 924 in-

1165 942 1296 971 duratum
1320 950 1394 971 esses
1416 942 1443 970 in
1466 942 1587 979 rigorem
1610 942 1724 979 lapidis,
1746 942 1815 971 addo
1830 942 2017 972 instrumenta

1164 989 1261 1023 fortia,
1283 989 1413 1018 malleum
1440 989 1531 1018 crucis
1552 992 1579 1018 et
1600 989 1714 1018 incudes
1742 989 1884 1018 clavorum
1912 990 2016 1020 ferreo-

1165 1044 1246 1070 rum,
1273 1040 1304 1065 ut
1324 1036 1379 1065 illis
1400 1036 1448 1064 tibi
1472 1036 1591 1065 incussis
1612 1036 1747 1065 scindaris
1768 1039 1796 1065 et
1817 1036 1920 1066 fontem
1942 1038 2016 1066 salu-

1166 1084 1243 1113 brem
1267 1084 1453 1120 lacrymarum
1476 1083 1611 1112 effundas.

1245 1132 1271 1159 2.
1294 1130 1396 1167 Quodsi
1419 1138 1468 1159 nec
1491 1131 1675 1160 commoveris
1702 1131 1810 1165 adhuc,
1839 1139 1890 1159 eor
1911 1131 2015 1160 durum

1164 1181 1189 1205 et
1211 1177 1438 1214 impoenitens&
1466 1177 1565 1206 durius
1586 1185 1616 1206 es
1637 1177 1712 1206 silice
1733 1177 1760 1205 in
1783 1177 1908 1212 deserto,
1931 1177 1979 1215 qui
2000 1186 2017 1206 a

1165 1225 1256 1260 Moyse
1277 1224 1319 1252 bis
1342 1232 1492 1261 percussus
1514 1224 1607 1261 virga,
1624 1224 1714 1253 emisit
1728 1233 1815 1261 aquas
1829 1225 2015 1261 largissimas,

1166 1272 1330 1308 praesertim
1353 1280 1416 1300 cum
1439 1272 1555 1300 malleus
1577 1271 1669 1300 crucis
1688 1272 1804 1300 validior
1819 1272 1854 1301 sit
1868 1272 1901 1301 ad
1915 1272 2017 1301 ferien-

1165 1319 1231 1347 dum
1254 1327 1338 1356 quam
1361 1319 1439 1356 virga
1460 1319 1560 1355 Moysi,
1582 1322 1609 1347 et
1631 1322 1687 1348 tres
1708 1319 1776 1347 clavi
1798 1319 1880 1348 ferrei
1897 1323 1939 1348 ter
1953 1328 2017 1357 per-

1166 1366 1238 1395 cussi
1256 1366 1403 1395 validiores
1425 1370 1451 1395 et
1474 1366 1643 1395 efficaciores
1661 1374 1721 1395 esse
1735 1366 1853 1395 debeant
1867 1367 1900 1395 ad
1915 1375 2016 1404 aquam

1167 1413 1327 1442 eliciendam
1344 1422 1426 1451 quam
1450 1413 1592 1450 percussio
1613 1414 1707 1450 virgae
1729 1414 1811 1450 Moysi
1835 1414 1972 1451 geminata
1984 1414 2015 1442 ¹⁰.

1169 1477 1204 1481 —
1219 1461 1245 1489 Si
1262 1468 1328 1489 vero
1345 1460 1437 1489 adbuc
1459 1468 1604 1497 permanes
1624 1461 1838 1495 inconcussum,
1853 1469 1886 1489 eo
1900 1461 1973 1499 quod
1989 1461 2016 1490 in

1167 1508 1320 1537 adamantis
1347 1508 1478 1537 duritiem
1501 1508 1538 1536 sis
1559 1515 1742 1541 conversum,
1774 1508 1821 1545 qui
1851 1508 1909 1537 solo
1936 1508 2016 1537 haedi

1168 1555 1301 1592 sanguine
1317 1558 1406 1592 potest
1421 1554 1538 1583 emolliri
1553 1556 1590 1588 11,
1612 1554 1697 1583 affero
1713 1555 1760 1583 tibi
1777 1555 1855 1583 haedi
1872 1555 1976 1592 pariter
1991 1558 2018 1584 et

1169 1602 1250 1639 Aqui
1270 1602 1507 1634 ilaeoiztcmzinalz',
1529 1601 1624 1637 optimi
1647 1601 1720 1636 Iesu,
1742 1602 1903 1639 sanguinem
1927 1602 2018 1639 copio—

1169 1657 1242 1683 sum,
1255 1649 1345 1677 calore
1361 1648 1567 1684 incomparabili
1581 1648 1703 1677 caritatis
1714 1648 1876 1683 ferventem,
1889 1649 1954 1686 quia
1969 1657 2019 1678 sua

1169 1695 1331 1724 fortitudine
1346 1695 1425 1724 illum
1439 1695 1645 1724 adamantinum
1662 1695 1794 1732 parietem
1810 1695 2018 1724 inimicitiarum

326 1875 334 1888 ¹
352 1876 407 1899 Bon.
426 1881 478 1897 cum
497 1875 533 1897 ed.
556 1875 561 1896 l
583 1878 605 1897 et
622 1875 651 1901 A,
670 1872 840 1901 refragantibus
864 1873 946 1895 ceteris
972 1872 1053 1899 codd.,
1076 1872 1115 1894 bic

263 1916 342 1938 addit:
361 1915 463 1937 Aliorum
481 1914 541 1937 onim
561 1914 697 1936 Sanctorum
717 1912 745 1942 [A
765 1912 829 1935 addit
845 1911 908 1934 alius
926 1911 974 1934 alio
987 1910 1111 1940 humilior]

263 1956 321 1977 alius
338 1955 381 1977 atio
398 1954 494 1982 castior,
512 1954 570 1976 alius
588 1953 631 1975 alio
650 1953 783 1980 patientior,
801 1952 859 1974 alius
874 1952 919 1974 alio
932 1951 953 1973 in
968 1951 1061 1973 caritate
1074 1952 1113 1972 t'er-

264 1994 369 2019 x‘entior;
388 1994 429 2016 ista
448 2000 504 2015 vcro
522 1993 575 2014 vitis
600 1991 710 2014 omnibus
728 1991 821 2019 Angelis
838 1994 859 2013 et
877 1990 1011 2013 bominibus
1030 1990 1049 2012 iu
1074 1991 1113 2012 bu-

265 2034 370 2059 militate,
389 2033 509 2061 patientia,
528 2032 637 2059 castitate,
655 2031 748 2053 caritate
765 2034 787 2053 et
804 2031 886 2053 ceteris
904 2029 1028 2052 vii-tutibus
1043 2029 1114 2051 omni-

265 2073 309 2095 bus
326 2072 507 2101 praeeminebat.
528 2071 611 2094 Habuit
634 2077 690 2098 ergo
717 2070 747 2100 [A
773 2070 847 2099 iqitar
864 2069 889 2092 iu
906 2069 938 2098 se]
957 2070 1011 2092 vitis
1028 2069 1069 2091 ista
1087 2069 1114 2098 [A

265 2113 347 2140 repetit
364 2111 428 2141 vitis]
445 2118 500 2133 vera
519 2117 563 2133 non
582 2111 661 2135 unius,
680 2110 720 2132 sed
738 2110 843 2131 omnium
862 2110 945 2131 floram
962 2109 1073 2135 speciem.

329 2151 337 2164 ²
355 2152 411 2173 Bon.
429 2157 482 2173 cuni
501 2151 538 2172 ed.
561 2150 565 2171 1
580 2153 609 2172 et
626 2150 656 2175 A„
680 2149 762 2171 ceteris
779 2148 848 2170 codd.
865 2147 1049 2176 refragantibus,
1072 2147 1114 2176 llo-

266 2197 315 2214 rem
334 2189 501 2217 abstinentiae,
524 2195 597 2218 quam
614 2188 644 2218 [A
662 2188 739 2218 quem]
758 2193 855 2211 crocum
873 2186 1030 2216 appellamus,
1045 2191 1066 2209 et
1078 2187 1116 2209 de-

266 2231 320 2253 inde
337 2230 454 2252 adduntur
471 2235 531 2258 quae
548 2229 604 2250 infra
631 2232 682 2256 post
700 2228 838 2255 opusculum
856 2226 992 2249 eminemus
1009 2226 1032 2248 in
1050 2226 1116 2248 addi-

267 2272 367 2291 tamento
386 2269 429 2290 lN':
449 2267 525 2295 Quam
551 2266 670 2289 {acutulus
697 2270 738 2288 etc.
757 2265 896 2290 (secuudum
915 2265 991 2292 ipsum
1010 2270 1022 2286 a
1039 2270 1059 2286 c.
1079 2264 1114 2286 lG.

267 2315 289 2330 n.
308 2308 345 2330 51.
363 2308 385 2329 in
404 2307 449 2329 stne
466 2313 540 2335 usque
558 2306 587 2328 ad
606 2313 625 2327 c.
643 2306 679 2327 33.
700 2312 721 2327 n.
745 2305 813 2333 teu).

330 2346 339 2359 ³
357 2347 412 2369 Bon.
430 2347 462 2369 Dr
479 2351 537 2368 rosav
562 2344 660 2367 rubente
677 2346 697 2367 ct
714 2343 824 2371 ardcule,
843 2343 879 2365 ed.
902 2344 906 2364 1
929 2343 962 2365 De
978 2342 1038 2371 flore
1055 2342 1116 2365 cari-

267 2386 322 2410 tatis
338 2392 380 2409 seu
397 2391 454 2408 rosa
472 2384 570 2407 rubente
586 2387 607 2407 el
624 2383 729 2407 ardente.

330 2426 338 2438 ⁴
356 2425 414 2448 Cod.
432 2427 447 2447 A
467 2424 562 2448 Flortu'c
578 2424 602 2446 iu
627 2423 670 2446 rite
693 2424 777 2445 nostra
805 2421 918 2451 lieniyna,
944 2422 1031 2444 omisso
1057 2422 1116 2444 lesu.

267 2465 361 2487 interius
379 2471 421 2493 pro
438 2463 534 2487 roscida
559 2463 598 2491 (ita
621 2463 677 2485 Bon.
695 2468 748 2484 cum
767 2462 803 2484 cd.
824 2461 846 2490 l)
865 2461 935 2483 Cot-3
951 2460 1032 2483 rosida
1042 2469 1051 2489 ,·
1074 2462 1115 2483 ct‘r.

268 2504 398 2531 Forcellini,
415 2504 513 2526 Lexicon
532 2506 573 2525 etc.
592 2505 614 2525 et
632 2502 665 2524 Du
686 2501 776 2529 Gange,
802 2501 943 2523 GlossarIum
970 2503 1029 2522 etc.:
1056 2498 1117 2522 Rosi-

267 2542 325 2570 dus,
343 2549 395 2565 rore
413 2542 518 2570 plenus..
536 2541 670 2568 Legendum
697 2543 731 2563 est
756 2539 875 2567 roscidus,
895 2543 919 2561 ut
936 2542 971 2561 est
987 2539 1051 2567 apud
1071 2539 1118 2560 Vir-

268 2583 356 2610 gilium.

331 2622 340 2635 5
358 2620 427 2643 chr.
444 2621 471 2647 5,
489 2621 511 2642 7.
530 2621 572 2642 Pro
592 2621 644 2642 roca
662 2619 705 2641 DE
722 2625 774 2641 cun]
792 2619 890 2646 Vulgata
905 2623 996 2647 preces.
1014 2630 1042 2632 —
1062 2616 1118 2639 Sub-

269 2661 322 2683 inde
340 2660 462 2688 respicitur
481 2660 559 2681 Ezecti.
582 2660 619 2685 il,
642 2659 674 2680 tt).
693 2662 715 2680 et
732 2658 772 2685 136,
790 2658 831 2685 26,
849 2657 889 2679 ubi
902 2657 930 2679 de
943 2656 1013 2678 cot-cte
1031 2662 1117 2679 carneo

268 2703 291 2721 et
303 2699 399 2728 lapidea.
413 2711 445 2715 —
456 2699 567 2727 Superius
580 2701 632 2726 post
643 2697 798 2721 contristatas
811 2698 844 2719 esl
855 2697 911 2718 Bon.
923 2702 976 2718 cum
990 2696 1027 2718 ed.
1041 2696 1049 2717 11
1067 2702 1118 2718 con-

269 2742 301 2761 tra
319 2738 336 2761 C
347 2739 364 2760 t)
375 2739 389 2760 ti
407 2738 471 2761 addit
486 2739 584 2767 propter
602 2743 646 2760 we.

333 2777 342 2789 ὃ
360 2778 442 2799 Psalm.
465 2778 518 2804 121,
540 2778 557 2799 1.
576 2777 632 2799 Bon.
658 2783 711 2799 cum
737 2776 774 2798 ed.
794 2776 801 2797 l
824 2775 906 2805 quiin
923 2776 1047 2797 aerei-man
1070 2775 1118 2797 stul

269 2819 290 2839 el
308 2823 353 2839 uon
373 2816 565 2839 remunerabitur.
577 2816 622 2838 (Ην.
635 2822 704 2843 supra
718 2815 803 2842 Opusc.
816 2816 849 2837 111,
860 2815 959 2842 Lignum
973 2814 1034 2835 vitae
1046 2820 1067 2835 n.
1081 2812 1117 2835 ¹14.

270 2869 299 2872 —
318 2856 429 2883 Superius
448 2861 498 2883 post
516 2861 588 2885 quum
602 2861 649 2884 pro
667 2861 704 2877 ute
721 2855 757 2877 ed.
786 2855 793 2876 Ἰ1
819 2858 841 2875 et
865 2854 921 2875 Bon.
948 2853 1037 2876 addunt
1059 2851 1119 2875 radi-

269 2894 354 2917 mrudo
372 2899 393 2917 ct
411 2895 510 2917 subinde
528 2895 577 2917 ioca
591 2900 638 2924 pro
656 2896 677 2916 le
694 2893 837 2916 substituunt
851 2898 897 2922 pro
915 2899 959 2915 ute.

333 2933 341 2945 Ἰ
360 2934 432 2956 (totta.
450 2934 494 2955 DE
511 2933 637 2963 refundas,
664 2934 719 2955 Bon.
746 2939 798 2955 cnm
825 2932 860 2954 ed.
884 2933 888 2953 t
909 2930 1036 2960 saussaium
1060 2929 1118 2959 effu-

270 2973 335 2996 sione
352 2973 416 2996 solas
433 2972 515 2995 saltem
535 2972 655 3002 [τισι-3111111.)-
673 2971 797 3001 rependas.
815 2973 879 2999 Quae
896 2974 1025 2999 sequuntur
1044 2976 1118 2998 usque

270 3013 298 3035 ad
319 3012 387 3039 Quod
403 3013 425 3035 si
442 3019 481 3035 nrt·
499 3011 653 3035 fronimusa-is
671 3011 749 3034 adliuc
768 3018 797 3034 tu.
817 3012 847 3035 2.)
867 3011 1002 3032 omittuntur
1020 3009 1049 3031 ab
1068 3010 1095 3031 H.

1232 1870 1241 1883 ⁸
1259 1871 1342 1893 Psalni.
1365 1870 1418 1898 142,
1431 1870 1453 1891 6.
1466 1883 1495 1885 -
1509 1869 1613 1892 Subinde
1630 1870 1699 1892 alludi
1713 1869 1805 1892 videtur
1817 1869 1846 1891 ad
1859 1869 1894 1892 Ps.
1910 1869 1964 1897 147,
1977 1869 2019 1891 117;

1170 1911 1227 1932 Ante
1244 1910 1325 1932 taciem
1343 1910 1435 1937 trigoris
1453 1909 1502 1931 eius
1520 1912 1563 1931 etc.
1579 1921 1610 1924 —
1628 1909 1671 1930 Pro
1692 1907 1789 1931 striclam
1807 1908 1851 1930 DE
1868 1907 1946 1931 arida.
1965 1909 2020 1930 Bon.

1171 1955 1224 1972 cum
1242 1949 1281 1971 ed.
1302 1949 1306 1970 1
1329 1949 1398 1976 legit:
1416 1948 1498 1970 Adbuc
1515 1947 1601 1970 addam
1619 1950 1641 1969 et
1658 1947 1766 1969 malleum
1779 1953 1876 1975 gravem
1894 1950 1915 1969 et
1932 1953 2020 1969 cuneos

1172 1990 1257 2011 terreos
1275 1988 1384 2010 incutiam
1405 1987 1458 2015 tibi,
1476 1990 1500 2009 ut
1517 1987 1637 2009 scindaris.
1656 1987 1711 2009 Nam
1730 1987 1748 2008 si
1767 1990 1805 2014 tu,
1824 1992 1876 2015 cor,
1890 1986 1948 2008 sicut
1961 1989 2020 2008 terra

1170 2028 1219 2050 siue
1236 2034 1296 2056 aqua
1314 2027 1455 2053 exaruisses,
1482 2027 1561 2055 utique
1587 2027 1623 2048 vel
1648 2026 1729 2048 leviter
1751 2032 1831 2053 posses
1848 2025 1944 2048 emolliri
1966 2025 2021 2048 solis

1172 2069 1291 2095 perfusum
1310 2066 1417 2094 lacrymis
1434 2066 1581 2093 lacrymantis
1601 2066 1666 2093 lesu,
1684 2065 1701 2087 si
1719 2068 1796 2087 autem
1819 2071 1830 2087 a
1857 2065 1914 2087 facie
1926 2065 2021 2093 ‘frigoris

1171 2106 1316 2135 iniquitatum
1336 2106 1468 2127 induratum
1487 2111 1511 2127 cs
1528 2105 1550 2126 in
1568 2105 1669 2132 rigorem
1687 2104 1783 2132 lapidis,
1795 2104 1857 2126 addo
1869 2105 2021 2126 instrumenta

1172 2146 1249 2171 tortia,
1276 2145 1382 2167 malleum
1401 2144 1476 2166 crucis·
1492 2147 1515 2166 et
1531 2150 1617 2166 cuneos
1634 2144 1753 2166 clarorum
1772 2144 1898 2165 ferreorum
1917 2147 1960 2166 etc.
1978 2143 2020 2165 Pro

1172 2185 1330 2208 instrumenta
1348 2184 1421 2213 [arlia
1440 2185 1457 2205 A
1475 2184 1635 2206 iustrumenta
1651 2183 1763 2212 fortiora.

1234 2222 1243 2235 ⁰
1261 2225 1328 2246 Rom.
1347 2224 1370 2249 2,
1389 2223 1415 2250 5,
1434 2225 1485 2250 post
1502 2228 1572 2250 quem
1591 2222 1712 2250 respicitur
1727 2222 1794 2244 Num.
1806 2222 1849 2249 20,
1866 2221 2022 2250 ll:Cumque

1172 2264 1284 2285 elevasset
1301 2263 1390 2290 Moyses
1409 2268 1516 2288 manum,
1533 2261 1664 2289 percutiens
1676 2261 1742 2289 virga
1755 2260 1791 2283 lus
1803 2261 1902 2289 silicem,
1914 2266 2021 2288 egressae

1172 2305 1224 2325 sunt
1242 2308 1316 2330 aquae
1334 2301 1476 2329 largissimae
1494 2304 1537 2322 etc.

1236 2340 1255 2353 ¹⁰
1272 2342 1369 2369 (ji-egoi:
1386 2341 1486 2367 Ἔποψ,
1504 2341 1519 2362 l.
1537 2340 1710 2366 Miraculorum,
1728 2340 1758 2362 de
1783 2339 1858 2361 Gloria
1883 2339 2022 2367 Martyrum,

1173 2388 1191 2404 c.
1211 2381 1240 2403 G:
1258 2381 1382 2403 Clavoruni
1400 2386 1456 2407 ergo
1475 2379 1645 2402 dominicorum
1669 2379 1741 2406 gratia
1767 2379 1830 2407 quod
1856 2380 1960 2408 quatuor
1978 2380 2023 2400 sue-

1173 2421 1231 2447 rint,
1250 2421 1306 2442 liaee
1324 2424 1358 2442 cst
1375 2419 1447 2441 ratio:
1464 2419 1512 2441 duo
1529 2421 1582 2441 sunt
1600 2418 1660 2440 affixi
1678 2418 1699 2440 in
1717 2417 1816 2446 pedibus
1834 2420 1856 2440 et
1867 2418 1914 2440 duo
1927 2417 1947 2439 in
1961 2417 2023 2444 plan-

1174 2460 1209 2482 tis⁴
1226 2459 1273 2482 Csr.
1290 2459 1319 2481 de
1336 2464 1434 2480 numero
1452 2458 1573 2480 clavorum
1591 2457 1678 2485 (utrum
1697 2459 1757 2485 tres,
1778 2463 1806 2479 an
1822 2456 1935 2486 quatuor)
1953 2456 2023 2478 Bene-

1175 2499 1230 2521 dict.
1246 2499 1319 2523 Xtv..
1338 2499 1352 2520 Ι.
1370 2498 1400 2520 <le
1417 2497 1488 2519 Festis
1505 2496 1596 2519 Domini
1614 2496 1684 2518 nostri
1704 2497 1752 2518 lesu
1770 2495 1865 2522 Christi,
1884 2495 1936 2517 c.7.
1950 2502 1971 2517 n.
1985 2495 2021 2517 87.

1173 2551 1204 2555 —
1223 2538 1334 2566 Superius
1360 2544 1402 2565 pro
1428 2538 1462 2559 cer
1485 2535 1596 2566 percussi
1621 2536 1660 2565 (ita
1678 2535 1754 2564 CDE)
1773 2535 1808 2557 ed.
1829 2535 1836 2556 l
1860 2534 1901 2558 libi
1920 2534 2022 2562 ikussi,

1174 2579 1231 2601 Bon.
1246 2577 1368 2607 percussi,
1388 2576 1428 2605 qni
1445 2576 1513 2598 etiam
1532 2581 1586 2597 cum
1603 2575 1639 2597 ed.
1659 2575 1666 2596 l
1689 2577 1711 2597 et
1727 2574 1745 2596 Α
1763 2573 1860 2596 vocibus
1877 2580 1966 2603 aquam
1983 2572 2024 2596 eli-

1175 2616 1282 2640 cremium
1301 2616 1414 2638 interserit
1432 2615 1605 2645 lacrymarum.

1239 2656 1256 2668 ¹¹
1276 2657 1303 2678 Ut
1320 2658 1414 2677 narrant
1438 2655 1506 2681 Ptin„
1524 2655 1577 2676 XX.
1602 2653 1683 2676 Histor.
1701 2656 1776 2675 natur.
1792 2658 1811 2675 c.
1834 2653 1852 2674 1.
1870 2654 1891 2675 et
1909 2652 2023 2674 xxxva.

1175 2702 1195 2718 c.
1219 2696 1253 2717 15.
1271 2696 1335 2724 (alias
1353 2695 1400 2723 [μμ
1418 2695 1525 2722 Hieron,
1544 2694 1575 2715 ttt.
1594 2693 1723 2715 Commeat.
1735 2692 1757 2713 in
1770 2692 1840 2713 Amos
1857 2692 1885 2718 7,
1902 2691 1924 2713 7.
1942 2697 2023 2719 seqq.;

1175 2736 1284 2762 August„
1303 2734 1364 2756 XXI.
1387 2733 1416 2756 de
1433 2733 1483 2755 Civ.
1502 2733 1553 2761 Dei,
1571 2739 1592 2755 c.
1611 2732 1631 2754 4.
1650 2738 1672 2754 u.
1692 2732 1721 2758 4;
1740 2731 1833 2757 isidor.,
1851 2731 1911 2753 XVl.
1934 2731 2024 2757 Etymo-

1175 2774 1219 2801 log.
1238 2780 1258 2796 c.
1279 2774 1312 2795 13.
1331 2780 1352 2795 n.
1372 2774 1392 2795 2.
1409 2785 1441 2789 -—
1458 2772 1560 2795 Subinde
1577 2771 1700 2799 respicitur
1719 2772 1731 2792 Ι.
1750 2771 1807 2792 Petr.
1822 2771 1843 2797 l,
1860 2771 1884 2792 19
1896 2777 1900 2791 z
1913 2770 1971 2797 Agni
1985 2769 2023 2791 im-

1176 2813 1283 2835 maculati
1308 2812 1392 2835 Christi
1409 2816 1431 2834 et
1449 2811 1636 2837 incontaminati,
1660 2811 1717 2838 Epti.
1735 2811 1760 2836 2,
1783 2809 1824 2831 14:
1843 2810 1893 2837 lpse
1910 2809 1971 2831 enim
1990 2812 2024 2830 est

1176 2858 1220 2880 pax
1239 2855 1329 2879 nostra,
1355 2851 1394 2880 qui
1413 2851 1465 2873 tecit
1482 2853 1579 2879 utraque
1598 2856 1669 2872 unum
1687 2853 1708 2871 et
1726 2849 1829 2871 medium
1848 2849 1959 2876 parietem
1979 2854 2024 2870 ma-

1175 2891 1249 2912 ceriae
1266 2891 1370 2915 soluens,
1389 2889 1519 2911 inimicitias
1545 2889 1566 2910 in
1593 2895 1661 2910 carne
1686 2894 1727 2910 sua
1752 2891 1796 2909 etc.
1813 2900 1844 2904 —
1861 2887 1956 2909 inferius
1980 2892 2021 2914 pro

1175 2930 1255 2953 calore
1272 2928 1456 2958 incomparabili
1467 2928 1516 2958 [ed.
1533 2929 1537 2949 1
1555 2926 1762 2957 ῑιιυοηιρανηὸίῖῑζς]
1775 2926 1884 2949 caritatis
1895 2926 2024 2955 fei-rentem

1177 2970 1231 2991 Bon.
1250 2975 1302 2991 cuin
1321 2968 1337 2990 (ἶ
1355 2968 1435 2991 calare
1451 2966 1645 2996 incomparabilis
1663 2966 1688 2995 [C
1706 2965 1897 2995 incomparabile]
1916 2963 2024 2988 caritatis

1176 3008 1295 3036 fluentant.

2031 1143 2113 1167 Increpat
2118 1150 2123 1156 ·

2029 1166 2085 1185 corda.
2096 1167 2121 1187 dt„

2039 1472 2106 1491 Saltem
2121 1479 2133 1492 ι-

2034 1496 2088 1519 gnine
2107 1497 2112 1513 t
2121 1496 2131 1516 i-

2034 1519 2058 1538 sti
2066 1519 2112 1538 emol
2121 1525 2131 1539 i-
