2133 3317
124 366 257 392 Apostolorum

134 389 259 431 {faffssffvet'ltss

133 739 175 757 Alia
189 738 212 757 de
224 738 249 756 lo-

127 762 173 781 culis
186 761 256 780 Christi

136 785 249 827 deteltigiina-

128 1067 216 1090 Epilogus
229 1072 258 1085 so-

128 1091 204 1109 lutionis
221 1090 259 1114 pri-

136 1114 162 1132 mi
175 1114 251 1133 obiecti.

131 1631 158 1649 De
168 1630 264 1649 confirma-

142 1655 193 1673 tione
210 1654 265 1678 primi

143 1678 219 1697 obiecti.

271 233 328 262 [116

272 311 441 345 necessaria,
456 311 556 343 donec,
572 309 660 345 sopita
680 310 892 345 persecutorum
914 307 1029 340 insania,
1051 311 1119 335 tem-

274 366 326 395 pus
347 356 549 393 evangelizandi
580 355 715 384 redeat».
737 354 807 383 Haec
835 354 938 382 Glossa.
968 370 1006 374 ——
1034 353 1120 390 Igitur

272 404 391 442 Apostoli
413 403 488 431 missi
510 402 544 430 ad
577 401 791 438 praedicandum
820 401 917 429 loculis
948 402 1119 433 caruerunt;

272 455 396 488 tempore
418 457 485 478 vero
510 448 644 485 passionis
666 451 693 476 et
714 447 915 484 persecutionis
935 446 1120 484 dispensative

272 498 377 527 loculos
399 505 449 533 pro
477 504 506 525 se
534 495 601 532 ipsis
626 495 805 526 habuerunt3
828 495 926 528 tertio,
950 494 1021 523 bona
1048 493 1120 522 mul-

272 544 397 573 titudinis
411 543 445 572 ad
460 546 570 579 tempus
590 543 834 579 dispensaverunt,
850 545 877 570 et
891 541 965 569 illam
980 541 1121 578 dispensa—

272 591 373 619 tionem
397 593 528 627 tanquam
551 589 739 626 impeditivam
762 588 839 617 verbi
862 588 910 617 Dei
936 588 1121 622 dimittentes,

272 638 305 666 ad
329 637 488 674 primariam
511 636 616 665 reversi
639 635 808 669 nuditatem,
831 635 928 664 loculis
950 638 1121 669 caruerunt,

273 688 305 713 ut
334 685 441 721 supra¹
469 683 559 712 visum
588 685 637 711 est.
661 699 698 702 —
725 683 884 716 Praeterea,
914 682 978 711 licet
1005 682 1122 710 Domino

273 732 383 760 volente
404 730 505 767 portati
526 730 632 758 fuerint
653 729 734 758 loculi
757 737 773 757 a
795 729 860 758 luda
887 729 1045 766 proditore,
1068 737 1122 757 non

274 781 365 807 tamen
387 778 497 806 videtur
518 777 545 805 10
577 777 617 805 eis
644 776 749 813 aliquid
771 776 849 804 turis
867 776 1043 813 possessorii
1064 776 1123 804 vin-

273 825 387 854 dicasse.
410 824 486 853 Unde
508 824 615 852 loannis
646 823 752 852 decimo
773 823 913 860 quarto2:
943 823 1022 851 Venit
1039 823 1123 860 prin-

274 881 338 909 ceps
360 872 465 900 mundi
485 870 593 904 lttt-z'us;
615 874 639 898 et
660 870 692 899 in
713 879 758 898 me
778 878 837 898 non
852 869 936 898 habet
949 870 1121 908 quidquam.

273 919 382 948 Glossa:
403 931 415 943 ι(
431 918 522 947 Noluit
544 918 678 946 Dominus
701 917 802 946 habere
824 917 898 954 quod
914 917 1054 954 perderet;
1078 924 1123 945 ve-

273 966 313 995 nit
334 973 453 1003 pauper,
476 973 510 993 ne
532 965 647 993 haberet
668 964 794 992 diabolus
815 964 889 1000 quod
911 963 1043 992 auferret.

355 1012 574 1049 11.Resp011de0
589 1020 655 1048 ergo
670 1011 792 1040 breviter
813 1011 846 1039 ad
868 1011 1007 1039 obiectum
1030 1011 1063 1039 de
1085 1011 1124 1039 lo-

275 1060 354 1094 culis,
367 1059 440 1096 quod
453 1059 581 1087 Christus
593 1058 740 1095 aliquando
757 1057 855 1086 habuit
869 1058 974 1086 loculos
989 1065 1040 1094 pro
1054 1057 1124 1091 aliis,

275 1110 306 1136 ut
321 1106 354 1135 ad
369 1107 421 1134 hoc
436 1106 600 1134 informaret
616 1105 748 1133 Ecclesiae
765 1105 917 1141 praelatos;
934 1104 1008 1138 item,
1027 1104 1125 1133 habuit

275 1154 380 1183 loculos
401 1162 452 1190 pro
474 1152 593 1181 infirmis
614 1152 802 1186 consolandis,
825 1152 873 1188 qui
893 1151 996 1180 habent
1021 1151 1125 1180 loculos

275 1210 326 1238 pro
348 1209 377 1229 se
398 1200 480 1237 ipsis;
503 1200 541 1228 sic
556 1200 583 1227 10
599 1207 695 1228 eorum
719 1199 846 1227 solatium
861 1199 945 1235 fugit,
961 1206 1025 1227 cum
1040 1206 1125 1235 quae-

276 1251 387 1277 reretur
410 1246 572 1283 lapidandus
584 1246 604 1280 3,
627 1254 661 1274 ne
683 1245 846 1282 desperent,
868 1245 890 1274 si
911 1245 1061 1282 aliquando
1082 1245 1125 1273 fu-

275 1295 350 1332 giant
382 1296 589 1332 persequentes.
623 1293 673 1321 Sed
706 1293 732 1321 in
765 1293 925 1329 exemplum
951 1292 1066 1320 fortium
1097 1300 1125 1320 se

276 1346 373 1380 sponte
394 1341 659 1378 01110111005510014
687 1344 713 1369 et
741 1349 790 1377 pro
819 1340 885 1377 ipsis
907 1341 934 1368 in
963 1342 1126 1376 paupertate

276 1389 457 1419 informandis
478 1389 568 1417 caruit
591 1388 688 1416 loculis
708 1388 787 1425 quasi
810 1395 919 1424 semper
941 1395 991 1416 nec
1017 1387 1126 1415 habitos

277 1437 387 1466 tenebat
408 1436 576 1473 possessorie
598 1435 769 1468 reconditos,
791 1438 823 1463 111
844 1435 892 1472 qui
914 1435 1017 1463 habent
1031 1443 1083 1471 pro
1098 1442 1126 1463 se

277 1484 343 1521 ipsis
365 1487 392 1512 et
412 1492 466 1512 non
489 1483 577 1520 gratia
598 1482 809 1519 dispensationis
833 1482 938 1510 loculos
966 1481 1069 1515 sciant,
1098 1489 1127 1510 se

277 1531 304 1560 in
327 1532 378 1559 hac
400 1533 478 1567 parte
500 1530 676 1567 perfectionis
698 1529 803 1566 apicem
825 1537 880 1557 non
903 1532 1006 1557 tenere.

359 1579 402 1606 12.
425 1578 493 1606 Cum
515 1577 596 1605 dicit:
620 1576 733 1615 Sufficit
754 1576 897 1613 discipulo
919 1579 984 1610 etc,
1013 1583 1127 1612 respon—

277 1625 399 1654 dendum
421 1627 477 1658 est,
499 1624 572 1661 quod
594 1632 657 1653 cum
681 1623 811 1660 magister
833 1631 907 1652 unus
934 1623 1058 1651 diversos
1079 1622 1127 1651 do—

278 1675 322 1701 cet
342 1672 506 1709 discipulos,
529 1671 645 1708 singulis
666 1671 693 1698 in
716 1670 774 1699 suis
802 1670 934 1707 gradibus
962 1669 1128 1698 condescen-

278 1720 361 1754 dens,
394 1719 466 1748 sicut
496 1718 662 1755 Apostolus5
685 1718 761 1746 inter
782 1716 924 1755 perfectos
956 1716 1128 1755 loquebatur

276 1766 470 1803 sapientiam,
493 1765 539 1794 tae
557 1764 696 1802 paruulis
718 1765 794 1793 <tans
821 1772 935 1797 esctun,-
965 1772 1018 1792 non
1047 1763 1128 1792 debet

277 1814 406 1842 sufficere
437 1812 572 1849 discipulo
602 1812 679 1840 lactis
706 1811 799 1848 capaci
820 1811 848 1839 in
870 1811 940 1839 lacte
961 1818 1071 1847 semper
1093 1810 1128 1839 si-

277 1864 367 1895 stere,
389 1860 470 1889 etiam
493 1859 515 1888 si
536 1860 579 1888 lac
600 1859 676 1887 bibat
698 1858 828 1895 magister
850 1858 872 1886 ei
890 1857 1128 1891 condescendens,

278 1908 326 1937 sed
348 1907 434 1944 magis
454 1907 488 1935 ad
510 1907 562 1935 hoc
583 1906 712 1940 tendere,
734 1908 766 1934 ut
787 1905 822 1934 sit
842 1905 929 1933 solidi
950 1904 1007 1933 cz'tz‘
1030 1912 1127 1941 capax.

278 1955 318 1984 lta
340 1955 367 1983 in
388 1954 530 1992 proposito
552 1962 606 1982 000
627 1953 709 1982 debet
730 1953 866 1990 discipulo
888 1952 1033 1986 sufficere,
1048 1955 1080 1980 ut
1094 1951 1129 1980 sit

280 2002 352 2031 sicut
373 2002 503 2039 magister
525 2001 585 2030 eius
606 2001 726 2029 infirmis
747 2000 985 2034 condescendens,
1007 1999 1075 2033 nisi,
1098 2001 1130 2027 ut

501 231 698 260 OPUSCULUM
720 230 786 258 XVl.
809 228 983 258 EXPOSITIO
1005 228 1107 257 SUPER
1130 228 1282 257 REGULAM
1303 228 1457 257 FRATRUM
1479 228 1641 257 MlNORUM.
1662 228 1731 256 CAP.
1751 228 1791 256 lV.

1177 309 1218 334 est
1239 306 1383 342 possibile,
1405 306 1540 343 gradatim
1562 306 1588 334 in
1610 306 1678 334 artis
1706 306 1797 342 apices
1825 313 1853 334 se
1882 306 2021 334 extendat.

1176 353 1252 381 Unde
1274 353 1339 381 illud
1362 353 1495 381 verbum:
1518 352 1630 391 Sufficit
1651 352 1794 390 discipulo
1808 355 1873 387 etc.‚
1889 360 1939 389 pro
1954 353 2023 381 sola-

1177 399 1215 427 tio
1237 399 1423 428 tribulationis
1454 399 1557 428 dictum
1587 403 1628 428 est
1659 399 1827 436 specialiter,
1858 402 1890 427 ut
1921 399 2024 428 scilicet

1177 446 1307 483 exemplo
1329 446 1451 483 magistri
1475 447 1501 474 in
1524 447 1735 475 tribulationum
1757 446 1917 475 sufferentia
1940 446 2024 475 virili-

1178 496 1220 521 ter
1242 495 1420 529 perseverent
1431 493 1450 520 ⁶.

1259 540 1302 568 13.
1326 539 1363 567 Ad
1391 539 1543 568 secundum
1573 539 1736 573 dicendum,
1765 539 1839 576 quod
1867 540 1913 568 illa
1941 539 2024 568 Mani-

1178 587 1328 615 chaeorum
1350 586 1488 615 calumnia
1509 586 1643 623 processit
1664 594 1700 614 ex
1728 586 1884 623 insipientia
1912 586 2025 615 manife-

1178 636 1228 662 sta.
1252 633 1391 661 Praedicta
1412 633 1483 661 enim
1506 633 1677 669 paupertatis
1691 633 1826 661 districtio
1841 641 1895 661 000
1910 633 1962 661 fuit
1976 633 2026 661 im-

1179 680 1267 717 posita
1289 680 1423 716 Apostolis
1445 682 1476 708 nt
1497 679 1657 716 praetatis,
1680 687 1744 708 cum
1760 679 1882 708 nondum
1897 680 1943 708 illo
1959 683 2026 708 tem-

1179 735 1246 764 pore
1267 727 1381 764 praelati
1404 730 1495 755 essent
1516 734 1566 755 nec
1588 727 1669 755 etiam
1692 727 1863 761 sacerdotes,
1892 727 1940 756 sed
1968 729 2027 755 tan-

1180 777 1238 803 tum
1253 774 1404 802 authentici
1420 774 1641 810 praedicatores
1656 774 1730 802 missi
1746 773 1794 802 toti
1811 774 1914 802 mundo
1926 774 1954 802 in
1966 782 2028 802 san—

1180 822 1281 850 ctitatis
1302 822 1479 858 exemplum,
1500 824 1532 849 ut
1553 821 1706 857 superius⁷
1728 824 1769 849 est
1785 824 1936 850 ostensum.
1953 820 2028 850 Unde

1179 869 1225 897 illa
1246 868 1417 905 paupertatis
1438 868 1573 897 districtio
1594 868 1686 896 nullos
1708 868 1773 905 ligat
1794 868 1877 903 alios⁷
1900 868 1951 897 nisi
1967 868 2028 897 illos

1179 916 1227 953 (101
1248 916 1282 944 ad
1304 916 1355 944 hoc
1376 918 1473 952 sponte
1495 923 1524 944 se
1538 915 1660 952 obligant
1675 918 1788 951 propter
1803 915 1954 943 Christum.
1970 915 2028 944 Nou

1180 964 1269 992 solum
1291 971 1357 1000 ergo
1380 966 1440 999 post
1461 962 1584 991 Silvestri
1609 966 1748 998 tempora,
1771 962 1855 990 immo
1883 962 1975 991 statim
2001 962 2028 990 in

1180 1010 1315 1039 Ecclesiae
1336 1009 1472 1047 principio
1501 1009 1552 1046 ipsi
1573 1009 1674 1037 Christi
1696 1009 1823 1046 discipuli
1848 1009 2030 1038 instituerunt

1181 1058 1318 1095 praelatos
1339 1057 1366 1085 in
1388 1064 1522 1085 curarum
1544 1064 1660 1085 suarum
1686 1056 1818 1085 custodiis
1846 1056 1998 1085 residentes
2009 1055 2030 1090 3,

1181 1105 1284 1142 quibus
1306 1112 1448 1141 nunquam
1472 1103 1524 1132 fuit
1545 1103 1724 1132 interdictum
1754 1103 1857 1132 habere
1884 1104 1957 1132 bona
1983 1103 2030 1132 Ec—

1181 1151 1280 1180 clesiae
1301 1151 1352 1179 sihi
1374 1150 1530 1179 necessaria
1558 1158 1589 1179 ac
1621 1150 1679 1179 suis
1711 1150 1828 1179 subditis
1860 1150 2031 1187 pauperibus

1181 1198 1327 1235 eroganda.
1351 1197 1508 1226 Succedunt
1530 1205 1596 1234 ergo
1617 1198 1736 1234 episcopi
1759 1197 1893 1234 Δ1110510115
1921 1197 1949 1226 10
1973 1197 2032 1226 cul-

1182 1245 1255 1273 mine
1276 1245 1465 1278 auctoritatis,
1488 1244 1515 1272 10
1537 1244 1702 1281 obligatione
1724 1247 1751 1273 et
1771 1244 1863 1273 debito
1878 1245 1990 1273 virtutis
2005 1247 2032 1273 et

1182 1292 1351 1326 sanctitatis,
1373 1292 1419 1320 sed
1442 1300 1497 1320 non
1520 1292 1546 1319 in
1568 1291 1657 1319 forma
1682 1292 1756 1320 illius
1784 1291 1924 1320 districtae
1952 1291 2032 1321 disci-

1182 1340 1272 1377 plinae
1294 1343 1320 1368 et
1342 1339 1515 1376 paupertatis
1533 1338 1625 1367 debito
1641 1339 1824 1375 supradictae.
1841 1339 1895 1368 Hoc
1910 1339 2032 1376 reperies

1182 1389 1307 1415 notatum
1329 1389 1356 1415 et
1378 1386 1525 1422 probatum
1548 1386 1636 1414 Causa
1664 1385 1842 1420 duodecima,
1871 1386 2032 1423 quaestione

1183 1434 1288 1471 prima,
1310 1441 1414 1462 canone
1437 1433 1565 1461 tridentes
1577 1432 1595 1460 9.
1612 1433 1644 1461 Et
1659 1433 1816 1462 Bernardus
1831 1433 1896 1462 dicit
1911 1433 2032 1462 secundo

1182 1481 1216 1510 de
1237 1480 1460 1509 Consideratione
1474 1480 1510 1508 ¹⁰:
1538 1492 1550 1504 ι(
1566 1480 1619 1508 Νο0
1641 1482 1681 1508 051
1697 1480 1773 1509 10005
1788 1480 1859 1515 0110,
1875 1480 1923 1509 ubi
1938 1479 2033 1509 sedula

1184 1531 1265 1565 urget
1285 1527 1448 1556 sollicitudo
1470 1527 1603 1555 omnium
1633 1527 1839 1555 Ecclesiarttm.
1869 1527 1936 1556 Nam
1966 1527 2033 1564 quid

1184 1575 1232 1603 tibi
1254 1574 1357 1603 dimisit
1378 1578 1491 1603 sanctus
1512 1574 1675 1610 Apostolus?
1699 1574 1783 1610 Quod
1802 1573 1908 1608 habeo,
1927 1574 2032 1611 inquit,

1184 1621 1236 1650 1100
1258 1621 1309 1650 tt‘bi
1329 1621 1373 1649 clo.
1396 1621 1467 1658 Quid
1489 1621 1578 1649 illud?
1599 1621 1690 1649 Unum
1712 1621 1783 1650 scio:
1812 1629 1903 1658 neque
1931 1629 2033 1650 aurum

1184 1677 1275 1706 neque
1296 1671 1459 1705 argentum,
1482 1676 1545 1697 cum
1568 1668 1626 1705 ipse
1647 1668 1734 1697 dicat:
1758 1668 1921 1706 Aryemum
1939 1672 1965 1697 et
1979 1676 2033 1697 att—

1184 1724 1254 1744 rmu
1274 1724 1333 1743 nou
1353 1719 1393 1743 est
1414 1714 1496 1743 milti.
1512 1715 1591 1749 Esto,
1614 1717 1645 1743 ut
1666 1715 1719 1743 alia
1734 1722 1913 1752 quacumque
1928 1715 2033 1744 ratione

1186 1763 1253 1791 haec
1276 1762 1323 1791 tibi
1339 1762 1475 1796 vindices,
1498 1761 1545 1790 sed
1566 1770 1620 1790 non
1640 1761 1789 1798 apostolico
1804 1762 1874 1790 iure.
1889 1762 1943 1791 Nec
1960 1761 2034 1790 enim

1185 1809 1233 1838 tibi
1255 1809 1321 1838 dare
1337 1809 1411 1846 quod
1433 1817 1486 1837 non
1509 1809 1607 1837 habuit
1628 1809 1718 1845 potuit
1732 1821 1759 1837 ».
1782 1809 1852 1837 Haec
1867 1809 2032 1838 Bernardus.

1267 1857 1310 1885 tlt.
1334 1856 1371 1885 Ad
1392 1856 1505 1885 tertium
1528 1856 1690 1890 dicendum,
1712 1856 1787 1893 quod
1808 1856 1923 1893 praelati
1945 1856 1979 1885 ad
1993 1856 2033 1885 vi-

1186 1906 1242 1932 tam
1265 1904 1338 1932 illam
1360 1912 1415 1932 non
1437 1906 1577 1937 tenentur,
1599 1903 1665 1940 quia
1686 1903 1875 1932 indifferenter
1903 1903 2034 1932 omnibus

1186 1950 1351 1987 proponitur
1372 1958 1433 1979 eam
1454 1950 1610 1978 volentibus
1632 1950 1742 1978 imitari.
1762 1950 1838 1979 Unde
1853 1950 2035 1987 Hieronymus

1185 1998 1219 2027 ad
1240 1998 1432 2027 Hedibiam11:
1459 2009 1471 2023 «κ
1487 1997 1535 2026 Vis
1556 1997 1677 2034 perfecta
1699 2005 1758 2026 esse
1773 2000 1800 2026 et
1814 1997 1842 2026 in
1857 1998 1947 2034 primo
1961 2000 2035 2026 stare

343 2175 351 2187 ¹
369 2176 436 2198 Num.
455 2175 476 2197 lt.
493 2177 515 2197 et
532 2181 551 2197 0.
569 2176 590 2197 2.
609 2181 631 2196 0.
648 2175 671 2196 7.
688 2174 852 2202 Respiciuntur
869 2174 918 2196 Aet.
938 2173 964 2201 4,
988 2174 1026 2195 32.
1050 2179 1128 2202 50(1(1.1

280 2214 321 2237 ubi
338 2214 434 2241 dicitur,
451 2214 516 2242 quod
534 2213 672 2235 multitudini
690 2213 833 2235 credentium
851 2213 929 2235 omnia
946 2215 1010 2234 erant
1025 2218 1129 2234 commu-

280 2254 331 2280 nia,
349 2253 461 2282 quodque
478 2252 591 2280 Apostolis
608 2251 761 2274 afferebantur
778 2251 851 2279 pretia
869 2257 950 2273 eorum
968 2257 1028 2280 quae
1045 2251 1129 2273 vende-

281 2292 365 2315 bantur
383 2292 411 2314 ad
429 2291 582 2314 dividendum
600 2291 708 2319 singulis,
725 2293 795 2319 prout
806 2297 866 2318 opus
878 2293 938 2318 erat;
950 2293 972 2312 et
984 2290 1009 2317 6,
1022 2291 1044 2312 2.
1055 2296 1128 2319 seqq„

281 2331 321 2354 ubi
339 2333 395 2354 haec
411 2330 552 2359 dispensatio
569 2333 658 2358 septem
677 2329 813 2352 diaconibus
830 2329 988 2352 committitur.
1001 2329 1046 2351 Cfr.
1058 2335 1129 2357 supra

281 2371 367 2399 Opusc.
379 2370 416 2392 Xl.
429 2369 540 2398 Apologia
559 2375 703 2397 pauperum,
715 2375 734 2391 c.
747 2368 770 2391 7.
784 2375 806 2390 0.
824 2369 861 2391 32.
877 2380 909 2385 —
926 2369 968 2390 Pro
982 2367 1129 2398 primariam

281 2411 298 2433 A
317 2412 339 2432 et
356 2410 392 2432 ed.
412 2410 419 2431 1
438 2408 627 2438 permoti-imam.

344 2448 353 2461 2
371 2449 437 2471 Vers.
455 2449 493 2471 30.
509 2460 541 2465 —
557 2449 636 2470 Glossa
654 2450 688 2470 est
705 2447 848 2476 orcltnarz’a;
865 2448 906 2469 cfr.
923 2453 993 2475 supra
1006 2453 1060 2475 pag.
1076 2446 1129 2474 274,

282 2491 335 2511 nota
356 2488 394 2510 12.

346 2526 355 2539 ³
372 2528 433 2550 loan.
452 2527 477 2555 8,
495 2527 531 2549 59.
550 2526 596 2549 Cfr.
614 2532 684 2554 supra
702 2526 788 2554 Opusc.
806 2526 843 2547 Xl.
861 2525 973 2553 Apologia
991 2531 1130 2553 pauperum,

282 2573 302 2589 c.
321 2566 342 2589 4.
360 2572 401 2594 001·
420 2568 500 2588 totum.
518 2578 549 2582 —
567 2565 678 2593 Superius
696 2571 738 2593 pro
756 2564 790 2588 Sic
804 2565 828 2587 tn
845 2570 928 2588 eorum
946 2565 964 2587 D
980 2564 1042 2588 sicut
1059 2564 1131 2587 etiam

282 2605 308 2628 in
325 2611 416 2628 eorum.

345 2644 355 2657 4
372 2644 416 2667 Csr.
434 2645 494 2667 toan.
514 2645 555 2672 18,
574 2644 594 2666 4,
612 2650 660 2673 seq.
678 2656 709 2660 —
726 2644 768 2666 Pro
787 2642 833 2666 Sed
857 2643 882 2666 in
898 2643 1034 2673 exemplum
1056 2643 1096 2672 (ita
1113 2643 1131 2665 A

283 2684 329 2706 DG
346 2686 369 2706 et
385 2684 421 2706 ed.
440 2684 462 2712 1)
482 2684 531 2706 Vat.
548 2683 588 2706 Sic
605 2683 630 2706 in
646 2682 791 2712 eoeemptuen.

346 2721 355 2734 ⁵
373 2723 443 2751 Epist.
461 2723 474 2745 l.
492 2722 544 2745 Cor.
561 2723 588 2750 2,
601 2723 627 2744 6:
642 2722 781 2750 Sapientiam
795 2724 871 2744 autem
883 2722 1000 2751 loquimur
1012 2722 1070 2744 inter
1082 2727 1132 2750 per-

285 2763 362 2784 fectos.
379 2762 435 2784 lbid.
454 2762 480 2789 3,
499 2763 525 2784 2:
542 2763 586 2784 Lac
604 2761 671 2784 vobis
688 2764 770 2789 potum
788 2761 854 2788 dedi,
866 2767 914 2783 non
925 2767 1015 2789 escam3
1027 2761 1130 2784 nondum

285 2801 346 2823 enim
363 2801 473 2829 poteratis
490 2804 532 2823 etc.
549 2801 618 2823 Hebr.
637 2801 664 2828 5,
683 2802 719 2823 12,
738 2807 816 2830 50(1(1.;
833 2801 894 2823 Facti
911 2801 965 2824 estis
977 2800 1063 2830 quibus
1075 2801 1132 2823 lacte

284 2846 344 2868 opus
361 2840 401 2867 sit,
418 2846 463 2862 non
480 2840 553 2862 solido
571 2840 623 2862 cibo
640 2843 684 2863 ete.

347 2877 357 2891 ⁶
374 2879 448 2906 Beda,
466 2880 489 2901 ll.
507 2879 530 2901 10
547 2880 622 2902 Matth.
642 2880 684 2907 to,
702 2880 740 2901 24.
757 2886 818 2908 seq.:
836 2880 868 2902 Ac
885 2879 903 2902 si
916 2879 1014 2902 diceret:
1031 2887 1041 2899 ιι
1053 2879 1076 2901 Si
1088 2885 1132 2907 ego

285 2917 397 2939 Dominus
419 2920 441 2939 et
466 2918 575 2945 magister
592 2919 674 2947 patior,
700 2924 793 2941 necesse
810 2921 856 2945 est,
874 2921 899 2941 ut
914 2925 970 2945 vos,
988 2918 1093 2947 discipuli
1111 2920 1133 2940 et

285 2956 338 2984 puri
355 2957 472 2985 homines,
490 2958 549 2979 hanc
573 2957 719 2985 perfectionis
744 2958 848 2985 regulam
872 2957 1001 2986 sequamini
1014 2966 1035 2980 n.
1060 2957 1132 2980 Simili

286 2995 357 3018 modo
374 2996 470 3023 explicat
487 2996 565 3018 Glossa
584 2995 716 3019 ordinaria.
735 3009 765 3012 —
782 2997 835 3019 Post
851 2996 939 3020 scilicet
955 2997 973 3019 D
990 2996 1132 3020 11111111ἀὶεοί-

282 3034 338 3064 pzttt
355 3034 450 3058 Christi.
467 3035 509 3057 Pro
526 3036 675 3064 perseverent
694 3036 743 3057 Vat.
758 3037 899 3064 perseueret.

1248 2171 1257 2184 ⁷
1275 2173 1342 2194 Num.
1361 2172 1382 2194 3.
1399 2178 1465 2200 seqq.
1482 2174 1504 2194 et
1520 2177 1541 2193 0.
1558 2172 1580 2193 2.
1597 2177 1620 2193 0.
1637 2171 1660 2192 7.
1678 2170 1723 2194 Cfr.
1741 2177 1811 2199 supra
1828 2170 1914 2199 00050.
1926 2171 1965 2193 XI.
1976 2170 2036 2199 Apo-

1186 2211 1246 2240 logia
1264 2217 1407 2239 pauperum,
1425 2217 1444 2233 c.
1462 2210 1484 2232 7.
1501 2217 1522 2232 0.
1542 2210 1578 2232 20.

1248 2249 1257 2262 ⁵
1275 2250 1320 2273 Csr.
1339 2250 1387 2272 Act.
1406 2250 1448 2278 20,
1467 2250 1509 2276 283
1527 2250 1542 2271 l.
1560 2249 1620 2271 Tim.
1643 2250 1663 2277 t,
1681 2249 1708 2276 3;
1727 2249 1771 2271 Tit.
1793 2250 1814 2276 l,
1832 2249 1858 2276 ὃς
1880 2248 1952 2277 Apoc.
1975 2255 1996 2271 c.
2013 2249 2035 2271 2Δ

1186 2292 1208 2312 01
1226 2290 1238 2312 3
1247 2306 1252 2316 ,
1271 2289 1311 2311 ubi
1328 2289 1357 2312 de
1375 2289 1475 2317 angelis,
1488 2289 1510 2311 id
1523 2291 1556 2311 est
1568 2289 1684 2317 episcopis
1696 2290 1783 2316 septem
1799 2288 1947 2311 ecclesiarum
1960 2288 2036 2311 Asiae.

1186 2341 1217 2345 —
1234 2329 1329 2351 inferius
1346 2334 1388 2356 pro
1407 2327 1466 2351 bona
1485 2327 1603 2351 Ecclesiae
1620 2328 1657 2350 ed.
1678 2329 1683 2349 t
1705 2327 1766 2350 bona
1778 2327 1947 2356 ecclesiastiea,
1960 2330 1982 2350 et
1993 2334 2035 2356 pro

1187 2374 1215 2392 (10
1231 2368 1281 2391 suis
1298 2367 1396 2391 subditis
1416 2368 1467 2389 Vat.
1484 2367 1507 2390 in
1525 2373 1549 2390 se
1565 2368 1588 2389 et
1603 2367 1653 2390 sats
1670 2366 1777 2390 subditis.

1250 2406 1259 2419 ⁹
1277 2407 1331 2429 Can.
1349 2407 1391 2433 t6,
1409 2407 1431 2428 in
1449 2413 1509 2435 quo,
1527 2407 1668 2434 praemisso,
1685 2406 1749 2435 quod
1766 2409 1861 2434 propter
1872 2406 1984 2429 maiorem
1995 2406 2037 2428 uti-

1187 2446 1272 2469 litatem
1291 2446 1479 2474 consequendam
1498 2445 1635 2468 donationes
1651 2451 1663 2467 a
1684 2445 1792 2468 fidelibus
1814 2445 1916 2467 ecclesiis
1939 2445 2036 2467 matrici-

1188 2485 1232 2508 bus
1249 2485 1294 2508 sint
1311 2486 1382 2507 sactae
1401 2485 1449 2514 (cfr.
1469 2491 1539 2512 supra
1557 2491 1612 2512 pag.
1629 2485 1688 2512 289,
1706 2487 1759 2507 nota
1777 2484 1820 2513 6.)‚
1838 2484 1952 2511 statuitur,
1971 2484 2036 2513 quod

1187 2531 1237 2552 res,
1254 2531 1314 2553 quae
1331 2527 1383 2547 sunt
1396 2525 1417 2546 in
1430 2524 1516 2547 ditione
1528 2524 1672 2552 singularum
1684 2523 1848 2552 parochiarum
1860 2524 2035 2552 episcoporum,

1188 2563 1230 2593 qni
1247 2563 1322 2587 locun]
1341 2565 1419 2586 tenent
1434 2562 1615 2593 Apostolorum,
1633 2562 1663 2585 ab
1680 2563 1737 2591 ipsis
1753 2562 1848 2591 quidem
1872 2562 2036 2584 ministrandae

1188 2603 1233 2625 sint
1249 2603 1321 2625 vitam
1339 2609 1488 2625 communem
1506 2603 1592 2630 degere
1608 2602 1752 2629 volentibus,
1770 2602 1811 2624 sed
1828 2602 1891 2624 nullo
1904 2601 1974 2624 modo
1985 2601 2037 2624 alie-

1188 2642 1279 2665 nandae
1297 2642 1347 2671 (cfr.
1365 2648 1435 2670 supra
1447 2642 1532 2670 Opusc.
1546 2642 1584 2664 Xl.
1601 2642 1712 2670 Apologia
1725 2647 1869 2669 pauperum,
1881 2647 1901 2665 0.
1915 2642 1952 2663 12.
1963 2647 1986 2664 n.
1999 2641 2035 2663 19.

1188 2682 1248 2705 circa
1266 2682 1354 2710 finem).
1371 2694 1401 2698 —
1419 2682 1531 2709 Superius
1543 2683 1595 2709 post
1606 2680 1755 2704 auctoritatis
1768 2682 1785 2702 Α
1795 2681 1811 2702 Β
1821 2680 1866 2703 CG
1878 2682 1900 2702 et
1910 2680 1947 2702 ed.
1964 2681 1968 2702 1
1985 2686 2037 2708 pro-

1189 2724 1330 2750 sequuntur:
1348 2720 1373 2743 in.
1390 2720 1531 2750 obliyntz'otze
1543 2719 1576 2743 ad
1592 2719 1669 2743 trinae
1680 2719 1709 2749 [Β
1723 2720 1816 2742 forsitan
1828 2718 1961 2748 doctrinae,
1975 2719 1993 2741 G
2005 2718 2037 2742 ad

1189 2760 1263 2789 tuere]
1281 2759 1441 2783 ministerium
1456 2759 1589 2789 passione,
1606 2758 1647 2782 sed
1663 2765 1712 2782 own
1729 2758 1754 2782 tn
1771 2758 1924 2782 districtionis
1941 2759 1963 2782 et
1977 2764 2036 2788 pau-

1186 2799 1287 2829 pertatis
1305 2798 1378 2822 debito
1396 2798 1556 2828 supradictae.

1253 2837 1272 2851 ¹⁰
1289 2838 1345 2866 Cap.
1363 2839 1384 2860 6.
1401 2845 1422 2860 n.
1442 2838 1477 2860 10.
1495 2838 1628 2865 Allegantur
1645 2838 1669 2860 ll.
1686 2837 1737 2860 Cor.
1750 2838 1790 2866 11,
1806 2838 1848 2865 28;
1861 2838 1908 2860 Act.
1921 2837 1947 2866 3,
1960 2837 1981 2859 6.
1994 2838 2036 2859 Pro

1189 2879 1258 2907 (ιι-901
1275 2878 1294 2900 D
1305 2878 1323 2900 G
1341 2880 1363 2900 et
1379 2878 1415 2900 ed.
1435 2878 1442 2899 1
1464 2876 1533 2907 viyet.
1551 2877 1603 2899 Post
1619 2882 1668 2899 non
1684 2878 1717 2899 est
1739 2876 1799 2899 mihi
1822 2878 1895 2899 textus
1919 2876 2036 2904 originalis

1189 2917 1254 2945 plura
1272 2917 1343 2939 addit.
1361 2916 1406 2939 Cfr.
1423 2922 1493 2945 supra
1511 2923 1565 2944 pag.
1583 2916 1641 2943 276,
1659 2919 1713 2938 nota
1731 2917 1752 2938 2.

1253 2956 1271 2969 ¹¹
1290 2957 1359 2984 Epist.
1382 2957 1430 2979 120.
1455 2956 1519 2984 (alias
1543 2956 1603 2984 150.)
1622 2962 1642 2978 0.
1661 2957 1682 2978 t.
1703 2956 1819 2984 Allegatur
1841 2956 1917 2978 Matth.
1937 2956 1976 2983 19,
1998 2956 2035 2977 21.

1189 2995 1254 3019 Circa
1271 2996 1355 3023 finem,
1372 3002 1443 3024 quem
1462 2996 1511 3017 Vat.
1529 3001 1574 3017 non
1592 2996 1688 3023 allegat,
1713 2997 1787 3017 textus
1812 2994 1929 3023 originalis
1953 2994 2036 3017 omittit

1188 3034 1282 3058 virtute.
1300 3034 1345 3057 Cir.
1362 3041 1431 3062 supra
1451 3040 1505 3063 pag.
1523 3035 1580 3063 280,
1598 3037 1651 3057 nota
1670 3034 1691 3056 4.

2040 543 2132 587 aaa

2045 921 2116 941 Notand'
2121 937 2126 944 .

2124 1741 2125 1760 l

2124 1763 2125 1779 1

2124 1781 2125 1797 l

2124 1810 2126 1820 ‹

2062 1858 2116 1883 Resp.
2125 1849 2126 1880 1

2068 1883 2117 1903 tertii
2125 1882 2126 1910 1
