2133 3317
426 219 623 248 OPUSCULUM
643 219 732 247 xxm.
754 219 902 248 LEGENDA
926 220 1039 249 SANCTI
1061 221 1233 249 FRANClSCl.
1256 221 1417 250 MlRACULA
1439 224 1456 257 ὅ
1478 222 1518 250 ΙΧ.

180 297 206 326 3.
230 297 256 325 ln
279 298 416 325 maritima
437 297 536 325 mulier
567 296 701 333 quaedam
724 297 823 325 mentis
843 297 943 326 aliena-

24 351 87 372 ·ntum-
103 345 202 373 tionem
223 351 272 380 per
294 343 514 380 quinquennium
535 351 628 379 passa,
651 343 711 371 visu
733 346 760 371 et
774 343 870 371 auditu
886 344 942 380 pri-

102 394 163 420 vata
190 394 246 423 est,
278 390 439 418 indumenta
466 389 613 418 dilaniabat
643 389 788 424 dentibus,
817 390 887 426 ignis
916 393 943 418 et

102 444 188 474 aquae
214 437 369 472 periculum
392 444 444 465 non
468 436 579 464 timebat
607 440 634 465 et
667 436 761 465 caduci
793 437 881 465 morbi
908 437 941 465 ad

102 491 240 513 summum
273 483 429 511 incurrerat
465 483 623 511 horribilem
660 484 822 519 passionem.
859 484 942 512 Nocte

102 538 167 559 vero
185 530 319 566 quadam,
341 537 404 557 cum
426 529 585 566 disponeret
605 530 656 558 sibi
678 530 770 558 divina
785 530 942 559 misericor-

101 577 144 606 dia
166 576 304 610 misereri,
326 576 455 604 salutaris
483 576 589 613 fulgore
617 577 686 605 lucis
718 577 942 613 superillustrata

101 623 245 656 divinitus,
268 622 350 656 vidit,
382 622 492 651 beatum
524 623 699 651 Franciscum
731 631 815 659 super
841 624 939 652 solium

101 670 195 699 sedere
216 669 348 702 sublime,
370 673 433 698 ante
454 678 536 706 quem
554 673 700 706 prostrata,
717 670 858 698 sanitatem
875 678 941 707 sup-

100 716 206 754 pliciter
227 716 402 752 exposcebat.
427 716 472 744 lllo
494 724 560 744 vero
581 716 702 744 nondum
725 716 831 745 favente
854 717 941 753 preci-

100 765 166 798 bus,
198 763 319 791 firmavit
347 763 446 791 mulier
478 765 590 797 votum,
619 763 782 799 promittens
815 772 864 799 pro
894 764 940 791 Dei

100 817 191 840 amore
212 817 243 838 ac
264 810 354 838 Sancti
377 809 548 846 petentibus,
570 809 655 838 donec
678 810 808 843 haberet,
824 810 941 838 eleemo-

100 864 193 894 synam
216 864 268 884 non
290 864 399 893 negare.
422 856 494 884 lllico
516 856 631 884 Sanctus
647 859 756 892 pactum
774 856 941 893 recognovit,

99 903 172 941 quod
194 903 258 931 olim
280 910 343 931 cum
370 903 484 931 Domino
513 903 600 931 simile
628 902 761 936 fecerat¹,
783 906 810 931 et
831 904 942 940 signans

99 958 158 980 eam
180 950 271 979 crucis
291 950 447 987 signaculo,
470 950 604 986 integram
626 950 676 978 sibi
699 950 819 978 restituit
841 950 942 979 sanita-

31 1001 82 1021 min-
101 1000 164 1027 tem.
188 1014 225 1018 —
245 998 263 1025 Α
285 997 418 1025 consimili
451 997 576 1034 passione
608 997 726 1034 puellam
749 997 886 1034 quandam
907 997 941 1026 de

100 1044 198 1074 Nursia
218 1047 245 1073 et
265 1044 352 1072 filium
376 1044 518 1072 cuiusdam
541 1043 639 1072 nobilis
654 1044 705 1072 viri
728 1046 754 1071 et
779 1044 845 1072 alios
858 1052 941 1081 quos-

99 1091 159 1120 dam
186 1090 318 1119 relatione
340 1091 459 1119 veridica
480 1094 652 1127 compertum
675 1094 716 1119 est
737 1091 866 1119 Sanctum
890 1091 936 1119 Dei

98 1137 271 1166 Franciscum
293 1137 508 1165 misericorditer
531 1137 669 1166 liberasse.

174 1185 200 1213 4.
225 1184 321 1212 Petrus
341 1184 374 1212 de
403 1183 525 1220 Fulginio
547 1183 580 1211 ad
602 1183 737 1211 visitanda
759 1183 851 1211 limina
866 1184 937 1212 beati

97 1230 255 1260 Michaelis2
278 1230 395 1268 quodam
418 1234 541 1266 tempore
564 1238 695 1267 pergens,
709 1230 774 1258 dum
792 1230 882 1258 minus
897 1238 940 1259 re-

97 1281 225 1307 verenter
256 1277 505 1314 peregrinationem
537 1277 657 1313 peregit,
690 1277 771 1305 fontis
792 1277 935 1305 cuiusdam

97 1332 195 1362 aquam
207 1324 364 1361 degustans,
380 1332 394 1352 a
409 1323 589 1352 daemonibus
604 1326 645 1352 est
660 1324 779 1352 invasus.
793 1324 824 1351 Et
839 1324 939 1352 exinde

97 1379 146 1408 per
171 1374 227 1400 tres
248 1379 334 1399 annos
355 1371 500 1404 obsessus,
521 1370 731 1407 discerpebatur
756 1371 782 1398 in
805 1378 937 1407 corpore,

97 1417 213 1455 pessima
228 1418 343 1454 loquens
364 1420 391 1446 et
406 1417 545 1445 horrenda
566 1417 762 1454 praetendens:
779 1417 883 1446 habens
900 1421 938 1446 ta-

96 1472 157 1494 men
179 1464 327 1501 aliquando
348 1464 438 1492 lucida
459 1464 619 1497 intervalla,
635 1464 706 1492 beati
729 1464 780 1492 viri
799 1464 938 1498 virtutem,

96 1519 178 1548 quam
210 1511 348 1540 efficacem
377 1511 502 1539 audierat
530 1510 563 1539 ad
595 1510 754 1547 effugandas
775 1512 870 1539 aereas
892 1519 939 1547 po-

96 1561 223 1592 testates,
244 1557 387 1586 humiliter
420 1557 564 1594 requisivit
595 1561 622 1585 et
649 1557 681 1585 ad
715 1557 873 1594 sepulcrum
901 1557 937 1594 pii

96 1605 182 1633 Patris
202 1604 349 1638 accedens,
371 1612 436 1632 mox
460 1607 491 1633 ut
513 1604 578 1632 illud
595 1604 708 1640 contigit
724 1612 823 1638 manu,
845 1612 861 1632 a
875 1604 938 1633 dae-

96 1651 223 1680 monibus
244 1651 394 1679 crudeliter
415 1658 478 1679 eum
500 1650 720 1687 discerpentibus
741 1650 856 1679 mirifice
871 1651 938 1679 libe-

25 1709 33 1716 υ
74 1701 173 1726 ·ratus
193 1697 253 1726 fuit.
276 1714 313 1717 -
335 1697 419 1725 Simili
441 1697 523 1725 etiam
546 1697 626 1725 modo
647 1697 756 1725 mulieri
772 1697 879 1725 cuidam
903 1697 937 1725 de

94 1745 193 1774 Narnio
228 1744 338 1773 habenti
374 1744 548 1773 daemonium
584 1744 772 1773 misericordia
802 1744 937 1773 Francisci

95 1791 222 1820 subvenit
242 1795 269 1820 et
290 1791 350 1820 aliis
371 1791 514 1828 pluribus,
536 1799 655 1828 quarum
689 1791 866 1819 vexationum
889 1799 937 1819 an-

94 1837 197 1875 gustias
218 1841 245 1866 et
266 1838 440 1866 curationum
463 1837 557 1866 modos
585 1838 696 1874 longum
719 1840 791 1866 esset
811 1845 860 1874 per
882 1837 938 1865 sin-

94 1883 158 1921 gula
179 1891 318 1913 enarrare.

174 1931 199 1959 5.
222 1930 270 1959 Vir
290 1931 417 1967 quidam,
439 1931 548 1959 nomine
579 1931 684 1964 Bonus,
707 1931 789 1959 homo
816 1931 850 1959 de
871 1931 937 1959 civi-

74 1979 149 2006 -tate
179 1977 243 2006 Fani
255 1978 275 2011 ³,
305 1978 473 2014 paralyticus
504 1981 531 2006 et
561 1978 703 2014 leprosus,
730 1977 762 2006 ad
794 1977 935 2006 ecclesiam

95 2024 165 2053 beati
187 2024 322 2053 Francisci
350 2032 367 2052 a
393 2024 555 2061 parentibus
585 2024 762 2061 deportatus,
790 2025 937 2061 utriusque

22 2073 38 2089 Ἠ
73 2071 182 2100 ·morbi
204 2071 312 2108 plenam
335 2074 499 2100 consecutus
527 2074 569 2100 est
596 2071 749 2100 sanitatem.
772 2088 810 2092 ——
831 2071 882 2100 Sed
911 2074 937 2100 et

95 2118 164 2147 alius
185 2118 293 2147 iuvenis
313 2118 441 2155 quidam,
463 2119 527 2146 Acto
548 2118 671 2152 nomine,
693 2118 727 2146 de
748 2122 841 2147 sancto
856 2119 937 2147 Seve-

94 2165 155 2194 rino
165 2166 186 2200 4,
208 2168 283 2193 totus
304 2165 445 2202 leprosus,
467 2168 530 2193 voto
551 2165 663 2199 emisso,
679 2168 705 2193 et
720 2165 753 2193 ad
774 2165 935 2202 sepulcrum

94 2211 183 2240 Sancti
203 2211 325 2245 delatus,
354 2211 460 2240 meritis
491 2212 578 2248 ipsius
608 2211 685 2248 lepra
713 2211 862 2240 mundatus
886 2215 935 2241 est.

94 2257 192 2286 Habuit
212 2257 323 2295 quidem
345 2259 461 2286 Sanctus
480 2265 566 2294 supra
588 2258 744 2286 huiusmodi
770 2258 867 2287 morbo
888 2266 937 2287 cu-

94 2304 180 2333 rando
201 2304 411 2341 praecellentem
434 2304 581 2338 virtutem,
603 2312 654 2341 pro
675 2312 707 2333 eo
728 2305 801 2341 quod
823 2305 936 2333 humili-

95 2351 156 2380 tatis
176 2353 203 2380 et
224 2351 333 2388 pietatis
353 2358 446 2379 amore
468 2351 643 2387 leprosorum
675 2351 815 2388 obsequiis
835 2354 935 2380 semet-

94 2397 183 2434 ipsum
206 2397 349 2426 humiliter
369 2398 523 2434 deputarat.

173 2445 197 2473 6.
220 2445 322 2473 Nobilis
343 2444 477 2481 quaedam
499 2444 616 2478 mulier,
638 2444 739 2481 Rogata
760 2444 885 2478 nomine,
908 2445 935 2472 in

74 2507 79 2514 -
95 2491 252 2528 episcopatu
274 2492 377 2520 Sorano
388 2491 408 2525 ⁵,
423 2499 472 2528 per
488 2491 583 2528 viginti
606 2495 663 2520 tres
683 2499 769 2519 annos
787 2490 869 2519 fluxu
884 2491 936 2519 fuit

95 2538 235 2575 sanguinis
256 2538 381 2575 fatigata,
403 2538 450 2566 sed
478 2541 504 2566 et
533 2546 549 2566 a
569 2546 652 2574 qnam
675 2537 803 2574 pluribus
823 2537 936 2566 medicis

1787 224 1838 252 561

999 305 1083 334 quam
1099 298 1219 334 plurima
1234 299 1305 326 mala
1322 307 1466 335 perpessa;
1489 308 1555 336 prae
1576 300 1715 329 nimietate
1729 301 1840 337 quidem

1001 344 1141 380 languoris
1162 345 1271 380 saepius
1294 345 1438 374 videbatur
1460 347 1559 375 mulier
1581 347 1741 383 exspirare;
1757 347 1803 375 sed
1820 348 1840 375 si

999 390 1110 427 quando
1131 391 1228 419 ssuxus
1260 391 1417 420 huiusmodi
1446 393 1650 430 stringebatur,
1675 394 1843 423 tumescebat

1000 444 1115 473 corpore
1137 441 1202 465 toto.
1226 438 1343 466 Audiens
1364 442 1456 467 autem
1485 440 1621 476 quendam
1655 449 1773 477 puerum
1796 441 1842 469 Ro-

1001 492 1081 511 mano
1102 492 1228 512 sermone
1260 489 1402 513 canentem
1435 487 1583 521 miracula,
1606 496 1676 524 quae
1699 488 1772 516 Deus
1793 496 1842 524 per

1000 530 1110 558 beatum
1143 531 1317 559 Franciscum
1353 532 1441 560 fuerat
1469 537 1615 569 operatus,
1643 534 1727 562 nimio
1748 534 1842 563 dolore

1000 580 1149 610 commota,
1172 580 1227 606 tota
1249 579 1377 615 prorupit
1399 579 1424 607 in
1449 579 1583 615 lacrymas
1604 581 1698 617 sicque
1720 581 1792 609 intra
1814 589 1842 610 se

1000 623 1052 652 lide
1076 632 1190 653 accensa
1217 624 1308 653 dicere
1329 626 1433 661 coepit:
1460 638 1473 650 «t
1489 626 1511 654 Ο
1533 627 1610 655 beate
1634 627 1711 655 Pater
1734 628 1841 656 Franci-

999 678 1058 704 sce,
1080 671 1126 707 qui
1151 672 1232 700 tantis
1263 679 1393 700 coruscas
1424 673 1578 707 miraculis,
1601 674 1621 701 si
1656 682 1698 703 me
1719 675 1841 711 digneris

998 717 1033 745 ab
1061 717 1111 745 hac
1143 718 1315 754 aegritudine
1347 719 1481 752 liberare,
1504 728 1601 756 magna
1634 721 1680 749 tibi
1703 726 1841 750 accrescet

998 764 1100 800 gloria,
1122 765 1251 801 quoniam
1274 765 1365 793 adhuc
1388 769 1493 794 tantum
1517 767 1681 795 miraculum
1706 776 1758 796 non
1779 768 1842 796 feci-

998 811 1074 839 sti».
1097 811 1165 847 Quid
1190 812 1292 847 plura?
1315 812 1358 840 llis
1379 812 1474 845 dictis,
1503 813 1587 841 sensit
1615 822 1643 842 sc
1666 814 1735 842 beati
1759 815 1841 843 Fran-

998 857 1061 886 cisci
1091 858 1197 886 meritis
1230 858 1380 887 liberatam.
1414 876 1449 880 —-
1483 860 1579 888 Filium
1612 869 1723 897 quoque
1745 861 1840 898 ipsius,

998 904 1114 932 Marium
1126 905 1137 921 ⁶
1160 905 1284 939 nomine,
1300 906 1346 942 qui
1364 906 1508 934 brachium
1526 907 1643 936 habebat
1658 911 1840 942 contractum,

998 954 1110 979 sanctus
1131 952 1300 986 Franciscus,
1317 956 1379 980 voto
1394 953 1426 980 ad
1443 953 1532 989 ipsum
1549 954 1658 987 emisso,
1674 955 1787 982 sanavit.
1808 972 1842 976 —-

998 998 1135 1025 Feminam
1157 998 1238 1026 etiam
1261 999 1398 1035 quandam
1421 999 1453 1027 de
1486 1000 1575 1028 Sicilia
1597 1009 1645 1036 per
1667 1003 1839 1037 septenninn'i

999 1044 1080 1073 ssuxu
1101 1044 1242 1081 sanguinis
1262 1045 1400 1081 fatigatam
1425 1045 1521 1074 beatus
1542 1046 1642 1074 Christi
1666 1047 1777 1083 signifer
1800 1056 1841 1076 sa—

998 1099 1060 1119 nam
1083 1091 1176 1119 fecit7.

1077 1139 1102 1165 7.
1126 1138 1152 1165 ln
1177 1138 1245 1166 urbe
1267 1138 1387 1166 Romana
1410 1139 1541 1167 Praxealis
1565 1140 1698 1176 quaedam
1724 1142 1841 1175 nomine,

999 1184 1175 1221 religiositate
1207 1184 1324 1218 famosa,
1346 1193 1417 1222 quae
1438 1194 1454 1213 a
1483 1187 1582 1214 tenella
1609 1190 1696 1215 aetate
1729 1192 1841 1224 propter

997 1231 1101 1259 aeterni
1123 1232 1218 1267 Sponsi
1241 1240 1361 1260 amorem
1385 1236 1461 1261 arcto
1482 1241 1511 1261 se
1532 1241 1643 1262 carcerc
1660 1242 1707 1270 per
1723 1235 1841 1271 quadra-

997 1278 1072 1314 gintav
1094 1278 1145 1306 iam
1169 1278 1225 1306 fere
1246 1286 1331 1307 annos
1352 1279 1508 1313 abdiderat,
1531 1280 1603 1316 apud
1625 1280 1735 1308 beatum
1759 1282 1841 1309 Fran-

998 1325 1101 1353 ciscum
1124 1326 1240 1361 gratiam
1264 1326 1417 1362 promeruit
1439 1326 1583 1362 specialem
1596 1327 1615 1354 ⁸.
1631 1327 1696 1355 Nam
1720 1335 1782 1356 cum
1798 1328 1841 1356 die

997 1371 1115 1408 quadam
1137 1380 1188 1408 pro
1210 1372 1293 1400 rebus
1314 1373 1479 1408 opportunis
1510 1373 1641 1401 solarium
1671 1382 1737 1402 suae
1758 1375 1839 1403 cellu-

998 1419 1037 1447 lae
1059 1419 1274 1452 conscendisset,
1291 1423 1317 1447 et
1332 1419 1495 1455 impulsione
1511 1420 1682 1456 phantastica
1697 1429 1840 1455 currimns,

997 1465 1167 1493 confractum
1191 1465 1304 1493 haberet
1327 1466 1421 1502 pedem
1444 1473 1507 1494 cum
1537 1474 1620 1495 crure
1642 1470 1669 1495 et
1691 1468 1839 1497 humerum

996 1520 1012 1539 a
1033 1512 1166 1548 positione
1197 1512 1288 1540 debita
1317 1516 1539 1549 sequestratum;
1568 1514 1697 1550 apparuit
1718 1514 1742 1542 ei
1766 1515 1841 1543 beni-

996 1559 1144 1595 gnissimus
1160 1559 1250 1592 Pater,
1267 1559 1436 1587 vestimentis
1456 1560 1559 1596 gloriae
1581 1561 1758 1595 candidatus,
1780 1562 1840 1590 dul-

996 1605 1131 1642 cibusque
1152 1605 1280 1634 affalibus
1308 1606 1410 1642 alloqui
1443 1606 1532 1643 coepit
1553 1607 1684 1635 eandem:
1711 1609 1839 1645 «Surge,

996 1652 1100 1688 inquit,
1122 1652 1177 1680 filia
1200 1652 1356 1686 benedicta,
1377 1661 1470 1689 surge,
1487 1661 1520 1681 ne
1542 1654 1676 1688 timeas»,
1698 1658 1725 1683 et
1745 1664 1840 1692 appre-

996 1698 1081 1727 hensa
1102 1706 1185 1727 manu
1202 1699 1299 1735 ipsius,
1315 1699 1435 1727 allevans
1450 1707 1525 1733 eam,
1540 1700 1684 1737 disparuit.
1703 1701 1759 1738 lpsa
1775 1710 1840 1730 vero

996 1753 1044 1781 per
1066 1745 1192 1773 cellulam
1215 1753 1293 1773 suam
1316 1746 1370 1774 huc
1398 1749 1481 1782 atque
1503 1746 1568 1775 illuc
1601 1755 1629 1775 se
1661 1752 1839 1782 convertens,

995 1792 1118 1828 putabat,
1140 1800 1169 1819 se
1189 1792 1286 1820 visum
1306 1792 1444 1826 videre&
1467 1801 1612 1830 usquequo
1634 1794 1667 1822 ad
1689 1794 1836 1823 clamorem

995 1837 1081 1874 ipsius
1102 1841 1246 1874 apportato
1268 1839 1321 1866 iam
1343 1839 1463 1873 lumine,
1479 1839 1597 1876 perfecte
1613 1849 1641 1868 se
1656 1841 1776 1870 sentiens
1791 1850 1839 1878 per

994 1893 1105 1913 servum
1129 1885 1174 1913 Dei
1198 1886 1371 1914 Franciscum
1394 1894 1453 1914 esse
1475 1890 1613 1920 sanatam,
1636 1891 1750 1921 cuncta,
1767 1896 1837 1925 quae

994 1931 1165 1965 acciderant,
1188 1940 1236 1968 per
1258 1932 1381 1960 ordinem
1404 1933 1535 1961 narravit.

1121 2026 1138 2060 ᾖ
1161 2025 1200 2053 IX.
1226 2026 1264 2053 De
1284 2034 1343 2053 non
1364 2026 1584 2055 observantibus
1604 2026 1710 2063 festum

1165 2075 1189 2099 et
1212 2071 1455 2100 innomi-antibus
1478 2073 1619 2101 Sanctum
1634 2074 1662 2101 ¹⁰.

1075 2166 1099 2193 1.
1123 2165 1149 2193 ln
1172 2165 1305 2193 pictaviae
1326 2165 1468 2201 partibus,
1491 2166 1517 2194 in
1539 2166 1615 2200 villa,
1635 2175 1706 2203 quae
1721 2168 1835 2204 Symo¹¹

993 2211 1110 2246 dicitur,
1132 2211 1260 2240 sacerdos
1281 2212 1408 2249 quidam,
1432 2213 1595 2249 Reginaldus
1617 2214 1741 2248 nomine,
1757 2215 1836 2243 beato

993 2258 1136 2287 Francisco
1167 2258 1298 2292 devotus,
1330 2258 1429 2287 festum
1459 2259 1547 2296 ipsius
1578 2260 1753 2296 parochianis
1779 2261 1836 2289 suis

994 2305 1132 2333 indixerat
1161 2305 1319 2334 solemniter
1348 2305 1553 2334 celebrandum.
1586 2306 1661 2335 Unus
1689 2310 1781 2335 autem
1802 2308 1835 2335 de

994 2351 1110 2388 populo,
1133 2351 1262 2388 ignorans
1293 2352 1381 2380 Sancti
1415 2352 1561 2386 virtutem,
1590 2353 1632 2381 sui
1665 2354 1837 2390 parvipendit

994 2397 1142 2426 sacerdotis
1154 2398 1322 2426 mandatum.
1336 2398 1468 2434 Egressus
1479 2402 1570 2427 autem
1592 2399 1665 2427 foras
1683 2400 1708 2427 in
1727 2408 1835 2436 agrum,

993 2447 1025 2473 ut
1046 2444 1118 2481 ligna
1139 2444 1307 2478 succideret,
1329 2452 1392 2473 cum
1415 2452 1444 2473 se
1472 2449 1664 2482 praeparasset
1695 2446 1728 2474 ad
1750 2454 1835 2483 opus,

993 2499 1088 2520 vocem
1119 2490 1224 2519 audivit
1253 2491 1410 2520 huiusmodi
1440 2494 1481 2520 ter
1509 2491 1661 2521 dicentem:
1696 2493 1832 2521 «Festum

993 2540 1048 2571 est;
1071 2538 1178 2574 operari
1201 2546 1254 2566 non
1284 2538 1387 2566 licet».
1415 2538 1533 2573 Verum,
1556 2547 1619 2567 cum
1642 2547 1691 2568 nec
1720 2540 1835 2576 imperio

157 2689 164 2702 ¹
182 2689 227 2713 Cfr.
244 2696 313 2718 supra
331 2697 350 2712 c.
373 2690 390 2712 1,
409 2697 429 2712 n.
452 2691 469 2712 1.
486 2703 517 2707 -
534 2689 590 2713 Cod.
609 2691 624 2712 E
647 2691 690 2712 hoc
707 2693 729 2712 et
746 2690 793 2713 duo
810 2697 874 2719 seqq.
893 2690 935 2712 mi-

96 2729 171 2751 racula
188 2729 280 2752 omittit.

156 2766 166 2780 ²
183 2769 206 2790 ln
224 2771 301 2790 monte
318 2769 438 2796 Gargano;
456 2769 496 2790 cfr.
514 2774 583 2796 supra
610 2774 630 2790 c.
650 2768 685 2790 14.
704 2774 726 2790 n.
749 2769 769 2790 6,
792 2781 822 2784 -
845 2769 887 2790 Pro
905 2768 934 2791 υἰ-

95 2805 187 2828 sitanda
203 2806 256 2829 edd.
274 2806 425 2830 visitandum.

157 2843 166 2856 ⁸
182 2845 276 2868 Fanum
294 2845 414 2868 Fortunae
431 2845 511 2874 (Fano)
530 2845 551 2867 iu
568 2846 665 2868 Marchia
684 2846 837 2873 Anconitanu,
855 2846 936 2868 civitas

96 2883 186 2906 ditionis
203 2884 346 2911 Pontificiae,
363 2884 460 2906 ducatus
477 2883 600 2906 Urbinatis.
617 2884 717 2906 Alterum
736 2884 830 2907 Fanum
846 2887 880 2906 est
897 2890 934 2905 rn-

96 2924 166 2944 strum
183 2923 248 2950 regni
267 2923 418 2951 Neapolitani,
435 2929 502 2951 prov.
520 2923 608 2951 Aprutii
626 2923 749 2945 ulterioris.

156 2960 166 2973 ⁴
182 2961 228 2983 Cfr.
245 2968 313 2989 supra
333 2968 385 2989 pag.
403 2961 461 2989 5¹5,
479 2964 531 2983 nota
545 2962 567 2983 3.
579 2974 610 2978 -
623 2961 716 2983 inferius
729 2968 770 2989 pro
788 2960 854 2990 lepra
866 2967 935 2984 miln-

97 2997 164 3022 dalus
180 3000 234 3022 edd.
251 3006 266 3022 η
283 3000 349 3030 lepra
366 2999 504 3023 mundatus.

187 3045 212 3070 S.
221 3046 311 3070 Bonav.
327 3059 357 3063 -
374 3047 442 3069 Tom.
454 3047 513 3069 vui.

1055 2689 1063 2702 ⁵
1080 2690 1143 2713 Sor-a
1159 2690 1181 2712 iu
1200 2696 1272 2717 reguo
1298 2690 1457 2717 NeapolitanO,
1483 2696 1549 2718 μνον.
1576 2691 1660 2712 Terrae
1683 2690 1785 2713 Laboris.
1803 2703 1834 2707 —

991 2729 1048 2751 Cod.
1066 2730 1081 2751 E
1099 2730 1142 2751 hoc
1158 2731 1180 2751 et
1196 2735 1260 2757 seqq.
1280 2728 1388 2750 miracula
1407 2735 1480 2757 usque
1498 2729 1525 2751 ad
1544 2731 1557 2757 23
1575 2730 1596 2750 9.
1614 2729 1703 2752 omittit.

1054 2767 1063 2780 ³
1082 2768 1132 2790 Vat.
1149 2774 1201 2790 curn
1219 2768 1255 2789 cd.
1278 2768 1282 2789 Ι
1305 2768 1423 2791 Murcum.
1566 2767 1574 2780 ⁷
1593 2768 1647 2790 Edd.
1665 2768 1755 2791 sulz-mn
1773 2768 1832 2797 fecil.

1054 2805 1063 2818 Β
1082 2807 1132 2828 Vnt.
1148 2812 1200 2828 cuin
1219 2806 1255 2828 ed.
1274 2807 1281 2828 l
1311 2806 1468 2835 spiritualem.
1495 2807 1589 2829 inferius
1615 2813 1657 2834 pro
1682 2807 1830 2836 confi-siclum

991 2845 1045 2867 edd.
1062 2851 1117 2868 cum
1133 2845 1246 2874 fluctum.

1054 2882 1063 2895 ⁹
1080 2885 1128 2906 Act.
1149 2884 1187 2911 12,
1199 2884 1224 2906 9:
1238 2883 1384 2906 Existimabat
1401 2883 1497 2913 [peu-us]
1516 2887 1603 2912 autem,
1617 2891 1641 2907 se
1657 2885 1732 2907 visum
1746 2885 1832 2907 videre.

1055 2921 1073 2935 ¹⁰
1091 2923 1148 2945 Edd.
1164 2924 1186 2945 ct
1210 2929 1256 2945 noti
1282 2922 1453 2946 honorantibus
1476 2923 1599 2946 Sanctum.
1617 2924 1672 2946 Cod.
1690 2924 1705 2946 F
1723 2925 1781 2946 hanc
1798 2931 1833 2946 ru-

992 2962 1078 2984 bricam
1097 2961 1186 2984 omittit.

1056 2999 1072 3012 ¹¹
1092 3001 1119 3022 lta
1138 3000 1214 3027 codd.5
1225 3001 1265 3029 qui
1277 3004 1352 3022 tamen
1370 3004 1422 3023 ante
1441 3000 1496 3023 villa
1513 3001 1620 3023 omittunt
1637 3001 1676 3029 ιή,·
1688 3002 1741 3024 edd.
1758 3001 1832 3025 Simo.

1709 3048 1733 3069 ’71

1861 865 1940 884 Nonum.

1861 963 1962 982 Decimum.

1857 1149 1985 1168 Undecimum.

1858 2175 1875 2194 M
1878 2176 1967 2202 iraculum

1868 2204 1955 2223 primum.
