2133 3317
125 486 195 510 Quarta
204 485 257 504 ratio.

178 865 253 889 Quinta.

191 1007 254 1026 Sexta.

270 211 327 241 364

271 293 360 319 terras
381 289 572 318 discurrerent
590 291 617 317 et
638 287 713 324 quod
731 287 810 316 nobis
832 287 954 315 dandum
976 290 1047 315 esset
1068 286 1119 323 ipsi

271 337 464 374 praeriperent
484 335 677 364 fraudulenter
698 337 726 363 et
747 337 910 371 peccarent,
931 337 959 363 et
980 333 1121 363 110611311-

271 384 418 417 daremur,
440 386 467 411 et
488 382 614 410 homines
635 384 829 418 gravarentur.

350 431 406 459 Alia
427 437 524 463 causa,
546 428 628 466 quia,
654 436 718 457 cum
740 436 791 465 pro
819 428 1008 457 aedificatione
1029 427 1121 456 Eccle-

272 478 327 508 siae
348 476 504 514 specialiter
532 476 608 504 missi
630 476 750 509 simus1‚
772 475 794 504 si
820 475 872 503 sub
900 478 995 503 nostro
1023 474 1121 503 habitu

272 525 343 554 allus
364 524 457 560 aliquo
478 526 591 560 peccato
619 522 818 551 scandalizaret
839 522 977 556 homines,
1000 522 1043 550 vel
1071 529 1121 550 nos

271 572 362 601 taliter
378 570 536 604 infamaret,
558 570 601 599 vel
623 577 701 598 suam
717 570 756 598 sic
777 569 929 606 nequitiam
949 571 1120 605 contegeret,

271 627 348 652 cum,
372 618 473 647 reiecto
496 617 592 646 habitu
614 620 722 651 nostro,
751 625 806 645 non
834 619 1046 653 agnosceretur,
1074 615 1121 644 sed

270 667 365 695 Frater
387 665 499 693 Ordinis
519 664 605 693 nostri
629 666 776 701 putaretur
795 664 847 692 hoc
868 663 980 698 secisse;
1004 663 1122 692 Ecclesia

271 721 326 742 non
348 713 464 741 haberet
484 712 518 740 de
532 711 612 740 nobis
632 711 864 744 aedificationem,
880 710 927 739 sed
948 710 1120 745 scandalum,

271 764 298 790 et
313 768 362 789 nos
376 760 537 796 frequentes
559 758 661 787 exinde
675 758 850 787 confusiones
865 760 1041 795 pateremur,
1057 766 1120 786 cum

271 808 359 836 multa
379 807 479 836 similia
505 808 688 840 attentarent,
710 805 782 834 sicut
797 805 997 842 comperimus,
1019 805 1122 842 aliquo-

272 855 323 884 ties
344 862 403 883 esse
425 854 537 882 sactum.
565 870 602 873 *-
624 853 708 887 item,
731 855 823 890 posset
844 852 1001 881 haereticus
1022 852 1122 889 aliquis

272 902 324 931 sub
345 904 441 930 nostro
463 901 561 930 habitu
582 900 609 929 in
633 900 698 929 locis
719 899 884 937 opportunis
905 899 1005 928 docere
1027 899 1122 928 haere-

273 950 340 984 sim,
362 953 393 978 ut
414 949 453 978 sic
485 948 510 977 ei
532 947 611 985 quasi
634 947 750 984 probato
782 947 870 975 Fratri
892 946 1003 975 Ordinis
1034 946 1121 974 nostri

272 997 451 1030 crederetur,
473 998 500 1024 et
525 994 596 1024 11062
625 995 751 1024 similiter
773 994 927 1023 infamaret.
943 1011 981 1014 —
997 994 1078 1027 Item,
1100 993 1122 1022 si

272 1045 343 1073 forte
364 1043 513 1081 aliquando
534 1051 571 1072 ex
594 1042 696 1071 nostris
717 1042 801 1079 aliqui
818 1042 845 1070 in
868 1042 911 1070 via
924 1041 1018 1070 minus
1038 1041 1123 1069 110116-

273 1095 314 1121 ste
336 1099 364 1120 se
386 1093 531 1128 gererent;
554 1098 617 1119 cum
640 1097 724 1126 super
746 1089 798 1118 hoc
820 1089 1031 1125 corriperentur
1045 1096 1061 1116 a
1076 1096 1124 1116 no-

273 1140 331 1174 bis,
353 1141 465 1176 possent
493 1145 631 1166 excusare
651 1144 696 1171 se,
718 1136 792 1174 quod
821 1136 874 1165 sub
901 1139 997 1164 nostro
1026 1135 1123 1163 habitu

272 1187 317 1216 alii
340 1187 392 1214 1106
413 1185 557 1218 fecissent,
586 1192 649 1213 cum
671 1183 705 1212 de
734 1183 858 1220 personis
886 1185 958 1211 esset
986 1182 1123 1216 dubium,

273 1240 344 1270 quae
365 1232 490 1260 fuissent.
508 1247 543 1250 —
559 1231 597 1259 Ne
612 1230 696 1267 igitur
714 1232 807 1258 tantus
828 1229 902 1257 Ordo
924 1229 1015 1257 taliter
1027 1228 1038 1245 3
1060 1236 1124 1256 con-

272 1280 419 1313 fundatur,
442 1281 469 1307 et
490 1280 530 1306 tot
552 1277 624 1306 mala
648 1277 712 1305 inde
734 1276 913 1314 proveniant;
942 1273 1071 1312 expedit,
1093 1278 1125 1303 ut

273 1327 385 1356 Ordinis
406 1326 493 1355 nostri
516 1325 641 1354 habitum
664 1324 758 1353 nullus
779 1324 850 1352 alius
872 1323 1051 1360 permittatur
1078 1322 1125 1351 de-

273 1375 354 1404 ferre.
391 1373 463 1411 Quid
498 1373 579 1402 etiam
615 1372 678 1400 mali
715 1374 900 1408 sequeretur,
936 1371 957 1400 si
993 1370 1126 1399 mulieres

273 1430 337 1451 eum
367 1421 439 1450 serre
468 1420 711 1458 permitterentur,
733 1419 853 1456 quisque
882 1418 1005 1455 prudens
1026 1425 1076 1454 per
1097 1425 1126 1446 se

274 1472 364 1507 potest
391 1468 580 1506 perpendere;
602 1471 629 1496 et
657 1467 717 1495 ideo
739 1469 780 1495 est
808 1465 1010 1495 studiosissime
1031 1464 1126 1502 prohi-

273 1517 405 1546 bendum.

597 1609 736 1645 QUAEsrlo
758 1608 798 1636 lX.

326 1706 386 1735 Cur
409 1706 532 1734 Fratres
553 1703 698 1741 recipiam
713 1703 821 1731 *domos
843 1702 885 1730 vel
910 1710 999 1730 areas
1020 1709 1078 1729 uon

466 1751 620 1789 contiguas
637 1750 772 1788 propriis
793 1748 935 1778 domibus.

353 1847 421 1876 Cum
444 1846 588 1880 asseratis,
606 1853 655 1874 vos
670 1844 825 1873 secundum
840 1843 995 1880 Regulam4
1016 1845 1043 1872 et
1067 1850 1129 1879 pro—

273 1895 419 1924 fessionem
443 1896 564 1923 vestram
586 1892 678 1921 nullos
698 1892 799 1920 debere
823 1891 948 1928 recipere
976 1892 1129 1927 proventus

275 1942 416 1971 redituum
438 1949 488 1970 seu
503 1940 702 1977 possessioneS,
724 1939 850 1975 exceptis
864 1938 1005 1971 domibus,
1024 1937 1051 1965 in
1067 1936 1129 1974 qui-

274 1989 328 2018 bus
345 1988 487 2022 habitatis3
504 1987 632 2016 videmini
649 1990 869 2023 transgressores
884 1985 1002 2022 Regulae
1021 1987 1129 2013 vestrae

276 2036 303 2064 in
325 2044 373 2070 eo,
395 2035 469 2073 quod
486 2034 608 2071 recipitis
629 2033 725 2062 domos
746 2033 789 2061 vel
808 2040 888 2061 areas
909 2040 964 2060 non
986 2031 1130 2068 contiguas

276 2083 377 2112 vestris
391 2082 477 2116 areis,
500 2082 528 2110 in
544 2081 647 2118 quibus
662 2080 800 2109 habitatis.
826 2079 926 2108 Eodem
946 2078 1019 2107 enim
1035 2078 1128 2112 modo,

277 2130 299 2159 si
320 2130 373 2158 hoc
395 2129 473 2163 licet,
496 2128 622 2165 poteritis
642 2127 724 2156 etiam
746 2126 840 2155 vineas
861 2125 986 2162 recipere
1006 2128 1034 2154 et
1048 2132 1129 2161 agros

277 2180 305 2206 et
325 2184 435 2205 mansos
456 2179 483 2204 et
505 2175 605 2204 similia
625 2182 753 2211 quaeque
775 2173 915 2210 recipere,
938 2173 1022 2201 immo
1046 2180 1129 2209 gran-

277 2224 335 2262 gias
357 2227 384 2252 et
406 2222 506 2252 villas⁵
529 2225 556 2251 et
570 2224 661 2251 castra
682 2224 708 2249 et
730 2224 820 2249 terras
835 2222 862 2249 et
883 2219 983 2256 oppida
1004 2221 1031 2247 et
1045 2226 1130 2256 quae-

278 2278 399 2308 cumque
421 2270 526 2299 suerint
540 2269 618 2298 vobis
639 2268 717 2302 data;
740 2270 766 2296 et
781 2267 820 2296 sic
842 2266 960 2304 pristina
981 2268 1130 2303 paupertas

278 2321 305 2347 et
326 2317 501 2351 mendicitas,
534 2323 618 2353 quam
640 2314 755 2352 professi
788 2314 869 2347 estis,
902 2312 1036 2350 paulatim
1066 2320 1130 2341 eva-

277 2367 416 2398 nesceret,
433 2367 460 2393 et
482 2372 536 2392 non
552 2362 630 2392 eritis
648 2361 775 2398 discipuli
791 2361 877 2390 sancti
900 2359 1049 2394 Francisci,
1065 2367 1128 2388 cum

278 2420 333 2441 non
355 2411 510 2449 sequamini
541 2410 655 2447 vestigia
682 2409 742 2438 eius
769 2416 820 2437 nec
848 2408 909 2437 eius
937 2407 1068 2444 Regulam
1091 2410 1131 2435 te-

278 2459 374 2488 neatis.
397 2459 436 2487 De
458 2457 586 2487 domibus
607 2457 681 2486 enim
702 2456 780 2485 vobis
802 2454 939 2492 contiguis
960 2457 1049 2491 potest
1070 2462 1130 2483 esse

631 210 828 239 OPUSCULUM
850 209 914 237 Xlll.
936 208 1247 237 DETERMINATIONES
1268 209 1510 245 QUAESTIONUM.
1534 209 1613 238 PARS
1634 209 1663 237 ΙΙ.

1178 287 1350 322 excusabile,
1366 287 1440 325 quod
1461 295 1511 324 pro
1525 287 1664 316 dilatanda
1678 295 1743 316 area
1758 289 1849 316 vestra
1863 287 1924 315 illas
1938 295 2026 324 quan-

1177 333 1268 370 doque
1289 333 1441 370 recipiatis,
1463 334 1511 362 sed
1532 334 1566 362 de
1587 334 1647 362 aliis
1669 333 1788 367 nonita,
1810 333 1836 361 in
1859 333 1962 370 quibus
1977 333 2026 362 ho—

1178 381 1266 409 mines
1296 381 1364 409 alios
1395 389 1446 417 pro
1478 388 1563 410 censu
1596 381 1708 415 locatis,
1741 388 1824 417 quem
1860 384 2025 417 procurator

1178 430 1269 456 vester
1291 428 1350 456 loco
1371 428 1455 456 vestri
1475 427 1562 464 exigit
1583 430 1610 456 et
1631 428 1658 456 in
1674 435 1743 456 usus
1764 431 1872 456 vestros
1890 427 2027 456 convertit

1177 474 1211 504 de
1232 475 1374 504 voluntate
1395 478 1496 504 vestra.

1258 522 1424 559 Respondeo.
1457 522 1483 550 Si
1516 521 1564 558 qui
1596 521 1623 550 in
1652 521 1754 550 talibus
1784 521 1895 550 incaute
1925 523 2026 558 agunt,

1178 568 1304 598 dolemus
1334 571 1362 597 et
1392 568 1610 597 contradicimus
1637 571 1664 597 et
1686 568 1875 605 prohibemus.
1903 568 2027 605 Qualiter

1178 618 1271 644 autem
1295 616 1322 644 in
1354 616 1407 644 1106
1438 615 1511 644 licite
1542 623 1624 652 agere
1656 615 1812 652 possimus,
1844 615 1973 649 adverte,
2001 617 2029 644 et

1179 665 1246 691 tunc
1267 670 1322 690 non
1344 662 1479 691 iudicabis
1500 670 1563 696 nos,
1586 662 1607 690 si
1630 669 1695 690 sane
1716 661 1858 699 intelligis,
1874 664 2028 699 transgres-

1178 718 1263 739 sores.
1287 710 1489 743 Protestamur,
1511 716 1561 737 nos
1582 708 1733 738 secundum
1756 709 1887 746 Regulam
1905 711 2029 737 nostram

1178 757 1217 785 nil
1238 756 1339 785 debere
1361 764 1409 785 seu
1433 756 1502 785 velle
1524 755 1704 793 possessionis
1726 756 1769 784 vel
1793 759 1934 784 certorum
1957 755 2030 784 redi-

1179 807 1260 833 tuum
1282 804 1406 841 recipere
1428 804 1469 832 vel
1494 803 1605 832 habere.
1624 803 1694 839 Quia
1709 811 1776 832 vero
1798 803 1915 832 mendici
1931 810 2030 832 sumus

1179 855 1206 881 et
1226 859 1380 889 pauperes,
1402 859 1434 880 ea
1455 851 1558 888 quibus
1580 859 1630 887 pro
1652 850 1789 887 praesenti
1812 850 1974 879 necessitate
1988 850 2030 878 in-

1179 899 1320 936 digemus,
1336 898 1397 927 ideo
1412 898 1574 935 recipimus,
1590 900 1675 935 prout
1692 897 1770 932 licet,
1785 897 1843 926 sive
1857 905 1908 934 pro
1923 897 2030 926 solven-

1179 946 1221 975 dis
1242 946 1341 975 debitis
1362 946 1406 975 vel
1426 946 1486 974 aliis
1507 945 1670 974 necessariis
1687 944 1879 982 procurandis.
1901 961 1940 965 ——
1961 944 2030 973 Cum

1180 1001 1247 1030 ergo
1268 993 1368 1030 aliquis
1390 1001 1427 1022 ex
1448 993 1593 1022 devotione
1614 992 1675 1021 vult
1696 992 1775 1021 nobis
1795 992 1888 1029 legare
1915 991 2029 1020 domum

1181 1049 1259 1070 suam
1281 1041 1325 1069 vel
1353 1048 1446 1069 aream
1476 1048 1531 1068 non
1559 1039 1716 1076 contiguam
1746 1042 1858 1068 nostrae
1878 1038 2030 1073 mansioni,

1180 1096 1235 1116 non
1258 1087 1409 1124 recipimus
1430 1095 1506 1121 eam,
1529 1094 1579 1115 nec
1601 1094 1650 1123 per
1672 1094 1722 1115 nos
1742 1094 1793 1115 nec
1815 1094 1864 1123 per
1885 1086 2032 1122 interposi-

1182 1137 1237 1163 tam
1259 1142 1419 1171 personam,
1442 1138 1473 1163 ut
1504 1137 1638 1162 nostram.
1661 1133 1713 1162 Sed
1735 1133 1757 1162 si
1789 1133 1834 1162 ille
1855 1141 1914 1162 eam
1940 1133 2032 1170 dispo-

1181 1181 1244 1209 nit6
1267 1189 1316 1218 per
1347 1181 1433 1209 alium
1465 1188 1685 1217 quemcumque,
1706 1182 1753 1214 ut,
1786 1187 1818 1209 ea
1846 1179 1969 1214 vendita,
1998 1179 2033 1209 de

1181 1228 1271 1265 pretio
1292 1228 1352 1257 eius
1380 1228 1561 1265 provideatur
1588 1228 1668 1256 nobis
1696 1235 1732 1256 ex
1754 1230 1833 1264 parte
1861 1227 1904 1256 sui
1932 1227 1960 1255 in
1989 1227 2033 1256 his

1182 1275 1286 1313 quibus
1306 1278 1373 1303 tunc
1392 1274 1547 1311 indigemus
1568 1274 1752 1311 procurandis
1771 1274 1814 1303 vel
1835 1273 1973 1303 solvendis
1986 1274 2033 1303 de-

1181 1323 1262 1357 bitis,
1283 1326 1467 1359 acceptamus.
1487 1337 1525 1341 —
1541 1321 1566 1349 Si
1582 1325 1675 1350 autem
1697 1321 1755 1355 1116,
1770 1321 1885 1356 timens,
1907 1329 1942 1350 ne
1962 1321 2034 1350 sorte

1182 1371 1243 1399 eius
1263 1370 1326 1398 talis
1353 1369 1496 1406 dispositio
1527 1377 1577 1405 per
1606 1368 1722 1398 heredes
1744 1376 1810 1397 suos
1838 1368 1881 1397 vel
1909 1368 1977 1397 alios
2005 1368 2032 1397 in

1183 1420 1325 1455 posterum
1349 1416 1525 1453 impediatur,
1547 1419 1662 1452 propter
1680 1415 1732 1444 1106
1750 1418 1934 1452 praeoccupat
1952 1415 2033 1444 robo-

1183 1472 1246 1493 rare
1268 1464 1343 1492 illam
1365 1463 1454 1501 sigillo
1475 1463 1594 1492 3116111116
1616 1462 1714 1491 iudicis
1736 1463 1778 1491 vel
1806 1462 1908 1491 civium
1930 1462 1974 1491 vel
1994 1463 2034 1491 al-

1184 1512 1272 1541 terius
1293 1514 1320 1540 et
1335 1510 1483 1540 committit
1504 1510 1543 1539 sic
1557 1510 1638 1539 alicui
1657 1510 1745 1539 amico
1760 1518 1811 1539 suo
1832 1517 1893 1538 eam
1912 1510 1956 1538 vel
1970 1510 2034 1538 Fra-

1184 1562 1277 1593 trum,
1299 1559 1347 1596 qui
1379 1561 1525 1587 conservat
1553 1557 1627 1594 quod
1649 1557 1707 1594 ipse
1735 1556 1870 1594 disposuit
1898 1556 1931 1586 de
1952 1556 2034 1586 domo

1185 1606 1232 1635 tali
1256 1606 1298 1635 vel
1319 1614 1399 1639 area;
1418 1605 1456 1634 nil
1478 1605 1512 1634 ad
1532 1612 1598 1639 nos,
1620 1612 1684 1633 cum
1705 1604 1739 1633 de
1761 1605 1846 1634 rebus
1870 1604 1928 1634 suis
1949 1604 2036 1641 possit

1185 1653 1315 1682 ordinare
1336 1652 1411 1689 quod
1441 1652 1521 1681 volet.
1543 1652 1597 1681 Nec
1618 1651 1732 1680 domum
1760 1659 1810 1680 nec
1831 1651 1923 1680 locum
1953 1651 2034 1680 talem

1185 1701 1304 1730 dicimus
1325 1708 1385 1729 esse
1406 1702 1550 1734 nostrum,
1572 1707 1635 1728 cum
1664 1699 1734 1727 1111111
1754 1698 1825 1727 iuris
1845 1706 1895 1728 nos
1915 1698 1950 1727 ad
1978 1706 2009 1727 63
2024 1697 2034 1715 ⁷

1185 1750 1374 1785 protestemur
1395 1747 1508 1776 habere,
1525 1763 1560 1766 —
1576 1746 1722 1780 Similiter,
1744 1745 1766 1775 si
1787 1746 1888 1783 aliquis
1909 1745 2036 1783 dispone-

1186 1799 1229 1825 ret
1250 1803 1300 1832 per
1321 1795 1442 1824 amicum
1471 1794 1515 1823 vel
1536 1794 1637 1828 alium,
1666 1793 1740 1831 quod
1761 1793 1796 1822 de
1820 1793 1910 1830 pretio
1931 1793 1975 1822 vel
2002 1792 2036 1822 de

1185 1842 1369 1880 proventibus
1390 1842 1445 1871 illis
1467 1841 1509 1871 vel
1531 1841 1585 1870 illis
1606 1841 1740 1870 darentur
1761 1840 1905 1869 Fratribus
1926 1843 1966 1869 tot
1989 1848 2037 1877 pa-

1186 1898 1235 1920 nes
1257 1889 1381 1927 quotidie
1401 1889 1446 1918 vel
1471 1891 1579 1917 tantum
1601 1888 1790 1925 eleemosynae
1817 1887 1935 1925 singulis
1954 1887 2037 1924 septi-

1186 1937 1276 1966 manis
1296 1940 1345 1965 aut
1366 1936 1462 1970 annis;
1483 1944 1539 1964 non
1570 1942 1695 1964 essemus
1715 1937 1830 1972 propter
1858 1934 1911 1963 1106
1932 1933 2037 1971 praedii

1187 1984 1230 2013 vel
1252 1983 1393 2013 redituum
1416 1990 1597 2020 possessores.
1620 1982 1688 2010 Nam
1709 1981 1747 2016 si,
1769 1989 1813 2010 me
1834 1984 1944 2018 petente
1965 1981 2036 2010 elee-

1186 2039 1346 2068 mosynam,
1378 2030 1480 2067 aliquis
1513 2030 1590 2058 dives
1621 2029 1780 2066 promittat,
1812 2028 1887 2065 quod
1921 2028 2037 2066 singulis

1186 2078 1266 2107 annis
1294 2078 1359 2107 velit
1380 2077 1447 2106 dare
1473 2076 1616 2105 Fratribus
1643 2076 1713 2105 duas
1734 2075 1842 2104 tunicas
1862 2076 1906 2104 vel
1927 2078 2035 2104 tantum

1187 2133 1288 2159 unam,
1310 2125 1354 2153 vel
1383 2124 1500 2161 singulis
1522 2122 1741 2152 hebdomadibus
1766 2125 1806 2151 tot
1826 2130 1911 2159 panes
1932 2125 1959 2151 et
1984 2122 2037 2151 hoc

1188 2172 1341 2201 committat
1372 2170 1537 2200 officialibus
1568 2170 1641 2204 suis,
1663 2173 1695 2198 ut
1715 2169 1775 2198 vice
1805 2169 1849 2198 sui
1880 2169 1932 2198 ista
1962 2169 2036 2204 dent,

1188 2219 1270 2248 etiam
1292 2227 1324 2247 60
1345 2218 1471 2252 absente,
1493 2221 1520 2247 et
1542 2218 1594 2246 hoc
1609 2225 1660 2254 pro
1681 2217 1825 2246 Fratribus
1846 2216 1978 2254 recipiam
1993 2216 2037 2246 vel

1188 2266 1284 2300 etiam,
1313 2266 1335 2295 si
1365 2265 1402 2294 illi
1432 2265 1572 2302 negligant
1598 2264 1681 2299 dare,
1710 2264 1882 2293 admonendo
1910 2264 2036 2301 exigam3

1187 2312 1315 2350 nunquid
1337 2316 1486 2349 propterea
1506 2315 1597 2340 certos
1613 2311 1719 2340 reditus
1740 2310 1844 2340 habere
1861 2310 1968 2340 dicendi
1991 2318 2037 2340 su-

1187 2367 1262 2394 mus,
1285 2367 1347 2388 cum
1370 2367 1424 2387 non
1447 2366 1483 2387 ex
1506 2358 1583 2393 iure,
1605 2358 1653 2387 sed
1674 2366 1711 2387 ex
1732 2358 1822 2395 gratia
1842 2358 1932 2387 solum
1954 2357 2036 2386 talem

2043 527 2120 549 Not-audi

2050 953 2106 974 Casus
2116 960 2122 979 1

2081 983 2122 997 mus.

2049 1330 2121 1350 Secund

2052 1753 2120 1774 Tei-tiu}

2128 1842 2130 1896 1

2129 2305 2131 2317 i

1187 2407 1388 2443 eleemosynam
1412 2406 1541 2443 recipiam
1556 2406 1600 2435 vel
1615 2405 1745 2443 exigam?
1760 2422 1799 2426 —
1813 2405 1845 2434 Et
1859 2405 1881 2434 si
1897 2407 1958 2442 post
1978 2404 2036 2433 obi·
2052 2388 2130 2447 Quarta}

1187 2456 1247 2482 tum
1268 2453 1343 2482 1111116
1363 2461 1438 2482 uxor
1460 2453 1520 2482 eius
1541 2453 1584 2482 vel
1606 2452 1652 2481 alii
1672 2452 1752 2481 amici
1774 2460 1825 2489 pro
1849 2452 1942 2480 anima
1962 2451 2036 2480 illius

343 2672 351 2685 ¹
370 2673 421 2695 Vnt.
439 2675 461 2695 et
478 2672 515 2695 ed.
533 2672 546 2693 3
564 2671 621 2701 quia
635 2677 681 2700 pro
699 2670 861 2700 aedificatione
873 2669 991 2693 Ecclesiae
1007 2669 1076 2693 missi
1091 2676 1131 2692 su-

280 2718 341 2735 mus.
360 2712 453 2734 Inferius
471 2718 513 2740 pro
530 2710 567 2735 vel
583 2717 627 2734 1105
644 2710 697 2733 cdd.
717 2711 735 2738 ¹,
753 2711 766 2732 ⁴2
784 2711 810 2732 ut
827 2715 878 2732 nos.

343 2750 352 2763 2
370 2751 427 2773 Edd.
449 2752 466 2779 1,
485 2752 498 2773 ‘2
516 2750 552 2773 rel
569 2756 620 2773 nos.

343 2789 352 2802 ³
370 2790 411 2813 Ed.
429 2791 441 2812 3
459 2789 572 2813 totaliter.

344 2829 353 2841 ⁴
371 2829 415 2851 Csr.
435 2836 454 2852 c.
473 2829 497 2856 4,
515 2829 555 2851 ubi
572 2829 674 2856 receptio
691 2828 803 2856 pecuniae
820 2834 861 2856 per
878 2834 902 2850 se
920 2828 957 2850 vel
974 2833 1016 2856 per
1034 2827 1131 2855 interpo-

281 2869 348 2891 sitam
366 2875 488 2896 personam
510 2868 638 2896 inhibetur,
661 2871 684 2891 et
707 2874 726 2890 c.
745 2869 765 2890 6.
783 2868 883 2890 dicitur:
906 2868 996 2890 Fratres
1013 2867 1068 2889 nihil
1087 2865 1130 2888 sibi

282 2908 445 2936 appropriant,
463 2914 504 2930 nec
522 2908 619 2931 domum
636 2914 678 2930 nec
696 2908 772 2930 locum
790 2913 832 2930 nec
849 2907 949 2936 aliquam
966 2913 1015 2929 rem
1033 2909 1075 2929 etc.

345 2945 354 2958 ⁵
372 2946 505 2968 Secundum
524 2947 558 2969 Du
576 2946 665 2974 Gange,
682 2946 823 2968 Glossarium
836 2949 879 2968 etc.
893 2951 994 2968 mansus
1012 2945 1057 2973 (vel
1071 2950 1132 2967 man-

282 2991 321 3013 sa,
341 2986 378 3007 vel
399 2986 516 3014 mansum)
534 2986 649 3013 significat
665 2986 700 3007 1161
717 2985 794 3007 villam
816 2988 856 3008 aut
873 2986 949 3007 locum
968 2984 1078 3011 familiae,
1095 2984 1131 3006 vel

284 3025 381 3048 fundum
393 3031 447 3047 cum
465 3027 527 3047 certo
539 3025 590 3052 agri
606 3024 689 3051 modo,
701 3025 737 3046 vel
756 3025 857 3046 villulam
875 3024 949 3047 coloni
962 3023 1030 3046 unius
1046 3022 1132 3045 habita-

1187 2669 1243 2691 tioni
1256 2668 1386 2697 propriam,
1404 2668 1440 2690 vel
1452 2667 1603 2696 quantitatem
1616 2669 1703 2692 terrae,
1720 2671 1780 2694 quae
1794 2665 1879 2687 sufficit
1890 2663 1982 2687 duobus
1999 2663 2038 2687 bo-

1187 2708 1232 2731 bus
1243 2708 1265 2730 111
1278 2714 1338 2730 311110
1350 2707 1379 2730 ad
1392 2706 1557 2733 laborandum,
1570 2706 1606 2728 vel
1618 2705 1720 2734 denique
1732 2704 1860 2727 seeundum
1869 2704 1963 2732 Papiam
1976 2709 2038 2726 man-

1188 2754 1228 2770 sus
1239 2748 1323 2770 dicitnr
1340 2754 1351 2769 a
1371 2746 1498 2772 manendo,
1515 2745 1579 2774 quod
1596 2745 1712 2773 integrum
1725 2744 1754 2766 sit
1765 2743 1889 2766 duodecim
1907 2742 2036 2771 iugeribus.

1189 2786 1298 2816 Granqz'a
1317 2786 1448 2815 (granchia,
1466 2785 1572 2813 grancia,
1595 2784 1711 2813 graugua)
1729 2783 1823 2806 denotat
1844 2782 1979 2810 praedium,
1997 2782 2038 2804 vil-

1187 2827 1232 2848 lam
1245 2827 1363 2849 rusticam.
1381 2825 1453 2848 Villas
1467 2825 1548 2852 hodie,
1560 2831 1606 2846 non
1618 2823 1737 2853 quomodo
1750 2822 1822 2845 Latini
1835 2822 1928 2850 praedia
1941 2822 2037 2850 rustica,

1188 2865 1229 2888 sed
1247 2865 1402 2893 complurium
1421 2865 1442 2886 in
1460 2864 1523 2892 agris
1540 2863 1687 2886 mansionum
1710 2862 1746 2885 vel
1768 2861 1861 2884 aedium
1879 2861 2037 2883 collectionem

1188 2905 1341 2933 appellamus.
1360 2917 1388 2920 —
1407 2903 1519 2932 Superius
1536 2909 1579 2931 pro
1596 2903 1677 2925 vineas
1693 2901 1731 2924 ed.
1749 2902 1762 2924 3
1781 2900 1881 2924 vineam.

1251 2942 1260 2956 Β
1278 2943 1336 2966 Edd.
1358 2944 1379 2970 1,
1397 2944 1411 2965 2
1422 2949 1475 2965 eam
1486 2941 1524 2965 vel
1540 2941 1651 2971 disponit.
1668 2940 1763 2963 lnserius
1775 2943 1827 2968 post
1843 2939 1872 2963 Si
1881 2940 1962 2962 autem
1973 2939 2010 2961 ed.
2023 2939 2036 2961 3

1188 2983 1271 3005 omittit
1283 2982 1329 3011 ille,
1339 2985 1361 3005 ct
1370 2981 1467 3005 vocibus
1475 2982 1573 3011 propter
1585 2981 1629 3004 hoc
1641 2980 1693 3002 Vas..
1705 2986 1758 3003 cum
1771 2979 1825 3002 edd.
1836 2979 1856 3007 11,
1867 2980 1879 3001 2
1892 2978 1998 3007 praefigit
2009 2979 2037 3001 et.

1251 3020 1260 3033 ⁷
1278 3021 1335 3044 Edd.
1354 3021 1380 3048 ¹1,
1398 3022 1411 3043 2
1429 3020 1453 3043 z'iz
1468 3025 1504 3043 eu.
1520 3019 1616 3042 Inferius
1627 3025 1670 3047 pro
1686 3017 1723 3042 vel
1740 3018 1834 3041 tantum
1850 3017 1887 3040 ed.
1904 3017 1917 3039 3
1935 3017 2038 3040 tautum.
