2133 3317
167 818 233 837 Modus

165 841 238 861 orandi.

136 1194 192 1213 Facta
204 1193 259 1212 mira.

180 1616 261 1635 Dictum.

170 1711 262 1731 Notanda.

275 217 331 246 534

273 295 425 324 ferventior
455 294 622 323 reddebatur
650 294 678 322 in
700 301 795 330 prece,
823 293 941 322 fidenter
969 293 1062 322 dicens
1089 293 1123 321 ad

274 342 416 371 Christum
433 343 461 370 1:
491 341 549 370 Sub
579 340 687 369 umbra
715 341 837 369 alarum
866 343 988 369 maram
1007 343 1124 377 proteyc

273 398 318 418 me
332 398 352 418 ιι
372 387 451 425 faeie
472 388 650 425 impiorum,
672 388 724 426 qui
737 396 782 416 mc
800 387 982 425 afflixerunt.
1002 388 1040 416 Ad
1061 387 1124 416 dae-

275 443 370 464 mones
391 438 501 464 autem:
527 446 540 460 «
554 435 643 464 Facite
664 434 800 472 quidquid
825 435 852 463 in
874 443 919 464 me
939 435 1052 469 valetis,
1066 442 1124 463 ma-

274 482 339 519 ligni
362 482 477 519 spiritus
508 484 535 511 et
565 482 683 510 fallaces.
716 482 773 510 Non
806 481 879 510 enim
910 481 1040 518 potestis,
1072 481 1125 510 nisi

274 532 410 566 quantum
432 537 480 558 vos
502 537 602 557 manus
616 536 738 565 superna
757 528 877 563 relaxat3
900 531 928 557 et
942 536 992 565 ego
1013 528 1047 557 ad
1062 536 1125 565 per-

273 575 419 604 ferendum
434 576 538 610 omnia,
555 584 627 612 quae
648 576 694 604 illa
708 575 858 613 infligenda
878 575 1045 609 decreverit,
1061 583 1123 604 cum

274 622 348 651 01001
370 623 542 652 iucunditate
556 626 671 660 paratus
692 623 789 652 assisto
805 634 831 651 ».
848 623 935 659 Quam
950 622 1050 651 mentis
1065 630 1126 651 con-

274 669 401 698 stantiam
424 670 537 707 superbi
559 670 706 699 daemones
721 678 775 699 non
791 670 924 704 ferentes,
942 669 1126 698 abscedebant

276 716 392 745 confusi.

355 763 381 791 li.
405 763 453 791 Vir
474 766 567 792 autem
590 764 637 792 Dei
665 764 806 793 solitarius
828 771 975 792 remanens
999 766 1026 792 et
1047 772 1127 800 paca-

276 812 335 843 tus,
357 817 471 838 nemora
499 810 625 847 replebat
646 810 810 847 gemitibus,
833 810 892 839 loca
919 810 1067 847 spargebat
1088 810 1127 839 la-

276 856 394 893 crymis,
416 859 528 893 pectora
549 865 634 886 manu
655 857 805 891 tundebat,
834 860 861 886 61
882 858 961 894 quasi
990 857 1127 886 occultius

275 904 456 932 secretarium
472 907 584 939 nactus,
606 904 837 933 confabulabatur
852 913 916 933 61110
935 905 1051 933 Domino
1066 912 1125 933 suo.

275 951 313 979 lbi
336 951 520 988 respondebat
542 951 642 986 iudici,
665 951 701 980 ibi
718 951 892 988 supplicabat
906 952 991 988 patri,
1014 952 1050 980 ibi
1072 952 1124 980 col-

275 998 442 1035 loquebatur
463 998 567 1033 amico,
590 998 627 1027 ibi
649 1006 762 1036 quoque
776 1007 792 1027 a
812 998 956 1027 Fratribus
976 998 1068 1035 ipsum
1084 999 1128 1035 pie

275 1045 488 1074 observantibus
509 1045 655 1082 aliquoties
669 1046 783 1074 auditus
804 1049 845 1074 est
860 1046 1020 1074 clamorosis
1041 1045 1127 1083 gemi-

276 1092 351 1120 tibus
372 1092 446 1128 apud
460 1092 582 1121 divinam
597 1101 648 1130 pro
670 1093 863 1129 peccatoribus
881 1093 1059 1129 interpellare
1074 1093 1128 1121 cle-

276 1139 421 1173 mentiam,
443 1139 589 1176 deplorare
609 1140 692 1168 etiam
713 1140 768 1168 alta
783 1148 850 1169 voce
872 1140 949 1177 quasi
972 1148 1065 1169 coram
1081 1148 1128 1177 οο-

278 1186 358 1215 sitam
386 1186 552 1215 dominicam
584 1187 739 1224 passionem
753 1187 773 1215 2.
803 1187 840 1215 lbi
870 1187 946 1216 visus
977 1190 1018 1216 est
1048 1190 1129 1216 nocte

277 1241 376 1267 orans,
410 1233 538 1262 manibus
566 1233 600 1262 ad
629 1233 741 1262 modum
771 1234 863 1263 crucis
890 1234 1043 1271 protensis,
1073 1236 1129 1263 toto

278 1288 395 1317 corpore
415 1280 576 1309 sublevatus
597 1289 613 1309 a
635 1284 711 1309 terra
732 1283 759 1309 et
779 1281 919 1309 nubecula
940 1281 1060 1318 quadam
1076 1281 1129 1310 ful-

277 1330 359 1365 gente
380 1327 584 1362 circumdatus,
612 1330 644 1356 111
672 1328 865 1357 illustrationis
893 1328 1027 1357 mirabilis
1056 1328 1129 1357 intra

278 1377 399 1403 mentem
422 1374 493 1402 mira
515 1374 588 1403 circa
610 1383 712 1411 corpus
733 1375 913 1412 perlustratio
943 1375 1019 1404 testis
1047 1379 1128 1404 esset.

278 1422 315 1450 Ibi
338 1421 436 1456 etiam,
457 1421 529 1450 sicut
550 1422 633 1450 certis
655 1425 696 1450 est
714 1422 925 1458 comprobatum
947 1422 1070 1457 indiciis,
1085 1423 1129 1451 in-

279 1473 359 1498 eerta
373 1469 431 1497 silit
444 1473 469 1497 et
484 1469 598 1497 occulta
619 1469 727 1498 divinae
749 1469 898 1506 sapientiae
920 1464 1129 1506 pandebantur,

279 1516 407 1554 quamvis
435 1516 482 1544 illa
510 1524 564 1545 non
594 1516 720 1553 vulgaret
748 1516 889 1551 exterius,
919 1517 970 1545 0161
992 1520 1129 1554 quantum

279 1563 380 1592 Christi
402 1564 520 1600 urgebat
541 1563 655 1597 caritas,
677 1567 704 1592 et
726 1564 921 1600 proximorum
944 1564 1048 1593 utilitas
1070 1565 1130 1593 exi-

279 1611 367 1648 gebat.
392 1611 503 1639 Dicebat
524 1611 612 1639 enim:
640 1622 653 1636 «
669 1611 731 1639 Levi
759 1611 887 1640 mercede
909 1619 968 1640 rem
990 1612 1130 1648 impretia-

278 1658 362 1687 bilem
384 1657 517 1695 contingit
544 1658 645 1692 amitti,
668 1660 694 1686 et
722 1658 801 1686 illum
827 1658 875 1694 qui
903 1658 993 1692 dedit,
1018 1658 1052 1687 ad
1076 1667 1131 1687 non

280 1705 402 1734 dandum
417 1705 518 1734 iterum
534 1705 612 1733 facile
628 1705 810 1741 provocari».
828 1721 864 1725 —
880 1705 995 1741 Quando
1010 1713 1025 1733 a
1039 1705 1131 1742 priva-

280 1752 315 1781 tis
336 1751 443 1781 redibat
463 1751 652 1786 orationibus,
674 1751 778 1788 quibus
800 1760 869 1788 pene
894 1752 922 1780 in
944 1752 1036 1780 virum
1064 1752 1132 1781 alte-

280 1807 345 1828 rum
367 1799 542 1833 mutabatur,
564 1806 742 1835 summopere
763 1799 892 1827 studebat
913 1799 1087 1827 conformare
1103 1807 1132 1828 se

281 1846 390 1880 ceteris,
415 1854 449 1874 116
470 1845 541 1874 forte
563 1845 637 1883 quod
659 1845 726 1875 foris
753 1846 912 1875 ostenderet
933 1854 1002 1874 aura
1029 1846 1133 1875 favoris

280 1893 356 1922 intus
376 1901 392 1921 a
415 1892 542 1922 mercede
564 1892 727 1921 vacua1·et³.
750 1892 819 1921 Cum
848 1893 874 1921 in
902 1893 1013 1929 publico
1040 1893 1132 1922 subito

280 1939 455 1973 afficeretur,
478 1939 604 1968 visitatus
618 1947 634 1967 a
649 1939 781 1973 Domino,
804 1947 915 1977 semper
936 1940 1040 1977 aliquid
1065 1940 1133 1968 obii-

281 1987 370 2016 ciebat
390 1986 560 2021 astantibus,
582 1994 617 2015 06
639 1986 735 2023 Sponsi
767 1986 917 2016 familiares
941 1989 1061 2016 attactus
1092 1987 1132 2015 fo-

281 2034 407 2063 rinsecus
429 2034 620 2071 vulgarentur.
638 2034 849 2063 Exscreationes
863 2035 884 2069 4,
899 2035 1031 2072 gemitus,
1047 2035 1133 2064 duros

281 2081 434 2115 anhelitus,
456 2081 630 2110 extrinsecos
650 2084 737 2110 nutus
758 2090 841 2110 orans
862 2081 935 2110 inter
956 2082 1066 2110 Fratres
1086 2082 1133 2111 (16-

282 2128 386 2156 vitabat
407 2128 535 2163 omnino,
557 2128 615 2157 sive
646 2129 712 2165 qnia
743 2128 873 2165 diligebat
894 2132 1049 2163 secretum,
1076 2129 1133 2158 sive

282 2175 348 2212 qnia
368 2175 402 2203 ad
423 2175 556 2204 interiora
577 2175 729 2209 reintrans,
745 2178 820 2203 totus
835 2175 977 2204 ferebatur
992 2176 1019 2204 in
1034 2176 1132 2204 Deum.

282 2222 368 2259 Saepe
390 2223 454 2251 talia
482 2222 665 2251 familiaribus
686 2222 772 2251 dixit:
800 2234 813 2247 <1
828 2222 943 2258 Quando
964 2230 1063 2251 servus
1084 2223 1133 2252 Dei

282 2277 365 2298 orans
386 2269 515 2298 visitatur
536 2269 685 2303 divinitus,
707 2269 799 2298 dicere
820 2269 916 2298 debet:
939 2270 1021 2298 Istam
1037 2277 1133 2298 conso-

283 2316 413 2345 lationem
435 2316 502 2344 mihi
524 2316 661 2353 peccatori
683 2318 710 2344 et
732 2316 843 2353 indigno
865 2316 898 2345 de
920 2316 996 2345 caelo
1017 2316 1133 2350 misisti,

284 2363 416 2397 Domine,
439 2366 465 2392 et
487 2370 537 2400 ego
558 2363 632 2391 illam
654 2366 719 2391 tuae
740 2363 881 2392 committo
903 2363 1052 2397 custodiae,
1068 2363 1134 2400 quia

284 2411 409 2439 thesauri
433 2410 471 2439 tui
494 2418 537 2439 me
565 2410 654 2439 sentio
685 2418 745 2439 esse
775 2410 920 2439 latronem.
949 2410 1020 2439 Cum
1040 2413 1132 2439 autem

284 2457 319 2486 ab
340 2457 464 2486 oratione
486 2457 654 2491 revertitur,
676 2457 715 2485 sic
736 2457 816 2486 debet
838 2465 867 2486 66
889 2457 1091 2494 [161106161111101
1107 2460 1134 2486 61

285 2507 458 2541 peccatorem
480 2504 638 2538 ostendere,
660 2512 692 2533 ac
723 2504 745 2533 si
767 2504 872 2532 nullam
895 2504 930 2532 sit
951 2512 1049 2533 novam
1071 2512 1134 2541 gra-

285 2550 350 2579 tiam
373 2554 575 2580 consecutus».

675 215 874 244 OPUSCULUM
895 215 983 244 XXlll.
1005 214 1156 243 LEGENDA
1178 214 1293 244 SANCTI
1313 215 1487 244 FRANCISCI.
1510 215 1578 243 CAP.
1600 215 1631 243 X.

1261 294 1287 322 5.
1309 293 1412 322 Orante
1433 297 1527 322 autem
1555 293 1616 322 viro
1649 293 1695 322 Dei
1716 293 1745 321 in
1766 293 1825 322 loco
1847 293 1880 322 de
1903 294 2028 323 Portiun-

1181 339 1259 373 cula,
1275 340 1401 377 contigit,
1416 340 1591 368 Assisinatem
1614 339 1775 377 episcopum
1791 339 1886 369 venire
1901 340 1935 368 ad
1950 348 2027 376 eum,

1181 389 1213 415 ut
1234 390 1294 415 erat
1315 387 1428 421 solitus,
1451 387 1628 415 visitandum.
1651 386 1704 423 Qui
1727 394 1808 421 mox,
1824 390 1856 415 ut
1870 387 1962 416 locum
1977 387 2028 417 fuit

1182 434 1333 471 ingressus,
1355 434 1389 462 ad
1411 434 1520 468 66116111,
1542 434 1570 462 111
1592 442 1648 471 qua
1675 434 1777 462 Christi
1799 442 1897 463 servus
1919 434 2029 470 orabat,

1183 481 1245 518 plus
1266 481 1358 510 debito
1379 480 1497 509 fidenter
1518 480 1649 515 accessit,
1671 481 1808 518 pulsoque
1823 481 1929 516 ostiolo,
1945 481 2029 511 intra—

1182 532 1280 557 turum
1302 536 1331 557 se
1352 527 1497 565 ingerens,
1519 527 1585 556 dum
1607 531 1691 564 caput
1711 528 1826 557 immisit
1845 529 2031 566 Sanctamque

1182 578 1308 603 orantem
1329 574 1491 611 conspexit,
1524 574 1668 611 repentino
1696 575 1841 603 tremore⁵
1863 583 2030 612 concussus,

1183 621 1423 658 obrigescentibus
1454 621 1607 656 membris,
1638 621 1721 650 etiam
1752 622 1891 659 loquelam
1926 623 2030 659 amisit,

1183 669 1332 706 subitoque
1354 669 1495 697 voluntate
1509 668 1602 697 divina
1623 676 1673 705 per
1695 669 1749 697 vim
1771 669 1845 698 foras
1866 670 2031 707 propulsus,

1184 715 1347 753 retrogrado
1375 715 1444 752 pede
1477 716 1575 752 procul
1605 716 1743 745 abductus
1774 719 1823 745 est.
1856 717 2032 754 Stupefactus

1184 763 1331 800 episcopus
1362 762 1397 791 ad
1418 763 1528 791 Fratres
1558 762 1713 798 festinavit,
1735 766 1767 792 ut
1793 764 1898 800 potuit,
1920 764 2031 802 Deoque

1185 809 1235 838 sibi
1258 809 1421 838 restituente
1443 809 1596 846 loquelam,
1617 810 1708 846 primo
1729 810 1815 839 verbo
1836 810 1978 840 confessus
1992 814 2033 840 est

1185 857 1304 894 culpam.
1328 873 1364 877 -
1386 857 1505 893 Contigit
1527 860 1651 894 tempore
1672 857 1809 894 quodam,
1828 858 1956 887 abbatem
1978 859 2033 888 Μο-

1185 904 1298 932 06616111
1321 903 1407 932 6611611
1429 904 1524 932 11161101
1546 904 1580 933 de
1602 904 1763 941 episcopatu
1788 905 1893 934 Perusii
1921 905 2033 935 obviare

1185 950 1289 979 famulo
1310 951 1413 979 Christi
1425 951 1445 978 ⁶.
1468 951 1528 987 Quo
1549 951 1624 986 viso,
1646 952 1731 980 abbas
1759 952 1876 981 devotus
1906 952 2033 982 celeriter

1185 998 1219 1026 de
1240 1006 1313 1034 equo
1334 998 1491 1033 descendit,
1514 1001 1544 1027 ut
1575 1002 1602 1027 et
1628 999 1688 1027 viro
1719 999 1767 1028 Dei
1790 999 1974 1028 reverentiam
1996 1000 2034 1029 fa-

1186 1048 1262 1074 ceret
1282 1048 1309 1074 et
1329 1044 1363 1074 de
1385 1045 1474 1074 salute
1494 1045 1603 1074 animae
1624 1046 1717 1083 aliqua
1731 1054 1795 1075 cum
1810 1046 1869 1083 ipso
1885 1047 2031 1076 conferret.

1186 1092 1322 1127 Tandem,
1345 1092 1439 1121 habita
1470 1093 1614 1122 collatione
1642 1093 1736 1127 suavi,
1769 1093 1854 1122 abbas
1884 1093 2034 1123 abscedens

1186 1139 1260 1168 orari
1282 1147 1333 1176 pro
1355 1147 1384 1168 se
1406 1139 1550 1168 humiliter
1572 1140 1658 1177 petiit.
1680 1140 1730 1169 Cui
1752 1140 1795 1169 vir
1810 1141 1866 1170 Deo
1888 1149 1971 1170 carus
1992 1149 2035 1170 re-

1186 1187 1311 1223 spondit:
1331 1198 1345 1211 «
1361 1186 1453 1215 Orabo
1468 1187 1586 1216 libenter
1598 1199 1624 1215 n.
1647 1188 1747 1216 Parum
1770 1188 1864 1225 itaque
1878 1188 2035 1218 discedente

1186 1234 1298 1268 abbate,
1320 1233 1392 1262 dixit
1420 1234 1509 1263 fidelis
1537 1234 1699 1264 Franciscus
1727 1235 1761 1264 ad
1789 1235 1916 1264 socium:
1953 1247 1966 1261 a
1982 1236 2036 1264 Ex-

1186 1283 1294 1317 specta,
1311 1281 1415 1315 Frater,
1430 1281 1584 1315 modicum,
1606 1281 1672 1318 quia
1692 1281 1817 1311 debitum
1839 1283 1901 1311 volo
1916 1283 2036 1317 solvere,

1187 1328 1260 1364 quod
1289 1328 1445 1364 promisi».
1475 1328 1579 1357 Orante
1609 1331 1702 1357 autem
1734 1329 1797 1363 illo,
1829 1329 1921 1358 subito
1952 1330 2036 1359 abbas

1186 1375 1328 1404 insolitum
1350 1375 1471 1404 calorem
1493 1379 1520 1404 et
1541 1375 1715 1404 dulcedinem
1744 1376 1878 1405 hactenus
1906 1377 2037 1414 inexper-

1187 1425 1243 1450 tam
1265 1422 1350 1451 sensit
1381 1423 1407 1450 in
1442 1422 1556 1459 spiritu,
1578 1423 1616 1451 ita
1646 1423 1721 1460 quod
1748 1423 1776 1451 in
1798 1431 1916 1452 excessu
1937 1424 2037 1453 mentis

1187 1469 1316 1503 effectus,
1339 1472 1414 1498 totus
1435 1478 1451 1498 a
1472 1478 1501 1498 se
1522 1470 1582 1506 ipso
1603 1470 1631 1498 in
1653 1470 1741 1499 Deum
1756 1470 1862 1499 defecit.
1880 1471 1965 1500 Parva
1979 1479 2037 1500 mo-

1187 1517 1250 1545 rula
1271 1516 1409 1551 substitit,
1431 1520 1458 1546 et
1481 1517 1507 1545 111
1530 1525 1558 1546 66
1580 1525 1726 1552 reversus,
1748 1518 1881 1547 virtutem
1906 1519 2038 1548 orationis

1188 1563 1274 1592 sancti
1296 1563 1433 1592 Francisci
1454 1564 1590 1601 cognovit.
1613 1564 1707 1593 Maiori
1729 1565 1844 1601 proinde
1864 1565 1938 1594 circa
1958 1565 2038 1594 Ordi-

1188 1618 1251 1639 nem
1273 1618 1384 1647 semper
1405 1618 1501 1639 amore
1531 1611 1659 1648 flagravit
1687 1612 1839 1649 multisque
1863 1612 1965 1641 factum
1988 1621 2038 1649 pro

1189 1658 1323 1686 miraculo
1345 1658 1448 1686 retulit.

1269 1705 1294 1733 6.
1317 1705 1419 1733 Solitus
1440 1708 1500 1733 erat
1522 1705 1564 1733 vir
1579 1708 1691 1734 sanctus
1711 1706 1795 1735 Horas
1816 1707 1961 1736 canonicas
1983 1715 2037 1736 non

1189 1752 1282 1781 minus
1303 1752 1430 1781 timorate
1461 1753 1517 1781 Deo
1550 1753 1708 1789 persolvere
1736 1761 1819 1790 quam
1841 1754 1947 1783 devote.
1969 1755 2037 1784 Nam

1189 1800 1253 1828 licet
1273 1800 1436 1834 oculorum,
1458 1799 1608 1834 stomachi,
1635 1800 1738 1837 splenis
1765 1804 1792 1829 et
1820 1801 1928 1838 hepatis
1949 1802 2038 1839 aegri-

1189 1847 1286 1876 tudine
1317 1847 1456 1876 laboraret
1464 1857 1471 1881 ;
1502 1847 1614 1876 nolebat
1645 1849 1736 1876 tamen
1765 1856 1847 1877 muro
1875 1848 1918 1877 vel
1940 1849 2038 1885 parieti

1190 1894 1352 1928 inhaerere,
1371 1893 1438 1922 dum
1460 1894 1607 1931 psalleret,
1631 1894 1679 1923 sed
1698 1895 1783 1923 Horas
1805 1903 1914 1932 semper
1929 1899 2039 1925 erectus

1189 1944 1217 1970 et
1238 1941 1296 1970 sine
1318 1941 1444 1978 caputio,
1468 1949 1521 1969 non
1543 1941 1690 1978 gyrovagis
1711 1942 1808 1977 oculis,
1829 1950 1885 1971 non
1906 1950 1971 1971 cum
1990 1943 2039 1971 ali-

1190 1996 1246 2025 qua
1267 1988 1409 2024 syncopa⁷
1432 1988 1615 2025 persolvebat.
1632 1988 1658 2016 Si
1680 1988 1791 2025 quando
1812 1992 1884 2018 esset
1898 1989 1926 2018 in
1941 1989 2039 2019 itinere

1190 2035 1373 2069 constitutus,
1396 2035 1496 2072 figebat
1525 2038 1592 2064 tunc
1620 2036 1754 2072 temporis
1775 2044 1918 2073 gressum,
1941 2037 2038 2066 huius-

1189 2082 1263 2111 modi
1285 2082 1514 2111 consuetudinem
1536 2085 1712 2111 reverentem
1737 2086 1764 2111 et
1785 2091 1892 2112 sacram
1923 2087 2038 2121 propter

1190 2129 1348 2166 pluviarum
1371 2129 1562 2158 inundantiam
1583 2138 1638 2158 non
1659 2130 1797 2159 omittens.
1820 2130 1933 2159 Dicebat
1948 2131 2037 2160 enim:

1195 2176 1249 2204 «Si
1271 2176 1364 2213 quiete
1395 2176 1513 2205 comedit
1544 2184 1646 2213 corpus
1677 2177 1769 2206 cibum
1799 2185 1882 2206 suum
1910 2178 2037 2207 futurum

1190 2231 1253 2252 cum
1276 2223 1336 2259 ipso
1356 2223 1495 2251 vermium
1517 2231 1592 2257 esca,
1615 2231 1677 2252 cum
1700 2227 1804 2260 quanta
1819 2232 1886 2261 pace
1906 2233 1938 2254 ac
1963 2228 2038 2254 tran-

1190 2270 1326 2307 quillitate
1347 2270 1473 2307 accipere
1493 2270 1575 2299 debet
1603 2271 1694 2299 anima
1715 2271 1808 2300 cibum
1830 2272 1902 2301 vitae
1917 2275 1951 2300 »?
1972 2272 2040 2302 Gra-

1191 2317 1262 2345 viter
1283 2317 1365 2345 etiam
1388 2325 1416 2346 se
1438 2317 1554 2354 putabat
1574 2318 1723 2352 offendere,
1745 2319 1767 2347 si
1788 2319 1899 2355 quando
1920 2320 2036 2349 orationi

1190 2364 1321 2398 deditus,
1351 2364 1429 2393 vanis
1460 2365 1700 2401 phantasmatibus
1731 2365 1849 2395 interius
1880 2369 2037 2403 vagaretur.

1190 2411 1258 2439 Cum
1280 2411 1385 2448 aliquid
1407 2411 1459 2440 1616
1481 2411 1630 2446 accideret,
1646 2420 1700 2440 non
1721 2413 1852 2449 parcebat
1866 2413 2038 2447 confessioni,

1191 2457 1259 2495 quin
1292 2458 1360 2486 illud
1392 2458 1520 2495 protinus
1552 2459 1686 2495 expiaret.
1716 2459 1770 2488 Hoc
1799 2459 1922 2489 studium
1951 2461 1990 2489 sic
2011 2460 2038 2489 in

1191 2512 1274 2533 usum
1307 2508 1498 2539 converterat,
1529 2508 1561 2533 111
1593 2506 1733 2534 rarissime
1764 2514 1874 2535 muscas
1909 2507 2039 2536 huiusce-

1191 2551 1264 2580 modi
1280 2554 1432 2588 pateretur.
1450 2569 1486 2572 —
1501 2552 1613 2581 Fecerat
1634 2552 1661 2581 in
1682 2553 1898 2590 Quadragesima
1919 2554 2038 2591 quadam

351 2746 356 2759 ¹
377 2745 431 2767 illud
449 2746 485 2767 Ρ6.
507 2746 543 2772 16,
566 2746 588 2767 S.
606 2752 653 2774 seq.
677 2745 723 2768 Csr.
743 2745 884 2773 Wadding,
908 2746 949 2768 106.
973 2746 1022 2774 eit,
1046 2746 1075 2768 ad
1098 2752 1136 2768 611.

288 2784 356 2812 ⁴215,
374 2791 395 2806 n.
413 2785 435 2806 9.

349 2822 358 2835 ²
376 2823 421 2846 Csr.
438 2824 579 2852 Wadding.‚
597 2825 639 2847 loc.
657 2824 708 2853 cit.‚
725 2824 753 2847 ad
769 2830 806 2846 an.
822 2825 888 2852 ¹208,
900 2831 922 2847 n.
942 2825 977 2846 Ἰ12.
992 2837 1020 2840 -
1033 2824 1135 2847 Vocibus

288 2868 370 2885 corum
385 2862 489 2892 positum
507 2863 560 2886 edd.
577 2864 716 2886 interserunt
731 2870 763 2887 se.
780 2876 811 2880 —
828 2865 887 2886 Infra
905 2865 944 2886 cfr.
964 2865 997 2886 Ps.
1016 2864 1058 2892 50,
1077 2865 1098 2887 8.

351 2900 360 2913 ³
377 2902 407 2924 lta
425 2902 604 2931 ABCDEIM;
626 2903 642 2925 F
663 2902 755 2926 alienus
778 2902 900 2931 existeret,
923 2904 942 2925 G
964 2905 1134 2932 evacuaretur,

288 2939 342 2962 edd.
359 2942 493 2963 concitaret.

351 2978 361 2990 4
379 2980 432 3001 Acta
456 2979 694 3003 58.Ε.1;3661·(11ἰο1163
717 2980 855 3009 (secundum
878 2981 913 3003 Du
935 2981 1025 3009 Gange,
1048 2982 1135 3004 Glossa-

289 3017 349 3039 rium
367 3019 410 3039 616.
427 3017 489 3040 idem
507 3024 533 3040 ac
550 3018 750 3048 Earscreatz'ones).

1162 2746 1165 2931 Ι

1256 2746 1265 2759 ⁵
1283 2747 1340 2769 Edd.
1359 2747 1449 2770 [tutore.
1467 2747 1562 2770 Interius
1584 2753 1626 2775 pro
1649 2747 1785 2771 restituente
1811 2747 1930 2777 loquelam
1948 2748 1999 2770 Vat.
2017 2752 2036 2771 et

1193 2786 1229 2808 ed.
1253 2787 1256 2807 Ι
1279 2785 1415 2809 restituente
1433 2785 1550 2815 linquam.

1256 2823 1265 2837 ³
1282 2825 1326 2848 Csr.
1345 2825 1480 2853 Wadcling.,
1497 2826 1541 2848 loc.
1558 2826 1602 2852 cit„
1621 2826 1650 2848 ad
1668 2832 1704 2848 an.
1727 2827 1792 2853 1218,
1810 2833 1831 2849 11.
1851 2826 1872 2848 8.

1256 2863 1264 2876 ⁷
1283 2864 1306 2886 ld
1323 2867 1358 2886 est
1374 2864 1422 2887 61116
1440 2865 1618 2893 interruptione,
1637 2865 1839 2893 ν611110111611006;
1852 2867 1891 2888 cfr.
1906 2866 1940 2888 Du
1952 2865 2038 2894 Gange,

1193 2903 1333 2926 Glossarium
1352 2906 1406 2925 eto:
1430 2904 1468 2926 Est
1493 2907 1568 2926 antem
1592 2910 1735 2934 syncopure,
1759 2905 1875 2933 scindere,
1898 2911 1939 2927 660
1962 2906 2038 2933 potius

1193 2942 1343 2970 intersecare,
1361 2943 1429 2965 Gallis
1446 2944 1621 2972 ena-ecouper...
1641 2943 1790 2973 Syucopure,
1803 2944 1874 2966 verba
1887 2951 1931 2967 non
1944 2946 2037 2967 omnino

1192 2982 1355 3009 pronuntiare,
1372 2982 1413 3004 6611
1430 2988 1456 3004 ea
1474 2982 1540 3011 quasi
1557 2988 1649 3009 secare,
1675 2983 1794 3011 quomodo
1817 2988 1904 3012 conpar
1927 2983 1959 3006 les
1976 2984 2036 3006 muts

1193 3020 1299 3043 dicimus.

2042 301 2129 326 Faetunfli.

2076 331 2105 346 run

2049 863 2107 883 Aliud.

2105 902 2110 912 1

2064 1709 2106 1733 Quoi
2112 1706 2129 1728 ‘lo

2057 1737 2107 1756 06166
2112 1732 2133 1752 vrit

2068 1756 2106 1775 offic
2116 1761 2125 1775 1.

2056 2132 2108 2152 Dicttr

2054 2555 2107 2573 Factu
2113 2557 2115 2585 j

2113 2590 2115 2603 l
