2133 3317
774 211 1014 240 PROLEGOMENA
1035 212 1062 240 C.
1085 213 1113 241 ll.

79 292 102 314 in
119 291 197 314 editis:
214 290 333 320 Apparuit
348 290 429 320 qratia
445 289 488 313 Dei
503 293 546 313 ete.
565 290 618 313 Post
634 290 765 317 Legendam
788 292 917 318 sequuntur

79 337 163 361 verba:
180 337 295 360 Dominus
312 337 480 360 Bonaventura
491 336 544 366 fecit
558 335 681 365 tenendam
692 335 770 359 sancti
785 335 916 359 Francisci.

79 385 134 408 inde
149 387 253 411 notatur,
269 384 322 414 quis
339 384 417 407 fecerit
438 383 543 406 eiusdem
559 383 680 411 Officium,
703 384 813 411 hymnos,
834 383 920 410 Legen-

79 432 132 455 dam
150 433 172 454 S.
184 431 274 454 Antonii
290 434 333 454 etc.

140 478 178 500 78.
196 477 294 500 Tuderti
309 478 331 500 in
342 477 435 500 Umbria
444 496 449 506 ,
466 477 603 500 bibliotheca
615 476 785 504 Communalis,
798 476 850 499 cod.
863 476 915 498 102.

79 524 177 547 membr.
194 524 216 546 in
233 524 254 546 8.
271 530 332 546 saec.
348 524 408 546 XlV.
425 527 477 552 post
493 523 648 546 medietatem.
663 535 695 540 —
711 523 757 545 Fol.
774 529 797 545 v.
815 529 859 545 non
877 529 920 545 nu-

78 573 176 594 merato:
194 569 279 600 Incipit
293 569 401 600 Legenda
423 569 485 593 beati
504 569 636 593 Francisci.
657 571 790 598 Sequuntur
811 569 919 591 rubricae

78 616 199 644 Legendae
214 618 237 638 et
258 622 412 644 unaquaeque
428 616 526 644 explicat
546 618 633 638 tantum
651 616 741 644 aliquos
763 615 873 638 terminos
896 615 918 637 in

79 668 105 685 ea
122 664 255 684 contentos:
272 662 370 690 exempli
387 668 456 685 causa
473 662 517 685 sub
528 662 633 685 rubrica:
652 663 684 685 De
695 661 847 686 conversione
859 661 921 685 beati

79 709 215 734 Francisci:
233 708 378 737 Petulantia,
395 708 420 731 id
429 710 470 732 —est
489 709 571 732 carnis
594 708 708 737 tascium,-
733 708 821 737 indita,
844 708 868 731 id
884 710 919 732 est

78 757 167 780 innam.
185 755 233 779 Sub
257 755 365 778 rubrica:
390 755 509 785 Incipiunt
529 755 630 786 quedam
654 755 681 779 de
697 755 822 779 miraculis
842 755 916 785 ipsius

74 805 129 833 post
144 804 245 826 mortem
262 801 373 826 ostensis:
394 802 491 830 Gensui,
511 802 537 825 id
552 804 587 826 est
607 802 746 826 iudicavi...
764 802 918 830 Extaticum,

78 850 103 874 id
117 852 151 874 est
167 850 314 874 excessieum
330 849 360 873 ab
382 849 470 878 extasi,
494 849 558 880 quod
581 851 615 873 est
634 851 733 880 raptus,
757 849 805 873 sive
821 849 918 873 elevatio

77 897 160 921 mentis
176 897 202 920 in
220 897 300 920 Deum.

139 945 177 967 79.
194 943 292 972 Ibidem,
318 944 370 967 cod.
395 944 447 966 146.
473 943 571 966 membr.
596 950 656 966 saec.
675 944 734 966 XlV.
760 944 870 966 exeuntis.
887 957 918 960 ——

77 992 122 1014 Fol.
139 997 158 1013 r.
174 996 222 1013 non
238 992 358 1013 numerato
374 996 428 1013 cum
446 990 522 1012 titulo:
540 990 573 1013 De
590 989 687 1019 tenenda
710 989 772 1013 beati
794 989 920 1013 Francisci

77 1037 168 1061 exhibet
183 1037 257 1064 idem,
274 1037 338 1066 quod
355 1043 381 1060 ex
398 1037 449 1059 cod.
467 1037 615 1065 praecedenti
632 1037 771 1059 notavimus.

140 1085 176 1107 80.
196 1084 316 1108 Ulli-aiecti
334 1083 367 1107 ad
387 1083 506 1112 Rhenum,
528 1083 666 1106 bibliotheca
691 1084 843 1113 Academiae,
866 1085 918 1107 cod.

78 1131 131 1154 412.
148 1132 171 1153 S.
187 1131 210 1153 E.
229 1132 300 1153 chart.
317 1131 339 1153 in
357 1130 378 1153 4.
395 1136 454 1153 saec.
473 1130 523 1152 XV.
536 1143 566 1146 -
577 1130 623 1153 Fol.
639 1137 658 1153 r.
669 1137 714 1153 non
732 1133 853 1153 numerato
866 1134 918 1159 post

77 1178 139 1201 aliud
155 1183 225 1206 opus:
252 1176 337 1207 Incipit
357 1176 475 1206 proloqus
497 1176 592 1206 teyende
612 1176 673 1200 beati
693 1177 825 1200 Francisci.
843 1177 920 1207 Appa-

77 1224 127 1248 ruit
141 1226 185 1247 etc.
201 1224 288 1246 Desinit
308 1223 388 1246 verbis
403 1229 456 1252 cap.
475 1224 516 1246 15:
539 1223 715 1253 maqnificentia
732 1223 827 1247 virtutis
850 1223 919 1247 Attis-

77 1270 143 1300 simi,
160 1270 199 1294 cui
219 1272 253 1294 est
270 1270 348 1294 honor
368 1272 390 1294 et
406 1270 484 1300 yloria
502 1276 548 1300 per
565 1270 657 1300 infinita
673 1270 754 1294 secuta
774 1270 919 1294 secutorum.

77 1319 160 1342 Amen.
175 1318 244 1340 Deest
259 1318 359 1340 narratio
375 1317 549 1340 miraculorum.

139 1364 177 1387 81.
193 1363 291 1391 Ibidem,
308 1363 361 1386 cod.
382 1364 420 1386 70.
437 1365 508 1386 chart.
529 1364 551 1386 in
573 1363 595 1386 4.
611 1370 672 1386 saec.
692 1364 744 1387 XV.
762 1364 872 1387 exeuntis.
887 1376 919 1381 —

76 1411 123 1434 Fol.
141 1412 162 1434 1.
178 1417 209 1434 r.:
227 1410 311 1440 Incipit
326 1411 442 1440 proloqus
458 1411 482 1434 in
504 1410 575 1434 citam
592 1410 670 1434 sancti
685 1410 822 1440 Francisci,
842 1411 921 1441 primi

76 1457 211 1488 fiindatoris
227 1458 249 1481 et
262 1457 341 1487 patris
357 1458 465 1487 fratrum
481 1457 572 1481 ordinis
589 1457 719 1482 Minorum.
736 1458 823 1481 Desinit
846 1458 882 1481 101.
900 1464 918 1481 r.

77 1510 124 1527 non
139 1507 272 1527 numerato:
289 1503 428 1534 expliciunt
444 1504 563 1528 miracula
577 1510 622 1534 per
645 1504 739 1528 beatum
761 1504 918 1528 Franciscum

77 1551 130 1580 post
143 1552 245 1574 mortem
261 1550 311 1574 eius
327 1550 399 1580 sacta.

139 1598 176 1620 82.
193 1597 293 1626 Ibidem,
312 1597 365 1620 cod.
387 1597 440 1620 246.
456 1598 527 1620 chart.
550 1603 610 1620 saec.
628 1597 680 1620 XV.
696 1609 728 1614 —
744 1598 796 1620 Post
817 1597 861 1619 alia
881 1597 917 1619 101.

76 1650 95 1667 r.
111 1650 156 1668 non
173 1647 306 1668 numerato:
323 1643 407 1674 Incipit
425 1643 542 1674 proloqus
559 1643 584 1667 in
605 1643 679 1667 vitam
695 1643 773 1667 sancti
794 1642 920 1667 Francisci

75 1691 152 1721 patris
167 1691 275 1721 fratrum
291 1691 420 1715 Minorum.
439 1691 524 1713 Desinit
539 1693 565 1713 nt
581 1691 605 1713 in
621 1690 696 1714 editis.

139 1739 176 1762 83.
194 1737 292 1766 Ibidem,
313 1739 364 1761 cod.
387 1738 440 1760 213.
463 1739 535 1761 chart.
559 1738 583 1760 in
609 1738 630 1760 4.
654 1743 715 1760 saec.
732 1737 791 1760 XlV.
809 1737 919 1760 exeuntis.

75 1797 107 1802 —
122 1786 169 1808 Fol.
187 1786 208 1808 4.
224 1792 244 1808 r.
260 1785 355 1814 legitur:
372 1785 456 1814 Incipit
470 1785 585 1814 proloqus
602 1784 628 1807 iu
648 1784 724 1807 vitam
741 1783 803 1807 beati
819 1784 918 1807 Franci-

76 1831 118 1855 sci.
134 1831 253 1862 Apparuit
269 1834 311 1855 ete.
329 1832 416 1855 Desinit
431 1833 468 1854 101.
485 1832 564 1854 ultimo
581 1838 599 1854 r.
616 1831 705 1854 verbis:
722 1830 864 1861 Explicizmt
874 1830 919 1854 mi-

76 1878 162 1902 racula
176 1880 231 1908 post
247 1878 377 1902 transitum
394 1878 454 1902 beati
469 1878 594 1902 Francisci
608 1879 710 1901 ostensa.

140 1925 177 1948 84.
194 1925 292 1954 Ibidem,
310 1926 362 1948 cod.
387 1926 441 1948 292.
465 1925 564 1948 membr.
587 1926 609 1948 in
631 1925 654 1948 4.
676 1931 735 1948 saec.
753 1925 804 1948 XV.
821 1937 852 1942 —-
869 1926 917 1948 Fol.

78 1973 100 1995 4.
115 1979 147 1996 r.:
164 1973 249 2002 Incipit
261 1972 379 2002 prohzyus
396 1972 420 1995 in
437 1972 510 1996 vitam
527 1972 624 1995 humilis
641 1972 766 1995 Francisci
782 1971 917 1995 beatissimi.

76 2020 196 2050 Apparuit
210 2019 290 2049 qratia
308 2019 350 2042 Dei
365 2022 407 2042 etc.
424 2019 511 2042 Desinit
529 2020 565 2042 sol.
583 2026 600 2042 r.
613 2025 660 2041 non
671 2022 792 2041 numerato
805 2022 829 2041 ut
840 2019 918 2042 editio.

139 2067 178 2089 85.
194 2066 292 2094 Ibidem,
311 2066 363 2089 cod.
383 2067 433 2088 181.
450 2067 474 2089 S.
492 2067 517 2088 E.
533 2066 632 2088 membr.
649 2066 672 2088 in
689 2067 726 2088 sol.
742 2072 802 2089 saec.
820 2066 871 2088 XV.
887 2078 919 2083 —

77 2114 131 2142 Pag.
149 2114 207 2136 179:
223 2113 308 2143 Incipit
320 2113 437 2143 proloqus
455 2113 479 2136 in
496 2113 568 2136 vitam
580 2112 677 2136 humilis
690 2113 768 2137 sancti
786 2112 917 2136 Francisci.

78 2161 164 2184 Desinit
180 2167 234 2189 pag.
251 2161 308 2183 278:
325 2160 363 2183 Ad
379 2159 474 2183 laudem
491 2159 562 2183 unius
585 2160 627 2183 Dei
642 2161 664 2183 et
679 2160 749 2189 trini,
767 2159 810 2190 qui
827 2160 883 2183 vicit
898 2161 920 2183 et

77 2208 163 2237 reqnat
177 2207 202 2230 in
218 2206 298 2230 secuta
314 2206 459 2230 seculorum.
478 2207 561 2230 Amen.

139 2255 176 2277 86.
195 2254 270 2283 Utini,
287 2254 425 2277 bibliotheca
450 2254 666 2283 Archiepiscopatis,
693 2255 745 2277 cod.
762 2255 786 2277 F.
815 2255 851 2277 11.
879 2255 916 2277 26.

78 2301 175 2324 membr.
192 2302 216 2324 in
232 2302 268 2324 sol.
285 2308 345 2324 saec.
363 2302 423 2324 XlV.
441 2301 547 2324 ineuntis.
563 2314 593 2318 —
610 2302 655 2324 1⁷01.
674 2302 695 2324 1.
713 2308 743 2324 r.:
761 2301 846 2331 Incipit
860 2307 918 2331 pro-

78 2348 146 2378 loqus
162 2348 188 2372 in
205 2347 277 2372 citam
294 2347 355 2371 beati
369 2347 495 2371 Francisci
509 2347 650 2378 confessoris
662 2348 689 2371 de
701 2348 784 2371 ordine
800 2348 918 2371 Fratrum

78 2394 207 2418 Minorum.
217 2394 335 2424 Apparuit
346 2396 389 2417 etc.
401 2394 486 2417 Desinit
498 2397 523 2417 ut
534 2395 557 2417 in
569 2394 635 2417 editis
648 2395 685 2417 sol.
696 2401 714 2417 r.
727 2401 771 2417 non
790 2396 918 2417 numerato.

141 2441 178 2463 87.
201 2440 309 2469 Venetiis,
326 2441 464 2464 bibliotheca
487 2447 505 2464 s.
526 2441 605 2468 Marci,
622 2442 687 2464 class.
711 2441 773 2463 XXl.
795 2441 846 2464 cod.
868 2442 918 2463 116.

78 2487 176 2511 membr.
193 2494 253 2510 saec.
277 2488 336 2510 XlV.
359 2488 466 2510 ineuntis.
483 2500 516 2504 —
532 2488 579 2510 Fol.
601 2488 654 2510 348.
679 2494 701 2510 v.
723 2488 817 2515 legitur:
836 2487 920 2517 Incipit

80 2533 126 2558 eila
143 2533 203 2558 beati
219 2534 349 2558 Francisci.
366 2534 483 2564 Apparuit
500 2537 542 2557 etc.
560 2535 650 2557 Praeter
662 2535 793 2562 Legendam
805 2535 918 2557 minorem

79 2581 237 2609 complectitur
254 2581 290 2604 hic
306 2581 378 2604 codex
403 2581 508 2604 nonnulla
534 2588 560 2604 ex
577 2581 684 2610 Legenda
709 2581 803 2609 maiori,
820 2580 918 2609 capitula

79 2627 164 2650 scilicet
181 2629 217 2655 42,
237 2628 271 2650 13.
290 2631 312 2651 ct
328 2629 375 2650 sere
396 2630 469 2651 totum
496 2627 536 2656 14;
554 2628 637 2650 desinit
658 2628 694 2650 sol.
720 2628 774 2650 383.
791 2634 809 2650 r.
828 2626 918 2650 verbis:

80 2675 128 2697 tam
151 2674 313 2704 praesentibus
334 2681 407 2704 (litam
430 2674 564 2698 absentibus
590 2674 614 2698 in
638 2674 751 2705 crucifiasi
771 2674 858 2698 virtute
885 2674 919 2697 be-

78 2719 176 2744 nediaeit.

142 2768 178 2790 88.
196 2767 281 2791 Ibidem
290 2787 295 2796 ,
313 2769 379 2791 class.
396 2769 455 2791 XXl.
467 2768 519 2791 cod.
532 2768 585 2791 141,
598 2768 699 2791 membr.
712 2769 733 2791 in
747 2768 766 2791 4.
779 2774 837 2791 saec.
857 2768 917 2790 XlV.

79 2826 109 2831 —
127 2813 224 2837 {lubrica
242 2814 363 2842 Legendae
379 2818 413 2837 cst
430 2816 466 2837 sol.
485 2815 506 2837 1,
522 2821 541 2837 r.
560 2815 594 2837 his
606 2814 697 2837 vei-his:
710 2814 794 2844 Incipit
804 2814 918 2844 proloyus

80 2859 105 2883 in
120 2860 193 2884 vitam
210 2860 271 2884 beati
286 2861 416 2884 Francisci.
433 2861 551 2891 Apparuit
567 2861 647 2891 qratia
664 2861 707 2884 Dei
722 2864 764 2883 cte.
782 2861 867 2884 Desinit
881 2862 917 2884 sol.

81 2907 133 2930 457.
156 2914 174 2930 r.
196 2913 249 2930 cum
274 2908 402 2931 additione:
419 2907 557 2937 Espliciunt
578 2907 698 2931 miracula
719 2909 774 2937 post
790 2907 916 2931 transitum

81 2953 141 2977 beati
155 2954 279 2978 Francisci
294 2957 394 2978 ostensu.

1765 212 1818 240 XCl

1039 290 1075 312 89.
1098 289 1258 317 Vindobonae,
1282 290 1420 313 bibliotheca
1444 290 1556 318 Palatina,
1581 289 1632 312 cod.
1655 289 1724 312 3417.
1746 291 1817 312 chart.

976 336 1000 357 in
1017 336 1055 358 sol.
1071 341 1131 358 saec.
1148 336 1199 358 XV.
1218 336 1315 365 (1467).
1331 349 1362 352 —
1378 337 1425 359 Fol.
1442 336 1495 359 206.
1512 342 1543 359 r.:
1562 335 1645 365 Incipit
1658 335 1776 365 proloqus
1793 335 1818 359 in

976 382 1049 405 vitam
1074 382 1135 406 beati
1156 383 1281 407 Francisci
1304 383 1445 413 confessoris
1470 382 1561 406 ordinis
1586 382 1717 406 Minorum.
1739 383 1817 412 Appa-

975 428 1026 452 ruit
1041 432 1083 451 etc.
1100 430 1186 452 Desinit
1203 431 1241 452 101.
1258 430 1312 452 242.
1330 436 1357 457 r.,
1374 430 1463 453 addito:
1483 430 1511 453 Et
1528 429 1561 453 sic
1573 431 1606 452 est
1617 429 1679 459 finis.
1692 430 1760 452 Anno
1773 427 1817 452 67.

1038 476 1076 497 90.
1093 475 1192 503 Ibidem,
1209 477 1261 499 cod.
1278 476 1347 499 2724.
1363 478 1434 499 chart.
1453 476 1475 499 in
1488 476 1509 499 4.
1525 482 1586 499 saec.
1605 476 1656 498 XV.
1673 488 1704 491 —
1716 475 1762 498 Fol.
1780 475 1817 497 77.

975 529 994 545 r.
1012 522 1109 545 habetur
1126 522 1229 546 rubrica:
1248 522 1331 553 Incipit
1344 523 1461 553 prologus
1478 522 1503 546 in
1519 523 1593 546 vitam
1610 522 1671 546 beati
1687 521 1817 545 Francisci.

975 569 1095 597 Apparuit
1110 571 1153 591 etc.
1170 569 1256 591 Desinit
1273 569 1308 591 sol.
1328 569 1379 591 106.
1400 575 1423 591 v.
1448 568 1527 591 verbis
1551 568 1644 597 capituli
1661 569 1717 590 XV:
1737 567 1819 595 mirifi-

976 621 1033 638 cans
1050 617 1160 638 sanctum
1176 622 1248 639 saum
1265 616 1442 646 maunisiceutia
1464 615 1558 639 virtutis
1583 615 1711 643 Altissimi,
1727 614 1768 638 cui
1784 615 1818 637 est

976 662 1053 685 honor
1069 663 1090 685 ct
1105 662 1184 691 qtoria
1197 668 1242 692 per
1259 662 1351 693 infinita
1368 662 1448 686 secuta
1463 662 1608 686 seculorum.
1625 663 1706 685 Amen.

1038 709 1076 731 91.
1098 708 1275 737 11¹ratislaeiae,
1295 709 1433 732 bibliotheca
1458 709 1627 736 Universitatis,
1649 709 1700 732 cod.
1719 710 1734 731 1.
1750 709 1817 731 class.

977 756 1030 778 271.
1046 757 1119 778 chart.
1136 756 1157 778 in
1177 757 1213 778 rol.
1229 762 1288 779 saec.
1307 756 1358 778 XV.
1374 768 1405 773 —
1422 757 1468 779 Fol.
1485 757 1537 779 170.
1555 763 1585 779 r.:
1602 756 1686 786 Incipit
1700 756 1817 786 prologus

977 802 1001 825 in
1017 802 1091 825 ritum
1108 802 1169 826 beati
1184 802 1315 826 Francisci.
1332 804 1419 826 Desinit
1436 805 1473 826 sol.
1491 804 1543 826 208.
1565 811 1589 826 v.
1611 804 1647 826 his
1663 803 1754 826 verbis:
1771 804 1818 827 Ea:-

974 848 1077 878 ptzbiunt
1093 849 1213 872 miracula
1226 850 1281 878 post
1305 849 1434 873 transitum
1460 849 1521 874 beati
1537 850 1661 873 Francisci
1676 849 1819 873 mirabiliter

977 897 1077 918 ostensa.

1040 943 1077 964 92.
1096 941 1195 970 Ibidem,
1212 943 1263 965 cod.
1282 943 1319 965 ΙΨ.
1345 943 1411 965 class.
1438 943 1489 965 493.
1512 943 1611 966 membr.
1634 949 1693 966 saec.
1711 943 1771 965 XlV.
1788 955 1819 959 —

976 989 1023 1011 Fol.
1041 989 1062 1011 1.
1079 995 1099 1011 r.
1116 989 1225 1012 habetur:
1244 988 1328 1018 Incipit
1340 989 1458 1019 proloqus
1474 989 1499 1012 iu
1519 990 1593 1013 citam
1610 988 1671 1013 beati
1687 989 1818 1013 Francisci.

976 1035 1094 1065 Apparuit
1110 1038 1154 1058 etc.
1170 1036 1256 1058 Desinit
1277 1036 1315 1058 tol.
1340 1036 1376 1058 80.
1394 1042 1413 1058 r.
1430 1035 1520 1058 vei-bis:
1538 1036 1680 1065 Empticiunt
1695 1035 1815 1059 miracuta

973 1085 1029 1113 post
1044 1083 1174 1107 transitum
1191 1083 1252 1106 beati
1267 1083 1392 1106 Francisci
1407 1083 1548 1107 mirabiliter
1565 1085 1665 1106 ostensa.

1038 1130 1076 1151 93.
1095 1129 1193 1157 Ibidem,
1211 1130 1262 1152 cod.
1280 1131 1295 1152 1.
1321 1129 1357 1152 40.
1382 1130 1476 1152 miscell.
1493 1129 1517 1152 in
1537 1130 1576 1152 sol.
1593 1135 1646 1152 saec
1662 1129 1715 1152 XV.
1731 1142 1762 1146 —
1779 1131 1817 1152 Le-

977 1177 1051 1205 genda
1068 1177 1138 1199 sancti
1156 1176 1269 1199 Francisci
1286 1176 1365 1204 incipit
1382 1177 1418 1199 sol.
1435 1176 1473 1198 77.
1490 1182 1509 1198 r.
1527 1176 1577 1198 sine
1588 1176 1634 1198 ullo
1647 1176 1722 1199 titulo:
1739 1177 1818 1206 Appa-

976 1223 1025 1246 ruit
1042 1222 1122 1252 yratia
1138 1222 1182 1245 Dei
1196 1222 1324 1246 salvatoris
1340 1222 1418 1245 nostri
1433 1226 1476 1245 etc.
1501 1223 1587 1245 Desinit
1602 1223 1638 1245 iol.
1659 1223 1711 1245 131.
1727 1229 1746 1245 r.
1763 1229 1817 1245 cum

976 1270 1108 1292 additione:
1126 1270 1194 1292 Anno
1211 1268 1308 1292 Domini
1327 1269 1452 1293 millesimo
1475 1269 1610 1293 CCCCXLI.
1632 1268 1656 1292 in
1674 1269 1710 1292 die
1726 1270 1817 1293 sancto-

975 1322 1032 1339 rum
1049 1318 1137 1346 septem
1152 1316 1278 1340 Fratrum.

975 1409 1015 1433 111.
1032 1409 1137 1433 Breviter
1153 1409 1314 1433 enumerantur
1330 1409 1429 1440 codices,
1441 1409 1480 1440 qui
1491 1409 1600 1440 antiquas
1616 1409 1685 1433 huius
1701 1409 1818 1439 [tegendae

1152 1456 1267 1479 versiones
1283 1456 1308 1479 in
1325 1455 1385 1479 alias
1401 1455 1494 1485 linguas
1511 1456 1637 1480 continents.

1038 1550 1062 1572 P.
1080 1549 1161 1572 Fidelis
1178 1556 1190 1572 a
1207 1550 1284 1572 Fanna
1301 1549 1323 1572 h.
1341 1556 1373 1572 m.
1389 1550 1503 1572 recensuit
1520 1551 1561 1572 has
1577 1549 1742 1578 translationes,
1759 1555 1818 1578 quae

975 1599 1116 1626 sequuntur:

1039 1644 1144 1666 intonare
1160 1644 1264 1666 GALuco:
1284 1644 1306 1665 1.
1322 1642 1435 1671 Parisiis,
1455 1642 1592 1666 bibliotheca
1608 1643 1752 1670 Mazarrinea,
1766 1644 1818 1666 cod.

980 1690 1044 1712 1351.
1063 1689 1161 1712 membr.
1177 1696 1237 1712 saec.
1255 1690 1314 1712 XlV.
1326 1703 1357 1706 —
1369 1691 1392 1713 2.
1409 1689 1508 1718 Ibidem,
1523 1690 1575 1712 cod.
1592 1690 1662 1713 2972.
1673 1691 1744 1712 chart.
1756 1696 1817 1713 saec.

976 1737 1044 1759 XVll.
1061 1749 1092 1753 —
1109 1737 1131 1759 3.
1153 1736 1263 1765 Pictavii,
1288 1736 1427 1759 bibliotheca
1452 1736 1567 1764 Civitatis,
1588 1737 1640 1759 cod.
1667 1737 1719 1759 413.
1745 1738 1816 1760 chart.

975 1789 1034 1806 saec.
1052 1783 1104 1806 XV.
1121 1783 1230 1806 exeuntis.

1038 1829 1142 1853 intonare
1166 1831 1296 1853 Gennamco
1320 1836 1374 1853 eum
1399 1830 1497 1853 diversis
1521 1830 1637 1853 dialectis:
1664 1831 1685 1852 1.
1709 1829 1818 1853 Bamber·

975 1882 1031 1905 yae,
1059 1875 1197 1899 bibliotheca
1224 1876 1338 1905 Civitatis,
1361 1877 1411 1899 cod.
1436 1877 1461 1899 E.
1487 1878 1532 1900 Ψ11.
1557 1877 1594 1899 56.
1621 1883 1738 1905 progress.
1763 1877 1815 1899 529.

975 1922 1074 1945 membr.
1090 1929 1151 1945 saec.
1175 1923 1226 1946 XV.
1248 1935 1278 1940 —
1295 1924 1317 1946 2.
1334 1923 1468 1951 Bruatettis,
1494 1923 1632 1946 bibliotheca
1654 1924 1739 1951 Regia,
1764 1923 1817 1946 cod.

976 1969 1086 1992 3662-64.
1102 1970 1174 1991 chart.
1190 1975 1250 1992 saec.
1267 1969 1318 1992 XV.
1336 1969 1424 1998 (1472).
1446 1982 1477 1985 -
1493 1970 1516 1992 3.
1534 1969 1655 1998 Coloniae,
1679 1969 1816 1992 bibliotheca

975 2016 1089 2045 Civitatis,
1108 2017 1159 2039 cod.
1178 2017 1214 2039 Vl.
1231 2017 1254 2039 7.
1270 2023 1331 2039 saec.
1348 2017 1398 2039 XV.
1417 2017 1506 2045 (1477).
1522 2030 1554 2033 -
1573 2017 1595 2039 4.
1612 2017 1767 2045 Daventriae,
1786 2017 1817 2039 bi-

975 2062 1087 2086 bliotheca
1105 2063 1217 2090 Civitatis,
1235 2064 1287 2086 cod.
1306 2063 1373 2086 1743.
1391 2065 1462 2086 chart.
1485 2069 1545 2086 saec.
1563 2064 1614 2086 XV.
1631 2076 1662 2079 —
1679 2063 1701 2086 5.
1721 2064 1814 2086 Donau-

975 2110 1100 2140 eschinssen
1115 2111 1145 2133 ad
1169 2112 1241 2133 sontes
1259 2111 1367 2139 Danubii,
1389 2110 1525 2133 bibliotheca
1551 2111 1672 2139 Principis,
1694 2111 1747 2133 cod.
1764 2111 1816 2133 453.

975 2159 1048 2181 chart.
1063 2164 1124 2181 saec.
1141 2159 1192 2180 XV.
1214 2171 1244 2174 —
1267 2159 1289 2180 6.
1314 2158 1395 2187 Hayae
1420 2157 1550 2186 Comitum,
1576 2157 1714 2180 bibliotheca
1731 2158 1817 2186 Regia,

975 2206 1028 2228 cod.
1044 2207 1098 2228 281.
1114 2207 1186 2228 chart.
1203 2212 1263 2228 saec.
1280 2205 1331 2227 XV.
1348 2218 1379 2222 —
1395 2205 1417 2228 7.
1430 2204 1529 2233 Ibidem,
1542 2205 1592 2228 cod.
1606 2205 1658 2227 279.
1672 2206 1744 2227 chart.
1756 2210 1815 2227 saec.

975 2252 1027 2275 XV.
1047 2265 1079 2269 —
1101 2253 1123 2275 8.
1146 2252 1245 2280 Ibidem,
1270 2252 1322 2275 cod.
1347 2252 1399 2274 424.
1425 2253 1497 2274 chart.
1521 2257 1582 2274 saec.
1602 2252 1653 2274 XV.
1677 2251 1767 2281 (4479).
1785 2263 1817 2268 --

975 2300 996 2321 9.
1015 2299 1112 2327 Ibidem,
1129 2299 1181 2321 cod.
1198 2299 1251 2321 397.
1268 2300 1340 2321 chart.
1357 2305 1416 2321 saec.
1434 2299 1485 2321 XV.
1496 2311 1527 2315 —
1540 2299 1577 2321 10.
1588 2298 1687 2327 Ibidem,
1706 2299 1758 2321 cod.
1769 2304 1816 2321 non

975 2346 1033 2374 sign.
1051 2347 1122 2368 chart.
1139 2351 1197 2368 saec.
1216 2345 1266 2368 XV.
1292 2345 1381 2374 (1443).
1399 2357 1428 2361 —
1452 2345 1488 2368 11.
1511 2344 1656 2375 Hamburqi,
1679 2345 1816 2368 bibliotheca

975 2393 1089 2420 Civitatis,
1107 2393 1158 2415 cod.
1175 2392 1207 2414 111.
1224 2391 1262 2414 64.
1279 2398 1301 2414 n.
1320 2392 1357 2414 33.
1374 2393 1445 2414 chart.
1462 2398 1522 2415 saec.
1540 2392 1591 2414 XV.
1602 2393 1682 2414 -12.
1700 2392 1815 2422 Ilafniao,

975 2439 1112 2462 bibliotheca
1128 2439 1213 2467 Regia,
1230 2439 1281 2461 cod.
1299 2438 1352 2461 798.
1374 2440 1446 2461 chart.
1465 2445 1525 2461 saec.
1547 2439 1597 2462 XV.
1621 2439 1710 2468 (1474).
1729 2452 1759 2455 -
1781 2440 1814 2462 13.

975 2486 1082 2516 Liynitii,
1100 2486 1238 2509 bibliotheca
1255 2486 1368 2509 Ecclesiae
1383 2489 1514 2509 sanctorum
1528 2486 1586 2509 Petri
1598 2489 1620 2509 et
1634 2487 1702 2515 Pauli,
1714 2487 1766 2510 cod.
1778 2487 1816 2509 11.

975 2535 1046 2556 chart.
1063 2540 1123 2556 saec.
1140 2534 1190 2556 XV.
1208 2546 1239 2550 -
1256 2533 1294 2556 14.
1305 2532 1417 2562 Lufflluni
1432 2533 1590 2561 Batavorum,
1609 2533 1747 2556 bibliotheca
1764 2534 1816 2556 Uni-

975 2580 1101 2607 versitatis,
1118 2580 1170 2602 cod.
1187 2579 1241 2602 264.
1265 2579 1363 2602 membr.
1388 2585 1448 2601 saec.
1475 2579 1526 2602 XV.
1543 2591 1574 2596 —
1591 2579 1627 2601 15.
1646 2579 1744 2607 Ibidem,
1762 2580 1814 2602 cod.

975 2627 1028 2648 266.
1045 2627 1116 2649 chart.
1141 2632 1201 2648 sace.
1224 2626 1274 2648 XV.
1296 2637 1326 2642 —
1345 2626 1382 2648 16.
1398 2625 1497 2653 Ibidem,
1514 2625 1564 2648 cod.
1583 2626 1621 2648 83.
1640 2625 1738 2648 membr.
1755 2631 1814 2648 saec.

976 2673 1026 2695 XV.
1042 2684 1074 2689 —
1092 2672 1127 2694 17.
1145 2672 1276 2700 Monaclu'i,
1303 2671 1439 2695 bibliotheca
1462 2672 1547 2699 Regia,
1568 2672 1620 2695 cod.
1641 2678 1744 2700 german.
1762 2673 1816 2695 218.

975 2720 1046 2741 chart.
1062 2725 1122 2741 saec.
1140 2719 1191 2741 XV.
1211 2718 1300 2747 (1484).
1316 2730 1347 2735 -
1364 2719 1400 2741 18.
1418 2718 1518 2746 Ibidem,
1536 2719 1587 2741 cod.
1605 2719 1658 2741 387.
1670 2720 1741 2742 chart.
1754 2726 1814 2742 saec.

976 2766 1026 2788 XV.
1043 2778 1073 2782 —
1091 2766 1127 2788 19.
1145 2765 1245 2792 Ibidem,
1261 2766 1313 2788 coil.
1331 2765 1398 2787 5138.
1417 2767 1489 2788 chart.
1505 2772 1565 2788 saec.
1583 2766 1634 2788 XV.
1650 2778 1681 2782 —
1699 2767 1736 2788 20.
1753 2766 1816 2789 Sau-

975 2813 1006 2836 cti
1023 2813 1087 2836 Galli
1115 2813 1138 2835 in
1163 2813 1277 2840 Helvetia,
1295 2812 1431 2835 bibliotheca
1453 2813 1569 2840 Civitatis,
1590 2813 1642 2835 cod.
1670 2813 1722 2835 360.
1744 2814 1814 2835 chart.

975 2867 1034 2882 sace.
1052 2860 1102 2882 XV.
1115 2873 1145 2876 -
1162 2860 1199 2882 21.
1213 2859 1334 2883 Ultruiecli
1344 2859 1376 2882 ud
1387 2859 1506 2887 Rhenum,
1519 2859 1655 2882 bibliotheca
1670 2860 1815 2887 Academiae,

975 2908 1026 2930 cod.
1045 2908 1098 2930 237.
1116 2908 1137 2929 S.
1156 2908 1180 2930 Ε.
1197 2907 1294 2930 membr.
1313 2914 1372 2929 saec.
1390 2908 1441 2930 XV.
1458 2920 1489 2924 —
1506 2908 1544 2930 ‘2-2.
1565 2906 1720 2934 Vindotumur,
1737 2907 1815 2929 biblin-

976 2956 1040 2977 theca
1058 2954 1168 2982 Palatina,
1186 2954 1237 2977 cod.
1254 2954 1323 2976 3989.
1340 2955 1410 2977 chart.
1424 2960 1483 2977 saec.
1497 2954 1546 2976 XV.
1564 2966 1594 2970 -
1606 2955 1644 2976 23.
1658 2953 1750 2980 Ibidrm,
1763 2954 1813 2976 cod.
