2133 3317
124 869 215 891 Secundo,

119 893 180 917 quoad
192 898 224 911 vo-

113 1198 157 1217 Tria
171 1200 230 1216 atten-

137 1221 205 1240 denda.

119 1714 232 1734 Notandum.

168 2278 238 2299 Tertio,

108 2301 170 2325 quoad
187 2306 240 2320 exer-

108 2325 173 2343 citium
186 2329 240 2348 prae-

108 2348 189 2367 lationis.

109 2372 161 2394 Item,
172 2372 207 2390 tria
216 2374 243 2390 at-

124 2395 225 2414 tendenda.

243 227 299 255 250

243 304 387 333 dilectione
409 302 563 331 Conditoris
585 301 693 337 lingua,
722 308 800 328 mens
828 302 855 328 et
882 300 939 328 vita
967 299 1093 336 requira-

244 354 299 379 tur.
322 351 469 386 Nunquam
490 351 531 376 est
552 347 599 375 Dei
622 354 700 375 amor
721 346 842 380 otiosus,
865 348 998 383 operatur
1020 346 1094 374 enim

244 405 358 434 magna,
380 396 401 424 si
423 398 479 429 est3
502 394 524 423 si
546 396 638 422 autem
661 393 770 430 operari
796 393 905 427 renuit,
934 401 1011 421 amor
1039 401 1094 421 non

244 447 326 473 est».
348 442 465 471 Multum
487 440 568 469 etiam
592 439 655 468 facit
675 448 767 477 yemis
788 443 815 468 et
827 439 966 468 nobilitas
980 440 1093 476 operis,

244 491 325 527 quia,
347 489 418 517 sicut
440 488 547 516 clarum
569 489 625 520 est,
647 486 776 515 aureolae
798 486 953 523 praemium
974 494 1029 515 non
1048 486 1094 515 de—

244 537 326 565 betur
348 534 453 563 habitui
477 533 589 562 virtutis
610 533 777 568 intrinseco,
803 533 849 562 sed
877 533 955 570 operi
983 533 1094 570 privile-

244 583 332 620 giato,
354 584 450 618 utpote
472 580 684 617 praedicationi,
706 580 841 616 martyrio
862 583 889 609 et
911 580 1060 617 virginitati
1074 581 1093 609 1.

244 630 360 658 Multum
382 628 463 657 etiam
486 627 550 656 facit
571 626 737 664 aedificatio
756 627 906 664 proximi,
922 635 985 656 cum
1001 627 1094 656 Domi-

244 685 297 705 nus
318 675 390 704 dicat
411 675 478 703 viris
500 674 629 711 perfectis
642 673 668 702 ²:
694 674 747 702 Vos
768 674 836 702 estis
851 674 903 702 tuor
917 674 1030 702 muudi.
1047 674 1095 703 Sic

245 724 338 752 luceat
362 722 413 750 tux
447 725 542 750 vestra
570 729 672 749 coram
703 719 886 755 homiuibus,
915 724 947 749 ut
977 720 1096 749 videant

245 778 335 807 opera
356 772 454 797 vestra
477 768 560 796 bona.

325 817 370 845 20.
387 815 517 844 Similiter
533 818 669 852 quantum
685 814 719 843 ad
734 817 833 842 votum
848 814 1006 852 Reliyionis
1021 814 1095 843 illius

246 868 287 893 est
309 862 464 900 professio3
486 862 643 899 perfectior,
666 861 692 889 in
715 869 771 898 qua
790 864 907 890 vovetur
928 864 955 890 et
975 869 1095 898 pauper-

248 914 289 940 tas
310 910 391 939 altior
412 913 439 938 et
460 908 615 937 obedientia
636 908 821 937 universalior
843 911 870 936 et
884 908 973 936 forma
987 907 1096 936 castita—

247 958 282 987 tis
303 957 453 986 honestior.
476 956 542 984 Nam
565 956 617 984 ista
638 955 707 989 tria,
729 955 802 984 sicut
816 963 949 992 expresse
964 957 1054 992 patet,
1069 957 1097 983 et

246 1004 349 1042 gradus
371 1004 474 1032 habent
494 1006 520 1032 et
542 1003 635 1031 minus
655 1005 682 1030 θῖ
703 1002 793 1030 maius
814 1002 968 1039 recipiunt,
989 1010 1021 1030 ac
1047 1009 1096 1038 per

245 1053 297 1081 hoc
319 1054 395 1080 tanto
416 1051 444 1079 in
465 1050 577 1078 maioris
599 1049 774 1086 perfectionis
795 1052 870 1077 statu
891 1048 1096 1082 constituunt&

245 1102 349 1136 quanto
370 1100 507 1126 voventur
529 1096 692 1130 sublimius,
714 1095 872 1132 potissime,
894 1095 915 1124 si
932 1096 1000 1124 haec
1015 1103 1097 1132 regu-

246 1146 347 1174 larium
369 1143 609 1173 observantiarum
631 1143 758 1171 instituta
785 1142 965 1176 comitentur,
995 1141 1097 1178 quihus

247 1192 398 1221 austerius
420 1190 579 1227 castiyetur
601 1198 725 1227 corpus,
751 1188 938 1226 fructuosius
966 1187 1097 1225 aedifice—

248 1245 297 1268 tur
315 1238 474 1276 proximus
495 1245 526 1266 ac
548 1237 727 1265 reverentius
743 1236 858 1265 colatur
873 1236 960 1264 Deus.
977 1253 1013 1255 —
1028 1235 1098 1264 Con-

247 1286 318 1316 sistit
339 1289 431 1314 antem
454 1284 610 1322 castigatio
639 1284 773 1321 corporis
801 1284 829 1312 in
857 1283 1024 1312 arctitudine
1052 1290 1098 1311 ve-

247 1333 347 1367 stium,
369 1332 530 1361 victualium
552 1334 580 1360 et
601 1331 768 1365 verborum,
791 1338 855 1359 cum
876 1330 1039 1359 austeritate
1060 1330 1099 1358 la-

247 1381 364 1413 borum,
387 1379 544 1416 vigiliarum
566 1382 593 1407 et
614 1378 732 1407 aliarum
759 1377 946 1414 corporalium
974 1377 1098 1405 afflictio-

248 1436 330 1462 num;
353 1426 518 1463 aedificatio
534 1434 600 1454 vero
611 1426 759 1462 proximi,
775 1426 801 1453 in
817 1424 982 1453 exhibendis
1004 1432 1099 1452 exem-

248 1475 300 1512 plis
326 1474 479 1505 virtutum,
511 1472 684 1501 documentis
717 1472 942 1509 scripturarum,
971 1470 1100 1500 remediis

248 1523 506 1553 Sacramentorum,
529 1519 695 1556 praesidiis⁵
717 1519 901 1556 regiminum,
924 1518 1032 1547 iudiciis
1057 1518 1099 1546 iu-

249 1568 387 1598 stitiarum
409 1571 436 1596 et
458 1567 599 1595 beneficiis
627 1566 852 1600 miserationum3
883 1565 979 1594 cultus
1007 1568 1100 1593 autem

253 1616 312 1649 Dei,
329 1616 355 1643 in
373 1614 511 1643 reverenti
534 1622 564 1642 ac
587 1613 660 1650 vigili
676 1612 899 1650 frequentatione
914 1612 1100 1649 psalmorum,

250 1663 436 1699 hymnorum,
459 1661 631 1689 canticorum
658 1660 862 1697 spiritualium,
890 1659 1099 1692 adorationum,

250 1710 395 1738 Missarum
418 1712 445 1737 et
465 1708 583 1736 aliarum
604 1707 767 1736 devotarum
782 1707 948 1735 orationum.
972 1722 1009 1726 -
1032 1706 1101 1734 Haec

249 1760 343 1786 autem
358 1756 447 1785 onmia
464 1755 545 1784 simul
568 1755 692 1792 reperire
714 1754 741 1783 in
756 1754 850 1791 aliquo
872 1762 927 1782 uno
943 1756 1016 1782 statu
1032 1753 1102 1781 Reli-

249 1803 337 1841 gionis
358 1802 571 1840 praecellentius
593 1810 676 1839 quani
699 1802 727 1830 in
749 1801 824 1835 aliis,
841 1800 919 1829 valde
944 1800 1054 1829 difficile
1076 1803 1103 1828 et

249 1850 374 1880 fortassis
396 1849 565 1886 impossibile
586 1849 726 1877 videbitur
746 1848 891 1885 diligenter
907 1847 1100 1876 consideranti.

250 1898 282 1926 Et
296 1898 373 1931 ideo,
393 1896 520 1934 quamvis
535 1904 609 1925 unus
624 1895 771 1933 Religionis
786 1897 875 1923 status
889 1894 1007 1923 alterum
1024 1901 1103 1930 prae-

251 1945 331 1974 cellat
352 1945 379 1973 in
401 1944 472 1973 votis
494 1943 739 1977 substantialibus,
762 1950 816 1971 11011
846 1945 938 1971 tamen
967 1940 1101 1978 praeferri

251 1995 341 2029 potest
362 1991 389 2020 in
411 1991 556 2030 omnibus,
579 1998 643 2019 cum
664 1990 780 2027 quilibet
801 1992 891 2018 status
905 1988 1008 2025 aliquid
1025 1996 1103 2025 prae-

252 2038 392 2075 rogativae
413 2037 539 2074 specialis
560 2037 698 2071 obtineat,
720 2044 776 2073 quo
798 2039 892 2065 sancta
907 2038 994 2064 mater
1010 2037 1105 2063 nostra

252 2088 280 2114 et
300 2085 401 2113 Christi
425 2092 524 2121 sponsa
547 2084 666 2112 Ecclesia
687 2087 819 2120 tanquam
841 2083 873 2111 iu
893 2082 997 2110 vestitu
1015 2082 1104 2110 (teau-

252 2136 318 2160 rato
340 2131 526 2160 circumdata
547 2131 709 2159 oco-tetatess
732 2130 880 2159 decoratur
909 2132 936 2158 et
963 2128 1104 2157 deiformis

253 2179 382 2208 efficitur.

333 2226 379 2253 21.
402 2225 452 2253 Per
474 2225 548 2253 hunc
570 2224 651 2253 etiam
674 2224 787 2252 modum
807 2222 960 2251 secundum
977 2221 1103 2260 officium

255 2272 447 2309 praelationis
468 2271 648 2300 excellentior
670 2273 711 2299 est
732 2270 879 2307 perfectio,
902 2270 928 2298 in
955 2277 1011 2306 quo
1036 2269 1104 2297 emi-

256 2319 370 2348 nentior
386 2318 537 2356 confertur
557 2317 723 2346 sublimitas
739 2317 863 2351 ordinis,
878 2316 912 2345 ad
927 2316 1103 2353 purgandum

256 2367 375 2400 scilicet,
397 2365 611 2394 illuminandum
640 2367 667 2393 ct
695 2364 931 2401 perficiendunffl,
954 2363 1104 2392 onerosior

255 2413 417 2451 imponitur
438 2412 561 2441 sarcina
583 2411 693 2440 laboris
714 2411 742 2439 in
764 2410 900 2448 pascendo
925 2410 1102 2439 commissum

719 222 917 251 OPUSCULUM
938 222 980 250 XI.
1002 221 1162 250 APOLOGIA
1185 222 1366 251 PAUPERUM.
1388 222 1456 251 CAP.
1479 223 1518 251 III.

1151 308 1262 337 gregem
1284 301 1427 337 exemplo,
1450 300 1536 329 verbo
1557 304 1584 329 et
1605 300 1749 337 temporali
1772 300 1909 335 subsidio,
1934 301 2000 329 ube-

1151 346 1215 375 rior
1236 347 1318 376 etiam
1341 347 1499 376 comitatur
1520 346 1717 385 fructuositas
1737 347 1844 375 salutis
1865 350 1892 376 et
1920 347 1947 376 in
1968 355 2000 376 eo

1152 393 1199 430 qui
1222 393 1368 430 praesidet,
1390 397 1418 423 et
1438 394 1465 422 in
1493 394 1533 423 eis
1561 394 1609 431 qui
1631 394 1760 428 subsunt,
1781 397 1809 422 θῖ
1829 394 1857 422 in
1885 394 2000 429 ceteris,

1151 439 1185 468 ad
1206 448 1277 477 quos
1298 440 1479 476 praesidentis
1501 441 1630 477 exempla
1648 440 1823 477 perveniunt.
1840 440 2001 477 Requiritur

1151 486 1236 523 igitur
1260 486 1346 515 11111115
1374 486 1549 523 perfectionis
1577 487 1742 516 eminentior
1769 487 1940 520 sublimitas,
1970 489 2001 515 ut

1152 533 1292 569 praelatus
1314 533 1464 568 Ecclesiae,
1486 537 1591 570 quanto
1612 533 1760 562 sublimius
1781 536 1906 570 praeest,
1926 536 2002 562 tanto

1152 580 1274 608 sanctius
1295 580 1370 608 vivat
1390 582 1417 608 et
1448 579 1593 609 sollicitius
1623 580 1746 617 invigilet
1773 583 1800 609 et
1830 580 2002 610 fructuosius

1151 634 1264 663 gregem
1285 629 1386 663 pascat.

1231 674 1277 701 22.
1300 673 1326 701 Si
1346 676 1439 701 autem
1454 673 1623 709 comparatio
1637 673 1685 701 fiat
1700 673 1875 709 perfectionis
1889 673 1923 702 ad
1937 681 2001 710 per-
2029 680 2117 705 Compar„

1152 720 1295 749 fectionem
1318 720 1346 748 in
1366 728 1468 757 yenere
1488 720 1603 748 diverso
1624 723 1759 756 quantum
1781 720 1814 748 ad
1836 720 1949 749 modum
1974 722 2002 749 et
2026 704 2117 748 {3}?,2¹¹¹,{

1152 770 1272 801 statum,
1294 767 1442 803 dupliciter
1464 765 1554 803 potest
1575 767 1705 804 intelligi:
1727 767 1771 795 vel
1789 767 2001 804 praesupposi-
2013 751 2068 793 ἓῗιοῗῖ
2097 757 2117 771 “”

1153 814 1242 848 torie,
1264 814 1306 842 vel
1326 814 1467 851 praecise.
1490 814 1516 842 Si
1535 814 1823 851 praesuppositorie,
1844 814 1882 842 sic
1897 814 2002 851 absque
2015 820 2117 848 Praesum-

1152 860 1237 889 dubio
1258 861 1345 889 maior
1367 863 1408 889 est
1430 860 1577 897 perfecti0‚
1597 868 1668 897 quae
1682 860 1835 889 attenditur
1850 860 2002 889 secundum
2053 846 2105 864 ΜΨ

1152 908 1324 936 exercitium
1354 907 1490 941 virtutis,
1518 911 1617 936 votum
1644 907 1794 945 reliyiouis
1822 910 1849 936 et
1876 906 2004 945 officium

1150 955 1363 991 praelationis,
1385 963 1469 991 quam
1491 954 1579 983 altero
1600 954 1681 983 modo
1702 957 1818 983 tantum.
1842 971 1877 974 —
1900 954 1952 983 Sed
1980 954 2002 983 si
2019 960 2103 980 praecise

1150 1002 1285 1039 praecise
1316 1009 1510 1038 comparemus
1538 1001 1734 1038 perfectionem
1767 1001 1924 1038 Reliyiouis
1955 984 2111 1035 aut‘{¹i¹o⁰=²1¹‹‘÷¹=3=¹‚eal

1150 1049 1345 1085 praelationis
1366 1048 1399 1076 ad
1422 1047 1618 1085 perfectionem
1639 1048 1777 1081 virtutis,·
1796 1048 1872 1076 nulla
1887 1055 2004 1085 prorsus
2024 1032 2111 1074 θῖῗῖῗᾶἷῖἓ

1154 1098 1196 1125 est
1216 1095 1385 1132 comparatio
1405 1096 1431 1124 in
1447 1104 1514 1124 vero
1528 1104 1587 1124 esse
1602 1095 1777 1132 perfectionis
1788 1095 1808 1123 ⁸.
1824 1095 1891 1124 Nam
1905 1098 2005 1123 votum
2022 1101 2111 1120 sonanda.

1154 1143 1305 1180 religionis
1333 1143 1392 1171 sine
1419 1142 1619 1171 exercitatione
1646 1141 1784 1179 perfectae
1812 1142 1924 1170 virtutis
1951 1149 2005 1170 non
2113 1167 2114 1186 Χ

1155 1192 1196 1218 θ51
1218 1189 1364 1226 perfectio,
1387 1189 1434 1218 sed
1456 1189 1614 1226 perversio,
1636 1197 1690 1217 non
1716 1188 1892 1226 perfectionis
1920 1188 2006 1217 subli-
2113 1187 2115 1215 l

1155 1237 1252 1271 initas,
1275 1237 1322 1265 sed
1344 1236 1483 1265 simulatio
1504 1236 1665 1265 sanctitatis.
1691 1236 1825 1274 Officium
1841 1244 1907 1265 vero
1918 1244 2007 1273 prae-

1155 1283 1274 1312 lationis
1295 1283 1353 1312 sine
1375 1283 1495 1312 culmine
1516 1283 1629 1312 virtutis
1650 1286 1678 1312 et
1696 1283 1802 1312 meritis
1816 1291 1870 1311 non
1886 1286 1927 1312 est
1942 1290 2008 1311 vera

1155 1330 1329 1365 sublimatio,
1351 1330 1399 1359 sed
1426 1330 1558 1364 deiectio,
1590 1338 1644 1358 non
1676 1330 1796 1367 gloriosa
1827 1330 2007 1364 excellentia,

1156 1377 1203 1406 sed
1225 1377 1381 1414 periculosa
1403 1377 1500 1411 ruina,
1523 1385 1574 1414 pro
1595 1385 1627 1405 eo
1648 1377 1723 1414 quod
1739 1380 1865 1414 potentes
1878 1381 2008 1414 potenter

1156 1428 1300 1453 tormenta
1312 1425 1474 1462 patientur,
1489 1428 1515 1453 et
1528 1424 1674 1453 iudicium
1688 1424 1884 1453 durissimum
1899 1423 1944 1453 liis
1958 1424 2010 1463 qui

1153 1475 1314 1508 praesunt,
1335 1471 1414 1508 fiet2.
1437 1487 1473 1492 —
1495 1471 1564 1500 Cum
1579 1474 1672 1500 autem
1687 1471 1819 1508 perfectio
1841 1474 1929 1500 status
1950 1472 2007 1501 sive
2023 1479 2111 1506 coronae

1156 1519 1263 1547 ratione
1284 1518 1349 1552 voti,
1371 1518 1428 1547 sive
1450 1518 1556 1547 ratione
1576 1518 1659 1547 officii
1681 1518 1739 1547 sine
1762 1518 1929 1555 perfectione
1950 1526 2008 1547 me·
2040 1502 2112 1522 mmuh

1157 1566 1202 1594 riti
1225 1574 1275 1602 pro
1297 1565 1404 1594 modico
1425 1565 1551 1594 habenda
1579 1565 1629 1600 sit;
1662 1565 1794 1602 perfectio
1822 1573 1889 1594 vero
1916 1565 2009 1594 meriti

1157 1612 1275 1641 obtineri
1298 1620 1352 1640 non
1375 1612 1460 1649 possit
1481 1612 1540 1640 sine
1568 1611 1698 1646 caritate,
1731 1620 1803 1649 quae
1833 1614 1875 1640 est
1905 1611 2008 1640 donum

1158 1659 1278 1696 Spiritus
1299 1659 1401 1693 sancti;
1424 1662 1450 1688 et
1471 1666 1552 1688 nemo
1567 1659 1651 1693 sciat,
1666 1662 1763 1688 utrum
1778 1659 1897 1688 alterum
1914 1658 1941 1687 in
1957 1659 2009 1687 hoc

1158 1706 1230 1735 dono
1252 1706 1416 1743 praecellat,
1439 1706 1505 1743 quia
1526 1705 1608 1734 etiam
1629 1705 1731 1740 nescit,
1760 1713 1789 1734 se
1816 1705 1920 1734 donum
1941 1705 2010 1734 illud

1159 1753 1314 1782 113110101οῑ
1336 1753 1431 1782 nullus
1452 1753 1533 1782 debet
1554 1760 1583 1781 se
1597 1752 1676 1781 alteri
1699 1752 1726 1780 in
1748 1752 1915 1789 perfectione
1931 1760 2009 1789 prae-

1159 1800 1248 1835 ferre;
1271 1801 1337 1837 quin
1360 1800 1468 1837 potius,
1490 1800 1512 1828 si
1534 1799 1581 1828 fiat
1600 1799 1770 1836 comparatio
1785 1806 1967 1836 personarum
1982 1799 2010 1827 in

1159 1847 1324 1876 excellentia
1346 1847 1537 1884 perfectionis,
1559 1846 1659 1875 debent
1681 1845 1732 1874 viri
1752 1848 2010 1883 quantumcumque

1160 1894 1274 1931 perfecti
1306 1894 1387 1923 iuxta
1418 1894 1573 1922 doctrinam
1603 1892 1739 1930 Apostoli,
1768 1892 1935 1930 superiores
1955 1891 2012 1921 sibi

1160 1941 1283 1970 iuvicem
1305 1941 1461 1970 arbitrari.
1494 1940 1570 1969 Unde
1591 1940 1761 1977 Augustinus
1788 1939 1822 1968 de
1846 1940 1920 1968 Bono
1947 1947 2012 1968 con-

1161 1989 1244 2025 iugali
1259 1988 1296 2016 ¹¹:
1323 1999 1337 2013 «
1352 1989 1409 2017 Non
1432 1990 1523 2022 recte,
1545 1987 1651 2024 inquit,
1674 1989 1873 2023 comparantur
1887 1986 2013 2015 homines

1161 2035 1321 2064 hominibus
1342 2035 1369 2063 in
1392 2043 1448 2063 uno
1468 2035 1562 2071 aliquo
1590 2034 1670 2062 bono.
1700 2033 1770 2062 Fieri
1801 2033 1874 2062 enim
1906 2035 2011 2070 potest,

1161 2086 1193 2111 ut
1214 2082 1284 2111 alius
1306 2090 1360 2110 nou
1382 2081 1482 2110 habeat
1502 2081 1623 2118 aliquid,
1645 2080 1719 2117 quod
1740 2080 1812 2109 alius
1840 2080 1938 2114 habet,
1964 2079 2012 2108 sed

1161 2129 1236 2157 aliud
1268 2128 1383 2162 habeat,
1416 2128 1490 2165 quod
1522 2127 1612 2164 pluris
1643 2126 1844 2156 aestimandum
1875 2129 1958 2155 est».
1980 2125 2012 2154 Et

1161 2176 1244 2212 paulo
1265 2179 1341 2212 post:
1369 2186 1382 2200 «
1397 2174 1493 2203 Melius
1514 2177 1556 2203 est
1577 2174 1681 2202 habere
1695 2173 1787 2202 omnia
1801 2173 1888 2207 bona,
1903 2173 1947 2202 vel
1962 2172 2012 2201 mi-

1161 2230 1245 2256 nora,
1267 2230 1350 2258 quam
1372 2229 1503 2258 magnum
1525 2221 1629 2249 honum
1651 2228 1716 2249 cum
1730 2228 1830 2256 magno
1844 2220 1932 2254 malo,
1947 2219 2013 2257 quia

1161 2269 1189 2298 in
1211 2269 1290 2297 bonis
1312 2268 1437 2305 corporis
1458 2268 1558 2297 melius
1579 2271 1620 2297 est
1648 2268 1752 2296 habere
1781 2267 1896 2296 Zachaei
1925 2269 2012 2295 statu-

1162 2324 1220 2345 ram
1244 2324 1307 2344 cum
1329 2315 1461 2349 sanitate,
1483 2323 1568 2352 quam
1589 2314 1682 2343 Goliae
1703 2322 1767 2343 cum
1790 2314 1867 2343 febre
1881 2325 1908 2342 ».

1240 2362 1285 2391 23.
1304 2363 1401 2394 Porro,
1415 2362 1449 2390 de
1464 2361 1668 2398 comparatione
1683 2364 1805 2390 statuum
1818 2360 2012 2397 praelationis
2032 2369 2096 2393 Quoad
2108 2369 2129 2388 di

1161 2412 1187 2439 et
1202 2409 1376 2447 Religionis,
1398 2408 1505 2437 meliori
1521 2409 1596 2437 salvo
1610 2408 1727 2442 iudicio,
1742 2407 1833 2436 dicere
1848 2415 2011 2444 possumus,
2028 2393 2129 2436 ῗῗῗὲῗ.“ῠ“

319 2594 326 2606 ¹
345 2594 389 2617 Cl'r.
408 2595 506 2622 Bonav.,
525 2594 549 2616 ll.
567 2594 627 2616 Sent.
646 2593 669 2616 d.
687 2593 724 2616 40.
742 2599 761 2615 a.
780 2594 801 2615 2.
820 2600 842 2622 q.
861 2593 886 2620 t;
903 2593 939 2615 lV.
959 2593 1019 2615 Sent.
1031 2593 1053 2615 d.
1067 2593 1104 2615 33.

255 2640 275 2655 a.
293 2635 314 2656 2.
333 2640 355 2662 q.
374 2634 399 2661 33
417 2633 533 2661 Breviloq.
550 2639 574 2661 p.
591 2632 635 2654 Vll.
654 2638 674 2654 c.
690 2632 714 2655 7.

318 2671 327 2685 2
345 2673 421 2695 Mattn.
439 2672 466 2699 5,
486 2671 521 2694 Ἰ14.
539 2675 561 2694 et
579 2672 615 2694 tss.

318 2710 327 2723 ³
346 2713 375 2734 lta
388 2712 419 2739 G;
431 2711 522 2734 ABCD
536 2711 662 2738 incongrue
671 2709 834 2740 professionis,
850 2710 903 2732 edd.
912 2709 1033 2739 perfectio,
1045 2715 1106 2738 quae

256 2751 324 2773 etiam
342 2757 384 2778 pro
398 2750 525 2780 perfecturi·
543 2749 785 2779 substituuntpotfflr,
802 2750 821 2771 G
835 2749 962 2779 perfectior
980 2751 1003 2773 et
1015 2748 1104 2779 potior.

319 2788 329 2801 4
346 2790 376 2812 lta
394 2789 436 2812 BC
447 2790 505 2816 DG;
522 2789 576 2812 edd.
594 2788 779 2813 constituuntur.
797 2789 892 2811 Interius
910 2795 952 2817 pro
964 2788 1105 2812 comitentur

257 2829 308 2851 Vat.
327 2827 456 2851 imitentur.

320 2866 329 2879 ⁵
348 2867 416 2893 Edd.‚
434 2866 602 2895 refragantibus
619 2866 730 2894 BCDG,
750 2866 932 2896 praesidemus,-
955 2873 1015 2896 quae
1037 2867 1105 2889 etiarn

258 2906 352 2928 inferius
370 2912 412 2933 pro
429 2905 570 2929 devotarmu
587 2906 729 2928 substituunt
746 2905 890 2929 divinarum.

320 2944 329 2957 ⁰
347 2945 430 2967 Psahn.
448 2945 488 2972 4-1,
509 2946 545 2967 10.
562 2957 593 2961 —-
609 2945 721 2973 Superius
742 2951 784 2973 pro
807 2945 938 2974 praecellat
952 2944 1051 2968 BCDG
1069 2950 1108 2967 cln-

259 2983 334 3007 cellar.

322 3022 330 3035 ⁷
348 3022 393 3045 Ct'r.
411 3023 516 3050 Dionys„
539 3023 569 3045 (le
589 3023 718 3045 Ecclesiast.
740 3023 858 3046 Hierarch.
875 3029 894 3046 c.
912 3023 933 3046 5.
951 3030 973 3045 n.
992 3024 1012 3045 3.
1030 3029 1107 3052 seqq.;

1162 2592 1216 2614 vide
1241 2593 1310 2614 etiam
1336 2597 1407 2619 supra
1432 2597 1485 2619 pag.
1509 2590 1536 2617 3,
1554 2592 1631 2613 notam
1649 2589 1671 2612 4.
1687 2601 1718 2606 -——
1735 2588 1847 2617 Superius
1863 2594 1906 2616 pro
1922 2587 1948 2610 iu
1965 2593 2010 2617 quo

1161 2632 1178 2654 B
1188 2630 1204 2654 C
1214 2631 1232 2653 D
1242 2631 1259 2653 G
1276 2631 1301 2653 iu
1318 2637 1366 2660 qua
1384 2630 1441 2659 (scil.
1458 2629 1617 2658 praelatione).

1225 2669 1234 2682 Β
1252 2671 1282 2692 lta
1300 2670 1316 2692 B
1325 2669 1341 2692 C
1352 2670 1370 2692 D
1380 2669 1397 2691 G
1403 2678 1409 2696 ;
1428 2669 1481 2692 edd.
1498 2667 1606 2697 virtutis,
1626 2674 1687 2697 quae
1699 2667 1768 2690 etiam
1781 2666 1875 2689 inferius
1886 2672 1929 2694 pro
1940 2665 2012 2689 simu-

1163 2709 1219 2732 latio
1236 2708 1370 2732 sanctitatis
1388 2707 1529 2731 substituunt
1546 2706 1668 2730 simulatio
1685 2705 1819 2736 aequitatis.

1226 2747 1235 2760 9
1252 2749 1280 2771 Ut
1297 2748 1380 2771 dicitur
1397 2748 1450 2776 Sap.
1469 2748 1496 2774 6,
1513 2746 1536 2769 7.
1553 2749 1575 2769 et
1592 2747 1614 2769 6.

1226 2786 1246 2799 ¹⁰
1263 2788 1335 2810 Eccle.
1354 2787 1380 2815 9,
1399 2787 1407 2809 1
1419 2794 1424 2809 ;
1443 2786 1518 2809 Nescit
1535 2787 1618 2813 homo,
1630 2788 1708 2808 utrum
1721 2790 1808 2813 amore,
1819 2790 1849 2806 an
1861 2783 1915 2806 odio
1926 2783 2012 2811 dignus

1163 2827 1198 2849 sit.
1217 2839 1247 2842 —
1264 2825 1367 2849 Subinde
1385 2826 1497 2854 allegatur
1515 2825 1570 2847 Phil.
1588 2825 1614 2853 2,
1636 2824 1662 2846 3:
1687 2825 1710 2846 ln
1732 2823 1859 2846 humilitate
1881 2822 2012 2850 superiores

1163 2865 1207 2888 sibi
1225 2865 1323 2888 invicem
1341 2864 1485 2887 arbitrantes.

1228 2904 1246 2917 ¹¹
1264 2904 1320 2933 Cap.
1338 2905 1376 2927 23.
1393 2911 1417 2926 n.
1434 2904 1472 2927 29.
1490 2903 1546 2926 lbid.
1564 2905 1599 2926 est
1614 2903 1683 2926 etiam
1700 2908 1749 2931 seq.
1761 2903 1837 2929 locus,
1848 2902 1871 2924 in
1883 2906 1930 2929 quo
1942 2900 2012 2928 respi-

1164 2944 1255 2966 ciuntur
1272 2944 1328 2966 Luc.
1346 2944 1388 2971 te,
1405 2944 1432 2965 3:
1450 2943 1506 2972 Quia
1525 2945 1611 2965 statura
1623 2942 1720 2971 pusillus
1732 2944 1792 2970 erat3
1805 2944 1827 2963 et
1838 2942 1852 2963 1.
1864 2941 1921 2968 Reg.
1937 2939 1976 2967 Ἰ17,
1990 2939 2011 2962 4.

1164 2988 1242 3011 seqq.:
1260 2983 1285 3005 Et
1302 2988 1410 3010 egressus
1427 2984 1461 3004 est
1478 2981 1538 3004 vir...
1555 2981 1649 3004 nomine
1665 2981 1777 3004 Goliath...
1789 2980 1913 3003 altitudinis
1924 2985 1964 3002 sex
1975 2985 2012 3002 cu-

1165 3021 1266 3045 bitorum
1284 3024 1327 3044 etc.
