2133 3317
138 452 192 470 Falsa
204 452 263 475 expli-

130 475 179 502 catio
197 475 262 494 adver-

129 504 182 517 narn.

127 875 201 899 Duplex
214 875 261 893 dissi-

159 898 231 917 denua.

147 969 175 988 De
188 969 255 992 prima.

128 1297 156 1316 De
171 1297 259 1317 secunda.

141 1957 256 1976 Contidentia

152 1981 245 2000 habenda.

273 230 331 259 324

275 308 347 337 vitae
369 310 492 341 sumtus,
514 305 641 343 quamvis
669 312 724 333 non
755 303 914 340 provideat,
946 306 1039 331 tamen
1070 302 1122 331 sibi

275 356 326 384 hos
346 362 401 383 non
422 354 517 382 deesse
538 351 690 385 certissime
710 350 793 384 sciat;
816 358 866 385 ne,
888 350 955 379 dum
970 357 1048 378 mens
1063 349 1123 378 eius

274 404 427 438 occupatur
448 399 482 428 ad
502 398 680 435 temporalia,
702 398 795 426 minus
820 397 880 426 aliis
908 397 1052 434 provideat
1078 404 1123 425 ae-

277 452 357 477 terna
371 459 397 474 ».
420 447 474 474 Hoc
495 445 612 474 verbum
635 444 720 473 totius
741 438 922 473 confidentiae
936 446 993 472 tam
1008 451 1123 480 expres-

278 502 339 523 sum
361 492 544 522 calumniator
565 494 727 528 pervertere
747 491 856 525 nititur,
877 494 909 519 ut
930 490 969 519 sic
990 490 1059 519 illud
1074 497 1124 518 ex-

274 543 373 578 ponat:
399 550 413 564 «
428 538 556 576 quamvis
576 546 631 566 non
652 537 810 575 provideat,
826 537 852 566 id
868 540 922 571 est,
938 541 1048 574 tempus
1063 545 1124 574 pro-

275 586 384 615 videndi
405 594 460 614 non
482 585 583 614 habeat
597 596 628 619 2),
650 584 728 621 quasi
750 592 805 612 non
824 584 922 613 debeat
936 583 969 612 de
984 583 1124 612 sufficien-

275 634 312 662 tia
333 633 423 661 victus
445 632 639 661 confidentiam
659 631 778 665 habere,
801 631 852 659 nisi
868 631 979 668 quando
994 639 1047 659 non
1064 633 1124 667 pot-

273 683 315 709 est
335 679 410 709 aliud
431 687 528 716 agere3
550 678 583 707 ad
605 678 679 715 quod
694 686 749 707 non
765 680 873 706 tantum
888 677 1062 714 praedicator
1077 685 1123 706 ve-

274 727 379 761 ritatis,
401 727 485 755 immo
507 728 767 763 quantumcumque
788 724 968 761 imperfectus
989 724 1123 753 Christia-

273 782 326 803 nus
347 773 519 810 astringitur.

352 820 398 849 23.
420 820 536 857 Propter
557 819 647 857 quod,
669 821 701 847 ut
722 819 811 847 omnis
832 818 1017 847 calumniandi
1046 826 1124 847 occa-

275 868 314 897 sio
336 868 449 896 tollatur
471 875 486 896 e
506 867 612 901 medio,
634 866 842 903 intelligendum
857 868 914 899 est,
930 865 1004 902 quod
1018 865 1123 902 duplex

273 918 314 944 est
335 914 514 953 diffidentia:
536 914 671 951 quaedam
693 913 859 950 proveniens
873 920 910 941 ex
921 912 1123 949 perversitate,

274 962 408 1000 quaedam
430 970 466 990 ex
484 960 738 999 pusillanimitate.
762 960 802 988 Ex
821 959 1012 997 perversitate
1034 959 1124 993 venit,

275 1009 386 1047 quando
408 1008 490 1037 babet
513 1008 718 1041 infidelitatem,
739 1007 782 1035 vel
804 1007 1024 1043 desperationem
1041 1013 1123 1035 anne-

275 1065 356 1091 xam,
378 1058 475 1092 utpote
496 1063 560 1084 cum
581 1054 645 1092 quis
665 1054 699 1083 de
720 1054 776 1082 Deo
797 1053 912 1088 diffidit,
932 1054 975 1082 vel
989 1053 1055 1090 quia
1069 1061 1124 1081 non

273 1104 374 1138 credit,
396 1104 483 1132 Deum
506 1110 607 1131 curare
625 1103 749 1130 humana
770 1104 901 1138 tanquam
916 1100 1060 1137 i¹nliclelis;
1081 1100 1124 1129 vel

277 1151 343 1187 quia
364 1150 519 1183 existimat,
542 1157 570 1178 se
592 1149 754 1177 derelictum
776 1156 792 1176 a
813 1148 869 1176 Deo
884 1150 998 1183 propter
1014 1149 1125 1183 peccata

275 1206 340 1231 sua,
362 1200 495 1233 tanquam
516 1197 687 1232 desperatus
698 1196 718 1222 ¹.
743 1195 773 1223 Et
788 1195 849 1223 talis
864 1194 1016 1223 diffidentia
1030 1197 1057 1222 et
1072 1194 1124 1222 501-

276 1244 389 1273 licitudo
410 1243 562 1280 procedens
593 1250 629 1271 ex
651 1243 709 1279 ipsa
740 1241 869 1269 omnibus
889 1240 1076 1277 prohibetur,
1098 1242 1125 1268 et

277 1290 441 1320 confidentia
462 1290 500 1318 illi
522 1289 647 1326 opposita
667 1289 775 1317 cunctis
796 1288 975 1325 praecipitur.
996 1304 1033 1307 -—
1049 1287 1125 1315 Diffi-

274 1338 366 1367 dentia
386 1340 477 1366 autem
501 1345 537 1365 ex
562 1336 809 1373 pusillanimitate
837 1335 950 1364 veniens
975 1338 1031 1368 est,
1054 1341 1126 1371 quae

275 1386 358 1414 habet
378 1392 515 1413 annexam
537 1383 738 1412 remissionem
759 1382 872 1411 amoris
887 1381 982 1410 (livini
996 1384 1024 1409 et
1038 1381 1126 1409 inten-

277 1432 386 1460 sionem
410 1431 523 1460 timoris
544 1430 686 1463 liunzani,·
707 1433 734 1458 et
754 1430 822 1458 haec
844 1432 917 1458 stare
942 1431 1032 1465 potest
1061 1436 1124 1456 cum

278 1479 392 1507 caritate
414 1477 600 1515 imperfecta„
622 1486 677 1506 non
699 1485 762 1505 cum
784 1476 920 1513 perfecta,
936 1479 963 1504 et
978 1475 1038 1503 ideo
1057 1475 1125 1503 haec

276 1525 510 1563 pusillanimitatis
531 1525 682 1554 diffidentia
702 1527 729 1553 et
751 1523 907 1552 sollicitudo
927 1530 962 1551 ex
985 1523 1044 1559 ipsa
1062 1530 1125 1559 pro-

275 1573 388 1602 veniens
416 1572 580 1608 evangelieis
607 1574 634 1600 et
662 1571 791 1608 perfectis
819 1570 886 1599 viris
913 1569 1070 1603 inhibetur,
1099 1573 1126 1598 et

276 1620 440 1649 confidentia
459 1619 547 1648 eidem
569 1618 694 1656 opposita
714 1626 730 1646 a
751 1617 927 1654 perfectionis
941 1616 1070 1653 Magistro
1085 1616 1125 1644 in-

278 1667 416 1704 iungitur,
431 1669 570 1703 quatenus
584 1665 788 1702 praedicatores
799 1664 923 1693 veritatis
937 1664 1058 1700 algorem
1074 1671 1125 1700 pu—

277 1713 470 1742 sillanimitatis
491 1712 663 1741 sollicitantis
684 1720 734 1748 pro
755 1711 816 1740 cibo
837 1710 976 1747 refugiant
997 1713 1024 1739 et
1045 1710 1125 1738 ardo-

274 1769 333 1789 rem
355 1761 477 1789 oaritatis
504 1760 667 1789 considentis
687 1759 720 1788 de
742 1759 798 1787 Deo
820 1766 883 1787 cum
906 1757 1125 1795 promptitudine

276 1808 307 1837 ad
337 1807 532 1844 perferendum
561 1806 733 1843 paupertatis
764 1805 937 1834 incommoda
968 1807 1125 1833 constanter

274 1858 423 1884 assumant.

354 1902 400 1930 ⁶24.
423 1901 460 1929 Ad
482 1902 553 1929 hanc
581 1900 693 1937 quidem
718 1900 911 1929 confidentiam
940 1899 966 1927 in
1000 1899 1071 1927 libro
1092 1898 1125 1927 de

278 1949 454 1985 Eleemosyna
469 1948 638 1985 Augustinus
651 1947 661 1963 2
675 1947 773 1975 invitat
786 1958 791 1974 :
812 1959 825 1971 «
840 1946 953 1980 Metuis,
969 1946 1075 1983 inquit,
1091 1954 1125 1975 ne

277 1995 473 2033 patrimonium
503 1997 582 2023 tuum
611 1994 682 2023 sorte
709 1994 833 2028 deficiat,
860 1994 881 2022 si
904 2001 940 2022 ex
962 2001 994 2022 eo
1015 1993 1124 2030 operari

279 2043 392 2079 largiter
414 2042 560 2079 coeperis?
582 2041 697 2077 Quando
717 2041 789 2069 enim
811 2041 914 2069 factum
933 2044 989 2073 est,
1005 2043 1037 2068 ut
1052 2040 1126 2068 iusto

749 226 947 255 OPUSCULUM
968 225 1009 253 Xl.
1032 224 1194 254 APOLOGIA
1215 224 1398 254 PAUPERUM.
1421 225 1489 254 CAP.
1510 225 1563 254 XII.

1180 305 1292 340 possent
1319 303 1414 332 deesse
1442 303 1587 332 subsidia?
1616 311 1679 332 cum
1708 303 1844 340 scriptum
1865 303 1941 332 sit3:
1965 304 2028 333 Non

1181 349 1287 378 occidet
1314 350 1393 378 Deus
1422 349 1502 388 fame
1527 350 1661 379 animam
1688 350 1768 378 iusti.
1792 350 1862 378 Elias
1882 350 1910 378 in
1932 350 2027 379 solitu-

1180 396 1244 425 dine
1265 396 1356 425 corvis
1373 397 1595 426 ministrantibus
1610 397 1749 434 pascitur,
1764 399 1792 425 et
1805 397 1909 426 Danieli
1925 397 1953 425 in
1967 397 2028 427 lacu

1180 443 1214 471 ad
1238 443 1349 471 leonum
1373 443 1503 480 praedam
1525 444 1602 472 iussu
1618 443 1691 480 regis
1706 443 1812 472 incluso
1827 443 1974 480 prandium
1988 443 2028 472 di-

1180 490 1285 518 vinitus
1299 492 1479 526 apportatur,
1501 492 1528 518 et
1549 490 1691 524 timemus,
1706 498 1741 519 ne
1755 490 1880 527 operanti
1899 492 1926 518 et
1939 490 2027 519 Deum

1181 537 1351 573 promerenti
1373 536 1443 565 desit
1463 537 1646 565 alimentum?
1667 545 1731 566 cum
1745 537 1803 574 ipse
1818 537 1846 565 in
1861 537 2006 574 Evangelio
2017 538 2029 554 4

1181 583 1215 612 ad
1237 583 1483 620 exprobrationem
1505 591 1602 612 eorum
1631 592 1751 620 quorum
1782 591 1861 612 mens
1881 584 1966 612 dubia
1989 588 2029 613 est

1181 633 1208 659 et
1224 630 1292 659 fides
1307 638 1402 667 parva,
1418 633 1588 659 contestetur
1602 633 1629 659 et
1643 630 1715 659 dicat
1728 641 1733 659 :
1750 631 1878 668 Aspicite
1898 630 2029 660 volatilia

1181 677 1270 711 caeli,
1303 677 1447 715 quoniam
1474 686 1533 706 non
1560 677 1706 706 seminant
1733 686 1823 715 neque
1849 681 1960 706 metunt
1979 686 2030 707 nec

1181 723 1322 761 colliyunt
1343 724 1375 752 in
1399 723 1523 758 horrea,
1552 728 1579 752 et
1599 724 1689 752 Pater
1709 728 1801 752 vester
1822 724 1951 753 caelestis
1974 732 2030 761 pa-

1180 771 1235 800 scit
1256 771 1315 800 illa.
1343 771 1478 800 Volucres
1498 771 1572 800 Deus
1593 771 1695 808 pascit,
1717 774 1744 799 et
1765 771 1868 808 quibus
1881 771 1976 800 nullus
1990 771 2030 799 di-

1181 818 1262 847 vinae
1283 818 1323 847 rei
1350 826 1447 847 sensus
1469 820 1525 852 est,
1547 818 1586 847 eis
1607 826 1658 846 nec
1679 818 1758 847 cibus
1777 825 1828 846 nec
1842 820 1925 855 potus
1938 817 2029 853 deest3

1181 868 1211 893 tu
1233 864 1405 899 Christiano,
1427 868 1457 893 tu
1480 865 1527 893 Dei
1549 872 1644 899 servo,
1674 868 1705 893 tu
1732 865 1864 901 operibus
1884 865 1963 894 bonis
1984 865 2031 894 de-

1181 912 1253 946 dito,
1275 915 1306 941 tu
1329 913 1446 940 Domino
1467 920 1518 941 suo
1539 920 1604 940 caro
1624 911 1729 949 aliquid
1756 912 1899 941 existimas
1920 912 2030 941 defutu-

1181 961 1270 987 rum?
1293 959 1331 987 An
1353 962 1450 995 putas,
1473 959 1538 996 quia
1559 959 1606 996 qui
1628 959 1769 987 Christum
1791 959 1878 995 pascit
1891 967 1907 987 a
1921 959 2031 988 Christo

1181 1007 1240 1043 ipse
1262 1014 1317 1034 non
1343 1006 1487 1043 pascitur?
1508 1007 1560 1034 Aut
1581 1006 1620 1035 eis
1642 1008 1752 1034 terrena
1773 1006 1906 1040 deerunt,
1929 1006 2031 1043 quibus

1181 1053 1274 1082 divina
1296 1056 1323 1082 et
1346 1053 1473 1082 caelestia
1495 1053 1683 1082 tribuuntur?
1703 1053 1779 1082 Unde
1802 1053 1868 1081 baec
1889 1053 2031 1082 incredula

1182 1100 1325 1137 cogitatio,
1355 1100 1429 1129 unde
1456 1100 1540 1137 impia
1567 1103 1594 1128 et
1615 1100 1747 1137 sacrilega
1768 1100 1820 1128 ista
1841 1100 1981 1128 meditatio
1998 1102 2031 1128 »ἲ

1182 1148 1251 1176 Haec
1273 1147 1442 1184 Augustinus
1454 1147 1473 1175 ⁵.
1496 1147 1534 1175 Ad
1548 1155 1669 1184 quorum
1685 1147 1921 1176 confirmationem
1937 1154 2031 1176 exem—

1182 1194 1258 1230 plum
1289 1194 1388 1223 viduae
1416 1194 1596 1230 Sareptanae,
1619 1201 1690 1231 quae
1710 1194 1786 1231 pavit
1808 1194 1908 1228 liliam,
1937 1201 2031 1223 conse·
2051 1210 2056 1214 -

1182 1244 1301 1278 quenter
1324 1241 1478 1277 adiungitss.
1501 1241 1608 1277 Quibus
1629 1241 1710 1269 etiam
1730 1243 1862 1269 consonat
1875 1241 1950 1269 illius
1964 1248 2032 1277 pau-

1184 1288 1314 1325 perculae
1329 1288 1428 1316 viduae
1444 1287 1564 1316 liberalis
1578 1287 1691 1321 oblatio,
1707 1295 1790 1324 quae,
1807 1288 1937 1324 quoniam
1951 1287 2031 1324 quid-

1183 1334 1250 1371 quid
1274 1334 1373 1363 habuit
1394 1334 1481 1368 misit,
1504 1334 1596 1362 divino
1616 1334 1772 1370 promeruit
1792 1341 1841 1362 ore
1861 1334 1967 1363 laudari
1981 1334 1999 1362 ⁷.

1263 1383 1308 1410 25.
1333 1381 1456 1409 Tertium
1482 1389 1594 1418 quoque
1622 1381 1807 1409 calumniandi
1836 1381 1949 1409 modum
1976 1389 2031 1410 non

1186 1429 1278 1457 minus
1294 1429 1444 1465 malignum
1461 1428 1553 1465 aliquo
1568 1428 1773 1465 praedictorum
1788 1428 1972 1457 calumniator
1986 1428 2032 1457 hic

1184 1484 1338 1513 pauperum
1353 1483 1496 1504 assumere
1508 1476 1606 1504 nititur
1618 1483 1654 1504 ex
1665 1475 1876 1504 mendicatione
1886 1475 2001 1504 eleemos
2003 1484 2032 1514 J-

1182 1532 1304 1557 narum,
1320 1523 1442 1560 allegans
1456 1523 1546 1559 primo
1561 1525 1657 1551 contra
1671 1530 1745 1556 eam,
1760 1522 1834 1559 quod
1855 1530 1944 1557 «1100,
1960 1522 2031 1551 sicut

1183 1578 1253 1607 opus
1269 1570 1396 1604 virtutis,
1413 1577 1554 1598 annexum
1569 1569 1653 1598 habet
1667 1569 1810 1606 spirituale
1825 1569 1969 1603 solatium,
1985 1568 2033 1598 sed

1183 1617 1276 1654 potius
1303 1616 1445 1653 poenalem
1475 1616 1646 1650 cruciatum,
1668 1616 1774 1645 ratione
1795 1616 1875 1645 cuius
1896 1616 2033 1653 Propheta

1185 1671 1244 1692 eam
1272 1664 1443 1700 imprecatur
1464 1663 1528 1691 filiis
1549 1663 1713 1699 impiorum,
1729 1671 1792 1691 cum
1807 1663 1834 1691 in
1849 1663 1955 1691 Psalmo
1966 1662 1977 1679 Β
1991 1662 2031 1691 di—

1183 1711 1220 1739 cit
1234 1722 1239 1738 :
1265 1710 1409 1738 11710110ῐο3
1434 1709 1659 1747 transfhrantur
1672 1709 1728 1746 filii·
1742 1710 1804 1738 eius
1817 1713 1841 1738 et
1855 1710 2031 1742 mendicent:

1183 1762 1210 1787 et
1234 1758 1304 1787 sacri
1329 1765 1447 1786 canones
1468 1757 1668 1786 mendicantem
1690 1757 1821 1785 clericum
1843 1760 1972 1785 asserunt
1990 1757 2031 1785 in-

1181 1805 1288 1833 felicem
1303 1816 1329 1832 ».

1263 1852 1309 1880 26.
1332 1852 1370 1880 Ad
1391 1851 1472 1880 011105
1493 1850 1673 1879 cavillationis
1694 1853 1720 1879 et
1742 1850 1926 1878 consimilium
1942 1849 2031 1886 repel-

1183 1899 1291 1927 lendam
1314 1898 1482 1927 calumniam
1504 1897 1712 1935 intelligendum
1734 1901 1790 1931 est,
1816 1896 1890 1933 quod
1917 1897 2031 1933 quintu-

1183 1946 1248 1982 plex
1271 1947 1312 1974 est
1326 1945 1510 1974 mendicitatis
1532 1944 1700 1978 differentia,
1719 1943 1841 1980 origine,
1856 1943 1937 1972 modo
1951 1946 1978 1972 et
1992 1938 2036 1972 014

1182 1992 1277 2021 ficacia
1298 1992 1331 2021 ad
1354 2000 1383 2021 se
1403 1992 1519 2020 invicem
1535 1992 1674 2028 disparata
1685 1991 1704 2019 9.
1720 2008 1758 2011 —
1773 1991 1863 2019 Prima
1877 1993 1931 2025 est,
1946 1998 2030 2027 quam

1182 2039 1255 2076 parit
1276 2039 1449 2072 calamitas,
1465 2042 1492 2067 et
1508 2039 1575 2067 haec
1590 2041 1630 2067 est
1645 2038 1671 2066 in
1687 2038 1813 2075 personis
1827 2037 2031 2066 miserabilibus

341 2200 348 2212 ¹
367 2200 426 2222 Vide
444 2200 543 2226 Bonan,
562 2200 584 2221 ll.
603 2200 663 2221 Sent.
682 2199 704 2221 d.
724 2199 760 2221 113,
777 2206 798 2220 a.
816 2199 837 2220 3.
851 2205 872 2227 q.
886 2199 907 2220 2.
920 2198 949 2220 ad
964 2199 984 2220 l.
997 2201 1019 2220 ct
1032 2198 1089 2220 duh.
1102 2199 1126 2225 3,

277 2238 316 2261 11111
335 2239 403 2260 ctiam
421 2239 450 2260 de
469 2238 594 2261 dil'tideutia
612 2245 638 2260 ex
655 2238 847 2266 pusillanimitate.
865 2250 896 2254 -—
914 2238 1025 2265 Superius
1038 2243 1080 2265 pro
1095 2238 1127 2260 ut-

272 2279 327 2307 pote
344 2283 396 2300 cum
416 2277 468 2306 quis
485 2276 512 2299 de.
530 2277 576 2300 Deo
594 2276 677 2306 diffidit
692 2277 708 2298 B
728 2278 805 2305 utpote
822 2278 891 2303 Iunc,
912 2282 966 2299 cunt
985 2275 1037 2305 quis
1056 2275 1083 2298 de
1102 2281 1126 2298 se

276 2316 365 2346 diffidit.

340 2355 349 2367 ²
368 2356 447 2378 Potius
464 2355 571 2383 Cyprian.
590 2355 612 2377 in
630 2354 668 2377 lib.
686 2355 715 2377 de
732 2355 807 2382 Opere
825 2357 847 2376 et
863 2354 1027 2382 eleemosynis,
1051 2360 1070 2376 c.
1089 2354 1125 2375 tt.

278 2398 300 2417 et
319 2395 354 2417 Ἰ12.
374 2395 423 2423 (cfr.
443 2397 497 2416 tom.
515 2394 542 2416 V.
560 2400 615 2422 pag.
634 2394 691 2421 i30,
709 2397 761 2415 uota
781 2394 821 2422 3.).
833 2394 855 2415 S.
869 2393 964 2421 Tliom.,
978 2399 1057 2421 opusc.
1071 2398 1126 2415 con-

278 2437 311 2456 tra
329 2435 495 2462 impugnantes
513 2434 552 2455 Dei
570 2433 657 2456 cultum
675 2435 697 2455 et
714 2432 870 2460 Religionem,
888 2438 907 2454 6.
926 2433 947 2454 6.
964 2432 993 2454 011
1008 2432 1015 2453 l
1026 2433 1044 2460 l,
1056 2431 1125 2454 etiam

277 2473 406 2501 Augustino
425 2472 508 2495 librum
527 2473 595 2494 istum
613 2471 723 2494 attribuit.

338 2510 347 2523 ³
366 2512 433 2534 Prov.
456 2512 494 2540 to,
514 2512 535 2534 3.
552 2524 582 2528 —
600 2512 632 2534 De
650 2511 695 2533 Elia
719 2512 759 2533 cfr.
783 2511 815 2534 lll.
839 2511 895 2539 Reg.
920 2510 956 2538 l7,
975 2510 1003 2538 6;
1022 2510 1051 2532 de
1068 2510 1125 2532 Dan.

281 2553 321 2574 etr.
339 2551 397 2573 Dan.
416 2551 457 2578 ti,
476 2551 513 2573 32.
531 2557 597 2579 seqq.
616 2551 667 2578 (pro
684 2551 828 2580 appot-latui·
853 2552 927 2572 textus
952 2550 1068 2577 originalis
1088 2555 1126 2579 up-

274 2591 400 2619 parutur).
418 2589 521 2612 Subinde
538 2596 580 2617 pro
593 2591 615 2612 et
626 2589 747 2616 tintenias,
759 2595 788 2611 ne
800 2588 910 2618 operanti·
924 2591 996 2611 textus
1008 2588 1126 2616 originalis

277 2631 297 2652 ct
315 2630 339 2652 tu
357 2628 455 2657 metuis,
473 2635 502 2651 ne
519 2628 629 2658 operanti·
645 2627 691 2651 libi.
920 2627 930 2639 4
947 2628 1024 2650 Matth.
1042 2628 1069 2655 6,
1088 2628 1126 2650 26.

341 2668 350 2680 ⁵
367 2669 419 2690 Yat.
438 2674 489 2690 cum
509 2668 545 2691 ed.
564 2669 571 2689 l
594 2668 712 2696 integrum
730 2673 748 2690 0.
767 2668 804 2689 112.
818 2667 927 2695 Cypriani
939 2667 1055 2695 adiungit„
1068 2673 1126 2695 quas

278 2707 382 2736 sequitur
400 2708 468 2729 etiam
487 2708 524 2730 ed.
537 2708 563 2735 2,
576 2713 636 2736 quae
649 2710 723 2729 tamen
737 2706 808 2729 verba
822 2706 884 2729 Haec
896 2706 1045 2735 letqnstinus
1057 2709 1126 2728 trans-

280 2747 346 2773 ponit
362 2747 392 2769 ad
410 2746 478 2769 tinem
496 2749 547 2774 post
564 2747 739 2775 contemptum:
758 2746 817 2774 Quid
837 2746 889 2767 tacit
906 2746 928 2767 in
943 2745 1014 2767 domo
1027 2745 1067 2767 Dei
1079 2748 1125 2767 tam

278 2786 393 2813 pertidum
411 2787 510 2813 pectus?
528 2786 588 2814 Quid
606 2786 645 2814 qui
663 2785 752 2808 Christo
769 2785 864 2807 omuino
881 2791 927 2807 non
945 2784 1029 2811 credit,
1047 2785 1126 2812 appel-

277 2825 335 2846 latur
356 2827 378 2846 et
395 2825 478 2847 dicitur
495 2824 657 2847 Christianus?
682 2824 797 2847 Pharisaei
814 2824 889 2852 magis
906 2823 947 2846 tihi
964 2824 1071 2851 congruit
1086 2829 1125 2845 no-

278 2869 340 2885 meu.
359 2864 415 2885 Nam
433 2870 485 2885 cum
504 2864 524 2885 in
543 2864 668 2891 Evangelio
686 2863 715 2886 de
733 2863 842 2886 faciendis
859 2863 1010 2891 eleemosynis
1022 2863 1126 2890 disputa-

278 2905 325 2929 ret,
343 2905 367 2924 ut
385 2905 407 2924 et
424 2902 491 2925 nobis
509 2903 595 2925 amicos
621 2903 649 2925 de
674 2903 771 2925 terrenis
790 2903 860 2925 lucris
877 2903 975 2931 provida
992 2902 1126 2931 operatione

281 2942 420 2969 faceremus,
438 2941 477 2970 qui
495 2948 537 2964 uos
554 2942 703 2969 postmodum
722 2942 745 2963 in
762 2944 854 2964 aeterna
866 2941 1014 2964 tabernacula
1026 2941 1126 2969 suscipe-

282 2982 341 3008 rent,
356 2980 450 3002 fideliter
463 2983 484 3002 et
496 2980 617 3003 salubriter
629 2984 802 3009 praemoneret,
814 2981 878 3003 addit
889 2981 1006 3009 Scriptura
1019 2983 1072 3008 post
1083 2981 1127 3002 1106

281 3018 361 3041 dicens
380 3018 442 3047 [Luc.
465 3020 502 3045 16,
521 3018 583 3048 ·14.]’.
606 3018 738 3041 ,audiebant
757 3019 814 3042 11006
831 3018 911 3041 omnia
929 3018 1066 3046 Pharisaei,
1085 3018 1128 3047 qui

1183 2199 1252 2220 eruut
1269 2196 1340 2219 arari
1357 2198 1378 2219 et
1395 2195 1532 2219 deridebunt
1548 2202 1610 2218 euni.
1628 2196 1711 2223 Quales
1729 2202 1789 2217 nuuc
1806 2198 1859 2217 sunt
1878 2195 1899 2217 10
1920 2194 2029 2222 Ecclesia,

1183 2238 1284 2265 quorum
1302 2236 1416 2264 quosdam
1436 2236 1555 2263 1111001115,
1573 2241 1673 2263 quorum
1690 2235 1825 2262 praeclusae
1839 2240 1906 2257 aures
1922 2236 1943 2256 et
1960 2233 2030 2256 corda

1183 2278 1287 2303 caecata,
1306 2276 1393 2297 nullum
1412 2274 1441 2296 de
1458 2273 1616 2302 spiritualibus
1640 2280 1667 2296 ac
1689 2273 1828 2296 salutaribus
1845 2273 1937 2295 monitis
1953 2274 2031 2295 lumen

1183 2314 1316 2341 admittunt,
1330 2313 1457 2342 dequibus
1475 2313 1553 2335 mirari
1571 2319 1615 2335 uon
1633 2312 1758 2339 debemus,
1776 2312 1830 2341 quia
1847 2314 1995 2335 contemnant
2007 2312 2030 2334 in

1184 2353 1267 2376 talibus
1284 2360 1377 2380 servos,
1396 2353 1490 2381 quando
1508 2359 1519 2374 a
1539 2352 1621 2375 talibus
1634 2352 1710 2380 ipsum
1726 2352 1849 2374 Dominum
1862 2352 1970 2374 ridemus
1981 2357 2031 2374 esse

1183 2393 1286 2416 derisum
1305 2397 1327 2415 et
1344 2395 1509 2420 contemptum.

1246 2431 1255 2444 ὓ
1274 2432 1329 2460 Cap.
1349 2432 1385 2454 l7.
1403 2431 1446 2454 Cl'r.
1465 2432 1496 2453 111,
1514 2431 1571 2458 [leg.
1590 2431 1627 2458 117,
1645 2431 1681 2453 110.
1698 2437 1763 2459 seqq.

1248 2470 1257 2483 ⁷
1275 2471 1343 2493 Marc.
1362 2471 1403 2497 112,
1422 2470 1458 2492 411.
1476 2476 1553 2499 seqq.;
1572 2471 1625 2492 Luc.
1644 2470 1680 2497 21.
1698 2471 1721 2492 ⁴2.
1740 2475 1805 2498 seqq.
1823 2469 1885 2492 ldem
1908 2470 1972 2491 affert
1989 2468 2032 2496 Cy-

1185 2510 1272 2537 prian.‚
1291 2510 1333 2531 loc.
1352 2510 1388 2531 cit.
1407 2515 1427 2531 c.
1449 2509 1483 2531 15.
1499 2509 1532 2531 De
1549 2515 1615 2537 seqq.
1632 2509 1687 2531 vide
1703 2514 1772 2536 supra
1791 2514 1845 2536 pag.
1863 2509 1915 2530 320.
1934 2508 1975 2530 col.
1993 2508 2008 2530 l.

1247 2547 1255 2560 Β
1276 2549 1359 2571 Psalm.
1378 2549 1435 2576 108,
1454 2548 1490 2570 110.
1508 2548 1530 2569 10
1548 2554 1599 2569 can.
1624 2547 1725 2570 Diaconi
1748 2548 1804 2570 sunt
1826 2547 1896 2575 (23),
1919 2547 1971 2569 dist.
1994 2546 2032 2568 93.

1185 2587 1198 2615 2}
1216 2588 1237 2609 5.
1257 2588 1356 2615 legitur:
1377 2596 1388 2607 a
1400 2587 1512 2609 Mendicat
1529 2587 1603 2609 infelix
1622 2586 1718 2609 clericus
1735 2587 1757 2608 in
1770 2586 1850 2614 plateis
1862 2588 1884 2608 et
1895 2586 1955 2609 civili
1968 2586 2031 2614 operi

1185 2627 1331 2654 mancipatus
1348 2626 1465 2654 publicam
1484 2632 1496 2648 a
1513 2625 1617 2654 quolibet
1628 2626 1734 2653 deposcit
1748 2625 1888 2647 alimoniam.
1899 2626 1926 2647 Et
1936 2625 2031 2654 quidem

1184 2673 1210 2689 ex
1228 2673 1256 2688 eo
1274 2666 1402 2694 despicitur
1414 2666 1503 2688 cunctis
1515 2665 1656 2688 sacerdotale
1668 2665 1783 2693 officium,
1801 2665 1857 2687 dum
1875 2664 2033 2687 misericordia

1187 2705 1303 2727 desolatus
1321 2705 1379 2727 iuste
1397 2708 1491 2732 putatur
1508 2705 1537 2726 ad
1554 2705 1613 2726 lianc
1626 2704 1776 2732 ignominiam
1788 2703 1909 2726 devenisse
1920 2711 1942 2725 ιι.
1954 2703 2032 2726 Canon

1186 2748 1276 2767 sumtus
1294 2747 1328 2767 est
1345 2750 1371 2766 ex
1388 2743 1504 2771 Opusculo
1522 2743 1550 2765 de
1568 2746 1656 2771 septem
1674 2743 1795 2765 ordinibus
1819 2743 1944 2770 Ecclesiae,
1966 2748 1985 2765 c.
2009 2743 2030 2765 5.

1185 2784 1252 2811 (inter
1270 2789 1342 2811 opera
1361 2784 1455 2806 Hieron.
1482 2783 1552 2810 Epist.
1570 2783 1624 2811 112),
1642 2795 1672 2799 —
1690 2782 1801 2810 Superius
1825 2784 1876 2809 post
1903 2781 1966 2811 quod
1983 2787 2031 2804 non

1183 2823 1237 2845 edd.
1256 2825 1335 2845 contra
1353 2822 1421 2845 codd.
1441 2825 1613 2850 prosequuntur
1630 2821 1660 2845 sil
1677 2827 1736 2851 opus
1752 2820 1859 2849 uirtutis,
1872 2827 1897 2844 eo
1910 2820 1973 2850 quod
1982 2826 2032 2844 non

1185 2861 1254 2885 habel
1269 2868 1393 2884 ‹tnnea‘uni
1409 2860 1534 2890 spirituale
1549 2860 1662 2883 solatium
1678 2863 1720 2883 etc.

1248 2900 1257 2913 ⁹
1274 2900 1320 2923 Ctr.
1338 2901 1439 2927 Bonav.,
1457 2900 1500 2928 Qq.
1517 2900 1601 2928 disput.
1618 2900 1648 2922 de
1664 2900 1803 2922 Persectione
1820 2899 1954 2927 evangelica
1971 2905 1992 2927 q.
2008 2899 2030 2920 2.

1186 2946 1206 2962 a.
1225 2941 1246 2962 2.
1265 2940 1286 2961 in
1305 2946 1369 2967 corp.
1387 2940 1410 2962 In
1427 2940 1470 2961 hoc
1488 2939 1582 2961 articulo
1596 2939 1667 2961 fusius
1679 2939 1754 2966 agitur
1766 2939 1795 2961 de
1807 2940 1943 2966 paupertate
1954 2937 2030 2966 quoad

1186 2979 1364 3001 mendicitatem.
1382 2991 1412 2995 —
1430 2978 1486 3001 Edd.
1504 2984 1518 3000 a
1536 2984 1561 3000 se
1577 2977 1676 3001 invicem
1688 2977 1811 3007 disparata
1825 2978 1885 3006 (Vnt.
1897 2976 2028 3006 desperata,

1186 3018 1223 3040 ed.
1241 3018 1249 3039 l
1272 3017 1412 3047 disperata).

2056 1391 2108 1410 Tertii
2112 1391 2129 1412 1111

2048 1414 2133 1435 1110011110·

2045 1442 2086 1456 nem
2094 1438 2133 1459 elno

2064 1466 2106 1486 syna
2116 1467 2126 1482 1,
