2133 3317
798 214 1042 244 PROLEGOMENA
1063 215 1091 244 C.
1113 216 1132 244 Ι.

100 293 136 315 12.
153 298 172 315 r.
188 295 222 315 est
238 298 338 321 sequens
353 291 458 315 rubrica:
475 291 560 322 Incipit
576 291 655 322 imaqo
674 291 717 315 vite
733 292 795 315 edita
811 298 825 315 a
843 292 937 316 domino

98 340 267 363 Bonacentura
283 338 402 363 cardinali
418 338 513 362 Ordinis
526 338 642 362 Fratrum
653 338 776 362 Minor-um
787 338 938 368 penei-alique

97 385 213 409 Ministro.
231 385 315 408 Desinit
340 385 376 408 sol.
398 391 444 407 non
469 387 589 407 numerato
605 391 623 407 r.
641 384 731 407 verbis:
756 386 895 414 coqnoscent
917 386 938 408 et

97 432 219 456 amabunt.
237 431 284 460 Qui
300 431 324 455 in
340 432 421 455 secula
444 431 581 455 seculorum
607 437 700 461 reynas.
726 432 807 455 Amen.
834 431 939 461 Emplicit

97 478 177 508 imago
193 477 238 501 vile
254 477 315 501 edita
331 484 347 500 a
363 477 459 501 domino
467 478 652 501 *Bonaventurd
669 477 790 506 Sequitur:
809 476 899 500 Oratio.
919 476 938 500 Ο

97 525 159 549 Deus
175 530 241 548 meus
259 530 400 554 coqnoscum
417 526 438 547 te
454 527 509 553 eto,
526 531 586 554 quae
603 524 716 548 clauditur
733 524 823 547 verbis:
842 523 889 552 Qui
905 524 938 547 est

97 572 175 596 trinus
190 573 211 595 et
223 577 286 595 unus
298 572 360 595 Deus
371 571 502 595 benedictus
514 571 539 594 in
549 571 637 595 secula.
649 572 731 595 Amen.
743 571 849 601 Emplicit
859 571 938 601 imayo

96 617 153 645 vite,
170 617 231 640 alias
248 617 357 647 dialoyus
373 617 452 640 anime
468 619 490 641 et
506 617 620 646 hominis,
638 617 663 640 in
680 623 726 647 quo
743 617 825 640 anima
842 617 938 646 devota,

96 663 200 688 veritatis
217 665 295 687 eterne
311 664 439 694 discipula,
452 664 585 688 meditando
597 664 741 694 interi-opat,
758 665 781 687 et
796 664 865 687 homo
883 664 938 687 inte-

96 711 148 735 rior
164 711 298 734 mentaliter
314 711 429 741 loquendo
447 711 577 741 respondet.
600 710 699 734 Dicatur
722 716 804 734 amore
826 710 869 734 Dei
891 712 939 734 Are

96 758 176 782 Maria
189 764 236 788 pro
252 758 376 788 scriptore.
395 758 458 786 sign.
475 759 503 780 K.

159 805 179 828 5.
197 804 365 835 magdeburgi,
383 804 520 827 bibliotheca
537 804 651 831 Civitatis,
664 804 716 826 cod.
728 804 775 826 Xll.
786 806 829 826 oct.
842 803 879 826 25.
892 804 937 826 iam

95 852 225 880 descriptus
242 854 297 874 tom.
315 852 342 874 V.
359 858 414 880 pag.
431 852 513 874 XXVll
525 858 548 874 n.
560 852 582 873 2.
593 864 624 867 —
636 851 786 880 soliloquium
805 851 884 878 incipit
901 851 938 873 sol.

96 899 118 921 2.
134 905 152 921 r.
169 898 219 920 sine
235 898 312 920 titulo:
330 897 407 921 Fleclo
424 904 503 927 pertua
519 903 572 920 mea
588 900 630 920 etc.
648 897 733 920 Desinit
750 897 786 920 rol.
799 898 835 919 39.
848 904 884 919 v.:
897 896 939 927 qui

96 946 130 968 est
146 944 223 968 trinus
240 945 261 967 et
277 950 341 967 unus
358 945 380 967 et
396 943 528 967 benedictus
545 944 570 967 in
586 943 666 967 secula
688 943 833 967 seculorum.
854 944 939 967 Amen.

95 991 200 1021 Explicit
216 990 280 1019 liber,
293 991 335 1021 qui
345 990 481 1014 intitulatur
493 991 571 1020 imayo
584 990 628 1014 rite
639 990 687 1014 sive
698 990 808 1020 dialogus
819 990 940 1020 seraphici

95 1037 197 1061 doctoris
211 1037 289 1067 patris
307 1038 471 1061 Bonaventure
487 1036 531 1060 sub
548 1043 611 1060 anno
623 1036 720 1060 Domini
730 1036 936 1060 MCCCGLXXVI.

94 1084 119 1108 in
135 1084 255 1108 Conventa
270 1085 352 1107 nostro
370 1084 522 1113 Gottinyensi.
539 1084 602 1112 Sign.
619 1085 646 1107 G.

158 1131 179 1153 6.
195 1130 315 1154 Monachii
336 1131 359 1153 in
383 1131 493 1158 Bavaria,
519 1130 657 1153 bibliotheca
682 1131 767 1159 Regia,
792 1131 844 1154 cod.
867 1131 935 1153 9625.

93 1177 192 1200 membr.
210 1178 233 1200 in
250 1179 272 1200 8.
288 1183 347 1200 saec.
366 1178 426 1200 XlV.
444 1190 472 1193 —
490 1178 579 1200 lnitium
598 1178 716 1207 soliloquii
732 1180 767 1201 est
779 1178 815 1201 t'ol.
829 1178 850 1201 1.
861 1185 880 1200 r.
892 1178 936 1201 sub

94 1225 170 1247 titulo:
188 1223 270 1254 Incipit
286 1223 390 1251 libellus,
408 1224 449 1254 qui
464 1224 601 1247 intitulatur
617 1224 697 1254 imapo
716 1224 773 1252 vite,
791 1225 878 1247 omisso
895 1231 936 1248 no-

92 1271 155 1293 mine
171 1270 279 1293 auctoris.
296 1270 373 1293 Fleclo
390 1276 469 1300 penna
485 1276 538 1293 mea
555 1273 597 1293 etc.
615 1270 675 1293 Finis
692 1270 789 1293 habetur
801 1271 837 1293 rol.
850 1271 888 1293 77.
900 1277 936 1293 v.:

95 1317 142 1345 Qui
157 1319 190 1341 est
206 1323 270 1340 nnus
286 1319 308 1340 et
324 1316 401 1340 trinus
419 1317 550 1340 benedictus
567 1317 592 1340 in
608 1317 696 1341 secula.
714 1319 797 1341 Amen.
817 1318 881 1346 Sign.
898 1318 925 1340 A.

154 1364 176 1387 7.
194 1363 293 1392 Ibidem,
310 1364 362 1387 cod.
381 1364 465 1386 14767.
482 1365 553 1387 chart.
571 1365 593 1386 in
611 1365 632 1386 8.
650 1370 710 1387 saec.
723 1365 773 1386 XV.
786 1367 838 1392 post
849 1365 937 1387 medie-

93 1414 169 1434 tatem.
186 1424 217 1428 -—
234 1411 385 1441 Soliloquium
403 1411 481 1440 incipit
497 1412 532 1434 sol.
555 1412 573 1434 1.
590 1418 608 1434 r.
625 1414 648 1434 et
663 1412 747 1434 desinit
764 1412 799 1434 sol.
812 1412 849 1434 70.
864 1418 883 1434 r.
896 1419 937 1440 per

93 1458 178 1481 verba:
196 1458 242 1487 Qui
257 1460 291 1482 est
307 1458 385 1482 trinus
402 1460 423 1482 et
440 1464 503 1482 nnus
520 1458 651 1482 benedictus
668 1459 693 1481 in
704 1458 791 1482 secula.
806 1460 888 1482 Amen.
902 1459 937 1482 Fi-

93 1505 128 1528 nit
149 1505 309 1535 soliloquium
332 1505 410 1529 sancti
434 1506 598 1528 Bonaventure
622 1505 649 1528 de
673 1507 778 1535 qzuzlnor
794 1505 936 1529 mentalibus

93 1551 219 1574 exercitiis.
237 1551 301 1579 Sign.
318 1552 343 1574 B.

156 1599 177 1620 8.
195 1597 292 1625 Ibidem,
313 1598 364 1621 cod.
383 1598 466 1620 14821.
484 1599 555 1620 chart.
572 1598 594 1620 in
612 1599 632 1620 8.
650 1605 710 1621 saec.
731 1599 782 1621 XV.
798 1611 829 1616 —-
848 1600 895 1622 Fol.
914 1600 936 1622 1.

93 1650 125 1666 r.:
143 1643 225 1674 Incipit
241 1643 350 1673 dialoyus
373 1644 535 1667 Boneventure
559 1644 621 1667 inter
637 1644 745 1668 animam
766 1646 789 1668 et
803 1645 935 1674 rationem,

93 1689 135 1719 qui
150 1689 229 1719 imayo
247 1689 292 1713 vite
308 1691 385 1713 eterne
401 1692 565 1720 nuncupatur.
578 1690 655 1713 Flecto
673 1696 750 1720 qenua
767 1697 820 1714 mea
837 1694 880 1714 etc.
892 1692 933 1714 De-

92 1736 145 1759 sinit
161 1737 197 1759 sol.
215 1737 252 1759 67.
270 1743 305 1763 v.,
322 1739 347 1759 ut
363 1737 386 1759 in
404 1737 477 1759 editis.
496 1738 559 1766 Sign.
577 1737 601 1760 C.

155 1785 176 1806 9.
195 1783 295 1813 Ibidem,
314 1785 365 1807 cod.
385 1784 469 1807 16440.
486 1786 558 1807 chart.
576 1785 599 1807 in
616 1785 654 1807 sol.
671 1791 731 1808 saec.
749 1786 800 1808 XV.
813 1798 844 1803 —
855 1786 934 1809 Solilo-

92 1831 173 1860 quium
191 1831 269 1859 incipit
286 1831 335 1853 sine
355 1831 418 1853 titulo
440 1831 479 1854 fol.
496 1831 549 1853 244.
569 1838 604 1854 r.:
621 1831 699 1855 Fiecto
721 1839 800 1862 qenua
821 1839 874 1856 mea
892 1836 934 1856 etc.

92 1878 179 1900 Desinit
191 1878 228 1900 rol.
245 1878 298 1900 263.
310 1883 342 1904 r.,
359 1877 442 1900 additis
458 1877 549 1900 verbis:
564 1877 666 1907 Explicit
677 1877 735 1901 liber
751 1878 935 1902 meditacionum

92 1923 231 1947 venerabilis
256 1923 359 1947 doctoris
384 1923 515 1947 cardinalis
542 1924 703 1947 Boneventure
733 1926 756 1948 et
780 1924 934 1948 intitulatur:

92 1969 171 2000 imago
188 1969 233 1993 vite
250 1971 334 1993 eterne.
353 1969 416 1998 Sign.
435 1970 460 1992 D.

156 2017 192 2039 10.
210 2016 308 2045 Ibidem,
325 2017 376 2039 cod.
398 2017 478 2039 16512.
497 2018 567 2039 chart.
585 2017 608 2039 in
629 2017 647 2039 t.
664 2023 724 2039 saec.
742 2018 792 2039 XV.
810 2030 840 2034 —
858 2018 935 2040 Solilo-

92 2065 173 2093 quium
190 2064 269 2091 incipit
285 2064 322 2086 sol.
340 2064 391 2086 103.
409 2069 428 2085 r.
440 2064 568 2091 praemisso
585 2064 609 2086 in
625 2064 743 2092 superiore
761 2064 876 2092 margine:
889 2065 934 2088 Bo-

91 2111 231 2133 naventura.
250 2110 337 2132 Desinit
353 2110 390 2132 sol.
408 2110 460 2132 443.
477 2116 509 2137 r.,
527 2114 551 2132 ut
569 2110 590 2132 in
602 2110 713 2139 editione,
731 2111 823 2133 additur
840 2111 862 2133 in
875 2111 934 2134 fine:

93 2154 168 2180 4424.
184 2157 249 2185 Sign.
266 2157 290 2179 E.

156 2204 192 2226 11.
209 2203 307 2232 Ibidem,
326 2204 377 2226 cod.
395 2203 481 2226 244112.
497 2205 568 2226 chart.
586 2204 608 2226 in
626 2204 664 2226 tol.
681 2210 741 2227 saec.
758 2205 808 2226 XV.
827 2204 933 2227 ineuntis.

93 2263 121 2266 —
139 2250 218 2278 incipit
234 2251 277 2273 hoc
294 2251 433 2278 opusculum
451 2250 487 2273 sol.
512 2250 565 2272 117.
581 2257 601 2273 r.
617 2251 667 2273 sine
689 2251 732 2273 ulla
749 2251 842 2274 rubrica
860 2255 882 2274 et
900 2252 933 2274 sic

92 2296 176 2324 pariter
193 2296 277 2319 desinit
293 2297 329 2319 fol.
351 2297 401 2318 139.
415 2303 433 2319 r.
452 2297 514 2324 Sign.
530 2297 553 2319 F.

155 2343 191 2365 42.
208 2342 318 2372 Neapoli,
331 2342 469 2366 bibliotheca
480 2343 614 2371 Nationahs,
631 2344 683 2366 cod.
696 2344 732 2366 Vl.
745 2344 771 2366 D.
783 2344 821 2366 33.
833 2344 932 2366 membr.

92 2389 114 2412 in
133 2390 152 2412 4.
170 2395 231 2412 saec.
247 2390 299 2413 XV.
315 2402 346 2406 —
363 2391 416 2413 Post
432 2391 476 2413 alia
492 2391 596 2419 sequitur
607 2391 759 2419 soliloquium
776 2390 820 2413 sub
837 2392 879 2413 hac
897 2397 933 2413 ru-

92 2435 168 2459 brica:
185 2435 268 2466 Incipit
279 2435 389 2466 dialoyus
406 2436 517 2466 imaqinis
529 2436 574 2460 vite
585 2436 660 2460 editus
671 2443 687 2460 a
702 2437 826 2467 serapliico
838 2437 933 2460 doctore
955 2440 962 2445 ¹

91 2483 206 2512 mayistro
224 2483 404 2512 Bonaventura,
421 2483 530 2507 Ministro
548 2483 655 2513 cenerati
666 2484 783 2507 Fratrum
797 2484 932 2512 Minorum,

92 2529 117 2552 in
133 2535 179 2559 quo
196 2529 274 2552 anime
287 2529 431 2559 proponenti
446 2530 590 2559 questionem
607 2529 676 2553 homo
698 2530 824 2560 respondet
843 2530 933 2553 subtili-

92 2578 140 2604 ter,
158 2578 183 2599 ut
208 2577 305 2606 oportet.
327 2577 413 2599 Desinit
435 2579 459 2599 ut
482 2577 504 2599 in
527 2577 604 2605 editis,
627 2577 680 2599 hine
702 2577 809 2600 additur:
828 2576 933 2606 Eaeplicit

91 2621 277 2651 pretiosissimus
295 2622 366 2650 liber,
383 2622 460 2646 dictus
480 2622 592 2652 inzaqinis
614 2622 670 2651 vite,
687 2622 826 2646 scribendus
849 2622 932 2646 litteris

92 2667 180 2691 aureis.
199 2668 262 2696 Siga.
275 2669 302 2691 Η.

155 2716 241 2743 Duplex
266 2715 350 2738 familia
372 2716 478 2738 codicum
501 2716 611 2743 distingui
629 2718 711 2744 potest.
735 2716 833 2738 Primam
851 2717 932 2739 consti-

93 2764 158 2784 tuunt
182 2761 250 2784 codd.
273 2761 432 2788 ACDEFL,
448 2767 508 2789 quos
532 2762 579 2784 sere
603 2768 707 2790 semper,
732 2762 826 2791 quando
849 2768 932 2785 conve-

92 2808 167 2835 niunt,
185 2808 255 2830 secuti
272 2813 359 2830 sumus
373 2807 451 2830 Eidem
464 2814 508 2830 non
527 2807 612 2830 habent
625 2808 792 2835 additamenta,
805 2809 834 2831 de
845 2809 931 2838 quibus

92 2855 161 2883 paulo
178 2857 229 2876 ante
246 2854 315 2876 locuti
332 2860 421 2876 sumus.
438 2853 614 2877 Observandum
631 2857 720 2881 autem,
739 2855 805 2877 codd.
824 2855 868 2877 DE
885 2861 930 2877 non

92 2907 144 2923 raro
163 2900 290 2928 adiungere
314 2900 429 2929 quaedam
454 2900 538 2928 verba,
563 2901 700 2929 plerumque
716 2901 828 2923 adiectiva
854 2901 931 2923 addita

91 2946 247 2970 substantivis.
264 2946 320 2970 Cod.
338 2947 354 2969 L
380 2947 494 2969 interdum
518 2947 590 2976 solus,
617 2948 652 2970 vel
674 2954 727 2970 cum
744 2948 790 2970 GM
816 2948 930 2977 quosdam

1747 217 1838 246 xxvii

996 294 1018 315 S.
1031 294 1122 316 Patrum
1140 294 1201 317 locos
1219 294 1336 317 interserit.
1352 306 1384 312 —
1399 295 1473 317 Altera
1491 295 1574 318 familia
1591 297 1626 318 est
1642 295 1748 318 codicum
1766 296 1837 318 BGH

996 340 1043 367 lM,
1061 340 1100 369 qui
1118 341 1185 364 valde
1202 342 1342 364 conveniunt
1358 348 1411 364 curn
1433 342 1470 364 ed.
1488 342 1608 368 Vaticana,
1626 341 1736 364 habentes
1755 342 1838 364 multas

996 386 1130 410 insertiones
1146 389 1320 416 auctoritatum,
1337 389 1472 417 praesertim
1489 389 1543 411 cod.
1559 389 1589 416 B,
1612 389 1668 411 dum
1685 389 1752 411 codd.
1771 389 1804 411 Hl
1815 389 1834 411 M

995 433 1082 461 pluries
1098 434 1230 457 addimenta
1242 435 1367 458 Vaticanae
1378 436 1493 458 omittunt.
1509 435 1583 458 codd.
1599 436 1617 458 G
1626 435 1646 457 M
1658 441 1711 458 cum
1724 436 1740 457 L
1752 435 1838 463 specia-

994 479 1023 500 lia
1040 479 1146 501 adiuncta
1164 479 1279 502 interdum
1297 480 1388 503 habent.
1405 493 1436 498 —
1452 480 1557 510 Denique
1573 481 1625 503 cod.
1641 481 1661 503 K
1684 486 1731 503 non
1748 481 1836 508 integre

995 526 1090 548 collatus
1107 529 1152 553 est,
1169 527 1210 549 sed
1233 529 1321 550 tantum
1339 527 1401 550 initia
1430 527 1616 555 interrogationis
1636 530 1659 550 et
1680 527 1837 555 responsionis

995 572 1107 600 exscripta
1122 576 1182 595 sunt.

1208 666 1238 688 11.
1256 665 1346 689 Codices
1363 673 1376 689 a
1392 666 1457 690 nobis
1473 673 1516 690 non
1536 666 1624 690 collati.

1062 759 1095 781 13.
1113 758 1235 782 Admontis
1251 759 1274 782 in
1295 760 1398 787 Austria‚
1421 760 1558 783 bibliotheca
1581 761 1708 783 Monasterii
1734 761 1789 783 Ord.
1812 762 1835 784 S.

995 805 1121 833 Benedicti,
1138 806 1189 828 cod.
1208 806 1261 828 566.
1277 807 1349 829 chart.
1365 807 1387 829 in
1406 806 1426 829 4.
1438 813 1499 829 saec.
1517 807 1567 829 XV.
1584 819 1616 823 —
1631 807 1677 830 Fol.
1696 814 1714 829 r.
1732 814 1778 830 non
1794 814 1836 829 nu-

994 854 1082 874 merato
1099 852 1158 874 circa
1180 852 1250 874 finem
1266 852 1352 875 codicis
1375 853 1454 881 incipit
1470 854 1513 876 hoc
1533 854 1683 881 opusculum,
1709 854 1836 882 praemisso

994 900 1095 920 tantum:
1114 898 1288 922 Boiuzventura.
1306 899 1392 921 Desinit
1410 900 1446 921 sol.
1465 900 1544 922 ultimo
1562 906 1592 922 r.:
1610 900 1652 930 qui
1671 902 1704 924 est
1721 900 1799 923 trinus
1815 902 1836 924 et

995 950 1058 967 nnus
1075 943 1206 968 benedictus
1223 944 1248 968 in
1263 945 1345 968 secula
1367 945 1511 969 seculorum.
1528 947 1609 969 Amen.
1627 946 1657 969 Et
1676 947 1710 969 sic
1726 948 1761 970 est
1780 946 1836 977 linis

995 991 1066 1015 huiits
1083 991 1167 1021 operis.
1186 991 1290 1021 Eoepliczt
1306 992 1475 1016 Bonacentura
1491 993 1519 1016 de
1534 993 1645 1023 ymayine
1661 993 1713 1016 vite.
1731 995 1812 1017 Amen.

1058 1039 1094 1061 ⁴14.
1113 1038 1207 1067 Assisii,
1224 1039 1247 1061 in
1264 1039 1370 1067 Umbria,
1384 1039 1522 1063 bibliotheca
1539 1040 1706 1069 Communalis,
1718 1041 1769 1064 cod.
1782 1041 1836 1064 22i.

994 1087 1067 1109 chart.
1086 1086 1107 1108 in
1126 1086 1146 1108 4.
1164 1099 1194 1103 —
1211 1086 1355 1114 opusculum
1378 1087 1495 1116 Soliloquii
1513 1087 1592 1115 incipit
1615 1088 1651 1110 sol.
1670 1088 1691 1109 1.
1708 1094 1727 1110 r.
1750 1089 1793 1110 hoc
1810 1087 1837 1110 ti-

994 1133 1053 1154 tulo:
1078 1132 1247 1155 Bonaventura
1271 1132 1299 1155 de
1326 1132 1426 1156 mentali
1448 1133 1623 1156 exercitatione.
1652 1133 1730 1156 Flecto
1755 1139 1835 1163 qenua

994 1183 1046 1200 mea
1063 1180 1105 1200 etc.
1127 1177 1254 1207 Apostolus
1272 1178 1363 1202 Paulus
1383 1185 1426 1202 vas
1442 1180 1520 1202 eterne
1542 1179 1659 1203 electionis
1682 1182 1725 1202 etc.
1749 1180 1837 1203 Desinit

995 1225 1032 1247 sol.
1049 1225 1086 1247 37.
1102 1231 1124 1247 v.
1142 1231 1184 1253 per
1201 1226 1257 1247 haec
1275 1225 1359 1247 verba:
1377 1225 1449 1249 donec
1466 1225 1551 1249 intrem
1568 1226 1594 1249 in
1607 1226 1723 1256 qaudium
1740 1226 1835 1250 Domini

993 1270 1050 1298 mei,
1069 1270 1111 1300 qui
1134 1270 1213 1294 trinus
1238 1273 1261 1294 et
1276 1277 1339 1294 unus
1364 1273 1409 1299 est,
1432 1271 1564 1296 benedictus
1591 1272 1614 1295 in
1638 1272 1725 1296 secula.
1751 1274 1834 1296 Amen.

993 1317 1175 1341 MCCCCXCVI.
1192 1317 1228 1341 die
1245 1318 1287 1341 IX.
1305 1318 1368 1341 Iunii
1384 1318 1408 1341 in
1426 1319 1594 1343 Portunaonis.

1057 1365 1093 1388 15.
1118 1366 1240 1394 Auyustae
1271 1365 1458 1393 vindelicorum,
1483 1366 1620 1389 bibliotheca
1645 1366 1759 1394 Civitatis,
1783 1367 1836 1390 cod.

993 1412 1093 1439 LXVllI,
1111 1412 1140 1434 de
1157 1418 1203 1441 quo
1220 1412 1311 1440 egimus
1328 1419 1409 1441 supra,
1427 1419 1480 1441 pag.
1493 1413 1532 1435 Xll
1550 1420 1573 1435 n.
1585 1414 1622 1435 32.
1639 1426 1668 1429 —
1686 1414 1731 1436 Fol.
1751 1414 1787 1436 =l3.
1804 1420 1834 1436 r.:

993 1457 1076 1487 Incipit
1088 1457 1146 1481 liber
1157 1458 1335 1482 meditationum
1347 1458 1395 1482 sive
1406 1459 1543 1482 orationum
1552 1458 1643 1482 domini
1654 1458 1785 1482 cardinalis
1794 1459 1836 1482 Bo-

992 1506 1131 1533 neventure,
1145 1505 1187 1535 qui
1203 1505 1339 1528 intitulatur
1356 1505 1435 1535 imago
1453 1505 1496 1529 vite
1512 1507 1601 1533 eterne,
1618 1505 1720 1529 doctoris
1737 1505 1832 1535 egregii.

993 1551 1077 1574 Eadem
1095 1554 1220 1574 occurrunt
1234 1552 1257 1574 in
1275 1552 1330 1579 fine,
1347 1552 1387 1581 qui
1404 1555 1438 1575 est
1449 1553 1486 1575 fol.
1499 1552 1536 1574 32.
1548 1559 1567 1575 r.
1579 1559 1632 1575 cum
1644 1553 1773 1576 additione:
1788 1553 1835 1577 Deo

992 1596 1047 1620 laus
1063 1598 1084 1620 et
1100 1597 1184 1626 cloria.

1058 1643 1092 1665 16.
1118 1643 1246 1671 Meritone,
1272 1643 1409 1666 bibliotheca
1434 1644 1548 1671 Civitatis,
1578 1644 1629 1667 cod.
1656 1645 1710 1667 215.
1735 1644 1834 1667 membr.

992 1696 1051 1713 saec.
1070 1691 1120 1713 XV.
1137 1691 1248 1714 exeuntis.
1264 1703 1295 1708 —
1312 1692 1358 1714 Fol.
1376 1692 1395 1714 l.
1413 1698 1444 1714 r.:
1462 1691 1547 1721 Incipit
1561 1691 1671 1721 dialoqus
1693 1691 1771 1715 sancti
1789 1692 1833 1715 Bo-

991 1739 1134 1766 nacenture,
1148 1737 1173 1760 in
1184 1744 1230 1767 quo
1242 1737 1324 1761 anima
1335 1737 1417 1761 devota
1428 1737 1562 1762 meditando
1575 1738 1719 1768 interrogat,
1731 1741 1753 1762 ct
1763 1739 1832 1762 homo

991 1784 1124 1808 mentaliter
1141 1784 1273 1814 respondet.
1289 1785 1376 1808 Desinit
1393 1786 1429 1808 rol.
1448 1785 1485 1807 47.
1501 1792 1521 1808 r.
1532 1785 1576 1808 sub
1593 1787 1635 1808 hac
1652 1786 1765 1808 clausula:
1782 1786 1832 1809 Eu}-

990 1831 1056 1861 plicit
1072 1831 1189 1861 dyaloqus
1207 1832 1384 1860 Bonaeenture,
1401 1832 1545 1856 devotissimi
1560 1832 1698 1856 cardinalis.

1054 1878 1091 1901 17.
1106 1878 1264 1908 Bamberqae,
1277 1878 1413 1901 bibliotheca
1426 1878 1540 1906 Civitatis,
1552 1879 1604 1902 cod.
1613 1880 1638 1901 B.
1647 1879 1675 1901 V.
1688 1880 1725 1901 38.
1736 1879 1833 1908 (l459.).

991 1926 1063 1948 chart.
1075 1926 1097 1948 in
1111 1925 1132 1948 4.
1144 1931 1202 1948 saec.
1221 1926 1271 1948 XV.
1283 1938 1314 1941 —
1326 1926 1373 1948 Fol.
1386 1926 1406 1948 i.
1423 1932 1442 1948 r.
1454 1925 1532 1954 incipit
1548 1926 1687 1954 opusculum
1699 1925 1742 1948 sub
1757 1926 1833 1949 titulo:

991 1971 1150 2001 Soliloquium
1159 1972 1324 1995 Bonaventure
1333 1971 1360 1994 de
1368 1973 1472 2001 quatuor
1484 1971 1625 1995 mentalibus
1636 1971 1763 1996 emercitits.
1772 1972 1834 1995 Finis

991 2020 1025 2040 est
1042 2019 1080 2040 sol.
1096 2018 1133 2040 78.
1156 2025 1175 2040 r.
1197 2024 1251 2040 cum
1274 2018 1403 2041 additione:
1425 2018 1529 2048 Eaplicit
1545 2018 1616 2047 liber,
1634 2018 1676 2048 qui
1697 2018 1833 2042 intitulatur

990 2070 1077 2094 ymayo
1092 2064 1144 2088 vite.

1057 2111 1091 2133 18.
1108 2110 1206 2139 Ibidem,
1225 2112 1251 2140 Q.
1269 2112 1297 2134 V.
1317 2112 1354 2134 50.
1372 2111 1461 2141 (2264).
1478 2113 1549 2135 chart.
1571 2113 1592 2134 in
1611 2112 1632 2134 t.
1649 2119 1709 2135 saec.
1734 2113 1784 2135 XV.
1801 2125 1834 2130 —

991 2158 1142 2187 soliloquium
1159 2158 1238 2186 incipit
1261 2159 1298 2181 sol.
1316 2159 1369 2181 188.
1385 2165 1403 2181 r.
1421 2159 1471 2181 sine
1491 2159 1536 2181 ullo
1554 2159 1632 2181 titulo:
1654 2159 1732 2182 Flecto
1754 2166 1832 2189 qenua

990 2210 1042 2228 mea
1059 2207 1102 2228 etc.
1118 2205 1204 2227 Desinit
1221 2205 1259 2228 sol.
1271 2205 1324 2227 2¹0.
1342 2211 1378 2232 v.‚
1396 2205 1433 2228 cui
1445 2205 1494 2233 ipse
1511 2206 1608 2234 scriptor
1621 2205 1731 2229 subiecit:
1749 2206 1832 2236 Eoeplz'-

990 2251 1022 2274 cit
1037 2257 1123 2281 ymaqo
1139 2251 1197 2279 vite,
1221 2253 1338 2275 tractatus
1363 2258 1405 2281 per
1426 2252 1582 2275 reverendum
1599 2252 1743 2282 nuzyistrum
1760 2252 1833 2276 domi-

989 2304 1049 2321 nnm
1065 2298 1157 2321 Bonam
1173 2300 1300 2322 venturam
1317 2298 1473 2328 compilatus;
1489 2298 1584 2329 finitum
1595 2305 1639 2329 per
1655 2305 1693 2322 me
1709 2299 1832 2323 Albertum

990 2344 1137 2375 Reynaldum
1148 2345 1250 2374 fratrem
1268 2345 1365 2368 Ordinis
1376 2345 1557 2369 Predicatorum
1567 2345 1697 2369 studentem
1710 2345 1832 2376 tlzeoloyie.

989 2391 1059 2414 Anno
1076 2390 1173 2414 Domini
1188 2389 1268 2417 4427.

1053 2437 1089 2459 19.
1108 2437 1225 2466 Basileae,
1243 2437 1381 2460 bibliotheca
1398 2438 1503 2465 Publica,
1520 2438 1571 2461 cod.
1594 2439 1619 2461 Β.
1637 2439 1682 2461 Vll.
1700 2438 1737 2461 14,
1759 2440 1831 2461 chart.

989 2490 1048 2506 saec.
1067 2484 1118 2506 XV.
1136 2496 1165 2500 -—-
1182 2484 1246 2507 Circa
1269 2484 1338 2507 finem
1361 2485 1458 2511 codicis,
1477 2485 1514 2507 sol.
1537 2492 1560 2507 v.
1582 2491 1628 2508 non
1654 2489 1774 2508 numerato
1796 2488 1830 2508 est

989 2530 1081 2552 rubrica
1098 2530 1166 2553 huius
1182 2531 1286 2558 opusculi
1304 2531 1339 2554 liis
1355 2531 1445 2554 verbis:
1464 2531 1546 2561 Incipit
1555 2531 1673 2561 proloyus
1690 2531 1829 2555 venerabilis

989 2576 1154 2599 Bonaventure
1166 2576 1295 2600 cardinalis
1313 2577 1337 2600 in
1354 2576 1513 2607 soliloquium
1524 2577 1552 2600 de
1563 2579 1667 2607 quatuor
1688 2577 1829 2601 mentalibus

989 2622 1114 2646 exercitiis.
1132 2622 1209 2646 Flecto
1226 2630 1305 2653 qenua
1321 2630 1373 2646 mea
1390 2627 1433 2646 etc.
1451 2624 1537 2646 Desinit
1555 2624 1591 2646 sol.
1608 2631 1630 2646 v.
1647 2624 1676 2646 ad
1694 2623 1765 2646 verba
1777 2630 1829 2652 cap.

990 2667 1011 2690 4.
1027 2675 1049 2690 n.
1067 2668 1092 2690 7:
1110 2668 1213 2692 Sanctus
1239 2669 1300 2693 Deus
1318 2669 1436 2699 Spiritus,
1462 2669 1504 2699 qui
1519 2675 1562 2692 nos
1585 2671 1634 2692 tam
1659 2669 1783 2693 clementer
1800 2669 1829 2693 ab

988 2715 1074 2738 eternis
1086 2715 1208 2738 tormentis
1218 2715 1373 2745 preservavit.
1387 2715 1458 2739 Plena
1470 2717 1503 2739 est
1514 2716 1591 2739 omnis
1603 2717 1669 2739 terra
1681 2716 1759 2746 qloria
1770 2716 1828 2740 eius.

988 2761 1067 2783 Cetera
1085 2762 1176 2783 ruerunt
1192 2762 1280 2784 avulsa.

1051 2808 1087 2830 20.
1106 2807 1221 2836 Beroiini,
1241 2808 1378 2831 bibliotheca
1397 2809 1480 2836 Regia,
1498 2815 1541 2832 ms.
1553 2810 1590 2831 lat.
1603 2809 1669 2832 theol.
1683 2810 1706 2832 in
1724 2810 1760 2832 fol.
1778 2810 1828 2832 cod.

989 2855 1042 2877 225.
1053 2856 1124 2878 chart.
1136 2861 1195 2878 saec.
1208 2855 1259 2878 XV.
1271 2856 1376 2878 ineuntis.
1391 2868 1421 2873 —
1438 2855 1580 2884 Opusculum
1593 2856 1672 2884 incipit
1684 2857 1721 2879 sol.
1735 2856 1786 2878 117.
1798 2863 1829 2884 r.,

988 2901 1024 2923 cui
1041 2907 1122 2924 recens
1139 2907 1221 2924 manus
1239 2902 1356 2930 praemisit
1373 2902 1517 2930 simpliciter:
1536 2903 1699 2926 Bonaventure
1711 2904 1751 2925 est.
1769 2902 1829 2924 Desi-

988 2948 1021 2970 nit
1038 2949 1075 2971 sol.
1093 2949 1144 2971 163.
1162 2955 1180 2971 r.
1198 2955 1252 2971 cum
1272 2949 1376 2978 sequenti
1398 2949 1526 2972 additione:
1544 2949 1648 2979 Eaplicit
1669 2949 1747 2978 imayo
1771 2948 1826 2977 vite,
