2133 3317
124 601 155 620 Ad
166 601 226 620 locum
235 600 253 619 2,

141 1163 171 1182 Ad
184 1168 249 1182 secun-

169 1187 221 1205 (lum.

121 1728 151 1747 Ad
167 1728 250 1747 tertium.

122 2010 152 2029 Ad
161 2012 255 2034 quartum.

271 237 328 266 422

272 322 433 352 egenorum.
464 312 581 349 Expedit
605 311 687 340 etiam
709 310 809 339 modus
839 310 910 339 alius
938 310 982 338 his
1003 310 1052 347 qui
1073 318 1122 338 no-

271 362 332 390 lunt
360 359 565 397 possessionum
594 357 780 394 implicatione
811 356 864 385 sul]
896 359 1008 385 terrena
1035 356 1121 393 redigi

270 410 419 445 potestate,
441 406 480 434 nil
502 405 605 433 habere
626 405 653 433 in
675 404 789 441 proprio
809 404 853 433 vel
875 403 1025 433 communi.
1047 403 1122 432 Unde

270 455 453 490 Hieronymus
473 453 507 481 ad
528 452 730 481 Demetriadem
743 453 768 479 ¹:
789 462 803 476 «
818 451 962 488 Apostolici
985 454 1027 480 est
1046 451 1123 479 fasti-

270 501 306 538 gii
336 500 529 537 perfectaeque
550 499 663 528 virtutis
693 499 786 527 onmia
810 498 930 527 vendere
960 502 987 527 et
1019 506 1123 535 paupe-

271 547 350 576 ribus
370 546 554 580 distribuere,
576 548 603 574 et
628 545 667 574 sic
695 545 784 573 levem
813 548 840 574 et
867 545 1029 582 expeditum
1057 552 1121 573 cum

271 593 380 622 Christo
402 592 436 621 ad
458 592 585 621 caelestia
606 592 754 621 subvolare
769 603 795 620 ».
817 609 852 612 -—
876 592 907 620 Et
921 592 995 629 quod
1010 591 1122 620 additur

271 640 371 669 ibidem
384 639 404 673 ²,
417 639 491 676 quod
510 650 524 664 «
533 639 592 668 sine
606 638 804 676 impedimento
818 638 995 675 perfectionis
1006 641 1123 675 possunt

271 686 429 715 communia
440 685 628 722 dispensari»;
644 686 732 714 fateor
748 693 846 714 verum
858 693 927 719 esse,
943 685 1017 722 quia,
1032 688 1064 714 ut
1076 693 1123 714 su-

270 733 342 770 pra³
366 736 472 762 tactum
493 736 550 767 est,
572 741 627 761 non
644 736 780 769 repugnat
795 732 955 769 perfectioni
972 735 1123 769 quantum-

270 788 391 817 cumque
408 780 540 817 pauperis
561 780 746 808 ecclesiastica
761 779 847 814 bona,
863 779 1017 816 imperante
1033 779 1123 808 Eccle-

270 827 318 861 sia,
334 827 476 864 suscipere
490 827 688 864 dispensanda,
704 826 739 861 si,
755 829 891 864 quantum
910 827 937 854 in
953 834 982 855 se
996 829 1052 861 est,
1068 826 1124 855 dis-

269 877 399 911 pensator
420 881 531 911 semper
551 874 591 903 eis
612 881 708 902 carere
728 875 819 910 optet,
841 873 874 902 ad
896 881 940 907 se,
966 876 997 902 ut
1018 873 1123 910 patitur

269 921 418 958 fragilitas,
440 921 641 950 districtionem
667 920 779 949 minime
800 920 961 949 relaxando.
984 920 1027 949 Sic
1048 920 1123 949 enim

269 968 432 1005 dispensans
454 968 559 998 loculos
581 968 664 997 habet
685 976 741 996 non
762 976 813 1004 pro
835 975 877 1002 se,
906 967 954 996 sed
974 976 1026 1004 pro
1047 968 1120 1002 aliis,

269 1018 297 1044 et
315 1016 342 1043 in
358 1014 488 1044 habendo
509 1018 536 1044 et
557 1011 594 1043 in‘
605 1014 731 1043 habendi
744 1014 829 1043 modo
844 1014 993 1043 conformis
1009 1017 1050 1043 est
1065 1015 1123 1043 Sal-

269 1062 375 1096 vatori,
397 1064 428 1090 ut
450 1063 558 1098 supra¹
580 1062 677 1098 patuit.

348 1111 374 1138 8.
398 1110 435 1138 Ad
457 1109 610 1138 secundum
632 1109 796 1143 dicendum,
818 1109 893 1146 quod
915 1110 978 1138 licet
996 1110 1043 1138 illa
1059 1110 1123 1146 qui-

271 1157 324 1185 bus
339 1157 429 1185 utitur
445 1156 579 1190 Ecclesia,
600 1167 614 1181 «
629 1156 655 1184 in
672 1156 777 1185 nullius
791 1156 846 1185 sint
861 1156 940 1185 bonis
955 1168 968 1181 ι)
995 1157 1122 1193 proprie-

270 1203 339 1232 tarie
361 1203 451 1240 quoad
474 1211 636 1240 personam,
657 1207 723 1232 sunt
747 1206 838 1232 tamen
861 1204 974 1240 propria
996 1212 1122 1232 commu-

269 1250 403 1279 nitatibus
424 1250 613 1279 ecclesiarum.
636 1250 712 1279 Unde
727 1250 830 1279 dicitur
844 1251 961 1279 Actuum
978 1254 1079 1287 quarto
1091 1251 1101 1268 ⁵
1115 1261 1120 1279 :

269 1297 327 1326 Nee
348 1298 506 1336 quisquam
527 1306 627 1326 eorum
650 1306 687 1326 ex
708 1298 753 1326 his
774 1306 848 1335 quae
866 1298 1051 1334 possidebat,
1067 1298 1122 1326 ati-

269 1344 341 1382 quz'd
360 1353 450 1372 situm
471 1353 530 1373 esse
552 1344 684 1373 dicebat:
711 1352 777 1381 ergo
799 1344 976 1381 possidebant
998 1345 1024 1373 in
1046 1353 1122 1373 com-

270 1391 365 1426 muni,
387 1392 434 1420 sed
456 1400 510 1420 non
532 1392 731 1428 proprietarie,
761 1396 787 1420 et
816 1400 867 1428 pro
891 1394 967 1420 tanto
988 1391 1121 1421 dicuntur

270 1439 335 1467 talia
356 1439 383 1467 in
405 1439 510 1468 nullius
531 1439 611 1468 bonis
632 1447 707 1473 esse,
730 1439 810 1467 iuxta
831 1439 905 1476 quod
927 1439 993 1467 dicit
1024 1440 1070 1467 lex
1092 1439 1119 1467 ff.

268 1486 302 1515 de
325 1487 426 1515 Rerum
448 1486 620 1521 divisione⁶‚
636 1486 708 1523 quod
729 1498 742 1511 «
758 1494 803 1515 res
824 1486 951 1523 publicae
973 1487 1000 1515 in
1015 1487 1121 1515 nullius

269 1536 334 1562 sunt
345 1534 438 1567 bonis;
455 1533 542 1570 ipsius
557 1533 628 1562 enim
645 1534 835 1562 universitatis
849 1541 909 1562 esse
924 1533 1078 1562 ereduntur
1093 1546 1120 1562 ».

268 1581 326 1609 Non
347 1584 389 1609 est
411 1584 502 1609 tamen
524 1588 728 1617 usquequaque
750 1580 838 1609 simile
856 1580 890 1609 de
905 1580 1121 1617 proprietatibus

268 1627 411 1656 civitatum
434 1631 461 1656 et
483 1628 672 1657 eeclesiarum.

349 1676 374 1703 9.
398 1674 435 1703 Ad
458 1675 570 1703 tertium
594 1674 647 1703 iam
670 1677 752 1711 patet.
775 1674 874 1703 Omnia
895 1674 967 1703 enim
991 1674 1118 1709 mobilia,

267 1721 371 1759 quibus
392 1721 467 1750 Ordo
488 1721 595 1755 utitur,
617 1724 682 1750 sunt
703 1729 780 1750 mere
801 1725 829 1750 et
850 1721 1007 1750 immediate
1032 1721 1120 1758 ipsius

270 1769 405 1798 Ecclesiae
428 1770 565 1798 Romanae
577 1769 597 1797 ⁷.
613 1768 656 1797 Sic
670 1771 764 1797 autem
786 1767 891 1797 habere
909 1777 966 1805 pro
988 1768 1118 1797 aliorum

266 1816 433 1845 necessitate
454 1816 480 1845 in
503 1824 535 1845 eo
556 1816 604 1854 qui
626 1816 783 1853 ingreditur
806 1824 854 1853 per
879 1816 980 1844 ostium
1010 1818 1121 1852 aposto-

266 1864 320 1893 lico
340 1871 433 1897 more,
456 1864 482 1892 in
506 1864 582 1893 nullo
604 1863 765 1901 perfectioni
795 1866 949 1901 repugnat,
978 1866 1010 1892 ut
1037 1871 1120 1900 supe-

267 1911 349 1940 rius³
371 1915 413 1940 est
433 1914 585 1940 ostensum.

349 1959 392 1986 10.
416 1958 453 1987 Ad
475 1961 609 1995 quartum
629 1958 794 1993 dicendum,
822 1958 897 1995 quod
927 1966 987 1992 res,
1016 1958 1120 1995 quibus

268 2006 378 2034 Fratres
403 2008 540 2040 utuntur,
569 2008 635 2035 sunt
663 2006 702 2035 eis
730 2013 891 2035 communes
919 2008 1056 2042 quantum
1085 2005 1119 2034 ad

269 2061 375 2087 usum,
398 2053 445 2082 sed
466 2061 521 2081 non
544 2056 635 2082 tamen
657 2056 794 2090 quantum
815 2053 848 2081 ad
870 2053 1044 2081 dominium.
1080 2052 1120 2081 De

269 2099 323 2128 illis
351 2103 443 2129 autem
469 2100 571 2129 sanctis
598 2100 625 2128 in
655 2100 803 2129 Ierusalem
829 2100 987 2129 constitutis
1014 2100 1119 2129 dietum

502 234 700 264 OPUSCULUM
721 233 787 261 XVI.
810 231 985 260 EXPOSITIO
1006 231 1109 260 SUPER
1130 231 1285 261 REGULAM
1306 232 1461 261 FRATRUM
1481 231 1644 261 MINORUM.
1666 231 1734 260 CAP.
1756 233 1799 261 Vl.

1179 313 1236 344 est,
1258 310 1332 347 quod
1353 313 1432 339 erant
1453 310 1546 339 omnia
1566 310 1725 339 eommunia
1745 313 1881 347 quantum
1903 311 1937 340 ad
1962 320 2029 348 pos-

1178 357 1341 386 sessionem.
1363 358 1413 386 Alii
1434 366 1501 386 vero
1521 358 1635 394 plurimi
1657 365 1831 386 communem
1858 366 1939 387 usum
1969 359 2029 387 illa-

1180 412 1243 432 rum
1265 412 1361 432 rerum
1384 404 1442 433 sine
1464 404 1585 433 dominio
1607 405 1782 439 habuerunt,
1804 405 1876 433 sicut
1893 405 2028 442 Apostoli,

1180 451 1291 487 quando
1319 454 1400 479 erant
1427 454 1587 487 praesentes
1616 451 1654 480 illi
1683 452 1870 486 multitudini,
1899 455 1931 481 ut
1956 455 2031 489 patet

1179 497 1268 526 Causa
1288 497 1459 532 duodecima,
1481 498 1642 534 quaestione
1663 499 1765 535 prima,
1781 507 1885 528 canone
1902 498 2030 527 Dilectis-

1178 544 1249 573 sz'mz'
1263 544 1282 572 ⁹.

1260 592 1304 620 11.
1327 591 1365 620 Ad
1386 591 1515 628 quintum
1539 592 1728 621 concludendo
1742 592 1819 627 dico,
1834 593 1909 629 quod
1923 592 2030 630 duplex
2042 600 2132 625 Adquinn.

1179 641 1220 667 est
1241 646 1310 667 usus
1332 646 1437 667 rerum.
1464 638 1581 675 Quidam
1602 639 1675 668 enim
1697 641 1817 668 utuntur
1836 639 1921 668 rebus
1934 642 2030 669 aueto-

1179 685 1261 713 ritate
1283 685 1411 722 propria,
1433 688 1465 714 ut
1485 685 1608 720 domini;
1630 686 1741 722 quidam
1763 686 1867 720 aliena,
1889 690 1921 715 ut
1939 687 2028 722 servi,

1179 732 1260 769 quia,
1282 735 1314 760 ut
1335 732 1401 760 dicit
1421 732 1468 761 lex
1489 732 1516 760 ff.
1532 732 1566 760 de
1587 732 1696 761 Peculio
1709 733 1744 766 ¹⁰,
1764 733 1889 767 «vestis,
1905 741 1960 770 qua
1974 733 2030 762 uti—

1180 782 1228 807 tur
1249 786 1364 813 servus,
1379 781 1421 807 est
1434 778 1468 808 de
1483 779 1591 815 peculio
1605 778 1747 807 domini».
1764 779 1796 808 Et
1809 779 1874 808 alibi
1888 779 1954 808 dicit
1968 780 2029 815 lex,

1180 826 1255 863 quod
1281 837 1294 851 «
1310 833 1370 860 res,
1392 834 1464 862 quae
1484 833 1565 854 servo
1586 826 1759 862 acquiritur,
1776 826 1887 855 domino
1907 827 2030 864 acquiri-

1180 876 1227 901 tur
1238 885 1265 901 ».
1282 873 1311 901 In
1326 881 1380 901 usu
1394 881 1461 910 ergo
1476 873 1587 902 illorum
1603 873 1651 910 qui
1667 881 1718 902 sua
1731 873 1896 902 auctoritate
1910 876 2030 903 utuntur

1180 920 1281 954 rebus,
1305 920 1463 949 huiusmodi
1486 928 1541 949 non
1562 920 1654 948 differt
1667 928 1737 949 usus
1751 929 1767 949 a
1781 920 1918 955 dominio,
1933 920 1961 949 in
1975 929 2030 950 usu

1180 970 1273 996 autem
1296 967 1414 996 aliorum
1435 967 1536 996 dissert.
1559 967 1628 1004 Quia
1642 975 1709 1004 ergo
1723 968 1832 996 Fratres
1846 968 1964 997 Minores
1980 976 2030 1005 pro

1179 1014 1290 1043 Christo
1319 1015 1433 1043 serviles
1461 1014 1549 1043 effecti
1579 1018 1659 1049 sunt,
1689 1017 1809 1043 utuntur
1837 1015 1938 1049 rebus,
1960 1023 2030 1052 quas

1180 1069 1234 1089 usu
1256 1064 1440 1095 consumunt,
1455 1070 1506 1090 nec
1521 1065 1613 1091 tamen
1628 1062 1667 1091 eis
1682 1062 1875 1097 dominantur;
1891 1065 1918 1091 et
1932 1062 1960 1091 in
1975 1062 2028 1092 hoc

1180 1108 1272 1145 ipsum
1301 1109 1449 1137 Dominum
1479 1109 1641 1144 imitantur,
1669 1110 1744 1146 «qui
1773 1109 1834 1138 cibo
1862 1109 2027 1139 vescebatur

1179 1156 1268 1184 alieno
1281 1156 1345 1189 ¹¹»,
1368 1156 1395 1184 in
1416 1156 1513 1185 alienis
1533 1156 1661 1185 domibus
1682 1157 1813 1186 continue
1835 1157 2008 1193 hospitando.

1260 1203 1304 1231 12.
1327 1202 1378 1231 Sed
1400 1203 1562 1239 quaeritur,
1584 1211 1620 1232 ex
1642 1211 1697 1240 quo
1719 1204 1828 1232 Fratres
1850 1203 1953 1232 habent
1968 1206 2029 1232 tan·
2045 1210 2133 1237 Qiuusun¹

1178 1253 1238 1278 tum
1260 1257 1342 1278 usum
1367 1258 1478 1283 rerum,
1500 1253 1652 1286 possuntne
1674 1250 1778 1279 habere
1796 1258 1880 1279 usum
1894 1258 2029 1288 quarum-
2073 1234 2116 1253 ΜΗ

1178 1305 1299 1334 cumque
1320 1300 1346 1325 et
1368 1300 1661 1334 quantarumcumque
1684 1305 1778 1326 rerum
1791 1300 1802 1325 ‘2

1258 1344 1289 1372 Et
1318 1343 1444 1378 videtur,
1466 1344 1541 1380 quod
1569 1344 1623 1378 sic,
1645 1344 1727 1381 quia,
1749 1347 1817 1373 teste
1844 1344 1976 1382 Gregorio
1988 1345 2028 1380 ¹2,
2042 1350 2132 1375 Ratiopa

1183 1403 1195 1416 α
1211 1399 1311 1420 census
1332 1399 1385 1419 non
1408 1395 1449 1420 est
1471 1391 1497 1419 in
1520 1391 1617 1428 culpa,
1632 1391 1679 1420 sed
1701 1392 1816 1421 affectus
1831 1403 1862 1420 »ε
1884 1400 1950 1430 ergo
1971 1393 2028 1422 suf-

1178 1438 1235 1467 ficit
1257 1438 1359 1467 habere
1380 1439 1553 1467 affectionem
1576 1439 1707 1473 liberam,
1729 1447 1780 1468 nec
1801 1442 1843 1468 est
1863 1439 1905 1468 vis
1925 1440 1959 1469 de
1983 1448 2027 1469 re-

1178 1485 1246 1520 bus,
1268 1485 1326 1514 sive
1347 1485 1402 1514 sint
1424 1493 1538 1522 magnae
1559 1485 1616 1514 sive
1638 1494 1748 1522 parvae.

1260 1532 1303 1561 13.
1326 1532 1409 1566 Item,
1431 1532 1504 1561 vidit
1527 1533 1603 1561 Deus
1624 1537 1749 1566 cwnccct,
1771 1541 1846 1571 quae
1859 1532 1987 1570 fecerat,
2002 1537 2027 1562 et
2043 1538 2115 1557 Secund

1178 1582 1263 1607 erant
1283 1579 1367 1607 valde
1389 1579 1464 1607 bona
1480 1579 1512 1607 ¹³.
1539 1579 1643 1608 Bonum
1665 1583 1758 1608 autem
1780 1580 1929 1609 adveniens
1955 1581 2028 1610 bono

1177 1630 1260 1663 auget
1281 1627 1393 1663 ipsum:
1415 1635 1482 1664 ergo
1503 1627 1626 1655 carentia
1646 1627 1807 1656 divitiarum
1828 1627 1898 1656 nihil
1915 1628 1980 1657 facit
1994 1628 2028 1657 ad

1177 1674 1384 1711 perfectionem.

1259 1721 1303 1750 14.
1326 1721 1408 1756 Item,
1430 1730 1521 1750 nonne
1543 1722 1622 1750 multi
1644 1722 1734 1751 Sancti
1756 1722 1888 1759 leguntur
1907 1723 1936 1751 in
1950 1726 2029 1752 utro-
2045 1726 2113 1745 Tertia.

1177 1776 1232 1806 que
1254 1771 1418 1797 testamento
1439 1768 1541 1797 divitiis
1562 1768 1717 1797 abundasse
1729 1769 1778 1797 ¹4?

1259 1817 1303 1844 15.
1326 1816 1485 1852 Respondeo
1507 1816 1541 1844 ad
1562 1816 1770 1853 quaestionem,
1793 1816 1867 1853 quod
1882 1824 1946 1845 eum
1963 1816 2026 1845 Fra·
2058 1821 2124 1856 Restm„

1179 1866 1234 1892 tres
1255 1863 1310 1892 sint
1331 1863 1502 1900 professores
1523 1863 1671 1892 altissimae
1692 1864 1881 1901 paupertatis,
1897 1867 2023 1901 oportet,
2066 1850 2124 1876 quae*

1177 1914 1208 1940 ut
1229 1911 1337 1945 omnia,
1360 1919 1431 1948 quae
1452 1911 1480 1939 in
1501 1919 1598 1940 eorum
1620 1919 1704 1940 usum
1730 1911 1861 1946 veniunt,
1890 1912 2026 1947 habeant,

1177 1962 1208 1987 ut
1229 1961 1271 1987 est
1293 1958 1438 1995 possibile,
1467 1958 1647 1995 parvitatem,
1676 1958 1810 1987 vilitatem
1838 1962 1865 1988 et
1893 1959 2027 1996 asperita-

1178 2008 1248 2039 tem,
1271 2013 1343 2042 quae
1369 2005 1422 2034 tria
1449 2008 1641 2042 paupertatem
1669 2005 1831 2034 altissimam
1860 2006 2026 2035 naturaliter

1176 2056 1397 2089 consequuntur.
1420 2053 1538 2081 Econtra
1558 2052 1632 2081 enirn
1654 2052 1752 2081 divites
1781 2053 1884 2081 habent
1910 2053 2028 2082 affluen—
2123 2056 2128 2082 t

1177 2099 1258 2134 tiam,
1273 2099 1389 2136 gloriam
1406 2102 1433 2128 et
1447 2099 1637 2136 apparentiam
1659 2102 1687 2128 et
1708 2100 1919 2129 consolationem
1930 2123 1937 2134 ,
1955 2107 2027 2137 quae

2044 1915 2115 1935 Notaud
2126 1928 2128 1934 ,

333 2298 341 2311 ¹
360 2298 431 2327 Epist.
451 2299 501 2321 130.
521 2298 586 2327 (alias
604 2299 635 2327 8.)
653 2305 676 2321 n.
696 2298 732 2321 ⁴4.
750 2299 880 2327 Respicitur
897 2299 973 2321 Matth.
988 2299 1030 2325 19,
1043 2299 1067 2321 21
1079 2306 1084 2320 :
1097 2299 1119 2320 Si

270 2338 305 2361 vis
331 2340 447 2367 perfectus
472 2344 535 2365 esse,
561 2338 621 2360 vade
644 2341 666 2360 et
684 2338 760 2360 vende
777 2340 820 2360 ctc.
838 2337 882 2360 Cfr.
900 2343 970 2365 supra
989 2343 1043 2365 pag.
1061 2337 1119 2365 295,

271 2381 325 2401 nota
347 2378 381 2400 14.
400 2378 441 2400 Pro
461 2377 533 2400 [erem
550 2378 571 2400 et
588 2376 724 2406 ezpeclilum
742 2377 759 2399 A
771 2377 788 2399 D
806 2376 854 2399 lere
871 2378 893 2399 et
909 2376 1045 2406 etvpeclicum
1063 2377 1105 2399 est.

333 2416 341 2429 2
360 2417 450 2439 Scilicet
465 2417 488 2438 in
506 2422 594 2438 canone
611 2422 682 2444 supra
700 2422 722 2438 n.
741 2417 761 2438 2Α
780 2416 885 2443 allegato.

332 2456 341 2469 ³
359 2456 414 2484 Cap.
433 2456 454 2478 4.
471 2462 494 2478 n.
511 2456 533 2478 7.

332 2495 341 2508 *²
359 2495 414 2523 Cap.
433 2495 454 2517 4.
471 2502 492 2517 n.
511 2495 534 2517 7.
550 2507 582 2511 —
599 2494 645 2518 Cfr.
662 2495 730 2517 etiam
746 2501 815 2523 supra
834 2494 919 2522 Opusc.
943 2494 982 2516 Xl.
1006 2494 1120 2522 Apologia

269 2541 414 2564 pauperum,
432 2541 451 2557 c.
470 2535 491 2556 7.
509 2541 574 2563 seqq.
971 2533 980 2546 ⁵
999 2534 1064 2556 Vers.
1082 2534 1119 2556 32.

333 2573 343 2586 ⁶
360 2574 421 2597 Libr.
439 2575 454 2597 l.
471 2575 557 2603 Digest.
571 2575 601 2597 tit,
615 2575 636 2596 8.
653 2575 698 2602 leg.
720 2574 822 2597 Summa
841 2580 924 2596 rerum
937 2573 1043 2596 divisio...
1056 2574 1121 2602 Quae

270 2614 329 2645 [res]
342 2615 449 2643 publicae
460 2617 525 2639 sunt,
538 2614 621 2636 nullius
633 2613 721 2643 [Glossa
735 2613 803 2636 ibi‹l.:
815 2613 900 2636 seilicet
912 2613 1012 2635 hominis
1024 2613 1120 2641 privati,

270 2654 311 2676 sed
328 2653 509 2681 communitatis]
527 2653 549 2675 in
567 2652 633 2675 bonis
650 2658 701 2675 esse
718 2652 844 2674 creduntur
867 2651 920 2681 (1.).
943 2651 1000 2674 lbid.
1022 2652 1068 2679 leg.
1093 2652 1120 2674 [η

271 2693 387 2715 tantum...
399 2692 559 2715 Universitatis
570 2694 635 2720 sunt,
648 2698 694 2714 non
706 2692 851 2719 singulorum
859 2708 864 2718 ,
877 2691 947 2713 veluti
960 2697 1020 2719 qnae
1032 2691 1055 2713 in
1067 2691 1121 2712 civi-

270 2731 355 2754 tatibus
371 2734 424 2753 sunt
436 2733 521 2753 theatra
530 2748 536 2758 ,
553 2731 639 2758 stadia,
650 2733 672 2753 et
684 2731 702 2753 si
714 2737 759 2759 qua
773 2731 815 2752 alia
827 2733 880 2752 sunt
892 2730 1023 2753 communia
1041 2730 1121 2753 civita-

271 2773 319 2792 tum
338 2770 387 2799 (6.).
405 2770 449 2793 Cfr.
468 2771 492 2793 ll.
505 2771 573 2793 lnstit.
586 2771 618 2793 tit.
635 2771 654 2792 l.
669 2771 718 2792 Vat.
732 2776 854 2798 perperam
867 2769 895 2792 de
908 2770 995 2792 Rerum
1007 2769 1119 2793 dominio.

334 2808 342 2821 ⁷
361 2808 405 2831 Cfr.
423 2815 493 2837 supra
511 2815 531 2831 c.
552 2810 573 2831 l.
590 2816 612 2831 n.
623 2809 646 2831 7.
659 2809 681 2831 in
699 2809 743 2831 fine
761 2808 832 2831 verba
850 2810 945 2837 Gregor.
964 2809 1001 2831 lX.
1019 2811 1041 2831 et
1058 2815 1079 2831 n.
1097 2809 1119 2831 8.

272 2850 294 2870 et
311 2848 384 2870 lnnoc.
403 2849 438 2870 lV.
457 2849 572 2871 constitut.
591 2847 705 2871 Ordinem
721 2850 835 2871 vestrum.

334 2885 343 2898 ¹³
362 2887 428 2909 Num.
437 2888 460 2909 7.
469 2893 489 2910 c.
502 2888 522 2910 il.
532 2894 554 2909 n.
571 2888 595 2910 7.
606 2894 654 2916 seq.
667 2890 689 2910 et
700 2893 719 2910 c.
733 2887 754 2910 4.
767 2894 788 2910 n.
799 2888 821 2909 2.
833 2894 898 2916 seqq.
907 2900 938 2904 —
948 2887 1060 2915 Superius
1076 2893 1120 2915 pro

272 2925 311 2948 Sic
328 2927 408 2948 autem
420 2926 459 2954 (ita
476 2926 559 2955 ADG)
572 2927 624 2949 Vat.
640 2926 680 2950 Sic
697 2932 753 2956 erqo
771 2932 809 2953 ea,
828 2926 865 2949 ed.
883 2927 891 2948 Ἰ1
913 2926 953 2949 Sic
969 2925 1119 2949 auctoritate.

335 2964 345 2976 ⁹
361 2964 417 2987 Can.
434 2966 460 2992 2,
479 2966 500 2987 in
517 2972 564 2994 quo
581 2972 608 2988 ex
625 2965 743 2988 Clemente
763 2966 859 2992 dicitur,
884 2965 994 2988 omnibus
1018 2965 1118 2992 clericis,

272 3004 433 3032 Apostolorum
452 3011 581 3033 eorumque
605 3005 770 3033 discipulorum
793 3005 949 3027 imitatoribus
970 3011 1118 3027 communem

272 3050 323 3066 esse
340 3043 411 3065 vitam
429 3044 580 3071 serrandum,
598 3050 668 3072 quam
686 3044 786 3066 Ananias
807 3046 829 3066 et
846 3044 942 3072 Sapliira
964 3044 1080 3066 violarunt
1097 3046 1119 3066 et

1181 2306 1191 2318 ει
1203 2297 1271 2320 nobis
1286 2297 1451 2327 praesentibus
1470 2298 1493 2320 in
1509 2300 1634 2325 conspectu
1659 2298 1764 2320 omnium
1791 2298 1989 2321 circumstantium
2013 2305 2026 2321 a

1178 2340 1302 2364 conspectu
1320 2337 1484 2365 Apostolorum
1497 2339 1592 2364 propter
1604 2339 1725 2364 peccatum
1738 2342 1819 2358 eorum
1832 2340 1853 2359 et
1866 2337 2012 2359 mendacium
2021 2356 2026 2366 ‚

1177 2376 1241 2405 quod
1259 2377 1373 2403 fecerunt,
1392 2376 1476 2398 mortui
1494 2376 1545 2398 elati
1562 2378 1615 2398 sunt
1631 2375 1701 2398 ambo
1713 2385 1736 2398 n.
1753 2375 1799 2398 Cfr.
1816 2382 1887 2404 supra
1905 2383 1958 2404 pag.
1972 2377 2025 2404 295,

1178 2418 1230 2438 nota
1249 2416 1276 2443 8,
1293 2415 1333 2438 ubi
1351 2415 1422 2438 verba
1442 2416 1511 2438 liuius
1528 2416 1622 2438 canonis
1642 2424 1652 2435 <r
1665 2422 1707 2443 per
1725 2415 1867 2444 iniquitatem
1885 2416 1942 2438 alius
1959 2417 2025 2445 dicit,

1178 2455 1221 2477 hoe
1239 2461 1289 2477 esse
1305 2461 1388 2481 sunm,
1406 2454 1463 2477 alius
1481 2455 1534 2477 illud
1547 2463 1558 2475 n
1579 2455 1728 2482 explicantur.
1752 2455 1794 2477 Pro
1813 2456 1951 2484 praesentes
1974 2456 2025 2478 Vat.
2124 2450 2125 2492 i

1174 2493 1344 2523 praesidentes.
2124 2513 2125 2518 .

1241 2532 1261 2545 ¹⁰
1278 2532 1338 2555 Libr.
1358 2533 1407 2555 XV.
1426 2533 1512 2561 Digest.
1525 2533 1558 2555 tit.
1575 2534 1592 2555 l.
1605 2534 1651 2561 leg.
1664 2532 1690 2555 ld
1700 2533 1865 2556 ves-tenentum
1878 2533 1963 2561 peculii
1975 2540 2026 2557 esse
2124 2536 2125 2555 l

1178 2573 1257 2601 incipit
1273 2576 1316 2594 etc.
1335 2572 1399 2601 (26).
1419 2573 1450 2595 De
1466 2579 1514 2601 seq.
1532 2573 1583 2600 lege
1600 2573 1641 2595 cfr.
1653 2573 1676 2594 ll.
1689 2573 1784 2595 lustitut.
1803 2573 1834 2595 tit.
1847 2573 1868 2600 9,
1887 2572 1927 2595 ubi
1940 2573 1962 2595 in
1975 2574 2026 2601 lege
2124 2560 2125 2581 ἵ

1178 2611 1318 2641 Acquz'ritur
1335 2611 1400 2634 'nobas
1418 2612 1459 2641 (l.)
1478 2612 1491 2640 2}
1509 2612 1566 2635 Item
1582 2610 1647 2634 vobis
1664 2611 1763 2634 dicitur:
1781 2613 1844 2638 ltem,
1862 2611 1929 2634 vobis
1949 2613 2026 2641 acqui-

1177 2652 1236 2674 ritur
1257 2651 1321 2680 quod
1339 2651 1400 2674 servi
1418 2651 1487 2673 vestri
1508 2657 1534 2673 ex
1557 2651 1678 2673 traditione
1703 2651 1873 2678 nanciscuntur,
1898 2651 1948 2674 sive
1968 2652 2025 2681 quid

1177 2691 1328 2718 stipulentur,
1345 2690 1396 2713 sive
1412 2696 1438 2713 ex
1456 2690 1591 2717 donatione,
1610 2690 1646 2712 vel
1664 2696 1690 2712 ex
1708 2690 1795 2719 legato,
1813 2690 1862 2713 sive
1880 2697 1906 2713 ex
1924 2690 2026 2719 qualibet

1177 2730 1219 2752 alia
1236 2735 1305 2752 cansa
1323 2730 1450 2758 acquirant.
1468 2730 1516 2752 Hoc
1533 2730 1594 2752 enim
1613 2729 1680 2751 vobis
1691 2729 1853 2757 ignorantibus
1865 2732 1887 2752 et
1899 2729 1975 2752 invitis
1986 2729 2026 2752 ob-

1177 2769 1254 2797 venit,
1272 2769 1322 2797 ipse
1339 2769 1400 2791 enim
1418 2775 1514 2795 servus,
1538 2769 1579 2798 qui
1605 2769 1627 2791 in
1653 2771 1765 2797 potestate
1787 2769 1880 2791 alterius
1900 2771 1947 2796 est,
1969 2769 2025 2792 nibil

1177 2814 1245 2830 suum
1264 2808 1349 2830 habere
1366 2811 1442 2836 potest
1459 2811 1502 2831 etc.

1240 2846 1258 2860 ¹¹
1276 2847 1305 2869 Ut
1321 2847 1377 2870 dicit
1393 2847 1486 2869 Hieron.
1502 2853 1572 2875 supra
1590 2853 1646 2875 pag.
1663 2847 1721 2874 4⁴5,
1738 2850 1790 2869 nota
1810 2847 1829 2869 4.
1847 2847 1965 2875 allegatus.
1980 2847 2023 2870 Cfr.

1176 2892 1247 2913 supra
1264 2885 1349 2914 Opusc.
1366 2886 1404 2908 Xl.
1421 2886 1535 2914 Apologia
1552 2891 1697 2913 pauperum,
1714 2891 1734 2908 c.
1756 2886 1789 2907 tt.
1806 2892 1828 2908 n.
1846 2886 1867 2908 7.
1885 2892 1951 2914 seqq.

1240 2924 1259 2937 ¹²
1276 2925 1338 2947 Libr.
1356 2925 1385 2947 X.
1403 2925 1480 2947 ltloral.
1491 2931 1511 2947 c.
1527 2925 1565 2947 30.
1577 2931 1599 2947 n.
1612 2924 1641 2946 49
1653 2931 1658 2951 ;
1669 2925 1711 2947 cfr.
1722 2930 1792 2952 supra
1805 2930 1859 2952 pag.
1872 2924 1924 2951 280,
1937 2927 1990 2947 nota
2002 2924 2024 2947 5.

1239 2963 1259 2977 ¹⁸
1276 2965 1332 2987 Gen.
1351 2965 1370 2992 1,
1388 2965 1425 2986 31.
1437 2977 1468 2981 ——
1484 2963 1588 2987 Subinde
1604 2970 1647 2992 pro
1658 2963 1785 2987 adveniens
1798 2964 1837 2991 (ita
1855 2964 1900 2986 AG
1917 2966 1939 2986 et
1950 2964 1986 2986 ed.
2000 2964 2024 2993 ¹l)

1176 3004 1227 3026 Vat.
1244 3003 1360 3027 additum.

1238 3042 1258 3055 ¹4
1275 3042 1321 3065 Cfr.
1338 3043 1393 3065 Gen.
1416 3043 1455 3070 ¹3,
1473 3042 1509 3065 14,
1529 3042 1566 3071 (de
1583 3041 1709 3071 Abraham)
1728 3045 1750 3064 et
1766 3042 1808 3069 36,
1825 3041 1847 3064 7.
1865 3041 1903 3070 (de
1921 3040 2007 3070 lacob).
