2133 3317
1 1305 55 1347 E-uo‘

0 1698 55 1717 untur.

0 2161 57 2181 adver-

0 2184 57 2204 vamba

530 221 726 250 OPUSCULUM
747 221 788 249 xl.
810 221 971 250 APOLOGIA
993 222 1172 251 PAUPERUM.
1195 222 1263 251 CAP.
1284 223 1326 251 XI.

69 301 225 337 frequenter
246 299 278 327 in
297 298 378 327 mata
398 301 569 327 convertunt
588 301 614 326 et
634 297 666 326 in
686 297 779 326 electis
805 306 906 326 inacu-

8 360 60 398 negg-
70 347 128 376 tam
144 348 289 382 ponunt.
271 345 282 362 1
312 345 414 373 Verum
429 347 471 373 est
491 344 616 381 quidem,
631 344 705 381 quod
726 347 839 381 propter
854 345 908 373 hu-

68 400 162 422 manae
187 391 355 420 infirmitatis
382 391 568 427 corruptelam
596 390 644 419 vix
672 390 789 427 reperiri
818 393 907 427 potest

68 439 158 476 aliqua
177 445 295 474 persona
309 437 352 466 vel
372 440 460 466 status
474 437 508 465 ab
529 437 604 465 omni
620 437 736 465 materia
756 437 905 473 reprehen-

69 485 151 515 sionis
170 483 316 518 immunis;
338 483 385 512 sed
412 487 440 512 et
464 491 514 512 nos
541 483 676 512 veraciter
707 483 823 512 inficiari
852 491 905 511 non

68 538 228 569 possumus,
256 530 322 567 quin
344 530 417 559 inter
445 530 620 567 perfectionis
641 530 813 566 evangelicae
841 537 905 566 pro-

68 577 183 607 fessores
200 576 334 613 perversi
353 576 408 604 sint
428 576 512 613 aliqui
534 579 561 604 et
579 574 741 612 imperfecti
760 576 904 612 quamplu-

51 623 138 653 .rimi.
159 623 185 651 Si
207 623 292 660 igitur
313 623 337 651 is
357 623 401 651 cui
424 622 639 659 respondemus,
668 622 844 651 insolentium
866 622 906 651 vi-

68 671 105 700 tia
124 669 355 706 reprehenderet,
381 669 527 706 praeconia
548 669 661 698 laudum
689 672 833 706 reportare
860 669 906 697 de-

67 717 157 750 beret,
189 715 211 745 si
239 715 321 744 etiam
342 715 507 752 generaliter
538 715 565 743 in
597 723 729 752 personas
763 715 906 743 maledicta

67 765 240 800 congereret,
261 762 371 791 deceret
391 761 562 798 evangelicos
583 761 657 790 viros
684 761 725 790 ori
747 769 797 790 suo
825 761 906 790 silen—

67 809 134 838 tium
156 808 310 845 imponere,
331 808 494 845 praesertim
510 807 531 836 si
554 807 646 836 divino
660 812 737 836 motu
758 807 785 836 id
799 810 905 844 ageret,

67 859 94 885 et
112 862 162 892 per
182 854 356 891 patientiam,
378 853 575 882 dissimulando
596 854 730 887 convitia,
752 862 802 890 pro
823 854 906 882 male-

67 902 171 931 dicente
195 909 293 938 rogare
305 901 324 929 2.
346 901 424 930 Ν11110
439 903 547 935 autem,
572 900 637 937 quia
661 900 689 928 in
705 903 789 929 totam
804 901 906 929 Christi

67 955 220 986 pauperum
243 947 408 984 Religionem
430 950 629 976 venenatorum
657 947 831 983 eloquiorum
854 947 907 976 tela

68 994 201 1024 convertit
220 1001 373 1030 eorumque
385 992 564 1031 professioni
584 994 688 1022 erroris
708 997 735 1022 et
756 993 907 1022 simulatio-

68 1041 110 1070 nis
129 1040 233 1069 crimen
254 1040 395 1077 impingit;
417 1048 528 1068 necesse
549 1040 684 1069 habemus
704 1040 791 1076 ipsius
811 1048 907 1076 proca—

70 1087 141 1116 citati
162 1087 308 1121 resistere,
329 1094 382 1115 non
404 1086 469 1123 quia
490 1087 607 1115 velimus
632 1086 836 1115 maledictiones
857 1094 907 1123 pro

67 1133 302 1162 maledictionibus
316 1133 447 1167 reddere,
469 1133 516 1162 sed
537 1133 602 1170 quia
616 1141 721 1162 sacram
738 1133 905 1170 Religionem

68 1179 233 1209 intendimus
252 1179 287 1208 ab
307 1179 420 1208 obiectis
441 1179 604 1208 criminibus
625 1187 769 1208 excusare.

144 1228 170 1255 2.
193 1226 340 1255 Assumens
353 1226 438 1263 igitur
459 1234 604 1263 personam
620 1226 754 1254 Ecclesiae
775 1226 908 1255 adversus

23 1279 203 1324 &pauperes
234 1272 371 1309 praefatos
405 1272 546 1301 invehitur
581 1272 657 1301 velut
688 1276 784 1301 contra
816 1272 908 1301 hostes

68 1319 161 1357 ipsius.
187 1330 201 1344 α
217 1318 318 1353 Nunc,
340 1319 443 1356 inquit,
464 1319 595 1347 derident
620 1327 665 1347 ine
686 1319 816 1347 iuniores
841 1322 908 1348 tein-

65 1375 152 1404 pore,
173 1374 300 1404 quoium
326 1374 385 1394 non
413 1365 561 1403 dignabar
579 1369 681 1402 patres
710 1374 815 1402 ponem
842 1374 908 1394 eum

69 1412 189 1441 canibus
212 1412 311 1449 yreyis
332 1412 409 1440 inei8
424 1423 453 1446 »,
474 1414 569 1448 aperte
596 1412 739 1441 insinuans
767 1420 815 1449 per
843 1413 908 1447 hoc,

69 1459 230 1496 Religiosos,
244 1462 341 1487 contra
354 1467 424 1496 quos
445 1459 585 1496 loquitur,
606 1459 791 1496 obiurgandos
812 1462 843 1487 ut
861 1459 909 1487 Ec-

69 1506 164 1535 clesiae
195 1505 320 1534 inimicos
347 1508 374 1534 et
398 1505 532 1534 adversus
560 1505 706 1534 Ecclesiam
735 1505 909 1543 insurgentes

69 1553 210 1589 ipsamque
232 1554 263 1580 ut
284 1551 412 1580 irrisores
433 1552 566 1581 habentes
586 1551 769 1589 contemptui,
791 1560 853 1580 cum
870 1555 909 1580 ta-

68 1606 146 1633 men,
164 1601 196 1627 ut
216 1598 298 1632 dicit,
324 1609 337 1623 n:
352 1598 414 1627 vita
442 1598 508 1635 ipsa
527 1601 668 1635 putentur
693 1598 823 1635 indigni,
850 1607 910 1635 eye-

69 1648 140 1674 state
160 1648 186 1673 et
204 1643 284 1682 fame
304 1645 415 1673 steriles
436 1648 461 1673 et
481 1645 512 1673 in
534 1648 614 1673 terra
634 1644 752 1681 penitus
772 1653 831 1673 non
855 1653 909 1682 pa-

70 1695 160 1721 rentes
174 1703 201 1720 ».
224 1691 302 1728 Quod
323 1691 433 1728 quidem
455 1691 524 1720 nihil
545 1691 619 1720 aliud
640 1694 682 1720 est
705 1699 788 1728 quam
803 1693 909 1728 patrem

71 1746 167 1773 suum,
189 1738 291 1767 Christi
306 1738 440 1767 vicarium
451 1761 458 1772 ,
480 1746 496 1766 a
511 1746 566 1775 quo
581 1741 669 1767 status
691 1737 848 1766 huiusmodi
863 1746 911 1775 ap-

71 1785 203 1822 probatus
223 1785 296 1819 est4,
318 1784 512 1813 subsannando
533 1784 674 1821 despicere
695 1787 722 1813 et
736 1787 846 1821 partum
869 1792 911 1813 sa-

71 1838 133 1860 crae
153 1830 264 1865 matris,
292 1838 407 1867 sponsae
428 1830 546 1864 Christi,
571 1830 705 1859 Ecclesiae
732 1830 857 1859 irridere.
880 1830 911 1859 Et

71 1877 144 1912 ideo,
166 1877 247 1906 iuxta
267 1877 417 1906 Salomonis
438 1877 616 1911 sententiam,
638 1877 732 1913 ipsius
749 1880 789 1905 est
810 1876 911 1905 oculus

71 1933 90 1953 a
110 1924 205 1953 eorvis
218 1927 242 1952 et
263 1923 387 1962 aquilis,
410 1924 534 1953 veritatis
555 1923 659 1952 scilicet
678 1923 910 1957 aemulatoribus,

71 1970 232 2005 eruendus,
252 1978 284 1999 ac
305 1978 354 2008 per
369 1971 422 1999 hoc
443 1970 577 1999 veraciter
592 1973 688 1999 contra
708 1970 783 1998 hunc
797 1973 824 1998 et
838 1977 911 1998 com-

71 2017 154 2055 plices
184 2017 259 2051 eius,
287 2025 423 2046 novorum
451 2017 609 2054 dogmatum
630 2017 800 2049 inventores,
821 2016 912 2045 dicere

71 2067 158 2102 potest
178 2063 333 2093 Ecclesia⁵:
356 2063 441 2092 Nunc
468 2072 513 2092 me
533 2063 663 2092 derident
687 2062 818 2091 iuniores
846 2066 912 2091 tem-

68 2119 153 2147 pore,
174 2113 207 2139 ut
233 2111 272 2139 sic
300 2110 357 2139 ictu
384 2109 497 2147 proprio
518 2109 631 2146 iniquus
658 2109 756 2138 oculus
776 2111 912 2142 eruatur,

71 2156 136 2186 dum
157 2157 270 2194 sagitta,
292 2165 348 2193 qua
367 2156 451 2185 ferire
472 2156 587 2190 nititur,
608 2156 666 2192 ipse
687 2155 795 2184 feritur.
812 2171 849 2176 —
864 2155 913 2183 De-

71 2203 150 2237 hinc,
171 2203 261 2232 zelum
282 2206 309 2232 et
329 2202 447 2232 verbum
468 2202 670 2239 apostolicum⁶
692 2201 743 2230 sibi
758 2209 912 2238 usurpans,

72 2256 134 2278 cum
148 2252 241 2278 tamen
262 2249 426 2286 apostolicae
441 2249 616 2286 perfectionis
637 2248 812 2285 impugnator
827 2248 913 2285 magis

73 2295 106 2325 sit
127 2303 209 2333 quam
226 2295 363 2330 imitator,
385 2295 586 2333 subsequenter
602 2295 737 2324 annectit:
763 2306 776 2320 α
797 2295 914 2323 Utinam

134 2490 143 2504 ¹
160 2491 227 2514 Eccli.
247 2492 283 2519 ll,
301 2492 338 2513 33.
354 2491 400 2514 Cfr.
418 2492 523 2519 Gregor„
541 2491 625 2514 XXVl.
642 2492 718 2514 Moral.
735 2497 756 2514 c.
781 2491 819 2514 40.
835 2498 857 2513 n.
874 2492 913 2514 72.

73 2531 95 2552 el.
110 2530 208 2557 Bonav.,
226 2529 354 2552 Comment.
371 2530 395 2552 in
412 2530 465 2552 Luc.
483 2536 503 2552 c.
522 2529 542 2552 4.
555 2536 576 2552 11.
595 2530 632 2552 48.
651 2542 682 2546 -
699 2530 794 2552 111Γο11115
811 2536 853 2558 pro
865 2535 915 2553 ma-

74 2567 132 2592 teria
149 2568 188 2596 (ita
207 2568 314 2597 BCDG)
332 2568 386 2591 edd.
403 2568 506 2591 macula.

134 2605 144 2619 ²
161 2608 215 2630 Luc.
233 2608 258 2635 6,
276 2607 319 2629 28:
331 2607 461 2630 Benedicite
480 2607 670 2630 maledicentibus
681 2606 749 2629 vobis
760 2609 782 2629 et
798 2610 861 2629 orate
873 2613 916 2635 pro

74 2646 264 2669 calumniantibus
286 2652 335 2669 vos.
360 2659 389 2662 —
416 2646 526 2674 Superius
549 2652 591 2674 pro
616 2646 735 2675 imponere
756 2645 855 2669 ABCD
874 2651 918 2675 po-

74 2690 135 2707 nere.

135 2722 145 2735 ⁸
162 2722 202 2746 lob
219 2724 262 2750 30,
281 2724 306 2751 l;
323 2723 424 2746 subinde
440 2724 567 2752 allegantur
584 2730 608 2746 v.
628 2724 650 2745 2.
667 2729 728 2751 seq.:
746 2723 796 2745 Vita
815 2723 864 2750 ipsa
877 2729 917 2750 pu-

76 2761 179 2785 tabantur
197 2762 298 2791 indigni,
315 2764 417 2790 egestate
433 2765 456 2785 et
473 2763 532 2785 same
550 2762 646 2790 steriles,
664 2761 703 2790 qui
715 2760 828 2784 rodebant
845 2761 866 2783 in
883 2767 917 2784 so-

75 2800 169 2823 litudine
186 2803 241 2828 etc.,
259 2803 281 2823 et
297 2807 319 2823 v.
338 2801 363 2823 8:
380 2801 405 2823 Et
422 2801 444 2823 in
461 2803 521 2823 terra
538 2800 631 2829 penitus
646 2806 692 2823 non
709 2802 823 2828 parentes.

136 2838 146 2851 ⁴
163 2838 208 2862 Csr.
225 2845 295 2867 supra
317 2845 370 2867 pag.
387 2839 444 2866 292,
467 2842 519 2862 nota
537 2839 575 2861 112.
591 2851 621 2854 —
638 2838 767 2866 Respicitur
790 2838 857 2860 Prov.
874 2838 917 2866 30,

80 2877 118 2900 17:
135 2877 246 2905 Oculum,
263 2877 302 2906 qui
320 2877 446 2900 subsannat
458 2880 546 2906 patrem
564 2880 586 2900 et
602 2877 642 2905 qui
653 2876 750 2904 despicit
767 2879 859 2904 partum
871 2882 917 2898 ma-

77 2915 116 2938 tris
131 2922 199 2943 suae,
215 2916 323 2939 effodiant
338 2922 392 2939 eum
409 2916 474 2939 corvi
488 2916 518 2939 de
535 2915 684 2944 torrentibus,
696 2917 719 2937 et
729 2914 852 2937 comedant
863 2921 916 2937 eum

77 2953 114 2976 filii
130 2954 227 2983 aquilae.

138 2991 148 3005 ⁵
164 2992 204 3016 lob
221 2993 263 3020 30,
281 2993 302 3016 l.
318 3004 350 3010 -
367 2993 461 3016 inferius
478 2993 529 3015 Vat.
547 2992 630 3015 omittit
646 2998 700 3022 qica.

1748 222 1800 252 311

962 299 1132 328 sustineatis
1159 309 1203 328 me
1229 300 1391 329 modicum!
1413 300 1552 329 Aemulor
1571 300 1647 329 enim
1674 308 1725 329 vos
1754 300 1807 328 Dei

963 346 1164 374 aemulatione.
1187 346 1257 383 Quid
1279 355 1327 376 vos
1348 355 1414 384 prae
1435 347 1533 376 ceteris
1554 347 1659 376 iactatis
1686 346 1720 375 de
1740 354 1803 383 per·

963 390 1078 420 sectione
1093 404 1106 417 »
1121 395 1132 420 ¹?

1042 438 1068 466 3.
1090 439 1159 467 Haec
1191 440 1275 468 verba
1296 440 1402 477 ipsius,
1432 440 1460 469 in
1491 440 1608 477 quibus,
1640 439 1803 476 apostolicae

963 483 1127 513 humilitatis
1147 485 1261 520 oblitus,
1283 486 1309 514 id
1330 487 1443 521 omittit,
1465 486 1539 523 quod
1561 486 1700 523 potissime
1714 486 1804 523 potuit

963 530 1069 559 dicere:
1091 531 1237 560 Modicum
1252 533 1323 570 quid
1342 532 1525 570 insipientiae
1539 541 1618 562 meae
1630 533 1659 567 ⁷‚·
1679 533 1803 570 dumque

963 585 1017 605 non
1040 577 1212 613 insipienter,
1227 578 1275 607 sed
1290 579 1427 615 sapienter
1442 580 1516 616 loqui
1539 587 1568 608 se
1583 582 1708 616 reputat,
1730 579 1803 608 iusto

964 623 1011 652 Dei
1026 623 1127 652 iudicio
1142 624 1244 653 stultus
1265 625 1394 659 effectus,
1409 626 1436 654 in
1458 626 1559 655 multas
1573 629 1600 655 et
1613 633 1726 663 magnas
1740 633 1804 662 pro-

963 669 1068 706 rumpit
1089 670 1215 699 insanias.
1237 670 1336 699 Omnia
1356 672 1428 700 enim
1444 672 1516 706 sere,
1538 680 1609 709 quae
1633 672 1804 709 subsequen-

964 719 1006 744 ter
1027 716 1138 753 allegat‚
1154 725 1206 745 non
1230 718 1318 746 solum
1333 718 1529 755 insipientiam,
1548 719 1594 747 sed
1609 721 1636 747 et
1653 719 1804 755 nequitiam

964 766 1068 791 sonant.
1091 763 1268 800 Nequaquam
1291 764 1379 798 euim,
1400 768 1432 793 ut
1451 765 1531 799 dicit,
1553 774 1605 794 nos
1619 773 1685 802 prae
1706 765 1805 794 ceteris

963 808 996 837 de
1018 809 1184 845 perfectione
1199 809 1347 845 iactamus,
1369 819 1538 848 quamquam
1550 812 1736 848 paupertatis
1751 811 1803 840 eel-

962 855 1119 883 situdinem
1134 858 1264 893 tanquam
1286 865 1367 886 verae
1388 858 1546 894 perfectioni
1569 866 1715 886 consonam
1730 866 1804 886 com-

962 901 1133 930 mendemus.
1155 902 1220 930 Nam
1237 903 1308 931 sicut
1329 904 1463 932 veraciter
1484 904 1640 941 praefertur
1662 904 1804 941 virginitas

964 948 1075 977 cuilibet
1095 949 1192 985 gradui
1215 949 1376 985 pudicitiae,
1399 958 1449 979 nec
1471 954 1562 979 tamen
1580 958 1616 979 ex
1638 951 1689 979 hoc
1711 950 1802 987 sequi-

964 997 1026 1028 tur,
1048 995 1120 1031 quod
1135 998 1223 1024 status
1244 1004 1386 1024 sacrarum
1402 997 1540 1033 virginum
1563 997 1735 1033 praeferatur
1750 999 1804 1025 sta-

964 1041 1004 1069 tui
1026 1041 1213 1077 praelatorum
1236 1042 1277 1070 vel
1310 1042 1434 1071 virorum
1466 1043 1670 1080 quorumlibet,
1695 1043 1742 1080 qui
1770 1043 1804 1072 ad

965 1088 1036 1116 hanc
1057 1088 1168 1117 minime
1189 1089 1400 1125 astringuntur;
1422 1090 1460 1118 510
1481 1092 1508 1118 01
1535 1090 1609 1118 circa
1635 1089 1802 1119 differentias

964 1137 991 1162 et
1011 1134 1114 1171 gradus
1128 1135 1297 1171 paupertatis
1312 1138 1420 1172 oportet
1435 1136 1556 1172 intelligi.
1572 1136 1647 1164 Unde
1662 1144 1711 1165 uec
1727 1136 1771 1164 ille
1783 1136 1804 1170 ⁸,

965 1183 1061 1209 contra
1081 1188 1163 1216 quein
1186 1181 1235 1209 iste
1256 1181 1326 1218 agit,
1348 1182 1460 1216 asserit,
1482 1182 1555 1219 quod
1570 1182 1615 1210 hic
1635 1186 1723 1211 status
1738 1190 1806 1219 pau-

965 1234 1064 1263 perum
1079 1226 1113 1255 sit
1128 1227 1273 1263 perfectior
1287 1228 1356 1262 aliis,
1367 1228 1415 1265 qui
1430 1228 1480 1257 sihi
1496 1228 1598 1265 aliquid
1613 1228 1741 1262 retinent,
1754 1228 1805 1257 nisi

965 1281 1028 1301 011111
1050 1273 1101 1301 hac
1124 1273 1276 1302 additione:
1304 1274 1444 1311 «paribus
1472 1274 1673 1303 conditionibus
1700 1275 1805 1309 aliis»;

965 1319 1012 1348 sed
1034 1320 1127 1348 nullus
1158 1323 1199 1348 est
1229 1320 1339 1348 omnino
1364 1324 1467 1355 status,
1499 1321 1526 1349 in
1552 1329 1607 1358 quo
1639 1320 1806 1349 conditiones

965 1374 1061 1394 omnes
1085 1374 1147 1394 cum
1171 1369 1243 1394 statu
1264 1367 1385 1403 praefato
1406 1375 1455 1403 per
1476 1367 1568 1395 omnia
1589 1366 1805 1404 parificentur⁹z

966 1421 1020 1441 non
1044 1420 1110 1449 ergo
1131 1415 1220 1449 potest
1240 1421 1276 1441 ex
1298 1413 1349 1441 hoc
1370 1413 1465 1450 argui,
1487 1413 1561 1450 quod
1586 1413 1713 1442 omuibus
1734 1413 1807 1442 stati-

966 1459 1034 1492 bus,
1067 1459 1109 1487 vel
1139 1459 1220 1487 alicui
1252 1459 1374 1487 omnium
1405 1460 1542 1496 praeterat
1576 1463 1677 1488 statum
1714 1467 1805 1488 suum.

966 1506 1077 1542 Magnae
1099 1504 1182 1541 igitur
1205 1505 1380 1542 malignitatis
1400 1506 1453 1534 fuit
1480 1506 1622 1535 occasione
1643 1506 1726 1535 unius
1747 1514 1805 1535 ser-

967 1551 1055 1580 monis
1076 1552 1181 1580 veracis
1209 1555 1236 1580 et
1267 1552 1380 1580 humilis
1407 1552 1509 1581 librum
1541 1552 1652 1589 plenum
1676 1553 1806 1581 invectio-

967 1598 1049 1627 nibus
1070 1601 1096 1627 et
1127 1598 1364 1627 criminationibus
1384 1599 1458 1627 falsis
1484 1606 1649 1635 componere
1674 1599 1807 1628 adversus

967 1647 1055 1673 totum
1077 1644 1207 1673 Ordinem
1222 1652 1390 1681 pauperum,
1412 1645 1491 1681 quasi
1512 1653 1612 1681 parum
1633 1645 1753 1682 superbo
1768 1645 1808 1673 vi-

967 1699 1030 1720 sum
1050 1691 1148 1725 fuerit,
1171 1691 1202 1719 in
1216 1699 1309 1719 unum
1331 1690 1557 1720 Mardoeltaeuni
1570 1692 1680 1720 mittere
1699 1692 1808 1728 linguae

968 1746 1090 1766 manum
1103 1738 1134 1766 ¹⁰.
1157 1738 1270 1774 Propter
1295 1737 1368 1774 quod
1400 1741 1426 1766 et
1452 1737 1634 1766 detractiones
1661 1738 1689 1766 in
1717 1738 1808 1767 libello

969 1784 1139 1820 conscriptae
1160 1784 1302 1812 manifeste
1330 1784 1482 1818 declarant,
1510 1787 1653 1812 auctorem
1681 1792 1736 1813 non
1764 1792 1809 1813 ae-

967 1830 1118 1859 mulatione
1138 1830 1186 1859 Dei
1208 1830 1292 1859 fuisse
1319 1838 1499 1865 succensum,
1524 1830 1570 1859 sed
1599 1831 1690 1867 potius
1712 1831 1809 1860 stimu-

969 1877 1068 1905 latione
1089 1877 1162 1905 illius
1183 1877 1269 1905 cuius
1283 1876 1398 1905 invidia
1418 1885 1498 1905 mors
1512 1876 1642 1906 introivit
1660 1877 1692 1906 in
1713 1876 1809 1906 orbem

970 1927 1120 1952 terrarum
1134 1924 1164 1950 ¹¹.

1047 1970 1073 1998 [ι.
1095 1969 1223 1998 Ceterum
1252 1969 1418 1998 confusionis
1439 1969 1615 2006 babylonicae
1636 1969 1754 2004 filius¹2‚
1777 1972 1809 1998 ut

969 2016 1113 2045 universos
1144 2015 1293 2044 confundat
1324 2016 1457 2045 Ecclesiae
1485 2018 1592 2050 status,
1620 2024 1671 2053 pro
1701 2016 1808 2045 viribus

970 2065 1085 2091 conatur
1106 2065 1247 2096 astruere,
1276 2062 1351 2099 quod
1371 2062 1464 2091 nullus
1491 2062 1526 2091 sit
1546 2062 1649 2099 gradus
1677 2062 1808 2099 nullaque

969 2109 1122 2138 differentia
1144 2109 1170 2137 in
1186 2109 1357 2145 paupertatis
1371 2108 1547 2145 professione.
1563 2109 1630 2137 Nam
1644 2109 1810 2146 quibusdam

970 2155 1075 2184 frivolis
1095 2155 1278 2192 interpositis,
1301 2155 1501 2191 subsequenter
1516 2155 1655 2192 adiungit:
1681 2166 1695 2180 α
1710 2155 1738 2184 In
1753 2163 1809 2192 quo

970 2209 1036 2238 ergo
1055 2201 1209 2238 gloriamini
1225 2204 1320 2230 contra
1335 2201 1474 2230 ministros
1489 2201 1639 2230 Ecclesiae?
1659 2201 1737 2238 quia,
1759 2202 1810 2231 510-

970 2251 1001 2276 111
1029 2256 1079 2276 1100
1100 2255 1164 2282 vos,
1193 2247 1229 2276 ita
1258 2256 1307 2277 nec
1328 2247 1379 2285 ipsi
1400 2250 1465 2276 sunt
1492 2255 1679 2285 possessores,
1708 2248 1811 2285 quibus

970 2294 1168 2323 dominicarum
1190 2294 1393 2331 possessionum
1414 2296 1522 2322 tantum
1543 2302 1616 2322 usus
1637 2294 1809 2329 conceditur,

1033 2489 1043 2503 θ
1061 2490 1129 2518 Epist.
1148 2491 1172 2512 11.
1188 2489 1240 2512 Cor.
1259 2490 1295 2516 tl,
1308 2490 1329 2512 l.
1346 2496 1395 2518 seq.
1407 2490 1449 2512 Pro
1461 2489 1597 2513 sustineatis
1609 2489 1649 2518 (ita
1666 2489 1745 2518 ΑΒΕ)
1757 2490 1812 2513 edd.

971 2528 1125 2552 sustineretis.

1034 2567 1043 2581 ⁷
1060 2568 1130 2595 Epist.
1142 2568 1166 2590 ll.
1175 2566 1226 2590 Cor.
1240 2567 1277 2594 ll,
1288 2567 1295 2588 l
1307 2567 1410 2590 :Utinam
1423 2567 1563 2590 sustineretis
1575 2567 1692 2590 modicum
1702 2567 1757 2596 quid
1770 2570 1812 2591 ete.

972 2607 1038 2629 Rom.
1060 2607 1081 2633 1,
1099 2606 1142 2628 22:
1160 2606 1264 2628 Dicentes
1280 2606 1353 2633 enirn,
1365 2612 1389 2628 se
1401 2611 1450 2628 esse
1462 2605 1589 2633 sapienteS,
1606 2605 1666 2628 stulti
1685 2606 1737 2628 sacti
1753 2609 1812 2628 sunt.

1034 2644 1043 2657 ⁸
1060 2644 1105 2667 Csr.
1122 2650 1191 2672 supra
1209 2650 1263 2672 pag.
1281 2645 1338 2671 233,
1357 2647 1408 2666 nota
1427 2645 1448 2666 sl.
1462 2650 1484 2666 n.
1501 2645 1524 2666 2.
1540 2650 1600 2672 seq.;
1613 2650 1667 2672 pag.
1685 2644 1742 2672 235,
1760 2647 1813 2667 nota

973 2684 994 2705 8.
1011 2686 1034 2705 et
1050 2689 1104 2711 pag.
1121 2683 1178 2711 266,
1195 2685 1247 2705 nota
1262 2683 1282 2705 6.
1295 2695 1326 2699 -
1338 2683 1406 2709 Edd.,
1419 2682 1587 2710 refragantibus
1604 2683 1621 2705 Α
1631 2683 1647 2705 Β
1656 2682 1672 2705 C
1682 2683 1697 2704 F
1707 2684 1736 2710 G,
1750 2682 1814 2706 Unde

972 2727 1014 2744 nec
1031 2721 1069 2744 ille
1086 2720 1132 2749 ait,
1146 2722 1170 2744 ut
1181 2720 1268 2744 asserit
1284 2723 1338 2748 etc„
1350 2726 1410 2750 quae
1422 2720 1490 2743 etiam
1502 2719 1613 2748 subinde,
1624 2720 1746 2743 substituto
1762 2726 1814 2744 con·

973 2759 1059 2783 ditione
1076 2766 1118 2788 pro
1134 2758 1266 2787 additione,
1285 2762 1337 2788 post
1353 2758 1525 2782 conditionibus
1542 2758 1596 2782 aliis
1613 2759 1701 2782 addunt
1717 2758 1749 2782 ad
1762 2765 1814 2789 per-

972 2797 1095 2828 fectionem
1111 2797 1238 2827 requisitis.

1035 2835 1044 2849 ⁹
1061 2837 1120 2859 Vide
1136 2843 1207 2865 supra
1223 2843 1243 2859 c.
1262 2837 1283 2859 3.
1301 2843 1324 2859 n.
1342 2837 1379 2859 20.
1396 2837 1455 2859 circa
1473 2837 1550 2859 finem.

1035 2874 1055 2888 ¹⁰
1072 2877 1150 2898 Esther
1168 2876 1193 2903 3,
1212 2876 1238 2899 6:
1257 2876 1282 2898 Et
1297 2882 1340 2904 pro
1356 2876 1427 2899 nihilo
1443 2876 1508 2899 duxit
1519 2876 1542 2898 in
1554 2882 1626 2899 unum
1639 2876 1815 2899 Mardochaeum

972 2915 1062 2937 mittere
1079 2921 1161 2937 manus
1178 2920 1239 2937 suas.

1035 2952 1053 2965 ¹¹
1072 2954 1125 2981 Sap.
1142 2954 1167 2982 2,
1184 2953 1226 2976 24:
1245 2953 1330 2976 invidia
1346 2956 1423 2976 autem
1440 2953 1525 2977 diaboli
1542 2960 1605 2977 mors
1621 2953 1722 2977 introivit
1738 2956 1780 2976 etc.

1035 2991 1055 3004 ¹²
1072 2991 1116 3015 Csr.
1133 2992 1188 3014 Gen.
1207 2992 1247 3021 lt,
1265 2992 1286 3014 t.
1303 2998 1368 3021 seqq.

1819 445 1933 465 Confutatio.

1822 909 1936 929 Notandum.

1824 1979 1881 2006 Falsa
1890 1978 1956 1998 adver-

1837 2007 1882 2044 ιιιίεζιὶιι
1895 2007 1957 2021 asser-
