2133 3317
137 744 259 763 crudelitatis

134 768 217 791 quinque
224 767 263 786 fru-

174 793 221 810 ctus.

144 1299 211 1318 sextus
225 1301 253 1318 est

162 1323 238 1342 bellum.

149 1688 250 1711 Septimus,

155 1711 244 1731 duellum.

137 2037 209 2056 Folium
223 2036 260 2055 dis«

164 2061 240 2079 cordiae

153 2084 252 2107 multiplex

142 2108 177 2126 sub
191 2112 259 2130 genere

130 2131 263 2150 contentionis.

273 231 329 260 630

272 310 297 335 Si
324 309 408 334 tamen
433 315 547 333 excessus
574 308 600 332 in
625 306 749 338 puniendo
777 314 805 331 ex
833 306 884 331 zelo
909 305 1020 330 iustitiae
1045 313 1124 337 quan-

272 353 350 384 doque
377 351 522 383 contingat,
550 350 580 375 ut
610 350 654 374 alii
682 348 839 379 terreantur,
867 349 916 373 nisi
948 348 982 373 sit
1011 355 1125 373 excessus

273 396 406 425 notabilis,
425 402 476 420 non
498 394 563 419 esset
582 394 611 418 de
630 393 697 418 facili
722 393 879 418 iudicandum
899 392 1013 417 mortale.
1032 392 1125 417 Punire

273 439 357 464 autem
376 438 470 469 absque
489 437 559 462 omni
587 437 664 468 culpa
683 436 708 461 et
732 443 812 461 causa
831 443 928 466 semper
951 435 1027 460 habet
1051 435 1125 460 ratio-

272 489 329 507 nem
350 481 481 510 mortalis;
502 480 596 511 absque
613 479 697 504 autem
717 486 797 503 causa
816 479 881 507 dico,
901 479 959 510 quia
977 479 1029 503 sine
1048 478 1126 509 culpa

273 524 420 556 quandoque
439 524 495 555 quis
514 523 632 554 punitur,
652 529 696 547 nec
716 522 800 546 tamen
816 522 868 546 sine
888 529 981 553 causa,
1001 521 1066 546 sicut
1084 528 1125 553 pa-

273 568 311 593 tet
330 568 355 592 in
374 568 476 592 crimine
495 567 577 591 laesae
595 565 750 595 maiestatis;
776 565 801 590 et
820 565 966 596 quandoque
991 564 1066 589 etiam
1088 565 1126 589 illi

273 611 302 635 de
321 610 390 635 terra
408 610 527 639 alicuius,
552 609 578 633 in
597 608 719 640 quantum
744 608 804 632 sunt
829 615 869 632 res
888 608 981 633 domini
1005 607 1126 632 offenden-

273 653 320 683 tis,
340 653 433 684 absque
452 653 525 684 culpa
545 652 647 683 propria
662 653 688 677 in
707 651 887 682 temporalibus
906 651 1054 682 puniuntur.

346 695 389 720 31.
417 696 453 720 De
481 696 683 720 incarceratione
714 694 798 719 autem
830 694 855 719 et
885 694 1059 719 verberatione
1087 694 1127 719 vel

271 740 438 772 percussione
465 739 505 763 vel
538 738 701 763 mutilatione
728 738 768 762 vel
797 738 919 762 occisione
947 738 1051 768 proximi
1079 738 1126 762 cla-

275 791 331 809 rum
351 783 403 812 est,
423 782 488 814 quod
512 781 607 806 habent
625 781 748 806 rationem
772 780 899 810 mortalis,
922 781 972 805 nisi
994 771 1058 805 fiant
1083 787 1127 811 per

275 826 386 851 iustitiae
405 824 594 854 auctoritatem,
619 825 681 848 iuris
700 824 785 849 ordine
810 823 835 848 et
858 823 1023 848 moderamine
1047 823 1127 848 obser-

274 869 349 900 vato,
367 869 407 893 vel
427 869 477 893 vim
502 868 527 893 vi
549 867 691 899 repellendo
720 874 775 892 cum
800 867 966 891 moderamine
984 866 1127 897 inculpatae

274 912 376 937 tutelae.
396 912 464 936 Haec
483 911 547 936 enim
567 910 729 942 opponuntur
754 910 855 935 caritati
878 910 995 941 proximi,
1021 909 1045 934 et
1070 908 1128 934 licet

274 956 303 981 de
323 963 367 981 suo
385 963 475 987 genere
493 955 561 979 mala
579 954 644 984 sint,
664 954 749 978 tamen
767 954 873 978 multum
899 952 1074 985 aggravantur
1093 960 1127 977 50-

275 999 382 1024 cundum
402 999 523 1028 radicem,
549 998 570 1022 si
588 1005 617 1022 ex
642 997 723 1022 radice
749 996 798 1021 odii
816 996 940 1022 oriuntur.
961 1011 996 1014 —
1014 996 1068 1021 Hoc
1092 995 1128 1020 ta-

275 1050 330 1067 men
351 1042 379 1067 de
394 1042 561 1073 percussione
582 1040 733 1069 notandum,
759 1040 824 1071 quod
844 1040 969 1071 percussio
994 1038 1128 1070 pareutum

275 1086 407 1117 specialius
421 1085 460 1109 est
478 1084 618 1116 peccatum,
639 1092 654 1108 a
666 1091 714 1115 quo
731 1083 836 1114 simplex
849 1082 963 1107 sacerdos
982 1089 1031 1107 non
1045 1081 1129 1113 potest

275 1129 415 1157 absolvere,
436 1128 461 1153 et
480 1127 519 1153 est
546 1127 633 1152 contra
660 1126 820 1158 praeceptum
840 1126 950 1150 divinum
979 1125 1008 1150 de
1035 1125 1128 1150 honore

275 1172 417 1203 parentum.
437 1171 567 1196 Percussio
585 1170 670 1195 autem
688 1170 770 1194 clerici
788 1170 890 1201 gravior
908 1169 947 1193 est
964 1176 1038 1200 quam
1060 1168 1127 1198 alia,

274 1215 300 1240 et
319 1215 339 1239 si
357 1215 443 1246 gravis
463 1214 514 1243 est,
534 1214 566 1238 ad
585 1214 664 1238 solum
683 1213 779 1244 Papam
800 1212 910 1243 pertinet
928 1211 1052 1237 absolutio
1064 1210 1081 1235 ¹.

347 1257 389 1281 32.
409 1257 445 1281 De
464 1256 529 1281 bello
548 1256 632 1281 autem
651 1255 739 1281 notare
752 1255 882 1284 debemus,
902 1255 966 1286 quod
985 1255 1017 1279 ad
1034 1254 1128 1279 iustum

276 1300 368 1325 bellum
388 1300 529 1331 specialiter
544 1298 708 1331 requiruntur
727 1298 789 1328 tria,
813 1299 865 1323 sine
884 1298 974 1330 quibus
992 1298 1069 1323 habet
1091 1305 1129 1322 ra-

275 1344 367 1369 tionem
387 1343 515 1373 mortalis,
535 1342 649 1367 videlicet
664 1342 794 1373 principis
816 1342 959 1366 auctoritas
966 1350 974 1372 ,·
996 1341 1060 1366 unde
1079 1341 1129 1366 Au-

274 1387 392 1419 gustinus
411 1386 498 1412 contra
517 1386 639 1411 Faustum
653 1384 676 1410 ²:
703 1395 716 1407 κ
729 1385 883 1416 Suscipiendi
907 1385 966 1409 belli
991 1384 1128 1409 auctoritas

274 1430 349 1461 atque
368 1430 498 1455 consilium
517 1436 593 1461 penes
612 1429 736 1460 principes
756 1428 790 1453 sit
802 1438 827 1452 υ.
846 1428 924 1458 Item,
941 1428 1013 1453 iusta
1031 1435 1129 1458 causa,-

274 1473 339 1498 unde
352 1472 521 1504 Augustinus:
541 1482 554 1494 ‹<
566 1472 640 1497 Iusta
658 1471 724 1496 bella
737 1471 827 1496 debent
846 1479 914 1501 esse,
928 1478 990 1502 quae
1008 1471 1128 1495 ulciscun-

274 1517 317 1542 tur
335 1517 449 1541 iniurias
461 1526 486 1540 ».
504 1516 599 1546 Tertio,
613 1515 751 1547 requiritur
769 1515 877 1540 intentio
890 1516 973 1545 recta,
987 1514 1051 1539 unde
1064 1514 1128 1539 idem

274 1560 349 1585 etiam
369 1559 529 1591 Augustinus
553 1559 582 1584 de
605 1559 695 1584 Verbis
717 1558 835 1583 Domini:
860 1557 960 1589 «Apud
986 1564 1058 1583 veros
1083 1557 1129 1582 Dei

275 1603 384 1628 cultores
402 1603 468 1627 bella
486 1609 536 1627 non
551 1601 714 1632 crudelitate,
733 1601 778 1626 aut
791 1600 928 1633 cupiditate
947 1600 1072 1632 geruntur
1084 1611 1109 1625 >›.

347 1646 389 1673 33.
410 1646 447 1671 De
466 1645 551 1671 (hoello
564 1644 573 1657 ³³
593 1645 677 1670 autem
695 1645 770 1675 nota,
789 1645 855 1676 quod
868 1644 1003 1669 secundum
1020 1645 1077 1669 iura
1091 1644 1129 1669 est

277 1689 429 1726 prohibitum
450 1688 475 1714 et
494 1688 628 1713 secundum
647 1687 770 1713 rationem
788 1686 865 1712 habet
878 1687 1000 1712 rationem
1013 1686 1128 1712 mortalis

277 1733 302 1758 et
320 1733 346 1757 in
364 1731 533 1763 appellatione
552 1731 577 1756 et
595 1732 621 1756 in
640 1731 753 1762 domino,
772 1731 842 1755 cuius
861 1730 1011 1755 auctoritate
1034 1730 1078 1760 fit,
1104 1729 1129 1755 et

276 1775 481 1807 procuratoribus
499 1775 524 1800 et
543 1775 568 1800 in
588 1774 716 1806 pugilibus
741 1773 845 1805 propter
867 1774 1005 1805 pecuniam.
1025 1773 1059 1797 Et
1083 1773 1129 1798 hoc

277 1819 359 1851 patet,
378 1826 433 1844 cum
447 1818 578 1844 manifeste
596 1817 689 1843 habeat
705 1817 828 1843 rationem
847 1816 996 1842 tentationis
1016 1816 1128 1846 divinae,

275 1863 300 1888 et
319 1870 334 1887 a
353 1862 412 1888 forti
440 1862 528 1887 debilis
555 1869 600 1893 per
626 1861 745 1886 naturam
773 1860 898 1885 vincatur.
926 1859 1020 1885 Dicunt
1045 1859 1129 1884 tamen

275 1907 389 1937 quidam,
409 1906 474 1938 quod
492 1905 643 1931 consuetudo
663 1903 765 1929 excusat
783 1904 809 1928 in
827 1904 873 1929 hoc
886 1904 966 1933 facto,
986 1903 1056 1928 cuius
1075 1910 1130 1928 0011-

275 1950 382 1976 trarium
401 1950 488 1975 tenent
507 1948 671 1975 communiter
689 1947 799 1980 theologi
817 1947 842 1972 et
860 1948 924 1972 iuris
943 1947 1018 1978 pe1iti
1030 1945 1048 1971 Δ,

347 1994 390 2019 34.
410 1994 535 2023 Tertium,
555 1992 619 2025 quod
632 2000 661 2017 ex
680 1999 749 2017 ramo
768 1992 820 2016 irae
833 1990 956 2022 procedit,
977 1990 1016 2015 est
1038 1989 1130 2015 discor-

277 2038 334 2064 diae
352 2037 461 2069 fotium,
475 2036 610 2062 secundum
628 2035 693 2067 quod
706 2034 821 2060 consistit
840 2035 866 2059 in
879 2033 969 2059 verbis.
987 2033 1025 2057 Ex
1040 2033 1130 2058 discor-

277 2081 317 2106 dia
336 2081 401 2106 enim
421 2081 560 2105 animorum
573 2079 648 2104 etiam
661 2078 784 2104 discordia
795 2077 928 2102 verborum
942 2076 1061 2108 procedit.
1077 2075 1130 2101 Hoc

277 2124 361 2149 autem
380 2124 467 2149 folium
486 2124 512 2148 111
530 2122 671 2147 huiusmodi
690 2121 750 2146 folia
770 2120 809 2145 est
826 2120 948 2149 divisum,
969 2126 1032 2151 quae
1052 2118 1128 2143 sunt:

276 2167 406 2196 irritatio,
426 2166 606 2196 comminatio,
626 2164 796 2195 contumelia,
818 2162 1021 2194 improperium,
1047 2161 1130 2186 convi-

277 2211 344 2235 cium
355 2230 361 2241 ‚
375 2209 519 2234 maledictio
528 2228 534 2240 ‚
544 2208 704 2240 procacitas,
723 2207 821 2232 clamor
834 2206 859 2231 et
873 2205 1081 2230 irreconciliatio.
1095 2218 1131 2221 —

277 2253 347 2278 Circa
359 2252 490 2277 materiam
503 2251 579 2277 istam
588 2252 614 2276 111
624 2251 738 2283 generali.
747 2249 885 2275 notandum
897 2248 949 2278 est,
963 2247 1028 2279 quod
1041 2247 1130 2272 discor-

277 2298 317 2322 dia
335 2298 361 2322 in
374 2297 457 2321 verbis
470 2295 596 2321 contentio
615 2293 717 2324 dicitur⁷
731 2301 780 2325 qua
793 2293 849 2325 quis
861 2292 945 2317 verbis
958 2291 1062 2316 alterius
1076 2297 1130 2322 pro-

276 2340 367 2366 caciter
386 2339 548 2369 contradicit,
571 2338 636 2363 unde
658 2337 786 2363 contentio
812 2336 922 2361 obitorum
942 2334 1049 2365 dicitur3
1071 2333 1131 2359 dicit

278 2385 343 2409 enim
362 2383 461 2408 modum
474 2381 643 2408 inordinatum
657 2380 682 2405 et
701 2379 928 2405 contradictionem.
946 2377 1034 2403 Potest
1052 2376 1130 2408 igitur

276 2427 424 2452 ‘inordinate
443 2426 533 2458 aliquis
558 2424 726 2450 contradicere
745 2423 856 2454 proximo
875 2422 969 2447 malum
994 2421 1020 2446 et
1038 2420 1129 2445 falsum

277 2470 379 2500 dicenti,
399 2469 424 2494 et
442 2469 503 2494 tunc
521 2468 617 2493 ratione
636 2466 848 2492 contradictionis
867 2465 995 2497 peccatum
1020 2471 1071 2489 11011
1088 2463 1131 2488 ha-

278 2514 333 2544 bet,
354 2513 396 2538 sed
415 2513 441 2537 in
459 2512 534 2537 modo
550 2510 635 2543 potest
654 2517 707 2535 esse
720 2516 848 2538 exceSSUS,
869 2508 962 2533 scilicet
981 2515 1036 2533 cum
1049 2507 1131 2532 exten-

278 2557 315 2582 dit
333 2556 433 2581 modum
452 2555 557 2587 negotii,
576 2554 615 2579 vel
635 2561 769 2586 personae,
789 2553 814 2577 et
832 2552 916 2583 potest
938 2558 991 2576 esse
1009 2550 1129 2581 mortale,

278 2608 333 2625 cum
352 2600 407 2631 quis
426 2599 458 2624 ad
471 2598 637 2624 confusionem
651 2596 754 2621 anhelat
773 2595 877 2620 alterius
895 2602 923 2619 ex
941 2594 980 2618 ira
998 2593 1071 2623 forti,
1090 2592 1131 2617 vel

736 227 933 256 OPUSCULUM
955 227 984 255 ΙΙ.
1006 226 1177 256 SPECULUM
1198 226 1441 255 CONSCIENTIAE.
1463 226 1532 255 CAP.
1554 226 1572 254 l.

1181 305 1249 335 odio,
1269 305 1309 330 vel
1327 305 1358 330 fit
1376 304 1449 330 tanta
1467 304 1605 334 contentio,
1619 304 1683 336 quod
1704 304 1789 329 exinde
1808 304 1952 329 scandalum
1972 305 2032 330 oria-

1181 348 1232 373 tur.
1247 348 1308 373 Cum
1321 348 1404 372 autem
1424 348 1479 379 quis
1497 347 1625 373 contendit
1641 355 1696 372 cum
1709 347 1792 379 aliquo
1805 347 1830 372 et
1843 347 1917 372 etiam
1930 347 2031 372 veritati

1181 390 1337 421 contradicit,
1350 391 1390 416 vel
1402 391 1533 416 veritatem
1547 390 1680 422 impugnat
1693 398 1721 415 ex
1734 390 1839 420 invidia,
1857 391 1895 415 ira
1908 391 1947 415 vel
1964 390 2031 420 0111ος

1182 434 1242 459 tunc
1261 434 1299 459 est
1318 434 1432 459 mortalis
1451 433 1588 463 contentio,
1608 434 1633 459 et
1659 433 1720 458 haec
1739 433 1778 458 est
1805 433 1942 463 contentio,
1971 441 2033 465 quae

1181 477 1248 502 inter
1267 485 1346 508 opera
1373 477 1461 501 carnis
1479 477 1510 501 ab
1538 476 1659 507 Apostolo
1678 476 1839 506 numeratur,
1869 476 1901 501 ad
1929 476 2033 501 Galatas

1183 520 1270 552 quinto
1284 519 1310 544 ⁵:
1333 520 1384 552 Qui
1403 519 1469 544 tatia
1488 520 1571 551 ayunt
1588 526 1694 551 regnum
1712 520 1764 544 Dei
1782 527 1835 544 non
1855 519 2032 550 possidebunt.

1254 563 1297 587 35.
1316 562 1465 587 Huiusmodi
1483 562 1649 587 contentionis
1662 562 1755 593 species
1771 562 1821 591 est,
1835 562 1864 587 ut
1876 562 1970 586 dictum
1983 561 2032 592 est,

1183 607 1308 631 irritatio.
1331 606 1379 630 Est
1406 605 1490 630 autem
1518 605 1627 630 irritatio
1640 604 1658 635 ⁶,
1678 605 1776 636 quando
1804 605 1895 637 aliquis
1923 606 2034 637 proximo

1183 649 1294 681 loquitur
1314 648 1456 680 pungitive,
1483 648 1617 673 secundum
1642 648 1707 679 qnod
1726 648 1872 680 quandoque
1898 648 2032 680 contingit,

1184 692 1249 724 quod
1267 692 1339 717 homo
1360 700 1388 717 ex
1407 692 1475 722 odio,
1495 691 1560 723 quod
1577 691 1653 716 habet
1666 691 1697 716 ad
1716 691 1838 721 alterum,
1857 691 1964 717 libenter
1977 699 2032 717 eum

1184 735 1266 760 verbis
1286 735 1401 760 stimulat
1420 734 1445 759 et
1462 734 1562 764 irritat,
1582 734 1646 759 sicut
1662 734 1691 759 de
1704 734 1825 759 fratribus
1839 734 1931 766 Ioseph
1943 734 2034 759 dicitur

1185 778 1287 803 Genesis
1300 778 1428 810 trigesimo
1441 778 1547 809 septimo
1559 776 1581 802 ⁷:
1605 777 1720 802 Oderant
1738 784 1796 802 eum
1813 784 1858 802 nec
1872 779 1995 808 poterant
2012 778 2035 803 ei

1184 822 1328 853 quidquam
1345 821 1456 853 pacifice
1482 821 1560 852 loqui.
1580 820 1614 845 Et
1641 821 1676 845 sic
1700 821 1739 845 est
1763 821 1869 846 mortale
1893 821 2034 852 peccatum,

1185 864 1320 889 secundum
1339 864 1404 895 quod
1422 871 1451 888 ex
1469 864 1523 889 odio
1542 864 1582 888 vel
1600 864 1638 888 ira
1657 863 1758 888 mortali
1778 863 1904 894 procedit3
1923 863 1987 888 unde
2006 863 2035 889 de

1184 908 1231 933 1100
1248 907 1407 932 iudicandum
1426 907 1464 932 est
1484 907 1618 932 secundum
1636 906 1759 931 rationem
1778 906 1877 931 radicis.

1257 950 1299 975 36.
1318 951 1396 980 Item,
1415 958 1470 975 cum
1489 950 1535 975 hoc
1553 950 1612 975 folio
1630 950 1669 975 est
1681 950 1859 981 comminatio,
1873 957 1929 975 cum
1942 949 2037 975 scilicet

1185 994 1276 1025 aliquis
1296 994 1370 1019 alicui
1389 1001 1414 1019 se
1433 994 1527 1018 malum
1546 993 1671 1018 facturum
1691 992 1825 1024 promittit.
1844 993 1878 1017 Et
1902 993 1967 1018 sicut
1984 993 2036 1019 lae-

1185 1037 1242 1062 dere
1255 1037 1394 1068 proximnm
1414 1036 1452 1061 est
1469 1036 1588 1065 mortale,
1609 1036 1673 1061 sicut
1691 1036 1785 1061 dictum
1798 1036 1836 1061 est
1855 1036 1983 1068 superius,
2002 1037 2037 1061 sic

1186 1080 1279 1105 malum
1298 1080 1456 1109 comminari,
1477 1080 1555 1111 quod,
1575 1080 1596 1104 si
1620 1079 1705 1109 fieret,
1730 1079 1836 1104 mortale
1854 1079 1933 1109 esset,
1953 1086 2038 1110 pecca-

1186 1123 1239 1148 tum
1259 1123 1365 1148 mortale
1392 1122 1444 1152 est,
1474 1123 1495 1147 si
1522 1122 1556 1147 sit
1584 1122 1742 1152 deliberatio,
1762 1122 1787 1147 et
1806 1121 1931 1153 proponat
1957 1122 2037 1147 facere

1186 1166 1251 1198 quod
1269 1166 1389 1191 minatur.
1402 1166 1473 1191 Unde
1492 1166 1659 1191 Ecclesiastici
1671 1166 1790 1197 vigesimo
1804 1165 1911 1190 secundo
1925 1163 1948 1189 ⁸:
1967 1164 2036 1190 Ante

1186 1209 1340 1241 sanquinem
1358 1208 1495 1234 maledicta
1514 1211 1538 1234 et
1557 1209 1724 1234 contumeliae
1743 1209 1767 1233 et
1784 1208 1837 1233 min
1847 1215 1878 1233 ze.

1257 1252 1300 1277 37.
1319 1252 1436 1284 Sequitur
1451 1252 1533 1277 videre
1546 1252 1575 1277 de
1589 1252 1755 1283 contumelia,
1772 1251 1930 1298 improperio
1944 1251 1969 1276 et
1981 1258 2037 1285 con—

1185 1296 1269 1326 vicio;
1287 1296 1313 1320 et
1331 1295 1482 1325 notandum,
1503 1295 1568 1327 quod
1585 1295 1741 1320 contumelia
1765 1294 1804 1319 est
1828 1294 1930 1320 obiectio
1955 1294 2037 1320 crimi-

1185 1340 1225 1364 nis
1238 1339 1386 1371 perpetrati.
1397 1353 1432 1357 —
1442 1339 1635 1370 Improperium
1647 1338 1731 1363 autem
1744 1338 1783 1363 est
1796 1338 1903 1369 proprie,
1914 1345 1969 1363 cum
1982 1338 2038 1369 quis

1186 1383 1303 1408 iniuriose
1322 1382 1418 1407 reducit
1436 1382 1467 1407 ad
1488 1382 1629 1407 memoriam
1643 1381 1776 1411 auxilinm,
1793 1381 1858 1413 quod
1876 1381 1982 1406 contulit
1994 1388 2038 1406 ne-

1186 1426 1328 1450 cessitatem
1347 1425 1467 1457 patienti;
1482 1424 1651 1450 Ecclesiastici
1668 1424 1787 1456 vigesimo
1801 1423 1823 1448 ⁹:
1843 1424 1952 1455 Eviyua
1964 1423 2038 1449 dabit

1187 1469 1234 1493 tibi
1261 1470 1284 1493 et
1308 1468 1393 1493 multa
1421 1468 1616 1499 improperabit.
1640 1482 1676 1485 —
1698 1466 1846 1492 Convicium
1874 1467 1957 1492 autem
1985 1466 2036 1497 est,

1186 1520 1240 1538 cum
1265 1512 1376 1537 defectus
1406 1511 1556 1542 corporane,
1584 1511 1624 1536 vel
1651 1510 1720 1535 aliud
1747 1510 1916 1542 quodcumque
1944 1510 2037 1535 crimen

1186 1555 1301 1581 obiicitur
1328 1555 1360 1580 ad
1383 1554 1551 1580 confusionem
1579 1561 1715 1585 personae;
1741 1553 1766 1578 et
1790 1553 1818 1578 de
1837 1553 1876 1578 his
1895 1553 2037 1583 videamus,

1186 1599 1305 1630 quomodo
1324 1598 1435 1623 habeant
1454 1598 1574 1622 rationem
1589 1597 1691 1628 peccati.
1711 1597 1764 1622 Hoc
1783 1596 1861 1628 igitur
1880 1597 1944 1621 circa
1962 1596 2037 1621 istam

1186 1642 1317 1667 materiam
1340 1642 1378 1666 est
1406 1641 1558 1671 notandum,
1587 1640 1651 1672 quod
1680 1648 1748 1670 cum,
1772 1640 1907 1665 secundum
1925 1639 2039 1665 Philoso-

1186 1686 1264 1717 phum
1278 1684 1307 1715 ¹⁰,
1331 1695 1343 1707 <<
1356 1692 1427 1710 voces
1441 1684 1492 1709 sint
1505 1685 1578 1716 signa
1590 1684 1762 1709 intellectuum
1772 1693 1796 1713 »,
1812 1683 1919 1708 multum
1932 1683 2039 1708 conside-

1186 1729 1292 1754 randum
1311 1728 1364 1760 est,
1384 1736 1433 1759 quo
1453 1728 1541 1753 animo
1560 1727 1637 1753 verba
1655 1727 1778 1752 dicantur.
1803 1726 1932 1758 Contingit
1954 1726 2037 1751 autem

1186 1772 1349 1804 quandoque,
1370 1771 1432 1796 talia
1450 1771 1525 1795 verba
1548 1770 1595 1795 dici
1613 1777 1642 1795 ex
1666 1769 1803 1795 indiscreto
1832 1769 1898 1800 zelo,
1925 1769 1964 1794 vel
1986 1769 2036 1794 zelo

1186 1815 1297 1840 iustitiae
1316 1815 1361 1840 aut
1380 1815 1483 1844 amoris,
1503 1814 1543 1839 vel
1562 1821 1590 1839 ex
1608 1813 1714 1845 quadam
1733 1813 1893 1844 surreptione
1912 1812 1937 1837 et
1956 1811 2037 1837 subito

1186 1859 1256 1884 motu
1273 1859 1339 1888 irae,
1360 1858 1385 1883 et
1414 1858 1475 1883 tunc
1493 1865 1543 1883 non
1568 1856 1634 1882 esset
1658 1856 1816 1881 iudicandum
1845 1855 1964 1885 mortale,
1989 1855 2038 1880 nisi

1186 1902 1275 1926 tantus
1293 1901 1360 1926 esset
1380 1908 1508 1930 excessus,
1527 1900 1552 1925 et
1570 1899 1647 1924 verba
1666 1900 1700 1924 sic
1726 1898 1883 1929 inordinata,
1903 1898 1967 1930 quod
1992 1898 2039 1923 ali-

1187 1946 1242 1977 quis
1262 1953 1305 1976 per
1325 1945 1402 1970 talem
1430 1944 1606 1969 contumeliam
1633 1944 1659 1968 in
1678 1943 1872 1968 diffamationem
1899 1941 2038 1967 incurreret

1186 1989 1325 2013 manifeste.
1346 1988 1415 2013 Tunc
1435 1988 1500 2013 enim
1519 1987 1586 2012 zelus
1599 1986 1710 2012 iustitiae
1731 1985 1877 2011 nullatenus
1896 1984 2038 2014 excusaret,

1187 2032 1247 2064 quin
1266 2031 1379 2063 peccaret
1397 2031 1551 2060 mortaliter,
1572 2030 1636 2055 sicut
1655 2030 1677 2054 si
1689 2029 1745 2061 quis
1758 2029 1865 2060 aliquem
1887 2026 2038 2053 interficeret

1187 2074 1293 2100 ludendo
1321 2081 1366 2105 per
1389 2073 1538 2099 incautelam
1551 2071 1579 2103 ¹¹,
1603 2072 1688 2097 tamen
1706 2071 1791 2103 posset
1809 2078 1910 2103 peccare
1928 2070 2039 2096 mortali-

1187 2118 1234 2143 ter.
1254 2118 1316 2142 Oum
1343 2117 1427 2142 autem
1451 2117 1506 2148 quis
1534 2116 1608 2140 alteri
1635 2115 1770 2140 convitium
1798 2115 1838 2139 vel
1862 2114 2037 2139 contumeliam

1186 2162 1227 2186 vel
1245 2161 1423 2192 improperium
1443 2160 1516 2189 dicit,
1536 2159 1620 2184 motus
1642 2159 1674 2183 ad
1692 2158 1797 2189 proximi
1823 2157 1991 2183 confusionem
2013 2156 2039 2182 et

1187 2203 1405 2229 dehonorationem
1424 2203 1568 2231 intendens;
1588 2202 1648 2226 tunc
1667 2201 1720 2233 agit
1733 2201 1821 2226 contra
1839 2200 1970 2225 caritatem
1983 2206 2037 2231 pro-

1185 2247 1246 2271 ximi
1266 2246 1291 2271 et
1310 2246 1396 2277 peccat
1415 2245 1569 2275 mortaliter,
1593 2244 1618 2269 et
1637 2245 1671 2269 sic
1689 2243 1841 2275 intelligitur
1866 2243 1969 2268 verbum
1989 2242 2038 2267 Do-

1186 2290 1247 2314 mini
1265 2288 1389 2314 Matthaei
1407 2288 1495 2320 quinto
1509 2287 1547 2312 ¹²:
1571 2287 1620 2320 Qui
1642 2287 1739 2312 dixerit
1755 2285 1837 2316 fratri
1855 2293 1901 2311 suo
1912 2294 1920 2310 .·
1938 2285 2037 2314 Fatue,

1186 2339 1246 2358 reus
1266 2333 1316 2357 crit
1332 2332 1463 2363 yehennae
1482 2331 1560 2363 tynis.

1258 2375 1300 2400 38.
1319 2375 1397 2405 Item,
1412 2374 1498 2400 solium
1511 2374 1660 2403 discordiae,
1674 2373 1703 2398 ut
1721 2372 1814 2397 dictum
1828 2372 1866 2397 est
1880 2372 1994 2403 superius
2008 2370 2037 2402 ¹¹³,

1187 2418 1226 2444 est
1243 2417 1388 2443 maledictio
1397 2437 1403 2449 ,
1417 2417 1447 2442 ut
1465 2424 1520 2442 cum
1534 2417 1624 2448 aliquis
1642 2416 1736 2440 malum
1748 2415 1791 2440 alii
1804 2415 1956 2446 imprecatur
1969 2413 2037 2446 opta-

1187 2462 1252 2492 tive;
1272 2462 1297 2487 et
1315 2461 1446 2486 manifeste
1465 2460 1541 2485 habet
1566 2460 1687 2485 rationem
1706 2458 1833 2489 mortalis,
1851 2459 1909 2490 quia
1927 2458 1966 2482 est
1983 2464 2038 2483 0011-

1187 2506 1228 2530 tra
1246 2505 1351 2536 proximi
1371 2504 1513 2534 caritatem,
1534 2504 1555 2528 si
1573 2503 1657 2527 tamen
1670 2503 1751 2527 mente
1770 2502 1806 2526 ita
1824 2501 1953 2530 teneatur,
1973 2500 2038 2525 sicut

1188 2557 1228 2575 ore
1248 2548 1382 2580 profertur.
1401 2548 1436 2572 Et
1454 2547 1500 2572 hoc
1518 2547 1589 2572 modo
1608 2546 1719 2578 loquitur
1737 2544 1875 2576 Apostolus
1893 2545 1988 2576 primae
2004 2544 2036 2568 ad

1188 2590 1330 2616 Corinthios
1349 2590 1418 2615 sexto
1431 2588 1463 2614 1⁴:
1478 2589 1605 2614 Maledici
1616 2595 1723 2620 repnum
1735 2588 1786 2613 Dei
1798 2595 1850 2612 non
1859 2586 2035 2619 possidebwnt.

345 2756 351 2769 ¹
371 2758 393 2779 ln
412 2757 463 2779 eod.
480 2756 625 2778 desideratur
642 2754 768 2778 absolutio.

342 2787 350 2800 2
369 2788 431 2810 Libr.
448 2788 518 2810 XXII.
536 2793 556 2809 c.
583 2787 621 2809 75.
639 2799 670 2801 —
687 2787 741 2814 Seq.
761 2785 824 2807 Iocus
849 2787 883 2806 051
906 2784 1017 2811 August.,
1036 2783 1130 2811 Quaest.

279 2821 302 2842 in
321 2820 398 2847 losue,
417 2826 439 2848 q.
463 2819 500 2841 1¹0.
517 2818 608 2840 Tei-[ius
624 2818 688 2840 locus
705 2823 731 2839 ex
749 2817 848 2844 August.
864 2816 961 2838 refertur
978 2821 991 2836 a
1009 2814 1129 2842 Gratiano,

280 2851 347 2874 Cuus.
365 2851 439 2879 23.11.
462 2851 478 2872 i.
497 2856 515 2872 c.
534 2851 554 2871 6.

343 2881 352 2894 ³
370 2883 412 2903 Pro
431 2882 463 2904 De
480 2880 558 2903 clitella
577 2881 627 2902 Vat.
645 2878 766 2902 Jinellum.

343 2912 352 2924 *¹
370 2913 402 2934 De
420 2914 464 2934 1100
476 2914 516 2934 cl'r.
528 2912 627 2934 Grutian.
636 2928 641 2938 ‚
654 2911 721 2933 caus.
734 2911 755 2932 2.
767 2916 791 2938 q.
804 2910 825 2932 5.
838 2915 856 2931 c.
871 2910 913 2931 22:
928 2907 1128 2931 Monomachiam.

345 2943 353 2956 ὅ
371 2944 439 2966 Yers.
456 2944 492 2965 19.
517 2946 539 2965 et
563 2944 601 2965 21.
617 2954 649 2958 —-
667 2942 778 2969 Superius
803 2944 855 2962 anie
880 2941 914 2963 est
939 2939 1054 2963 contentio
1074 2939 1126 2961 Vat.

282 2975 365 2997 omittit
382 2974 450 3002 Ilaec,
467 2975 597 3002 refragante
615 2974 683 2995 etiam
701 2973 737 2995 ed.
757 2973 778 2994 i.

346 3005 355 3018 ὃ
372 3006 423 3027 Yal.
441 3005 535 3027 omittit:
554 3006 581 3027 ut
596 3004 685 3027 dictum
702 3005 742 3026 est.
762 3003 804 3026 Est
824 3003 903 3025 autem
925 3001 1036 3025 irritatio.
1056 3001 1128 3023 Etiam

284 3037 320 3060 ed.
342 3038 347 3058 1
369 3037 452 3059 omittit
470 3036 544 3058 solum
561 3037 588 3058 ut
604 3035 692 3058 [Heium
709 3036 750 3058 est.
995 3032 1003 3045 ⁷
1022 3033 1086 3054 Vers.
1105 3031 1126 3054 4.

1248 2748 1257 2761 ⁵
1276 2750 1340 2770 VerS.
1360 2748 1397 2770 30.
1414 2760 1445 2764 —
1462 2748 1495 2769 De
1512 2747 1612 2769 laesione
1624 2745 1721 2773 proximi
1739 2744 1792 2767 vide
1809 2750 1879 2772 supra
1896 2750 1920 2765 n.
1939 2743 2018 2765 29-31.

1248 2779 1258 2792 ⁹
1276 2780 1340 2802 Vers.
1372 2780 1405 2802 15.
1430 2778 1539 2806 Superius
1562 2780 1613 2806 post
1635 2775 1797 2806 [improprium
1821 2776 1903 2798 autem
1926 2776 1962 2797 est
1983 2774 2032 2796 Vat.

1185 2812 1268 2835 omittit
1282 2810 1389 2840 proprie.

1248 2842 1268 2855 ¹⁰
1285 2843 1390 2869 Ariston,
1409 2841 1533 2863 Periherm.
1550 2846 1569 2862 c.
1589 2841 1609 2862 i.

1248 2873 1266 2886 ¹¹
1287 2874 1337 2896 Vnt.
1355 2879 1397 2901 pro
1410 2871 1554 2895 incautelam
1566 2876 1688 2899 perperam
1701 2869 1826 2897 camelam,
1844 2868 1928 2891 deinde
1940 2870 1991 2890 ante
2003 2866 2035 2890 ad

1181 2905 1293 2935 proximi
1309 2905 1392 2927 omittit
1409 2905 1487 2927 motus
1505 2905 1584 2925 contra
1601 2902 1652 2925 cod.
1669 2904 1691 2924 et
1708 2901 1744 2924 ed.
1763 2901 1784 2922 11.

1248 2935 1267 2949 ¹²¹
1285 2936 1351 2958 Vere.
1370 2936 1408 2957 ΕΞ.
1875 2930 1894 2943 ¹³
1911 2930 1977 2952 Num.
1995 2929 2033 2951 34.

1248 2967 1268 2980 ¹4
1287 2968 1304 2989 V
1308 2973 1350 2989 ers.
1362 2967 1399 2989 110.
1413 2979 1444 2982 »-
1457 2966 1560 2994 Sequens
1572 2965 1635 2987 locus
1644 2965 1742 2992 August.
1754 2966 1788 2985 est
1801 2964 1873 2985 Serm.
1890 2961 1939 2984 104.
1951 2962 1973 2983 in
1989 2961 2032 2988 Ap-

1185 2999 1254 3027 pend.
1274 2998 1339 3027 (alias
1358 2997 1394 3020 41.
1418 2997 1447 3020 de
1468 2996 1569 3025 Sanctis)
1586 3002 1609 3018 n.
1631 2996 1657 3022 33
1680 2995 1734 3018 vide
1756 3000 1825 3022 supra
1845 2999 1900 3021 pag.
1917 2993 1975 3021 626,
1992 2998 2030 3014 no—

1186 3033 1232 3053 tam
1252 3030 1285 3052 il.

2050 559 2119 598 nunni

2050 951 2133 987 Commifftii

2051 1256 2115 1275 Coniux
2121 1257 2133 1277 ia

2065 1341 2115 1369 Impri
2120 1349 2130 1361 1-

2084 1371 2115 1384 rm*

2054 1471 2114 1490 convii
2120 1476 2131 1490 tn
