2133 3317
0 1419 72 1462 aaz?

0 1751 22 1775 pn
30 1751 72 1771 spe-

640 210 836 239 OPUSCULL'M
858 211 887 239 11.
910 210 1139 247 SOLILOQUIUM.
1162 211 1230 240 CAP.
1253 211 1294 239 lv.

93 292 265 326 praesentem
290 288 420 325 gratiam,
448 296 519 325 quae
548 288 723 322 immittitur,
744 291 772 317 et
799 288 832 316 ad
862 288 938 317 sutu-

94 343 151 364 ram
182 335 318 372 gloriam,
354 342 425 372 quae
457 334 627 371 promittitur
655 346 682 362 ».
720 334 789 363 Haec
821 334 938 363 Bernar-

92 381 176 410 dus1.
198 382 285 418 Quam
308 385 338 410 tu
353 385 432 415 tuuc,
453 390 470 410 o
490 381 596 415 anima,
617 388 680 409 cum
695 380 796 417 gaudio
817 381 937 417 posside-

92 428 149 462 bis,
171 428 281 465 quando
303 428 422 465 perfecte
444 428 590 465 intelliges,
612 427 686 464 quod
701 427 728 455 in
750 427 854 456 mundo
873 435 936 456 cum

92 479 167 504 tanto
189 475 326 512 periculo,
354 483 411 512 quo
432 475 558 511 plerique
585 474 800 511 opprimuntur,
822 474 936 508 vixisti;

91 522 165 559 quod
185 522 325 550 daemonis
345 521 455 550 fallaces
475 522 606 555 astutias,
631 520 735 558 quibus
755 520 835 549 multi
864 520 936 549 deci-

91 569 219 605 piuntur,
240 568 380 602 devicisti;
408 568 482 605 quod
510 568 651 597 cruciatus
672 571 812 601 aeternos,
834 567 936 604 quibus

90 614 305 643 innumerabiles
325 614 501 651 affliguntur,
522 614 640 643 evasisti.

168 662 268 689 Anum.
290 661 312 689 O
329 661 423 695 homo,
445 669 528 698 quam
544 669 609 690 sana
630 664 657 689 et
672 661 792 690 salubris
812 664 853 690 est
868 661 936 689 haec

91 711 137 736 tua
159 708 323 741 consolatio,
351 707 431 744 quia,
460 715 525 736 cuin
556 708 623 736 haec
658 715 729 745 quae
751 707 934 744 proposuisti,

89 755 214 788 adverto,
237 754 449 783 consolationem
470 762 507 783 ex
528 762 576 791 spe
596 763 650 783 non
666 754 799 783 modicam
823 754 933 791 recipio.

89 801 153 835 Sed,
167 810 184 829 o
199 801 313 830 Domine
329 801 416 835 Deus,
433 801 508 838 quid,
524 804 614 837 putas,
629 804 695 830 tunc
716 801 781 835 erit,
804 809 868 829 cum
884 801 935 830 hoc

88 848 161 885 quod
183 848 263 876 modo
284 856 378 885 spero,
400 848 535 877 veraciter
556 847 719 884 possidebo?

479 948 540 984 §a

131 1050 243 1080 Secundo,
260 1050 327 1073 Beati
345 1050 483 1074 convertunt
499 1050 588 1073 radium
605 1050 803 1081 contemplationis
820 1051 849 1074 ad.
865 1057 892 1074 ea

189 1096 245 1119 quae
261 1089 330 1112 iuxta.
347 1096 370 1112 se
386 1089 455 1119 sunt,
473 1089 497 1113 et
513 1089 602 1120 triplici
620 1089 705 1113 obiecto
722 1090 831 1119 gaudenti.

166 1177 191 1204 9.
213 1176 298 1205 Hono.
321 1176 343 1204 O
364 1176 468 1210 anima,
489 1176 596 1205 modica
617 1179 682 1205 sunt
701 1177 768 1205 haec
793 1184 864 1213 quae
883 1184 932 1205 au-

85 1222 162 1257 disti,
183 1223 267 1251 immo
288 1223 315 1251 in
337 1223 540 1259 comparatione
565 1223 643 1260 quasi
672 1223 748 1251 nulla
775 1226 840 1251 sunt
861 1231 932 1260 quae

84 1272 176 1298 mente
190 1269 352 1306 percepisti;
368 1269 414 1298 sed
430 1277 580 1306 parumper
591 1269 686 1298 oculos
701 1270 833 1304 mentales
848 1270 931 1306 erige,

86 1319 113 1344 et
123 1319 227 1353 quanta
241 1316 295 1344 sint
306 1316 414 1353 gaudia,
426 1324 498 1353 quae
508 1316 542 1345 de
554 1316 597 1345 his
608 1316 752 1353 percipies,
764 1325 834 1353 quae
847 1317 932 1345 inacta

85 1365 110 1390 te
130 1366 207 1396 sunt,
229 1363 327 1391 devota
355 1366 446 1391 mente
466 1363 640 1400 frequentius
662 1363 740 1391 volve
764 1366 792 1392 et
810 1363 929 1392 revolve.

85 1409 198 1438 Attende
220 1409 303 1446 igitur
325 1412 352 1438 et
367 1409 510 1438 considera
530 1409 625 1438 locam
645 1410 821 1447 speciosum,
847 1418 930 1447 quem

85 1456 133 1485 tibi
155 1456 248 1485 divina
266 1456 412 1493 sapientia
430 1456 613 1493 aedificavit,-
633 1456 743 1485 attende
757 1457 865 1485 victum
884 1457 930 1484 cle-

85 1503 234 1537 liciosmn,
262 1506 390 1532 ornatum
422 1503 564 1532 curiosum
583 1503 603 1537 2,
636 1503 800 1532 thesaurum
828 1503 930 1540 pretio-

84 1558 159 1584 sum,
187 1558 269 1587 quem
295 1550 342 1579 tibi
368 1553 481 1579 aeterna
511 1550 640 1587 potentia
664 1550 865 1587 congregavi&
889 1553 930 1578 at-

84 1597 164 1626 tende
188 1597 270 1626 etiam
292 1597 442 1634 collegium
469 1596 636 1634 famosum,
658 1604 721 1625 cum
744 1605 800 1634 quo
827 1597 861 1626 de
888 1597 929 1625 di-

83 1644 147 1672 vina
167 1644 318 1673 clementia
338 1651 416 1673 mens
438 1647 485 1672 tua
506 1643 681 1673 aeternaliter
709 1644 868 1672 exsultabit.

164 1692 207 1719 10.
230 1691 252 1719 O
272 1691 376 1725 anima,
397 1691 520 1725 attende,
535 1698 619 1728 quam
638 1690 756 1728 gloriosa
770 1693 812 1720 est
834 1702 848 1716 α
860 1690 930 1719 civi-

84 1740 130 1766 tas
157 1738 298 1772 caelestis,
328 1738 433 1767 mansio
464 1745 576 1772 secura,
599 1737 688 1774 patria
719 1737 861 1766 continens
889 1740 930 1766 to-

83 1787 160 1819 tum,
187 1785 262 1822 quod
289 1785 406 1814 delectat
426 1796 453 1813 1».
482 1784 639 1814 Bernardus
653 1784 672 1812 ³.
695 1784 824 1819 Attende,
846 1792 929 1822 quau]

146 1985 153 1998 ¹
172 1986 204 2008 De
221 1985 377 2007 Conversione
389 1985 417 2007 ad
436 1980 544 2012 clericos,
561 1991 581 2007 0.
594 1986 629 2007 21.
643 1992 665 2008 n.
682 1985 719 2008 37.
732 1986 849 2014 Allegatur
862 1986 929 2008 Rom.

83 2025 110 2052 8,
130 2025 162 2047 18.
179 2037 211 2041 -
227 2025 252 2047 111
269 2030 316 2053 seq.
330 2024 488 2052 propositione
506 2024 557 2053 (cfr.
569 2024 692 2051 Berna1·d.,
710 2025 783 2047 Serm.
802 2025 824 2047 5.
836 2025 858 2047 in
871 2026 928 2048 festo

82 2063 187 2086 omnium
204 2064 280 2086 Sanct.
297 2069 320 2085 n.
334 2063 355 2086 5.
368 2066 390 2085 et
406 2063 438 2092 7.)
456 2069 499 2091 pro
516 2062 637 2086 [laemonis
652 2063 750 2093 fallaces
766 2063 868 2087 astulias
885 2066 900 2086 Α
911 2063 928 2086 C

83 2101 207 2125 daemones
224 2101 323 2132 fallaces
340 2103 363 2125 el
379 2108 462 2125 eoram
479 2102 592 2130 astutias,
613 2103 705 2125 DEFL
723 2102 848 2125 daemones
865 2104 887 2126 et
904 2102 928 2132 [F

83 2141 147 2164 addit
164 2141 256 2169 eorum]
271 2140 370 2170 fallaces
387 2141 496 2169 astutias,
512 2145 534 2163 ct
545 2141 597 2163 voci
610 2141 707 2164 evasisti
722 2142 741 2163 M
757 2142 863 2170 praefigit
875 2148 929 2171 yra-

83 2180 115 2203 tia
133 2180 174 2203 Dei
194 2181 242 2208 (cfr.
262 2181 370 2209 Gregor.,
394 2181 511 2203 ll.Homil.
530 2181 552 2203 in
570 2181 657 2209 Evang.
676 2182 752 2203 homil.
773 2181 808 2203 lo.
826 2188 849 2203 n.
868 2182 906 2211 8.).

145 2218 153 2232 ²
172 2220 205 2242 Du
218 2219 306 2248 Gange,
318 2220 458 2242 Glossarium
471 2223 527 2242 ete:
540 2219 666 2247 Curiosies,
678 2220 782 2248 elegans,
794 2220 927 2249 exquisitus.

145 2258 153 2270 ³
171 2258 269 2281 Δ11001131.
286 2262 328 2280 etc.
346 2265 366 2281 0.
385 2258 406 2281 4.
423 2265 445 2280 n.
465 2259 505 2281 ll:
523 2259 541 2282 Ο
559 2259 639 2281 civitas
656 2259 771 2281 caelestis!
789 2259 878 2282 mansio
895 2266 928 2281 se-

82 2303 152 2324 cura,
170 2298 241 2325 patria
261 2298 337 2320 fertilis
354 2301 376 2320 et
393 2298 481 2325 ampla,
499 2301 571 2320 totum
590 2299 720 2325 continens,
740 2299 802 2327 quod
820 2299 927 2321 delectat.

144 2335 153 2348 ⁴
170 2338 242 2364 Apoc.
260 2337 302 2364 21,
320 2337 363 2364 23,
386 2340 438 2364 post
454 2343 524 2365 quem
542 2337 634 2359 Malach.
654 2337 679 2364 4,
703 2339 724 2360 2.
743 2337 785 2366 (501
807 2338 927 2367 iustitiae),

83 2376 136 2403 Sap.
153 2375 180 2402 7,
198 2376 236 2397 25.
253 2378 274 2398 et
291 2377 363 2403 Apoc.
381 2376 423 2404 21,
441 2376 477 2398 23.
497 2376 547 2404 (cfr.
570 2375 620 2398 libr.
638 2376 736 2399 lileditat.
756 2384 776 2399 c.
794 2377 831 2399 ⁴255.
851 2377 928 2399 01113-

81 2415 159 2442 nuale,
179 2421 198 2437 c.
227 2415 262 2437 17.
289 2415 345 2437 inter
369 2421 440 2442 opera
461 2415 581 2443 August.),
606 2415 643 2437 cui
670 2415 732 2442 Vat,
758 2415 928 2443 refragantibus

82 2453 236 2481 ACDEFL,
254 2453 385 2481 subiungit:
404 2454 421 2476 Ο
439 2454 529 2480 anima,
541 2454 647 2480 attende,
663 2460 734 2482 quam
752 2455 793 2476 alta
817 2458 840 2477 ct
856 2461 927 2483 quam

81 2492 194 2520 spatiosa,
211 2498 282 2521 quam
300 2493 379 2520 pulcra
397 2495 419 2514 et
435 2493 551 2520 speciosa,
569 2498 639 2521 quam
656 2493 739 2515 decora
756 2496 778 2516 et
795 2494 881 2516 10111053
894 2496 928 2516 051

81 2531 162 2553 civitas
178 2531 226 2557 illa,
243 2537 313 2559 quam
332 2534 398 2553 ornat
415 2537 456 2559 per
473 2537 497 2553 se
515 2532 588 2559 ipsam
607 2531 707 2554 Trinitas
725 2531 865 2555 beatissima.

144 2569 153 2581 ⁵
171 2570 253 2592 psalm.
271 2570 313 2597 86,
330 2571 352 2592 3.
374 2573 396 2592 et
413 2570 497 2593 deinde
514 2571 603 2592 Bai-ticli
622 2571 648 2597 3,
671 2571 712 2598 24,
729 2571 752 2593 in
769 2577 816 2600 quo
834 2575 885 2600 post
908 2571 928 2595 0

82 2609 158 2632 lsrael
175 2610 218 2631 DE
235 2609 323 2632 addunt
340 2609 364 2632 111
380 2611 414 2632 est
430 2609 507 2632 omnis
524 2609 601 2640 fidelis
618 2609 698 2633 'mitens
716 2610 792 2633 Deam
810 2612 859 2638 (cfr.
871 2612 927 2633 Gen.

82 2648 124 2675 32,
142 2649 178 2670 28.
196 2652 218 2670 01
235 2649 290 2676 30.).
314 2648 376 2675 Vat.,
394 2649 604 2671 contradicentibus
623 2649 783 2676 ACDEFL,
802 2653 853 2677 post
872 2655 927 2679 pos-

81 2686 191 2710 sessionis
202 2686 252 2710 eius
269 2686 401 2715 subiungit:
414 2687 432 2709 Ο
444 2688 533 2715 anima,
550 2688 594 2709 illic
606 2688 762 2716 contemplare
779 2688 925 2711 tabernacula

81 2726 263 2748 Pati-iarcharum
281 2729 303 2749 et
320 2727 498 2754 Prophetarum,
515 2726 643 2749 habitacula
657 2727 818 2755 Apostolorum
836 2729 927 2750 0111131-

81 2768 170 2793 tyrum‚
183 2766 306 2787 coenacula
317 2765 479 2788 Confessorum
493 2769 515 2788 et
526 2766 661 2793 Virginum,
673 2767 782 2794 palatium
795 2767 926 2789 caelestium

81 2804 216 2831 spirituum,
235 2805 342 2826 thronum
356 2805 417 2827 illum
430 2804 576 2827 beatissimae
589 2805 704 2828 Trinitatis
720 2805 926 2833 speciosissimum.

142 2841 152 2854 ⁶
168 2844 278 2870 August„
297 2843 389 2872 soliloq.
409 2844 476 2872 (inter
488 2850 558 2872 opera
576 2844 682 2872 August.)
702 2850 722 2867 c.
737 2845 779 2871 35;
797 2845 870 2867 Sei-m.
888 2845 926 2867 65.

81 2885 102 2904 et
119 2881 158 2904 67.
173 2881 201 2904 ad
219 2882 309 2904 Fratres
327 2882 348 2904 in
365 2889 444 2904 eremo
463 2882 530 2911 (inter
547 2889 617 2910 opera
635 2884 751 2911 August).
769 2895 801 2899 —
819 2883 926 2912 Sequilur

81 2920 128 2942 lsai.
147 2921 189 2947 32,
210 2920 244 2942 153,
260 2932 291 2937 —
308 2920 371 2948 Quae
396 2921 538 2948 praecedunt
556 2921 617 2948 Vat.,
642 2921 811 2949 refragantibus
828 2923 844 2944 Α
855 2922 871 2944 C
883 2923 926 2944 DE

80 2959 132 2985 FL,
157 2959 190 2981 sic
214 2958 318 2981 exhibet:
341 2959 359 2981 Ο
377 2960 466 2987 anima,
490 2960 527 2982 hic
553 2960 604 2982 licet
626 2961 657 2982 sis
679 2967 788 2988 corpore,
812 2961 856 2983 11110
877 2964 925 2983 0510

82 3001 164 3021 mente.
181 2998 198 3021 0
211 2999 300 3025 anima,
313 2999 427 3021 transvola
440 2999 529 3026 onmia,
540 3003 643 3022 scrutare
654 3000 743 3028 01111113,
759 3000 824 3023 visita
837 3000 925 3029 omnia,

1805 213 1841 241 59

995 288 1143 323 luminosa,
1166 297 1249 326 quam
1272 289 1413 326 splendida
1434 293 1475 318 est
1503 289 1607 318 ciuitas
1635 289 1681 318 illa
1702 290 1842 324 caelestis,

994 343 1068 373 quae
1083 344 1139 363 non
1155 336 1264 372 incliyet
1277 335 1334 364 sole
1348 344 1437 374 neque
1451 336 1537 370 luna,
1553 340 1586 364 ut
1601 336 1713 365 luceant
1730 336 1759 365 iu
1774 345 1809 365 ea
1819 337 1842 371 4,

994 381 1041 409 sed
1056 381 1114 417 ipse
1128 381 1268 416 Dominus,
1283 382 1326 410 sol
1340 382 1481 416 iustiliae,
1496 383 1608 411 candor
1620 382 1693 411 lucis
1708 387 1843 412 aeternae

994 427 1043 455 lux
1065 427 1125 456 eius
1146 431 1202 461 est,
1228 432 1252 456 01
1274 428 1394 457 lucerna
1415 429 1478 457 eius
1500 431 1612 466 Agynus.
1634 429 1657 457 O
1678 437 1761 466 quam
1782 429 1842 467 910-

993 473 1075 502 riosa
1089 474 1168 502 (licta
1182 479 1252 502 sunt
1265 475 1299 503 (le
1314 479 1348 509 te,
1364 475 1467 504 civitas
1483 476 1534 505 Dei
1545 476 1573 504 ⁵!
1591 476 1614 504 O
1630 476 1735 510 Israel,
1751 485 1841 514 quam

992 528 1104 557 mayna
1124 524 1165 549 est
1185 521 1289 549 domus
1313 522 1364 550 Dei
1383 526 1408 550 el
1429 523 1530 560 iiiyens
1552 523 1631 551 locas
1649 523 1841 560 possessionis

992 567 1072 595 eius!
1093 567 1115 595 O
1130 567 1233 601 anima,
1250 568 1312 597 licet
1330 569 1373 597 hic
1389 569 1425 597 sis
1440 577 1570 606 corpore,
1589 570 1644 598 illic
1664 573 1722 599 esto
1737 573 1840 604 mente;

992 614 1058 651 quia
1078 614 1115 642 ibi
1141 626 1155 639 <z
1170 618 1211 643 est
1233 615 1344 651 requies
1364 615 1422 644 sine
1444 616 1553 650 labore,
1575 617 1630 645 vita
1655 617 1713 646 sine
1736 620 1841 651 morte,

992 661 1122 689 iuventus
1150 661 1208 689 sine
1230 665 1387 696 senectute,
1410 663 1459 691 lux
1482 663 1540 692 sine
1569 663 1713 692 tenebris⁶
1729 675 1755 698 n,
1785 672 1841 700 pax

991 707 1236 744 imperturbabilis.
1267 708 1376 736 Sedebit
1408 710 1480 738 enim
1503 709 1631 746 populus
1651 719 1747 744 meus,
1772 710 1842 738 dicit

992 754 1156 789 Dominus,
1186 754 1217 783 in
1244 755 1446 792 pulcritudine
1463 756 1569 793 pacis,
1591 757 1622 785 in
1644 756 1841 785 tabernaculis

990 800 1117 838 fiduciae
1137 805 1163 829 el
1183 801 1215 829 in
1236 802 1333 839 requie
1354 802 1498 838 opulenla.

1075 849 1115 876 11.
1140 848 1170 877 Et
1185 848 1248 885 quis
1262 849 1315 876 erit
1337 848 1372 877 ibi
1393 852 1485 877 noster
1507 849 1589 877 cibus
1609 850 1660 878 nisi
1682 850 1727 878 ille
1748 851 1839 887 Agnus
1853 858 1881 877 ne
1894 858 1943 877 victu
1954 858 1987 878 ‹10-

993 895 1182 929 beatissimus,
1204 895 1249 924 ille
1270 895 1391 924 mundus
1413 899 1440 924 et
1460 895 1655 925 immaculatus
1680 897 1769 931 lesus,
1791 897 1840 926 Dei

991 942 1078 971 Patris
1099 945 1126 971 et
1146 942 1246 971 Mariae
1268 942 1387 979 Virginis
1409 942 1507 977 Filius,
1528 943 1562 972 de
1584 952 1639 980 quo
1661 944 1762 973 sanctis
1785 944 1840 981 spi-

991 989 1091 1017 ritibus
1118 989 1352 1017 ministrabuntur
1374 989 1407 1017 ad
1433 997 1542 1018 omnem
1565 990 1757 1019 sufficientiam
1786 991 1840 1020 fer-

990 1036 1053 1064 cula
1073 1036 1242 1064 nobilissima
1269 1036 1303 1064 de
1330 1036 1416 1072 ipsius
1447 1036 1639 1065 candidissima
1668 1037 1838 1067 humanitate

989 1086 1016 1111 et
1037 1082 1269 1111 excellentissima
1297 1083 1468 1112 Divinitate?
1497 1083 1519 1111 Ο
1543 1092 1626 1120 quam
1649 1083 1725 1112 beati
1751 1088 1839 1118 sant,

989 1130 1041 1168 qui
1054 1129 1094 1158 ad
1115 1138 1234 1158 coenam
1247 1130 1426 1166 nuptiarum
1444 1130 1524 1167 ,49111
1537 1130 1633 1159 vocali
1646 1131 1756 1159 51111171
1775 1142 1788 1155 «
1800 1131 1839 1160 lbi

989 1184 1097 1213 semper
1119 1177 1172 1205 erit
1187 1176 1246 1205 sitis
1267 1180 1294 1205 et
1315 1177 1441 1211 satietas,
1463 1177 1510 1206 sed
1525 1178 1596 1206 miro
1617 1177 1736 1214 quodam
1759 1178 1839 1206 modo

990 1224 1070 1260 longe
1092 1223 1145 1252 erit
1166 1231 1182 1252 a
1203 1223 1247 1252 siti
1269 1223 1433 1258 necessitas,
1462 1224 1542 1261 longe
1569 1232 1585 1252 a
1616 1225 1740 1253 satietate
1768 1224 1840 1253 fasti-

990 1270 1091 1299 dium⁸
1106 1282 1132 1298 ».
1162 1270 1393 1299 Inebriabuntur
1420 1271 1494 1299 enim
1515 1271 1552 1299 ab
1575 1270 1705 1299 ubertate
1732 1271 1837 1300 domus

990 1317 1107 1345 Domini
1127 1321 1151 1345 et
1173 1320 1297 1345 torrente
1317 1317 1475 1354 voluptatis
1496 1318 1555 1346 eius
1577 1318 1756 1354 potabuntur.

1069 1365 1112 1392 1⁹2.
1134 1364 1233 1392 Auum.
1257 1363 1305 1392 Dic
1326 1372 1444 1400 quaeso,
1467 1364 1578 1401 quando
1600 1364 1676 1392 hoc?

1880 882 1952 901 1101050.

1067 1410 1152 1439 110110.
1184 1410 1317 1444 Aestimo,
1346 1410 1418 1447 quod
1448 1419 1501 1438 non
1525 1411 1619 1447 prius,
1648 1411 1699 1439 nisi
1728 1411 1985 1448 quandomuumcae-

988 1458 1032 1488 ille
1053 1457 1200 1486 deliciosus
1222 1457 1354 1494 pincerna
1379 1457 1479 1486 summi
1503 1458 1598 1494 Regis,
1623 1458 1760 1495 splendor
1786 1467 1839 1496 pa-

987 1509 1085 1534 ternae
1105 1503 1252 1541 gloriae&
1274 1504 1386 1532 candor
1408 1504 1483 1533 lueis
1498 1507 1650 1539 aeternae,
1671 1504 1773 1542 βψω-(1
1795 1506 1840 1534 cli-

985 1551 1072 1579 vinae
1092 1550 1288 1585 substantiae,
1309 1551 1459 1588 speculam
1479 1552 1542 1580 sine
1562 1551 1683 1580 macula
1704 1552 1836 1581 claritatis

986 1598 1114 1632 deificae,
1146 1598 1177 1626 in
1207 1606 1291 1636 quem
1322 1598 1490 1627 desiderant
1519 1598 1625 1635 Δ»1119011
1650 1599 1838 1636 prospicere,

986 1645 1098 1682 quando
1120 1645 1181 1674 talis
1202 1653 1233 1674 ac
1252 1648 1345 1674 tantus
1363 1645 1533 1683 praecinget
1553 1654 1583 1674 se
1604 1649 1629 1674 et
1657 1645 1747 1683 faciet
1773 1646 1837 1675 illos

987 1691 1168 1720 discumbere
1202 1696 1227 1720 ec
1261 1692 1443 1729 personaliter
1478 1692 1626 1721 transiens
1657 1693 1837 1722 ministrabit

986 1738 1053 1767 illis.
1068 1738 1091 1767 Ο
1105 1739 1212 1773 anima,
1228 1739 1295 1768 haec
1309 1739 1407 1767 devota
1428 1742 1519 1768 mente
1534 1743 1680 1776 pertracta.
1697 1741 1836 1776 Quantum

985 1784 1119 1822 gaudium
1147 1788 1214 1814 tunc
1242 1785 1280 1813 illi
1303 1786 1373 1814 beati
1399 1786 1514 1822 spiritus
1542 1786 1696 1823 concipient
1716 1795 1752 1815 ex
1781 1790 1836 1815 tam

987 1987 1110 2014 ingredere
1131 1989 1211 2009 cuneta
1235 1993 1277 2015 per
1302 1987 1407 2009 ordinem
1426 1987 1495 2013 ostia,
1520 1994 1643 2016 quousque
1661 1988 1782 2015 pervenias
1805 1988 1834 2010 ad

986 2026 1070 2048 summi
1085 2027 1154 2054 Regis
1171 2026 1267 2054 palatia,
1285 2025 1317 2048 ibi
1334 2026 1362 2048 sit
1379 2032 1444 2048 mens
1461 2029 1483 2048 et
1500 2027 1536 2049 hic
1553 2027 1595 2048 crit
1612 2027 1710 2055 requies.
1727 2027 1833 2054 Augusti-

985 2072 1042 2087 nus:
1055 2066 1072 2087 O
1085 2065 1173 2093 anima,
1187 2065 1207 2087 iu
1225 2065 1260 2087 illa
1272 2067 1348 2088 sancta
1366 2065 1458 2087 civitate
1475 2065 1572 2088 libenter
1589 2066 1683 2088 studeas
1697 2066 1794 2093 morari,
1813 2067 1834 2088 li-

984 2102 1064 2125 benter
1089 2103 1234 2130 conversari,
1250 2103 1303 2132 quia
1322 2102 1353 2125 ibi
1373 2106 1407 2125 est
1426 2103 1473 2126 vita
1491 2104 1540 2126 sine
1557 2107 1642 2131 morte,
1661 2104 1768 2126 iuventus
1785 2104 1834 2126 sine

984 2145 1113 2168 senectute,
1130 2142 1166 2164 lux
1184 2141 1232 2164 sine
1249 2141 1356 2164 tenebris.

1049 2180 1057 2193 ⁷
1074 2182 1144 2209 Apoc.
1163 2182 1200 2207 19,
1218 2181 1239 2202 9.
1251 2193 1282 2197 -—
1294 2181 1369 2203 Secuti
1382 2187 1463 2204 sumus
1479 2183 1497 2204 Α
1508 2182 1523 2204 C
1534 2182 1552 2204 D
1562 2182 1577 2204 E
1588 2182 1603 2204 F
1613 2183 1641 2210 L,
1655 2182 1706 2204 Vat.
1718 2188 1772 2204 cum
1784 2182 1834 2204 aliis

985 2220 1052 2243 codd.
1070 2220 1124 2248 legit
1140 2220 1188 2242 sic:
1207 2220 1314 2242 Secundo
1331 2221 1423 2243 attende
1446 2221 1533 2243 xictum
1551 2221 1698 2248 deliciosum,
1725 2224 1831 2243 ornatum

984 2260 1102 2282 curiosum
1121 2262 1142 2282 et
1164 2261 1298 2282 thesaurum
1316 2260 1452 2287 pretiosum.
1478 2261 1503 2282 Et
1520 2260 1571 2289 quis
1594 2261 1637 2282 erit
1656 2260 1688 2282 ibi
1707 2263 1782 2282 noster
1804 2260 1833 2282 ci-

984 2298 1052 2321 bus...
1069 2299 1152 2321 fercula
1174 2298 1336 2321 nobilissima?
1360 2298 1446 2321 Nobilio
1469 2299 1564 2327 quidem
1583 2299 1612 2321 de
1629 2299 1701 2327 ipsius
1721 2299 1833 2321 candidis-

984 2338 1042 2360 sima
1068 2338 1222 2366 humanitate,
1247 2338 1289 2360 sed
1312 2337 1452 2360 nobilissima
1478 2338 1507 2360 de
1533 2339 1605 2366 ipsius
1630 2338 1832 2366 super-beatissima

985 2376 1112 2399 Divinitaic.
1131 2377 1196 2399 Tunc
1213 2377 1275 2399 enim
1298 2377 1373 2399 anima
1392 2377 1538 2406 inmediefflr
1559 2377 1588 2399 ad
1609 2377 1779 2405 degustandum
1798 2377 1834 2398 Di—

984 2416 1114 2442 vinitalem,
1132 2415 1265 2445 effretlietar
1282 2416 1311 2438 ad
1330 2416 1504 2443 praelibandum
1524 2416 1690 2438 humanitatem
1705 2418 1727 2438 el
1739 2422 1832 2445 pascua

984 2454 1084 2477 inveniet
1101 2454 1130 2476 ad
1147 2460 1240 2476 omnem
1258 2455 1417 2477 sufficientiam
1441 2459 1463 2477 et
1480 2455 1607 2477 satietatem
1631 2454 1680 2484 [cfr.
1700 2455 1729 2477 de
1747 2455 1831 2482 Spiritu

984 2496 1006 2516 et
1023 2493 1111 2520 anima,
1125 2494 1181 2516 iuter
1194 2500 1263 2522 opera
1276 2495 1385 2522 August„
1398 2500 1416 2516 c.
1430 2494 1471 2523 9.].
1483 2494 1500 2516 Ο
1513 2500 1583 2523 quam
1597 2493 1658 2517 beati
1667 2495 1736 2521 sunl,
1749 2493 1791 2523 qui
1801 2493 1833 2516 ad

984 2538 1081 2555 coenam
1098 2531 1239 2561 nuptiarum
1251 2533 1314 2561 Aoni
1332 2532 1408 2556 vocati
1423 2533 1496 2555 sant!
1513 2541 1523 2552 α
1536 2532 1568 2555 lbi
1586 2532 1653 2554 etiam
1672 2531 1737 2554 beata
1751 2533 1795 2554 vita
1809 2532 1830 2554 in

983 2577 1025 2593 suo
1043 2572 1105 2593 fonte
1123 2571 1215 2593 bibitur.
1234 2572 1300 2593 Unde
1317 2571 1370 2593 huic
1387 2573 1501 2594 humanae
1521 2571 1581 2593 vitae
1599 2571 1722 2600 aliquando
1745 2571 1830 2599 aliquid

984 2610 1125 2638 aspergitur,
1143 2610 1204 2632 unde
1222 2610 1243 2632 in
1263 2610 1425 2632 tentationibus
1441 2611 1537 2637 sortiter,
1555 2611 1626 2637 iuste,
1639 2613 1792 2638 temperanter
1810 2613 1831 2632 et

984 2649 1110 2677 prudenter
1127 2649 1213 2671 vivitur
1234 2650 1352 2677 (11131150,
1370 2649 1417 2671 xu.
1429 2650 1458 2671 de
1475 2650 1529 2671 Gen.
1543 2650 1570 2671 ad
1586 2649 1616 2671 lit.
1629 2655 1648 2671 c.
1662 2650 1698 2671 26.
1710 2655 1734 2671 n.
1749 2648 1830 2678 51]».

983 2688 1015 2710 lbi
1033 2694 1126 2716 semper
1143 2689 1253 2711 adhaeret
1270 2689 1318 2710 sitis
1336 2692 1379 2710 010.

1046 2725 1055 2738 ⁸
1072 2727 1181 2754 Gregor„
1200 2727 1277 2749 XVlll.
1297 2727 1374 2749 Moral.
1392 2733 1412 2749 0,
1429 2726 1466 2749 54.
1485 2733 1508 2749 n.
1527 2727 1569 2749 91:
1588 2727 1633 2749 Erit
1650 2726 1716 2749 nobis
1734 2727 1830 2749 delecta-

984 2765 1058 2787 biliter
1076 2766 1186 2793 impressa
1209 2766 1258 2788 sitis
1275 2766 1343 2788 simul
1365 2768 1435 2794 atque
1452 2766 1552 2788 satietas.
1572 2765 1616 2788 Sed
1634 2766 1702 2793 longe
1719 2765 1783 2788 abest
1800 2765 1829 2788 ab

983 2806 1025 2827 ista
1042 2805 1077 2827 siti
1096 2806 1219 2828 necessitas
1236 2808 1278 2827 etc.
1295 2805 1342 2827 Cfr.
1359 2806 1483 2833 speculum
1502 2805 1574 2834 (inter
1591 2811 1662 2833 opera
1674 2806 1789 2834 August.),
1807 2811 1827 2828 c.

983 2845 1020 2866 29.
1037 2857 1067 2860 —
1085 2845 1193 2873 Sequitur
1211 2845 1245 2866 Ps.
1264 2845 1306 2871 355,
1324 2845 1345 2866 9.

1045 2882 1055 2895 ⁰
1072 2883 1140 2905 Hebr.
1161 2884 1185 2911 1,
1204 2884 1225 2905 3.
1242 2895 1272 2899 -
1290 2883 1392 2906 Subinde
1409 2884 1536 2911 allegantur
1557 2884 1626 2906 llehr.
1650 2884 1670 2911 l,
1689 2884 1715 2911 33
1733 2884 1785 2911 Sap.
1803 2884 1828 2911 7,

983 2922 1023 2949 26,
1042 2922 1081 2944 ubi
1101 2928 1143 2949 pro
1160 2922 1283 2951 δραι-11111111
1299 2922 1349 2945 sine
1366 2922 1462 2945 macula
1479 2921 1595 2946 claritatis
1612 2923 1630 2945 Α
1642 2922 1658 2945 C
1669 2923 1761 2945 DEFL
1778 2928 1828 2951 spe-

982 2961 1065 2984 culum
1081 2967 1190 2984 salamae
1206 2960 1338 2990 clarilatis;
1357 2962 1371 2984 l.
1386 2962 1444 2984 Petr.
1461 2963 1465 2984 l
1479 2979 1484 2989 ,
1500 2963 1533 2984 12.
1551 2965 1573 2984 01
1590 2963 1645 2985 Luc.
1665 2963 1704 2990 ¹2,
1722 2963 1759 2985 37.
1777 2962 1827 2991 (cir.

982 3001 1104 3028 Beruard.,
1122 3001 1151 3023 de
1168 3000 1288 3029 Diligendo
1307 3001 1364 3028 Deo,
1382 3008 1401 3023 c.
1420 3001 1456 3023 11.
1474 3008 1497 3024 n.
1516 3001 1572 3029 33.).

1858 1443 1911 1470 lestis
1923 1444 1986 1462 convi-

1857 1472 1890 1485 vn.
