2133 3317
150 360 226 378 Dictum
238 364 271 378 no-

180 383 244 402 tabile.

166 686 218 707 Item,
234 685 260 704 sa-

184 710 242 727 ctum.

144 1153 202 1172 Aliud
209 1153 279 1172 sactum

153 1177 274 1201 stupendum.

158 2276 274 2296 Notandum.

287 228 343 256 520

287 312 505 335 commemorans
523 305 550 331 ¹:
581 302 665 338 Quod
695 302 789 331 altum
823 305 864 330 est
898 301 981 338 apud
1008 300 1136 329 homines

287 351 467 381 abominatio
489 354 530 379 est
549 350 630 387 apud
654 350 754 377 Deum.
777 348 829 377 Sed
850 351 878 377 et
892 348 1010 376 verbum
1033 348 1085 377 hoc
1100 347 1138 376 di-

288 407 351 428 cere
365 398 463 427 solitus
484 400 559 426 erat:
580 409 593 422 «
608 397 749 433 Quantum
765 396 847 424 bomo
861 398 903 424 est
924 395 950 423 in
973 395 1061 424 oculis
1076 395 1136 429 Dei,

287 448 395 474 tantum
417 447 458 473 est
477 446 504 473 et
528 452 582 472 non
605 443 668 479 plus
683 454 709 471 ».
732 442 854 471 Stultum
876 442 992 478 proinde
1014 442 1138 470 iudicans

288 491 435 520 mundanis
456 490 553 519 extolli
581 490 739 523 t'avorIbus,
760 489 898 526 gaudebat
919 488 952 517 (le
981 488 1138 525 opprobriis

287 541 315 567 et
335 538 368 566 de
389 537 519 566 laudibus
541 536 712 565 tristabatur.
735 535 851 564 Malebat
873 535 984 572 quidem
1007 535 1040 564 de
1055 543 1084 564 se
1098 535 1139 564 vi-

288 585 428 622 tuperium
451 583 547 612 audire
569 591 653 620 quam
668 582 794 616 laudem,
816 582 920 616 sciens,
942 582 1016 619 quod
1038 582 1090 611 hoc
1105 582 1139 611 ad

289 632 340 661 se2
362 631 564 660 emendandum
587 630 743 664 induceret,
766 630 812 658 illa
832 638 899 658 vero
920 630 1075 666 impelleret
1105 630 1139 659 ad

289 678 452 707 cadendum.
469 678 500 706 Et
519 677 578 706 ideo
593 685 674 714 saepe
689 684 753 705 cum
769 676 863 713 populi
879 676 977 705 merita
991 676 1019 705 in
1034 684 1066 705 eo
1081 684 1140 705 san-

289 725 391 754 ctitatis
412 724 593 758 extollerent,
615 723 802 760 praecipiebat
823 723 904 751 alicui
926 723 1030 757 Fratri,
1060 726 1091 752 ut
1111 723 1138 751 in

289 771 460 800 contrarium
482 771 567 800 verba
589 771 679 807 ipsum
702 770 861 799 vilificantia
882 769 940 798 suis
961 770 1078 798 auribus
1099 770 1139 798 in-

289 818 423 848 culcando
445 818 591 855 proferret.
623 818 750 854 Cumque
778 818 873 846 Frater
904 817 965 851 ille,
988 817 1051 845 licet
1070 817 1139 846 invi-

289 868 350 899 tus,
379 873 442 893 eum
471 865 607 894 rusticum
640 867 667 893 et
695 864 898 893 mercenarium
930 864 1091 900 imperitum
1113 866 1141 893 et

288 912 415 940 inutilem
435 911 554 944 (IIceret;
576 911 751 940 exhilaratus
773 913 827 939 tam
850 913 941 939 mente
967 918 1050 947 quam
1071 910 1140 940 facie

290 958 489 995 respondebat:
518 958 691 987 «Benedicat
720 958 767 986 thi
792 958 942 991 Dominus,
964 958 1002 986 fili
1031 958 1140 987 carissi-

290 1013 347 1040 me,
370 1005 436 1042 quia
457 1008 487 1034 tu
509 1005 654 1034 verissima
675 1005 813 1042 loqueriS,
836 1007 862 1033 et
884 1005 948 1033 talia
965 1004 1052 1033 filium
1068 1005 1139 1033 Petri

290 1052 473 1081 Bernardonis
494 1052 572 1081 decet
593 1052 690 1081 audire
705 1064 731 1080 ».

370 1100 396 1127 2.
412 1099 445 1127 Ut
460 1102 553 1127 autem
568 1107 597 1127 se
612 1099 711 1127 ceteris
722 1099 916 1135 despicabilem
932 1098 1073 1133 redderet,
1086 1107 1140 1127 non

292 1145 423 1182 parcebat
445 1146 558 1180 rubori,
580 1146 647 1182 qum
676 1146 703 1174 in
725 1146 929 1182 praedIcatione
950 1154 1043 1174 coram
1065 1146 1140 1174 omni

292 1192 395 1228 populo
410 1192 537 1228 proprios
558 1192 746 1221 manifestaret
760 1192 891 1220 defectus.
908 1192 1010 1220 Accidit
1024 1192 1109 1220 semel
1121 1192 1140 1226 ⁵,

291 1241 324 1267 ut
344 1238 505 1267 infirmitate
526 1242 671 1276 gravatus,
694 1239 813 1276 rigorem
829 1239 1010 1268 abstinentiae
1032 1247 1083 1275 pro
1098 1247 1141 1268 re-

292 1285 451 1322 cuperanda
472 1286 588 1314 sanitate
610 1286 748 1314 modicum
771 1286 931 1314 relaxasset.
951 1285 1065 1314 Viribus
1096 1294 1142 1314 au-

292 1336 346 1361 tem
370 1332 495 1369 corporis
526 1336 680 1369 utcumque
712 1333 858 1366 resumtis,
890 1340 974 1361 verus
1005 1333 1047 1361 sui
1081 1340 1142 1361 con-

292 1382 412 1415 temptor
439 1379 473 1407 ad
502 1379 630 1416 propriae
658 1380 749 1408 carnis
770 1379 908 1408 animatus
939 1379 1141 1416 opprobrium:

297 1437 311 1451 «
325 1426 382 1454 Non
404 1429 460 1460 est,
484 1426 588 1463 inquit,
611 1427 792 1461 conveniens,
816 1429 846 1455 ut
862 1426 981 1463 populus
1002 1426 1141 1455 abstinen-

292 1476 348 1502 tem
370 1481 413 1501 me
434 1473 543 1508 credat,
562 1476 589 1502 et
614 1482 664 1510 ego
678 1482 693 1502 e
708 1474 847 1502 contrario
862 1474 1010 1502 carnaliter
1033 1474 1142 1503 reficiar

291 1520 320 1548 in
341 1521 488 1549 occulto».
511 1521 641 1549 Surrexit
669 1524 816 1557 propterea
844 1523 953 1550 sanctae
980 1521 1143 1550 humilitatis

292 1566 393 1602 spiritu
415 1567 618 1601 inflammatus,
640 1570 667 1595 et
688 1567 714 1595 in
738 1567 828 1603 platea
848 1567 967 1595 civitatiS
982 1567 1072 1596 Assisii
1096 1575 1144 1603 po-

292 1613 358 1649 pulo
385 1617 549 1647 convocato,
583 1614 743 1642 solemniter
771 1621 834 1641 cum
857 1613 1000 1642 Fratribus
1028 1613 1142 1647 multis,

292 1668 363 1697 quos
384 1668 477 1689 secum
499 1661 672 1695 adduxerat,
695 1661 827 1689 malorem
844 1661 967 1689 introivit
986 1661 1142 1695 ecclesiam,

292 1706 414 1744 funeque
435 1707 468 1735 ad
490 1708 591 1736 collum
621 1708 719 1744 ligato,
742 1707 847 1736 nudum
870 1715 933 1736 cum
962 1707 1143 1736 femoralibus

293 1754 357 1782 solis
379 1754 405 1782 ln
427 1755 514 1783 oculis
530 1755 654 1783 omnium
677 1762 705 1783 se
728 1754 801 1782 trabi
830 1754 970 1791 praecepit
992 1763 1081 1791 usque
1109 1755 1143 1783 ad

293 1800 426 1837 lapidem,
449 1801 476 1829 in
499 1809 554 1838 quo
576 1801 767 1830 malefactores
789 1801 920 1837 puniendi
943 1804 1145 1830 consueverant

293 1848 430 1876 collocari.
455 1848 544 1885 Super
565 1856 648 1885 quem
678 1848 880 1882 conscendens,
903 1848 966 1877 licet
994 1851 1144 1886 quartana-

293 1894 376 1923 rius4
397 1897 469 1923 esset
490 1897 517 1923 et
537 1894 648 1929 debilis,
670 1895 761 1923 acerbi
785 1894 896 1932 frigoris
924 1898 1048 1932 tempore
1080 1904 1143 1924 cum

293 1941 382 1969 multo
404 1941 498 1977 vigore
519 1941 602 1970 animi
624 1941 805 1978 praedicavit,
827 1941 1061 1979 audientibusque
1076 1950 1144 1971 cun-

293 1987 360 2021 ctis,
381 1988 514 2022 assermt,
536 1996 565 2017 se
586 1997 641 2017 non
663 1992 794 2025 tanquam
810 1988 982 2025 spiritualem
1006 1989 1144 2017 honoran-

293 2034 358 2063 dum
381 2035 456 2069 fore,
474 2035 541 2072 quin
558 2035 641 2064 immo
657 2039 787 2072 tanquam
803 2036 941 2064 carnalem
962 2038 989 2064 et
1003 2036 1143 2072 glutonem

293 2081 328 2110 ab
349 2082 478 2111 omnibus
499 2082 741 2111 contemnendum.
765 2082 851 2119 Igitur
872 2082 919 2119 qui
942 2086 1143 2117 convenerant,

294 2132 349 2157 tam
371 2129 474 2165 ingenti
497 2129 555 2158 viso
577 2130 749 2166 spectaculo,
771 2129 899 2157 admirati
922 2132 1003 2163 sunt,
1025 2133 1052 2158 et
1079 2130 1144 2166 quia

293 2175 381 2212 ipsius
402 2177 591 2205 austeritatem
614 2176 668 2204 iam
683 2179 831 2210 noverant,
852 2176 951 2205 devoto
973 2176 1055 2205 corde
1070 2184 1144 2205 com-

294 2223 406 2259 puncti,
436 2223 620 2251 bumilitatem
650 2223 808 2251 huiusmodi
838 2223 925 2260 magis
953 2223 1143 2252 admirabilem

295 2277 378 2306 quam
396 2270 556 2299 imitabilem
571 2270 787 2307 proclamabant.
812 2270 885 2299 Licet
905 2273 998 2299 autem
1016 2270 1042 2299 id
1057 2270 1144 2307 magis

294 2316 421 2345 videatur
453 2319 613 2353 portentum
642 2317 727 2345 fuisse
758 2317 846 2345 instar
873 2317 1043 2354 prophetalis
1074 2317 1143 2346 vati-

295 2363 380 2391 cinii5
409 2371 492 2400 quam
525 2364 702 2400 exemplum,
724 2366 815 2393 tamen
848 2372 913 2392 vere
943 2364 1142 2393 documentum

295 2409 402 2438 exstitit
422 2410 586 2439 humilitatis
609 2410 760 2447 perfectae,
776 2419 831 2447 quo
846 2410 947 2439 Christi
969 2413 1087 2439 sectator
1102 2411 1143 2439 Iu-

358 2546 367 2560 ¹
384 2549 438 2570 Luc.
452 2548 492 2576 16,
512 2548 553 2570 ts:
566 2548 633 2576 Quod
651 2548 785 2570 homiuibus
805 2549 875 2571 altum
894 2552 929 2571 est
951 2549 1094 2572 abominatio
1112 2552 1146 2572 est

295 2590 347 2609 ante
365 2587 445 2609 Deum.

358 2624 367 2637 ²
384 2626 440 2648 Fide
456 2626 547 2648 AGIM
565 2626 698 2649 addidimus
709 2632 744 2654 se,
757 2629 779 2648 et
795 2626 890 2649 inferius
906 2633 932 2649 ex
948 2627 966 2649 Α
983 2628 1145 2655 supplevimus

296 2670 357 2687 vero.
375 2665 398 2686 In
415 2671 465 2693 seq.
482 2665 641 2693 propositione
658 2665 709 2687 Vat.
726 2668 748 2687 et
765 2666 802 2687 ed.
825 2666 829 2687 1
851 2666 958 2688 omittunt
975 2666 1120 2695 imperitum.

358 2703 367 2716 ³
385 2704 412 2726 Ut
429 2706 498 2727 refert
514 2705 652 2732 Waddingz,
669 2705 711 2727 loc.
724 2705 773 2732 cit,
786 2705 815 2727 ad
827 2711 864 2727 an.
880 2706 947 2733 1212,
960 2712 983 2728 n.
997 2705 1034 2728 53.
1047 2718 1078 2722 —
1092 2707 1145 2728 Infe-

296 2742 343 2764 rius
360 2749 402 2770 pro
419 2742 553 2766 relaxasset
565 2743 619 2765 edd.
635 2743 767 2766 relaoeuret.

358 2781 368 2793 ⁴
385 2782 420 2804 Du
437 2781 528 2810 Gange,
551 2782 692 2804 Glossarium
713 2785 769 2805 eto.:
789 2791 800 2803 α
815 2782 1008 2811 Quartanarius,
1031 2786 1145 2812 quartana

296 2819 353 2842 febri
371 2820 478 2843 laborans
489 2830 512 2844 ι).
531 2821 664 2844 Secundum
686 2822 763 2849 ipsum
783 2821 854 2845 Gluto
873 2822 966 2850 (Glutto)
985 2822 1046 2845 idem
1067 2825 1101 2845 est
1117 2829 1144 2845 ac

296 2858 391 2886 ambro,
408 2860 541 2888 devorator,
558 2861 679 2889 profusus,
698 2860 830 2883 luxuriosus
847 2863 889 2883 etc.

360 2896 369 2909 ⁵
388 2898 435 2920 isal.
454 2899 496 2926 20,
514 2899 540 2920 3:
558 2899 621 2921 Sicut
646 2898 773 2921 ambulavit
795 2905 876 2922 servus
893 2906 959 2922 meus
981 2900 1050 2922 isaias
1068 2900 1144 2922 nudus

297 2939 319 2958 et
335 2936 499 2964 discalceatus,
516 2938 584 2960 trium
597 2944 710 2960 annorum
723 2938 816 2966 signum
834 2941 856 2960 et
868 2942 1001 2967 portentum
1019 2939 1061 2961 erit
1073 2945 1144 2967 super

297 2976 429 3003 Aegyptum
447 2979 490 2998 etc.
506 2989 537 2992 —
555 2977 666 3005 Superius
683 2983 725 3005 pro
747 2977 828 3000 devoto
847 2977 917 3000 corde
934 2978 1070 3008 compuncti
1090 2978 1144 3001 edd.

297 3013 417 3037 devotione
436 3015 578 3044 compuncti.

680 224 880 253 OPUSCULUM
901 223 990 251 XXIII.
1012 222 1164 252 LEGENDA
1185 222 1298 251 SANCTI
1320 222 1494 251 FRANCISCI.
1517 222 1585 250 CAP.
1607 222 1649 251 VI.

1194 301 1314 329 struitur
1343 301 1519 329 transitoriae
1540 300 1629 329 laudis
1650 300 1829 337 praeconium
1858 300 1958 329 debere
1979 309 2040 330 con-

1194 350 1335 381 temnere,
1368 349 1500 377 tumentiS
1530 355 1642 384 quoque
1677 346 1822 376 iactantiae
1856 347 2040 384 comprimere

1194 394 1294 423 fastum
1316 397 1343 423 et
1363 394 1557 423 fraudulentae
1577 394 1761 423 simulationis
1782 394 1956 422 mendacium
1977 402 2040 424 con-

1194 440 1293 469 futare.

1274 487 1300 516 3.
1322 487 1407 516 Multa
1428 487 1539 524 quidem
1561 487 1589 515 in
1610 487 1686 516 hunc
1706 487 1820 515 modum
1836 488 1946 524 saepius
1960 488 2041 518 facie-

1194 535 1257 568 bat,
1279 538 1311 563 ut
1331 534 1457 563 exterius
1478 537 1621 572 tanquam
1648 542 1703 562 vas
1720 534 1870 571 perditum
1892 534 1993 564 fieret⁶
2015 539 2041 565 et

1196 581 1419 610 sanctificationis
1440 580 1570 617 spiritum
1590 580 1708 609 interlus
1729 581 1890 617 possideret.
1911 582 2042 611 Studebat

1195 628 1268 656 bona
1299 627 1406 656 Domini
1438 628 1480 656 sui
1512 635 1614 655 arcano
1642 627 1761 664 pectoris
1792 628 1926 662 condere,
1948 628 2043 658 nolens

1196 678 1291 711 patere
1311 674 1415 712 gloriae
1437 674 1511 711 quod
1532 677 1624 710 posset
1645 674 1752 703 occasio
1773 682 1833 703 esse
1854 675 1960 704 ruinae.
1976 676 2043 705 Nam

1197 729 1277 758 saepe
1292 729 1354 750 cum
1370 721 1578 750 beatificaretur
1592 729 1607 749 a
1622 721 1765 757 pluribus,
1780 721 1897 750 verbum
1914 722 2043 751 huiusce-

1198 768 1270 796 modi
1292 768 1465 805 proferebat:
1492 779 1505 792 «
1520 768 1601 796 Filios
1622 771 1649 797 et
1670 768 1740 796 filias
1757 768 1848 797 adhuc
1864 768 1967 798 habere
1982 777 2043 806 pos-

1197 823 1271 849 sem,
1293 815 1377 843 nolite
1398 815 1512 843 laudare
1527 823 1667 844 securum.
1683 815 1768 844 Nemo
1783 815 1949 850 laudandus,
1964 816 2044 846 cuius

1197 862 1320 890 incertus
1335 864 1376 890 est
1397 861 1491 890 exitus
1503 861 1514 878 ⁷
1530 873 1556 889 ».
1572 862 1625 890 Ista
1639 861 1750 898 quidem
1767 862 1952 897 laudantibus,
1967 863 2001 892 ad
2016 871 2044 893 se

1197 911 1289 937 autem
1311 909 1365 937 sic:
1392 920 1405 933 «
1422 908 1530 936 Latroni
1553 908 1574 937 si
1597 911 1673 937 tanta
1694 909 1856 938 contulisset
1877 909 2043 945 Altissimus,

1197 955 1302 992 gratior
1324 958 1350 983 te
1364 955 1450 989 foret,
1466 955 1609 984 Francisce
1620 967 1646 983 2).
1664 955 1777 984 Dicebat
1791 956 1933 985 Fratribus
1948 965 2043 994 saepe:

1203 1014 1216 1027 (ι
1231 1002 1269 1031 De
1290 1002 1364 1030 omni
1387 1010 1419 1030 eo
1440 1002 1514 1039 quod
1535 1005 1663 1038 peccator
1685 1005 1787 1039 potest,
1802 1011 1884 1032 nemo
1899 1004 1949 1033 sibi
1965 1004 2045 1034 debet

1197 1049 1292 1086 iniquo
1313 1049 1449 1085 applausu
1471 1049 1598 1077 blandiri.
1621 1049 1764 1084 Peccator,
1779 1050 1832 1084 ait,
1847 1050 1971 1080 ieiunare
1985 1054 2045 1088 pot-

1198 1099 1254 1130 est,
1286 1104 1390 1130 orare,
1419 1096 1550 1133 plangere
1578 1104 1747 1133 carnemque
1780 1097 1920 1134 propriam
1957 1106 2045 1127 mace-

1199 1151 1276 1177 rare;
1293 1143 1345 1172 hoc
1367 1143 1456 1171 solum
1472 1151 1527 1171 non
1548 1146 1653 1180 potest,
1670 1144 1785 1172 Domino
1800 1144 1905 1173 scilicet
1919 1153 1970 1174 suo
1985 1153 2044 1175 esse

1198 1190 1294 1219 fidelis.
1317 1190 1345 1218 In
1368 1190 1420 1218 hoc
1452 1190 1546 1227 itaque
1573 1190 1765 1227 gloriandum,
1787 1191 1807 1220 si
1831 1200 1908 1220 suam
1931 1192 2046 1222 Domino

1198 1237 1313 1274 gloriam
1336 1236 1495 1270 reddimus,
1516 1237 1538 1265 si
1560 1237 1678 1266 fideliter
1699 1237 1868 1272 servientes,
1890 1238 1940 1275 ipsi
1967 1239 2046 1276 quid-

1199 1283 1266 1320 quid
1287 1284 1385 1318 donat,
1407 1283 1611 1312 ascribimus».

1278 1330 1304 1358 [ι.
1326 1331 1360 1359 Ut
1381 1333 1474 1359 autem
1490 1331 1619 1367 pluribus
1634 1331 1722 1359 modis
1736 1332 1889 1368 negotiator
1905 1333 1948 1361 hic
1963 1341 2046 1362 evan-

1199 1378 1304 1415 gelicus
1325 1378 1484 1406 lucraretur
1505 1386 1537 1407 ac
1559 1381 1646 1406 totum
1669 1386 1800 1414 praesens
1815 1382 1924 1416 tempus
1944 1381 2046 1409 confla-

1199 1428 1242 1453 ret
1264 1424 1291 1453 in
1312 1424 1460 1459 meritum,
1482 1433 1537 1453 non
1559 1428 1613 1453 tam
1636 1433 1763 1462 praeesse
1784 1426 1872 1454 voluit
1886 1434 1969 1463 quam
1984 1427 2046 1456 sub-

1199 1480 1272 1506 esse,
1294 1479 1344 1501 nec
1366 1475 1421 1500 tam
1444 1472 1603 1509 praecipere
1632 1480 1715 1509 quam
1747 1481 1854 1509 parere.
1877 1473 1980 1503 Idcirco
2000 1483 2046 1512 ge-

1200 1519 1285 1548 nerali
1308 1519 1408 1547 cedens
1430 1519 1532 1553 officio,
1547 1519 1737 1548 Guardianum
1753 1520 1839 1556 petiit,
1855 1520 1935 1549 cuius
1950 1521 2046 1550 volun-

1200 1566 1248 1594 tati
1271 1574 1320 1603 per
1341 1566 1435 1594 omma
1456 1566 1643 1595 sublaceretfl.
1666 1567 1731 1594 Tam
1754 1567 1827 1595 enlm
1842 1567 1958 1596 uberem
1973 1576 2046 1597 asse—

1200 1613 1279 1641 rebat
1300 1616 1410 1642 sanctae
1431 1612 1602 1641 obedientiae
1630 1613 1768 1647 fructum,
1791 1616 1822 1642 ut
1853 1614 1892 1643 eis
1913 1615 1961 1652 qui
1983 1615 2047 1652 iugo

1200 1660 1287 1697 ipsius
1319 1660 1388 1688 colla
1419 1660 1630 1694 submitterent,
1652 1660 1691 1688 nil
1724 1661 1854 1698 temporis
1886 1661 1944 1690 sine
1969 1662 2047 1692 lucro

1200 1707 1347 1741 transiret;
1369 1706 1443 1735 unde
1464 1709 1492 1735 et
1513 1707 1616 1741 Fratri,
1639 1715 1702 1736 cum
1721 1715 1777 1744 quo
1798 1711 1858 1737 erat
1879 1708 1977 1738 solitus
1997 1709 2047 1744 ire,

1201 1762 1310 1790 semper
1332 1753 1514 1782 obedientiam
1537 1754 1700 1790 promittere
1731 1758 1913 1783 consueverat
1941 1759 1967 1784 et
1989 1764 2048 1785 ser-

1202 1808 1275 1829 vare.
1298 1801 1374 1829 Dixit
1401 1800 1550 1837 aliquando
1578 1801 1673 1829 sociis:
1700 1802 1801 1830 «Inter
1822 1802 1890 1836 alia,
1913 1811 1984 1840 quae
2008 1803 2048 1832 di-

1201 1851 1317 1885 gnanter
1340 1847 1427 1884 pietas
1454 1848 1522 1876 mihi
1554 1847 1647 1876 divina
1667 1849 1817 1883 concessit,
1839 1849 1911 1878 hanc
1932 1850 2048 1887 gratiam

1201 1894 1333 1928 contulit,
1362 1894 1436 1931 quod
1469 1894 1506 1922 ita
1536 1894 1682 1931 diligenter
1713 1895 1816 1924 novitio
1847 1896 1930 1924 unius
1962 1896 2047 1925 horae

1201 1941 1359 1975 obedirem,
1381 1941 1402 1970 si
1434 1941 1502 1969 mihi
1535 1941 1709 1970 Guardianus
1739 1942 1867 1976 daretur,
1899 1943 1971 1971 sicut
2001 1951 2048 1972 an-

1202 1988 1357 2025 tiquissimo
1389 1991 1415 2017 et
1446 1988 1643 2017 dIscretissimo
1671 1989 1758 2017 Fratri
1777 1989 1795 2017 ⁹.
1829 1990 1976 2025 Subditus,
2009 1990 2049 2019 in-

1201 2036 1277 2073 quit,
1299 2035 1456 2072 praelatum
1478 2043 1561 2064 suum
1582 2044 1636 2064 non
1658 2036 1797 2065 hominem
1813 2037 1988 2066 considerare
2002 2037 2049 2066 de-

1201 2083 1262 2116 bet,
1295 2082 1342 2111 sed
1373 2082 1471 2116 illum,
1504 2090 1555 2119 pro
1585 2082 1666 2111 cuius
1697 2086 1738 2111 est
1773 2091 1867 2112 amore
1898 2084 2048 2113 subiectus.

1201 2130 1309 2166 Quanto
1324 2129 1396 2158 enim
1408 2129 1640 2166 contemptibilior
1652 2130 1797 2166 praesidet,
1810 2133 1886 2159 tanto
1900 2132 1986 2168 magis
1997 2132 2050 2160 bu-

1200 2176 1301 2205 militas
1322 2176 1474 2205 obedientis
1496 2176 1621 2213 placet».
1641 2193 1677 2197 —
1693 2177 1760 2205 Cum
1776 2186 1843 2206 vero
1857 2178 1916 2207 vice
1930 2178 2049 2215 quadam

1200 2226 1385 2260 quaereretur
1405 2223 1440 2252 ab
1460 2231 1505 2257 eO,
1528 2223 1591 2260 quis
1612 2227 1684 2252 esset
1704 2232 1770 2253 vere
1784 2224 1914 2253 obedIens
1929 2225 2049 2254 iudican-

1200 2270 1268 2304 dus,
1290 2270 1415 2307 corporis
1436 2270 1538 2299 mortui
1555 2270 1762 2300 similitudinem
1777 2279 1828 2308 pro
1843 2272 1971 2309 exemplo
1985 2280 2049 2309 pro-

1200 2317 1300 2354 posuit.
1328 2317 1443 2351 «Tolle,
1465 2317 1571 2354 inquit,
1593 2325 1695 2354 corpus
1715 2318 1859 2353 exanime,
1881 2322 1908 2347 et
1929 2319 1976 2348 ubi
1991 2320 2049 2356 pla-

1201 2364 1305 2398 cuerit,
1334 2372 1413 2401 pone.
1443 2364 1554 2393 Videbis
1581 2373 1636 2393 non
1665 2372 1823 2402 repugnare
1849 2368 1972 2400 motum,
1993 2375 2048 2395 non

1199 2418 1379 2439 murmurare
1401 2410 1502 2445 situm,
1531 2419 1586 2439 non
1614 2412 1766 2440 reclamare
1796 2412 1948 2441 dimiSsum.
1970 2413 2048 2450 Quod

1265 2548 1274 2562 ⁶
1291 2550 1373 2572 Psalm.
1392 2550 1433 2577 30,
1452 2549 1493 2571 1l3:
1511 2549 1593 2571 Factus
1610 2555 1661 2571 sum
1680 2552 1788 2578 tanquam
1807 2556 1848 2572 vas
1860 2550 1985 2578 perditum.

1265 2587 1274 2601 ⁷
1292 2589 1359 2611 Eccli.
1381 2589 1401 2610 Iri
1412 2607 1417 2617 ,
1436 2588 1481 2611 30:
1497 2589 1555 2610 Ante
1573 2591 1669 2610 mortem
1688 2595 1716 2611 ne
1737 2589 1817 2611 laudes
1833 2589 1952 2611 hominem
1970 2595 2048 2618 quem·

1202 2634 1272 2657 quam
1291 2630 1335 2650 etc.
1352 2627 1396 2650 Cfr.
1414 2627 1556 2655 Wadding„
1573 2628 1614 2650 loc.
1632 2628 1681 2655 cit„
1698 2628 1728 2650 ad
1745 2634 1781 2650 an.
1800 2628 1874 2655 1212,
1891 2635 1913 2650 n.
1931 2628 1954 2650 7.

1265 2665 1274 2678 Β
1291 2666 1420 2689 Concessus
1437 2669 1471 2689 est
1488 2667 1509 2688 ei
1527 2673 1539 2688 a
1557 2667 1593 2688 Fr.
1606 2667 1652 2689 Elia
1669 2667 1693 2689 in
1709 2667 1867 2690 Guardianum
1879 2668 1980 2695 Angelus
1992 2668 2046 2690 Rea-

1202 2705 1262 2728 tinus
1280 2706 1391 2734 (Angelus
1409 2706 1521 2728 Tancredi
1539 2706 1568 2728 de
1585 2706 1677 2734 Reate),
1695 2712 1754 2728 unus
1772 2706 1840 2728 trium
1859 2706 1990 2735 Sociorum,
2008 2706 2047 2735 qui

1201 2745 1272 2767 vitam
1289 2745 1402 2768 Francisci
1427 2746 1575 2773 scripserunt.
1602 2745 1646 2768 Cfr.
1670 2745 1803 2774 Wadding.‚
1824 2746 1867 2769 loc.
1892 2746 1939 2774 cit.,
1956 2746 1986 2769 ad
2010 2752 2047 2768 an.

1203 2784 1258 2806 1221
1269 2801 1275 2811 ,
1292 2791 1314 2806 n.
1332 2785 1369 2806 27.
1386 2796 1417 2800 -
1435 2784 1547 2812 Superius
1564 2790 1606 2812 pro
1623 2784 1731 2814 generali
1746 2785 1797 2807 Vat.
1815 2785 1945 2808 Generalis.

1264 2821 1273 2834 ⁹
1290 2823 1398 2845 Similiter
1415 2823 1437 2845 in
1455 2823 1602 2845 Testamento
1619 2829 1661 2845 suo
1679 2823 1746 2845 dicit:
1764 2824 1790 2846 Et
1806 2823 1903 2846 firmiter
1920 2824 1972 2847 volo
1995 2823 2047 2846 obe-

1201 2861 1251 2883 dire
1269 2862 1368 2884 Ministro
1386 2862 1490 2884 Generali
1503 2862 1571 2884 huius
1582 2862 1736 2884 FraternItatis
1747 2865 1769 2884 et
1781 2862 1809 2884 illi
1826 2863 1964 2891 Guardiano,
1976 2868 2046 2892 quem

1201 2900 1245 2923 sibi
1262 2901 1373 2928 placuerit
1398 2901 1454 2923 mihi
1480 2901 1535 2923 dare
1560 2904 1603 2923 etc.
1627 2913 1659 2917 ——
1681 2901 1777 2924 Inferius
1802 2907 1845 2929 pro
1873 2901 1967 2929 Quanto
1984 2900 2046 2924 enim

1200 2940 1217 2962 A
1228 2940 1292 2962 GIM
1312 2939 1406 2967 Quanto
1417 2941 1510 2968 autem,
1525 2942 1547 2962 et
1564 2946 1606 2967 pro
1623 2946 1677 2963 vere
1693 2939 1799 2963 obediens
1817 2939 1855 2969 (ita
1874 2940 1975 2969 AGIM)
1993 2940 2045 2962 edd.

1200 2984 1271 3001 verus
1288 2978 1403 3001 obediens.

2057 494 2096 514 Alia
2103 496 2119 515 fa
2132 509 2133 513 .

2088 519 2119 539 diei

2068 1336 2093 1355 De
2106 1323 2133 1356 aii-1

2058 1359 2120 1379 oberlin
2126 1366 2133 1380 ι

2063 2179 2118 2199 Dictui
2127 2184 2133 2198 1

2064 2208 2118 2222 morai
2127 2208 2133 2221 n
