2133 3317
146 682 253 706 applicatio

122 707 189 725 harum
196 707 253 724 meta-

122 730 231 754 phorarum.

170 753 252 771 Primae.

147 915 252 935 Secundae.

170 1197 252 1217 Tertiae.

164 1527 253 1550 Quartae.

164 1856 251 1880 Quintae.

178 2233 253 2253 Sextae.

269 225 326 254 318

268 303 417 332 succinxit
426 312 456 331 se
467 310 556 331 arma
571 301 670 329 bellica
685 303 709 328 et
721 298 888 336 proteyebat
902 302 1004 327 castra
1016 297 1117 335 ytadio

267 360 330 380 suo.
353 351 462 379 Praeest
483 348 555 377 enim
578 347 722 380 Ecclesiae,
744 353 815 383 quae
836 348 878 374 est
889 344 1028 373 terribilis
1042 344 1119 373 sicut

269 401 436 427 castrorum
459 395 537 424 acies
558 394 699 422 ordinata
714 393 735 427 ¹,
758 395 785 421 et
806 392 957 429 deputatur
978 391 1011 420 ad
1043 390 1119 419 Salo-

269 445 358 473 monis
372 443 506 472 Iectulum
520 440 731 470 custodiendum
741 462 748 474 ,
763 448 847 477 quem
861 438 1017 476 sexaginta
1028 436 1118 475 fortes

269 491 403 521 ambiant
423 498 457 518 ea:
478 487 651 526 fortissimis
674 486 783 521 lsrael,
805 494 902 514 omnes
924 488 1045 513 tenentes
1055 483 1118 522 yla-

268 539 331 568 dz'os
352 541 377 566 et
391 537 431 565 act
446 535 517 564 bella
537 534 706 563 doctissimi.
721 550 762 554 —
777 533 822 562 Est
836 533 929 570 itaque
943 539 1014 569 opus
1028 539 1119 560 sacer-

268 584 367 614 dotalis
387 583 469 612 officii
491 582 666 619 septiforme,
688 581 760 610 sicut
781 580 886 609 dictum
908 583 959 608 est.

349 631 374 659 6.
396 630 422 658 Si
444 629 530 666 igitur
551 631 666 665 propter
697 627 902 656 multitudinem
928 626 1082 655 errantium
1104 633 1119 653 a

269 678 323 706 fide
344 676 513 706 christianus
528 675 648 712 populus
669 674 721 703 iam
744 674 833 702 factus
854 676 894 702 est
916 672 1012 702 similis
1026 671 1119 700 aedifi-

270 725 311 754 cio
327 724 449 757 ruinoso,
465 723 528 760 quis
542 722 705 760 provz'clzts2
721 720 897 749 architectus
912 719 1120 749 coaedificantes

269 775 296 801 et
317 772 558 800 consustentantes
579 768 710 805 repellet,
725 768 778 796 nisi
798 767 866 796 adeo
887 767 938 795 sibi
954 766 1063 803 sapiens
1080 765 1120 793 vi-

269 818 384 852 deatur,
406 816 481 854 quod
502 816 578 845 solus
599 815 651 844 sibi
683 814 818 848 sufficiat,
847 814 891 842 vel
918 813 986 842 adeo
1017 812 1120 841 stultus

269 865 320 899 sit,
342 864 416 902 quod
439 863 519 897 velit,
541 866 573 891 ut
587 863 640 891 sub
655 870 739 891 manu
755 870 806 890 sua
819 861 919 890 domus
937 859 1121 890 ecclesiastica

269 914 355 941 ruat?
376 927 412 933 —
436 911 517 944 Item,
540 910 561 939 si
577 912 691 947 propter
706 909 844 938 defectum
860 907 1009 945 sapientiae
1023 910 1050 935 et
1065 906 1120 935 vir*

269 963 362 988 tutum
385 959 412 987 in
434 958 549 995 plebeiis
570 956 730 985 hominibus
751 959 930 993 comparatur
952 955 1011 991 ipsa
1043 954 1121 991 plebs

269 1007 351 1035 horto
373 1005 478 1034 inculto
499 1007 527 1033 et
548 1004 658 1041 spinoso
680 1007 707 1032 et
727 1003 819 1037 arido,
847 1003 910 1040 quis
941 1002 1065 1039 diliyeas
1096 1004 1121 1030 et

268 1053 434 1082 laboriosus
466 1051 601 1089 apricola
629 1050 830 1079 collaborantes
865 1057 960 1079 servos
991 1049 1119 1086 repellet,

268 1100 391 1129 maxime
413 1099 460 1136 qui
483 1099 610 1127 laborant
631 1098 658 1126 in
680 1105 764 1134 opere
785 1100 812 1126 et
839 1096 980 1130 doctrina,
1011 1096 1063 1125 nisi
1091 1095 1120 1124 in

269 1149 379 1176 tantum
399 1145 531 1182 desipiat,
553 1147 585 1173 ut
606 1144 681 1178 velit,
704 1144 778 1181 quod
792 1152 881 1180 super
903 1142 1026 1171 humum
1041 1150 1120 1171 suam

270 1197 294 1223 et
315 1194 418 1231 spinae
439 1196 465 1222 et
484 1201 585 1229 vepres
613 1192 774 1220 ascendant
788 1191 818 1219 3?
845 1207 884 1212 —
906 1191 1066 1223 Praeterea,
1098 1189 1121 1218 si

269 1244 384 1278 propter
405 1240 589 1269 deviationem
611 1247 627 1267 a
642 1238 746 1267 semitis
767 1238 923 1266 divinarum
936 1238 1029 1274 legum
1049 1237 1121 1265 mul-

269 1288 358 1317 titudo
388 1287 481 1324 populi
504 1286 648 1315 christiani
669 1285 768 1314 similis
789 1288 830 1314 est
857 1285 933 1322 gregi
962 1283 1121 1313 errabundo

269 1338 296 1364 et
321 1335 429 1372 perdito
450 1337 477 1363 et
498 1334 526 1362 in
547 1333 637 1362 medio
652 1333 783 1369 luporum
799 1332 965 1366 constituto,
988 1331 1051 1368 quis
1069 1330 1121 1359 cle-

271 1391 351 1411 mens
370 1385 476 1419 pastor
497 1380 603 1417 fugabit
624 1388 640 1408 a
660 1388 689 1408 se
711 1380 812 1408 harum
833 1379 928 1407 ovium
959 1377 1122 1407 seductores

269 1429 303 1458 ad
318 1429 407 1463 viam,
426 1431 453 1457 et
467 1436 521 1457 non
537 1427 629 1465 potius
641 1426 772 1463 gaudebit
786 1433 850 1454 cum
865 1425 973 1462 Angelis
991 1424 1122 1461 exemplo

270 1476 334 1504 boni
361 1475 492 1512 pastoris,
523 1474 571 1512 qui
600 1474 707 1503 dicit4:
742 1472 1001 1510 Conyratztlamiai
1030 1470 1120 1505 milii,

271 1523 343 1561 quia
364 1522 462 1551 inveni
482 1530 577 1555 ovem,
600 1529 675 1559 quac
692 1520 846 1558 perierat?
867 1536 906 1540 —
927 1519 1066 1556 Amplius,
1099 1518 1120 1547 si

269 1573 384 1607 propter
405 1569 612 1598 multitudinem
635 1571 765 1597 reatuum
786 1567 874 1605 plebis
893 1565 1122 1603 transgredientis

269 1616 399 1645 mandata
427 1616 475 1645 Dei
508 1616 628 1653 populus
658 1615 828 1643 christianus
859 1614 957 1642 similis
985 1616 1027 1642 est
1054 1612 1122 1641 viris

269 1664 358 1693 alieno
379 1671 443 1692 aere
465 1663 605 1700 oppressis
619 1663 640 1696 ⁵,
663 1662 726 1699 quis
746 1661 904 1698 fideiussor
923 1663 1059 1688 sensatus
1074 1659 1121 1688 ab-

269 1711 396 1740 horrebit
417 1710 503 1739 huius
524 1709 617 1738 oneris
632 1708 834 1738 alleviationem
850 1715 899 1744 per
914 1706 1121 1744 multiplicatio-

268 1766 331 1787 nem
354 1758 570 1787 intercessorum
592 1756 625 1785 ad
657 1757 745 1785 Deum
778 1755 880 1792 partim
911 1754 1122 1791 impetrantium

269 1805 475 1839 remissionem,
498 1804 600 1841 partim
622 1803 815 1832 inducentium
837 1805 865 1831 et
884 1801 1075 1830 adiuvantium
1088 1800 1122 1829 ad

269 1852 434 1882 solutionem
456 1851 644 1888 spiritualium
665 1850 845 1879 debitorum?
875 1865 911 1870 --
944 1849 1072 1885 Insuper,
1099 1847 1122 1876 si

269 1901 383 1936 propter
405 1898 566 1927 varietatem
588 1897 804 1935 perversitatum
827 1896 855 1924 in
876 1895 979 1933 populo
990 1898 1066 1923 tanta
1080 1896 1122 1923 est

269 1946 359 1980 tabes,
381 1948 457 1974 tanta
478 1944 634 1982 pestilentia
666 1943 834 1981 spiritualis,
865 1946 898 1971 ut
929 1942 1008 1979 quasi
1039 1950 1122 1970 omne

269 1997 359 2030 caput
380 1992 556 2030 tanffladum
577 1995 603 2020 et
623 2000 706 2020 omae
727 1999 778 2019 coi·
798 1998 930 2019 moerens
945 1989 967 2023 ⁶,
988 1989 1027 2018 ita
1047 1988 1122 2026 quod

269 2049 289 2069 a
306 2040 412 2077 planta
430 2040 514 2077 pedis
535 2047 627 2077 usque
648 2039 688 2067 acl
717 2038 851 2067 verticem
882 2037 931 2066 vix
963 2040 1004 2065 est
1035 2036 1066 2065 in
1091 2044 1121 2064 co

268 2087 401 2120 sanitas,
423 2087 487 2124 quis
506 2086 600 2123 fidelis
621 2086 769 2119 medicus,
790 2093 846 2113 non
867 2084 928 2113 dico
949 2083 1053 2121 peritos
1072 2083 1122 2111 ho-

269 2134 357 2163 mines
378 2134 404 2162 in
427 2136 486 2162 arte
507 2133 660 2170 spiritualis
691 2132 859 2166 medicinae,
888 2131 936 2160 sed
966 2131 1009 2159 vel
1041 2137 1122 2159 canes

269 2181 365 2210 ulcera
385 2181 521 2218 lingentes
542 2180 655 2208 audebit
676 2179 815 2216 effugare,
837 2178 889 2207 nisi
908 2178 1121 2207 vulneratorum

270 2231 354 2265 atque
365 2227 557 2265 languentium
573 2227 656 2255 vitam
671 2226 737 2255 velit
751 2225 952 2262 exstinguere?
965 2241 1000 2245 —
1017 2224 1121 2258 Adhuc,

270 2275 292 2304 si
315 2277 428 2312 propter
450 2273 700 2303 multiformitatem
719 2273 901 2301 tentationum
923 2271 1047 2308 undique
1068 2271 1121 2299 clr-

269 2325 409 2352 cumstant
430 2321 543 2351 insidiae
564 2320 720 2350 crudelium
742 2320 882 2354 hostium,
897 2322 924 2348 et
938 2318 1017 2356 quasi
1037 2326 1121 2355 super

331 2524 339 2537 ¹
357 2524 421 2548 Cant.
434 2525 459 2553 6,
473 2525 494 2547 3.
507 2526 529 2546 et
539 2523 639 2546 subinde-
651 2524 672 2551 3,
684 2523 707 2545 7.
719 2529 767 2552 seq.
890 2521 899 2534 ²
916 2522 972 2545 Cod.
985 2523 1004 2545 G
1015 2522 1116 2552 sapiens.

331 2563 340 2577 ⁸
357 2564 407 2587 lsai.
425 2564 467 2590 32,
487 2564 528 2585 v13:
547 2564 620 2591 Super
638 2563 736 2585 humum
755 2562 835 2590 populi
848 2562 894 2584 mei
905 2562 986 2590 spinae
998 2564 1019 2584 et
1031 2567 1117 2589 vepres

268 2603 400 2626 ascendent.

330 2642 340 2655 ⁴¹
356 2643 411 2665 Luc.
430 2642 472 2670 45,
490 2642 512 2664 6.
529 2654 560 2658 —
576 2641 689 2669 Superius
711 2647 754 2669 pro
772 2641 899 2663 Praeterea
916 2640 967 2662 Vat.
993 2646 1118 2668 perperam

268 2682 410 2711 Propterea,
430 2684 452 2704 et
468 2688 511 2710 pro
525 2682 625 2710 propter
643 2676 799 2703 deviationem
816 2680 834 2702 A
851 2686 894 2709 per
910 2678 1072 2702 deviationem.

331 2719 341 2733 ⁵
357 2720 402 2744 Csr.
420 2721 434 2742 I.
452 2721 508 2748 Reg.
527 2720 568 2747 22,
587 2720 614 2747 2,
631 2718 671 2741 ubi
688 2718 718 2741 ad
735 2718 809 2741 David
826 2720 986 2741 convenerunt
1005 2726 1017 2738 α
1029 2724 1118 2745 omnes,

268 2760 308 2789 qui
325 2762 391 2782 erant
407 2759 430 2782 in
447 2759 553 2787 angustia
575 2758 691 2781 constituti
715 2761 737 2780 et
762 2758 868 2786 oppressi
893 2763 946 2780 aere
972 2757 1070 2780 alieno...
1097 2759 1120 2780 et

270 2800 342 2822 factus
359 2802 393 2821 est
409 2805 491 2821 eorum
514 2798 621 2827 princeps
633 2806 655 2820 ιι.
672 2810 704 2814 -
721 2796 823 2820 Subinde
848 2803 892 2825 pro
909 2797 980 2821 liuius
998 2796 1077 2820 oneris
1102 2796 1119 2819 C

270 2837 408 2861 huiusmodi
424 2837 510 2861 oneris.

333 2876 343 2889 ὅ
360 2877 409 2899 lsai.
431 2878 454 2905 l,
471 2877 493 2899 5.
510 2880 533 2899 et
548 2877 632 2900 deinde
650 2883 672 2899 v.
690 2877 717 2904 6,
735 2879 788 2905 post
799 2882 871 2905 quem
882 2876 1004 2904 respicitur
1016 2876 1070 2898 Luc.
1085 2876 1120 2904 16,

271 2916 313 2938 24:
331 2916 377 2938 Sed
395 2919 417 2938 et
433 2922 502 2938 canes
519 2915 644 2938 veniebant
660 2918 683 2938 et
699 2915 817 2944 lingebant
833 2916 910 2938 ulcera
927 2915 977 2938 eius
994 2913 1106 2945 [Lazar1].

334 2953 343 2967 ⁷
361 2955 390 2977 lta
408 2955 466 2982 AB;
483 2955 536 2977 edd.
554 2954 695 2978 horrendae.

335 2992 344 3006 ²³
361 2994 433 3022 Apoc.
452 2994 492 3021 43,
511 2994 534 3016 fl:
554 2994 580 3016 Et
595 2994 643 3016 vidi
662 2993 691 3015 de
708 2994 766 3016 mari
784 2993 882 3016 bestiam
898 2993 1061 3016 ascendentem
1085 2993 1122 3014 ha-

270 3033 368 3056 bentem
385 3033 460 3061 capita
478 3035 568 3061 septem
585 3035 628 3055 etc.
644 3045 676 3049 —
694 3033 783 3055 Deinde
799 3033 922 3061 respicitur
938 3033 1019 3055 Ezech.
1039 3032 1081 3059 43,
1099 3031 1121 3054 5.

743 221 941 250 OPUSCULUM
962 220 1004 248 XI.
1026 218 1189 248 APOLOGIA
1209 219 1391 248 PAUPERUM.
1413 219 1481 248 CAP.
1503 219 1556 248 XII.

1175 297 1265 334 capita
1286 297 1389 326 civium
1410 297 1491 334 gladii
1513 297 1568 326 iam
1597 297 1760 331 vibrantur;
1788 296 1851 334 quis
1878 297 2022 334 providus

1174 344 1339 381 speculator
1360 344 1387 372 in
1410 344 1563 381 profundae
1584 347 1611 373 et
1631 344 1761 373 horridae
1776 343 1786 360 ⁷
1807 343 1896 372 noctis
1916 344 2023 372 teterri-

1175 390 1228 419 mis
1255 391 1377 420 tenebris
1408 391 1511 420 habere
1539 399 1634 420 secum
1663 391 1758 428 vigiles
1789 391 1943 425 recusabit,
1975 391 2022 428 qui

1176 440 1267 466 castra
1287 437 1463 466 custodiant?
1485 455 1521 458 -
1544 438 1698 472 Postremo,
1720 438 1741 467 si
1764 440 1879 475 propter
1911 437 2023 466 scanda-

1176 484 1266 513 lorum
1288 484 1473 521 frequentias,
1495 485 1704 514 adinventiones
1728 485 1866 514 scelerum
1887 487 1915 514 et
1935 484 2024 513 inimi-

1176 539 1273 560 corum
1295 531 1455 567 tyrannides
1476 531 1687 560 innumerabilis
1707 531 1894 560 multitudinis
1918 534 2024 569 strages

1176 578 1255 615 quasi
1277 578 1407 607 continue
1432 578 1463 606 fit
1484 578 1511 606 in
1533 578 1631 607 castris
1652 578 1790 613 fidelium,
1812 581 1840 607 et
1860 578 1943 608 draco
1962 586 2024 607 cum

1177 625 1264 653 bestia
1284 624 1498 653 multiforqum
1520 625 1641 662 capitum
1657 625 1668 641 ⁸
1699 625 1911 654 ecclesiasticam
1939 625 2024 654 aciem

1176 671 1275 699 nititur
1296 678 1473 708 oppugnare,
1495 673 1527 699 ut
1548 671 1722 700 truculenter
1742 671 1893 708 discerpat,
1921 670 2027 700 occidat

1177 722 1204 748 et
1225 719 1355 753 devoret;
1378 718 1441 755 quis
1458 718 1592 755 prudens
1613 718 1676 747 dum
1697 718 1839 747 exercitus
1860 718 1968 747 Domini
1982 726 2026 747 re-

1177 766 1285 795 cusabit
1306 765 1507 794 commilitones
1528 773 1624 794 secum
1644 765 1806 794 dimicantes
1827 765 1946 800 habere,
1978 766 2025 803 qui

1177 814 1252 842 ultro
1280 821 1309 842 se
1337 813 1491 841 discrImini
1519 812 1636 841 offerant
1663 815 1691 841 et
1711 821 1834 841 caurum
1859 821 1914 850 pro
1942 812 2026 841 domo

1179 860 1273 889 Israel
1293 868 1321 889 se
1342 860 1417 897 ipsos
1437 862 1597 897 opponant?

1257 909 1282 935 7.
1306 907 1403 941 Porro,
1426 907 1491 943 quia
1512 906 1627 935 affectus
1648 907 1786 943 pontificis
1801 907 1858 936 sive
1879 907 2028 936 sacerdotis

1177 954 1211 983 ad
1232 954 1341 991 plebem
1362 954 1444 982 debet
1465 961 1525 982 esse
1556 953 1707 982 consimilis
1735 953 1844 982 affectui
1864 954 1963 991 patris
1994 954 2028 983 ad

1177 1002 1280 1035 filium,
1302 1000 1409 1029 matris
1420 1000 1453 1029 ad
1468 1001 1574 1037 prolem
1584 1022 1593 1036 ,
1606 1000 1734 1029 natricis
1748 1000 1783 1029 ad
1796 1000 1941 1036 infantem,
1957 1001 2029 1030 sicut

1178 1048 1323 1086 Apostolus
1338 1048 1348 1064 ⁹
1370 1047 1514 1076 manifeste
1535 1047 1672 1081 declarat,
1694 1047 1741 1084 qui
1764 1047 1859 1077 fideles
1873 1056 1923 1085 per
1936 1048 2028 1085 ipsum

1178 1103 1326 1124 conversos
1347 1095 1429 1123 modo
1451 1102 1480 1123 se
1500 1094 1566 1123 dicit
1587 1094 1619 1122 in
1642 1093 1757 1123 Christo
1777 1094 1926 1132 yenutsse,
1947 1094 2028 1123 modo

1178 1146 1210 1171 ut
1230 1142 1307 1179 filios
1325 1141 1499 1179 parturire,
1521 1141 1602 1170 modo
1624 1141 1696 1170 sicut
1708 1141 1851 1178 parvulos
1867 1142 1899 1170 ia
1915 1140 2028 1171 Christo

1179 1189 1307 1222 lactare‚·
1328 1188 1562 1226 quemadmodum
1585 1188 1673 1217 filium
1694 1189 1898 1225 pauperculum
1919 1190 2028 1218 susten-

1179 1236 1247 1270 tari,
1269 1235 1417 1264 invalidam
1438 1235 1544 1272 prolem
1566 1235 1652 1264 foveri
1674 1238 1701 1264 et
1722 1238 1877 1272 gementem
1898 1235 1968 1264 lacte
1980 1243 2029 1273 po-

1179 1283 1231 1311 tari
1247 1283 1270 1299 ¹⁰
1291 1290 1467 1319 nequaquam
1489 1285 1531 1310 est
1550 1282 1624 1318 patri.
1637 1282 1681 1311 vel
1696 1282 1776 1310 matri
1792 1282 1835 1311 vel
1850 1282 1953 1311 nutrici
1971 1290 2029 1311 mo-

1179 1330 1296 1364 lestum,
1318 1329 1366 1358 sed
1393 1329 1590 1363 desiderabile,
1622 1337 1720 1358 carum
1751 1331 1779 1358 et
1809 1329 1957 1366 placitum:
1989 1330 2028 1359 sic

1179 1377 1261 1405 etiam
1283 1376 1412 1404 omnibus
1433 1375 1624 1404 sacerdotibus
1645 1375 1747 1404 sanctis
1768 1379 1795 1405 et
1816 1376 1868 1412 piis
1896 1384 2027 1413 magnum

1178 1423 1260 1452 debet
1274 1431 1333 1451 esse
1349 1423 1493 1456 solatium,
1509 1422 1618 1459 quoties
1632 1422 1707 1451 salus
1721 1426 1891 1459 procuratur
1905 1423 2028 1460 plebium

1179 1470 1376 1499 subiectarum.
1399 1470 1513 1506 Propter
1531 1469 1613 1506 ,quod
1643 1469 1778 1498 Dominus
1799 1470 1827 1498 in
1855 1470 1991 1499 Matthaeo
2006 1471 2025 1487 ¹¹

1178 1517 1320 1554 Apostolos
1340 1517 1484 1554 alloquens
1512 1519 1539 1545 et
1571 1524 1746 1545 successores
1768 1525 1881 1546 eorum:
1913 1517 2028 1551 Messis,

1178 1565 1229 1599 ait,
1251 1564 1368 1602 quidem
1388 1563 1499 1598 multa,
1521 1563 1654 1600 operarii
1681 1567 1780 1592 autem
1797 1564 1892 1601 pauci
1898 1574 1908 1598 ,·
1928 1567 2030 1601 royate

1179 1620 1247 1649 erqo
1282 1611 1442 1639 Dominum
1476 1611 1595 1645 messis,
1628 1614 1660 1639 ut
1689 1611 1787 1640 mittat
1818 1611 1972 1648 operarios
1998 1611 2030 1639 in

1179 1667 1300 1687 messem
1320 1666 1426 1692 suam,
1442 1658 1601 1692 insinuans,
1617 1658 1691 1695 quod
1705 1658 1843 1687 bonorum
1866 1658 2028 1695 pontificum

1179 1714 1234 1734 non
1257 1709 1312 1734 tam
1334 1708 1375 1734 est
1396 1705 1534 1742 patienter
1555 1705 1629 1734 ferre
1657 1713 1740 1742 quam
1767 1705 1957 1734 desideranter
1982 1713 2030 1742 ap-

1178 1756 1274 1790 petere
1295 1755 1489 1789 cooperatores
1509 1752 1691 1789 evangelistas
1712 1752 1747 1781 ad
1771 1752 1964 1781 multitudines
1989 1752 2030 1781 di-

1179 1800 1308 1829 vinarum
1330 1799 1462 1828 messium
1485 1799 1660 1836 colligendas.

1258 1848 1284 1875 8.
1324 1846 1403 1883 Quod
1433 1846 1577 1876 attendens
1608 1846 1711 1875 Christi
1738 1846 1865 1875 Vicarius
1902 1846 2030 1884 Petrique

1179 1902 1323 1924 successor
1340 1894 1372 1929 ¹²,
1393 1896 1490 1931 utpote
1512 1893 1597 1923 sancti
1614 1893 1734 1930 Spiritus
1753 1893 1937 1923 illustratione
1950 1901 2030 1931 prae-

1178 1945 1294 1976 ventus,
1316 1944 1419 1970 statum
1436 1942 1512 1970 hunc
1526 1941 1775 1978 evangelizantium
1789 1949 1961 1978 pauperum,
1980 1941 2028 1978 qui

1179 1989 1261 2018 saluti
1282 1989 1439 2017 animarum
1462 1988 1652 2022 intenderent,
1675 1990 1806 2025 tanquam
1835 1988 1950 2017 caelitus
1978 1988 2029 2017 sihi

1180 2036 1296 2064 missum
1324 2043 1389 2064 cum
1420 2035 1559 2064 hilaritate
1589 2035 1727 2072 suscepit,
1758 2035 1860 2072 pietate
1894 2034 2029 2069 confovit,

1177 2083 1343 2111 auctoritate
1364 2082 1506 2111 roboravit
1527 2085 1554 2110 et
1575 2084 1710 2119 potestate
1731 2081 1852 2111 defendit
1879 2084 1906 2111 et
1924 2084 1957 2110 ut
1981 2082 2029 2110 Pa-

1179 2129 1302 2158 triarcha
1323 2129 1401 2157 Iacob
1416 2129 1440 2146 ¹³
1463 2132 1594 2166 tanquam
1622 2128 1693 2157 filios
1720 2128 1902 2158 accrescentis
1932 2128 2028 2166 Ioseph

1178 2176 1369 2212 multipliciter
1390 2175 1542 2210 benedixit,
1564 2176 1609 2212 pie
1636 2175 1663 2204 in
1686 2176 1738 2204 hoc
1766 2175 1915 2212 providens
1946 2175 2028 2204 saluti

1178 2223 1334 2252 animarum
1357 2226 1384 2251 et
1405 2223 1433 2251 in
1454 2223 1532 2251 nullo
1552 2222 1746 2260 praeiudicans
1766 2223 1924 2252 auctoritati
1940 2223 2028 2260 ponti-

1178 2271 1263 2299 ficum
1280 2271 1312 2304 ¹4,
1334 2273 1465 2307 tanquam
1487 2278 1605 2305 ornans,
1626 2278 1681 2298 non
1712 2269 1878 2299 deordinans
1902 2270 2029 2299 ecclesia-

1179 2317 1276 2346 sticam
1308 2317 1504 2346 hierarchiam.
1536 2317 1623 2345 Tanta
1654 2316 1728 2345 enim
1758 2319 1819 2345 erat
1849 2316 1877 2345 in
1908 2316 2028 2345 adventu

1236 2520 1246 2533 ⁹
1263 2521 1334 2549 Epist.
1352 2522 1366 2543 l.
1385 2520 1437 2543 Cor.
1455 2520 1481 2549 4,
1500 2519 1540 2542 115:
1568 2520 1610 2542 Per
1636 2519 1788 2547 Evangelium
1815 2525 1860 2547 ego
1882 2525 1925 2541 vos
1950 2519 2020 2547 genui

1175 2561 1223 2583 Gal.
1241 2561 1265 2586 lt.
1286 2561 1327 2582 119:
1344 2560 1416 2582 Filioli
1432 2559 1488 2587 mei,
1506 2565 1565 2588 quos
1583 2559 1666 2581 iterum
1678 2558 1781 2586 parturIO
1794 2560 1850 2585 etc.;
1868 2558 1882 2580 I.
1894 2557 1946 2581 Cor.
1959 2558 1980 2586 3,
1993 2558 2019 2580 2:

1174 2600 1219 2622 Lac
1236 2599 1304 2622 vobis
1321 2602 1402 2627 potum
1420 2598 1488 2627 dedi,
1505 2604 1550 2621 nou
1563 2604 1653 2625 escam;
1670 2597 1775 2620 nondum
1787 2597 1847 2620 enim
1862 2597 1970 2625 poteratis
1982 2599 2026 2620 etc.

1175 2638 1220 2661 Csr.
1237 2638 1307 2661 Hebr.
1324 2638 1350 2667 5,
1370 2639 1406 2661 ⁴2.
1424 2644 1490 2667 seqq.
1507 2650 1537 2653 —
1555 2637 1666 2665 Superius
1683 2643 1726 2665 pro
1743 2635 1793 2660 sive
1810 2635 1854 2660 CG
1871 2642 1921 2659 seu.

1240 2677 1260 2690 ¹⁰
1277 2678 1334 2700 Edd.
1353 2680 1432 2700 contra
1444 2677 1513 2700 codd.
1525 2677 1546 2700 et
1557 2677 1686 2706 gementem
1697 2675 1814 2706 infantem
1826 2675 1918 2699 lactari.
1931 2675 2025 2698 Inferius

1176 2724 1218 2746 pro
1236 2716 1390 2740 desiderabile
1407 2717 1425 2739 G
1442 2715 1583 2739 delectabile.

1239 2755 1258 2769 ¹¹
1276 2756 1333 2784 Cap.
1350 2757 1376 2784 9,
1393 2756 1432 2778 37.
1449 2758 1471 2778 et
1489 2756 1526 2778 38.

1240 2794 1259 2808 ¹²
1278 2796 1367 2818 Scilicet
1385 2796 1499 2817 Innocent.
1511 2795 1544 2817 III.
1558 2794 1590 2823 (et
1606 2796 1686 2822 postea
1703 2793 1818 2816 Honorius
1836 2794 1880 2820 lll.;
1897 2794 1938 2815 cfr.
1955 2799 2025 2821 supra

1177 2842 1231 2864 pag.
1258 2835 1315 2862 292,
1340 2837 1394 2857 nota
1420 2834 1480 2863 ta).
1506 2833 1565 2856 Vide
1590 2834 1690 2862 Bouav.,
1717 2832 1823 2861 Legenda
1851 2832 1873 2854 S.
1899 2832 2026 2859 Franctsci‚

1178 2880 1199 2897 c.
1219 2874 1241 2896 3.
1257 2876 1280 2896 et
1298 2873 1319 2896 4.

1240 2912 1260 2927 ¹³
1277 2913 1335 2935 Gen.
1353 2912 1393 2940 49,
1411 2913 1449 2935 22.
1466 2911 1533 2934 Iacob
1551 2910 1691 2934 benedicens
1707 2911 1789 2939 Ioseph
1806 2910 1849 2933 ait:
1865 2910 1934 2933 Filius
1950 2916 2027 2933 accre-

1178 2958 1244 2975 scens
1261 2953 1350 2980 loseph,
1367 2952 1429 2974 fitius
1446 2956 1579 2974 accrescens
1595 2954 1617 2973 et
1633 2950 1733 2973 decorus
1749 2952 1842 2978 aspectu
1860 2953 1903 2972 etc.

1242 2990 1262 3004 ¹4
1279 2991 1325 3014 Cir.
1342 2997 1411 3019 supra
1429 2997 1484 3019 pag.
1496 2990 1549 3019 344,
1561 2992 1616 3013 nota
1635 2990 1655 3012 t.
1673 3002 1703 3006 -
1720 2989 1816 3012 Inferius
1827 2995 1870 3017 pro
1882 2987 2025 3012 deordinans

1180 3030 1219 3060 (ita
1236 3030 1263 3060 Β)
1281 3030 1335 3053 edd.
1352 3029 1480 3053 deornans.

2039 435 2108 470 sepum*

2055 912 2108 932 Aliae*
2115 921 2125 935 la

2043 937 2110 961 metaph
2115 944 2132 959 ιο,

2113 1199 2115 1215 l

2114 1216 2115 1227 l

2114 1231 2115 1244 l

2047 1334 2112 1354 Noram
2119 1341 2129 1355 i.

2055 1851 2133 1875 prophta

2046 1875 2112 1894 ratione
2120 1875 2133 1900 *Ie

2059 1903 2069 1917 a
2081 1898 2112 1917 lun
2123 1898 2133 1917 )ι

2060 1923 2106 1941 'uem
2120 1922 2133 1940 ui

2045 1950 2112 1969 gaesus
2124 1945 2133 1964 it
