2133 3317
190 463 275 482 Secunda

162 487 275 505 describitur

166 510 275 534 quadrupli-

166 535 219 552 citer.

287 239 344 268 [448

290 316 443 352 subiunyit
468 315 690 344 nocumentum,
713 310 769 339 ibi:
796 321 810 334 (ι
824 309 894 345 Quia
915 308 957 336 ira
978 311 1004 337 et
1025 310 1138 336 contur-

291 364 365 393 batio
386 363 413 390 in
435 370 463 390 se
484 364 512 389 et
532 360 559 388 in
581 358 642 387 aliis
662 357 817 394 impediunt
839 356 980 385 caritatem
996 367 1022 383 n.

371 409 416 436 40.
440 408 534 435 Pacem
557 404 649 442 quoad
671 405 809 432 Fratrem
827 405 993 439 peccantem
1008 401 1140 430 describit

292 454 512 494 quadrupliciter
525 463 530 480 :
546 451 637 488 quoad
649 454 806 488 paternam
823 448 1018 487 affectionem,
1033 448 1139 477 decimo

292 501 431 538 capitulo:
459 498 602 527 «Ministri
631 505 696 526 vero
722 496 865 525 caritative
893 498 921 524 et
947 495 1065 532 benigne
1093 502 1139 523 eos

292 548 462 585 recipiant».
475 545 570 582 Quoad
585 544 754 582 fraternam
769 543 992 576 correctionem,
1008 542 1060 571 ibi:
1082 553 1094 566 (ε
1109 542 1139 570 Et

292 597 395 623 tantam
424 592 638 621 familiaritatem
669 591 788 619 habeant
812 590 886 618 circa
907 589 981 626 ipsos
996 601 1022 616 ».
1044 588 1140 625 Quoad

292 640 515 670 benevolentiam
536 643 562 667 et
581 638 700 675 sirmam
724 636 990 670 assecurationem,
1005 636 1057 664 ibi:
1078 647 1091 660 «
1107 635 1140 663 Ut

291 688 383 717 dicere
404 686 511 723 possint
532 686 571 714 eis
586 688 612 714 et
626 685 717 713 facere
732 684 804 712 sicut
818 683 920 711 domini
936 682 1024 711 servis
1039 682 1097 710 suis
1112 693 1138 709 ».

291 734 386 772 Quoad
404 732 567 771 perfectam
589 731 798 764 humilitatem,
820 730 856 758 ibi
871 740 876 757 ς
897 742 909 754 «ι
925 729 992 757 Nam
1007 729 1045 757 ita
1059 728 1140 757 debet

291 790 366 815 esse,
392 781 466 818 quod
495 779 611 808 Ministri
633 779 688 807 sint
719 777 792 806 servi
821 777 945 805 omnium
967 776 1138 804 Fratrum».

292 829 365 857 Hanc
386 827 572 856 humilitatem
593 825 692 854 habuit
713 824 815 852 Paulus
836 822 992 860 apostolus,
1008 822 1102 850 dicens
1115 822 1140 849 ¹:

292 876 352 913 Egyo
384 883 451 902 sum
482 873 625 902 minimus
655 871 878 909 Apostolorum,
907 870 960 908 qui
987 878 1046 897 non
1073 877 1140 897 sum

292 922 400 959 diynus
421 921 525 949 vocari
545 919 710 957 Apostolus.
740 917 880 947 Perfectus
905 917 977 945 enim
999 916 1141 953 praelatus

291 969 434 1005 indignum
458 976 487 996 se
508 967 590 995 debet
618 968 766 1003 reputare,
792 968 824 993 ut
845 963 949 1001 praesit
969 963 1047 997 aliis,
1076 962 1143 999 quia

292 1016 363 1045 forte
384 1014 486 1043 subditi
509 1014 637 1042 meliores
659 1015 723 1041 sunt
742 1012 802 1049 ipso
817 1019 909 1040 coram
925 1011 989 1039 Deo.
1005 1010 1067 1038 Ideo
1083 1009 1144 1038 noli

292 1063 360 1091 velle
380 1062 447 1099 sieri
467 1061 573 1095 iudex,
596 1060 656 1088 nisi
676 1059 776 1088 valeas
796 1058 901 1087 virtute
916 1058 1083 1094 irrumpere
1099 1057 1141 1085 vi-

294 1110 353 1143 tia,
377 1107 556 1138 Ecclesiastici
579 1107 696 1144 septimo
711 1106 731 1134 ².

616 232 814 262 OPUSCULUM
835 230 913 259 XVII.
936 229 1047 258 SERMO
1068 229 1171 258 SUPER
1194 228 1347 257 REGULAM
1368 227 1523 256 FRATRUM
1545 225 1708 254 MlNORUM.

1275 306 1320 334 41.
1337 306 1478 334 Praelatus
1489 304 1548 333 istis
1559 306 1680 341 quatuor
1696 303 1783 332 modis
1797 303 1940 340 regulatus
1951 305 2041 339 potest

1194 353 1286 381 dicere
1308 352 1375 382 illud
1398 351 1535 380 secundae
1550 351 1583 379 ad
1608 350 1766 379 Corinthios
1787 349 1931 378 decim03:
1954 349 2039 385 Spem

1196 398 1356 427 habeamus
1379 398 1532 427 crescentis
1552 397 1621 434 fidei
1640 400 1762 431 vestrae,
1779 397 1810 425 in
1824 396 1904 424 vobis
1924 395 2040 432 magini-

1195 446 1284 483 fi'cari
1304 446 1464 474 secunaum
1485 445 1618 482 regyulam
1641 448 1775 473 nostram
1792 444 1824 472 in
1846 442 2039 472 abundantia.

1197 494 1253 522 Sub
1275 493 1320 521 tali
1343 492 1466 529 praelato
1487 495 1620 520 crescunt
1641 491 1742 520 subditi
1758 491 1786 519 in
1800 490 1854 519 fide
1868 492 1896 519 et
1909 490 1969 518 aliis
1986 489 2042 517 vir—

1197 540 1312 569 tutibus.
1337 540 1367 568 Et
1388 539 1446 575 ipse
1467 539 1607 575 praelatus
1629 538 1781 567 secundum
1802 538 1874 566 hanc
1901 537 2042 574 regulam,

1197 595 1279 624 quam
1296 586 1379 615 habet
1400 585 1434 613 ad
1455 585 1580 613 sudetos
1594 584 1658 617 sibi,
1680 583 1893 621 magnificatur
1914 584 1942 611 in
1963 590 2043 620 prae-

1197 634 1265 663 senti
1282 641 1332 670 per
1347 633 1462 670 gratiam
1478 635 1505 661 et
1520 632 1546 660 in
1562 632 1658 660 futuro
1679 639 1729 668 per
1750 631 1883 668 gloriam,
1898 630 1978 667 quia,
2000 637 2042 658 se-

1197 681 1319 709 eundum
1335 680 1494 717 Apostolum
1506 680 1530 713 4,
1546 678 1598 717 qui
1619 678 1685 706 bene
1703 682 1848 715 praesunt
1869 677 1981 714 duplici
1995 675 2044 705 Ito-

1197 736 1267 756 nore
1289 727 1373 764 (liqui
1400 725 1593 754 habebuntur.
1621 725 1652 753 Et
1674 725 1726 753 hoc
1755 724 1782 752 in
1807 724 1929 752 maxima
1950 723 2044 752 abun-

1198 774 1319 807 dantia,
1349 774 1414 810 quia
1435 776 1537 810 potens
1558 775 1598 800 est
1620 772 1696 800 Deus
1721 780 1834 800 omnem
1859 771 1991 809 qratiam
2020 773 2045 799 et

1197 822 1313 859 gloriam
1329 821 1355 849 in
1372 821 1474 849 talibus
1488 819 1586 857 faeere
1601 819 1771 853 abundare,
1787 818 1820 847 ad
1835 818 1992 847 Corinthios
2004 818 2023 845 ⁵.

1279 868 1460 905 Quicumque
1481 875 1547 903 ergo
1569 865 1645 894 Itane
1660 865 1795 903 reyulam
1809 864 1901 894 secuti
1913 863 2044 902 fuerint,

1196 924 1259 952 pax
1287 923 1376 951 supet=
1404 914 1507 948 illosss,
1536 922 1591 950 pax
1620 913 1723 942 scilicet
1752 912 1903 949 temporis,
1924 911 1991 949 quia
2017 911 2046 939 in

1198 962 1336 999 praesenti
1359 970 1414 990 non
1435 969 1532 998 aspere
1554 960 1718 994 visitantur;
1741 968 1797 996 pax
1819 959 1900 988 etiam
1923 957 2047 987 aeterni-

1200 1009 1284 1043 tatis,
1300 1009 1334 1037 de
1349 1017 1404 1045 qua
1424 1008 1526 1037 dicitur
1541 1008 1569 1036 in
1584 1007 1652 1036 lsaia
1665 1018 1670 1035 :
1686 1006 1797 1035 Sedebit
1815 1005 1943 1043 populus
1963 1013 2045 1034 meus

1200 1057 1231 1084 in
1243 1056 1444 1093 pulcritudine
1462 1055 1556 1092 pacis.
1579 1054 1616 1083 Ad
1638 1062 1721 1091 quam
1744 1061 1839 1090 pacem
1860 1055 1957 1082 auctor
1971 1051 2046 1089 pacis

1200 1106 1227 1131 et
1247 1105 1353 1131 amator
1374 1110 1424 1131 nos
1446 1102 1587 1139 perducat.
1609 1102 1702 1130 Amen.

767 1229 893 1257 Exrucu
915 1229 1006 1256 SERMO
1027 1235 1112 1255 suren
1135 1226 1270 1254 REGULAM
1290 1226 1422 1253 FRATRUM
1443 1226 1584 1253 Mmonum.

360 1427 367 1440 ¹
387 1427 456 1455 Epist.
474 1427 489 1449 l.
507 1425 557 1448 Cor.
576 1425 618 1452 45,
637 1425 660 1447 9.

358 1467 367 1481 ²
386 1467 450 1489 Vers.
469 1466 498 1487 6:
516 1465 564 1487 Noli
581 1470 694 1493 quaerere
711 1463 761 1486 fieri
778 1463 846 1486 iudex
864 1466 906 1485 etc.

357 1505 366 1518 ⁵
382 1506 448 1528 Vers.
470 1505 519 1532 i5.;
537 1505 577 1526 cfr.
594 1510 665 1531 supra
684 1509 736 1531 pag.
756 1502 812 1530 445,
831 1506 883 1524 nota
901 1502 922 1524 5.

357 1544 367 1557 ‘¹
384 1544 456 1572 Epist.
474 1545 489 1566 1.
507 1544 566 1565 Tim.
586 1543 612 1570 5,
631 1542 673 1565 47:
691 1542 735 1570 Qui
753 1541 812 1564 bene
824 1543 935 1569 praesunt
947 1540 1090 1569 presbyteri,
1104 1540 1144 1562 du-

294 1584 347 1612 plici
365 1585 453 1605 honore
469 1582 533 1610 digni
552 1581 688 1604 habeantur.
714 1580 759 1603 Cl’r.
785 1579 940 1602 Commentar.
962 1579 985 1601 in
1003 1580 1065 1601 hunc
1088 1578 1145 1605 loc.‚

294 1623 359 1653 quod
376 1621 475 1645 habetur
494 1622 551 1644 inter
568 1627 639 1649 opera
652 1619 768 1642 Ambrosii
779 1628 784 1641 :
797 1619 852 1641 Boni
865 1619 1039 1647 dispensatores
1051 1623 1078 1640 ac
1092 1617 1146 1640 flde-

1202 1422 1234 1443 les
1251 1427 1297 1443 non
1314 1421 1388 1443 solum
1407 1421 1496 1442 honore
1513 1419 1607 1442 sublimi
1629 1418 1716 1441 debent
1740 1418 1806 1446 digni
1830 1417 1940 1446 iudicari,
1964 1417 2005 1440 sed
2027 1419 2051 1439 et

1201 1463 1292 1482 terreno
1310 1462 1353 1482 ete.

1266 1497 1274 1510 ⁵
1291 1499 1361 1526 Epist.
1380 1499 1402 1520 ll.
1422 1504 1441 1519 e.
1459 1498 1486 1524 9,
1505 1498 1534 1519 8:
1556 1497 1639 1519 Potens
1655 1499 1689 1519 est
1705 1499 1783 1519 autem
1801 1496 1863 1518 Deus
1882 1501 1974 1518 omnem
1998 1501 2050 1523 gra-

1203 1538 1257 1561 tiam
1275 1537 1396 1560 abundare
1414 1537 1490 1559 facere
1508 1537 1531 1558 in
1549 1536 1624 1558 vobis.

1266 1576 1275 1589 ὃ
1293 1577 1341 1599 Gal.
1359 1577 1385 1605 6,
1405 1577 1443 1598 ν16.
1461 1588 1492 1592 -
1510 1574 1613 1598 Subinde
1635 1575 1747 1603 allegatur
1768 1574 1817 1597 lsai.
1835 1574 1877 1602 32,
1895 1574 1940 1601 485
1957 1574 1991 1596 cfr
2016 1579 2052 1596 su-

1204 1623 1245 1645 pra
1262 1622 1317 1644 pag.
1336 1615 1395 1643 441,
1411 1618 1465 1637 nota
1484 1615 1504 1636 l.

2077 310 2132 334 Epilu

2062 869 2125 889 cononi
2131 885 2133 891 .
