2133 3317
121 1065 149 1093 υς
159 1069 239 1092 praepa-

110 1091 184 1108 ratione
205 1094 239 1107 lm·

109 1112 198 1132 mediata.

116 1629 145 1648 De
157 1628 240 1655 celebra-

149 1654 208 1671 tione.

256 227 310 255 106

252 304 377 333 vadensl
399 304 432 333 ad
454 304 626 341 spiritualem
648 303 785 332 medicum
802 306 830 332 et
844 306 967 340 patrem,
982 304 1026 333 dic
1042 312 1104 341 pec-

253 354 314 380 cata
336 354 398 385 tua,
422 359 475 380 non
498 350 638 379 communi
660 353 688 379 et
718 351 839 387 generali
862 351 1049 386 confessione,
1072 354 1104 380 ut

253 398 367 435 quidam
388 398 452 426 duri
474 397 556 426 corde
577 397 697 431 faciunt,
720 397 864 434 palliantes
884 397 956 426 foliis
977 406 1104 427 commu-

253 445 331 474 nium
352 445 504 474 verborum
525 444 553 472 in
575 444 697 481 generali
721 445 891 474 confessione
913 453 964 474 sua
979 445 1104 474 enormia

254 495 381 529 peccata,
403 494 431 520 et
451 492 556 529 absque
579 492 747 520 verecundia
767 495 795 520 et
815 492 911 521 dolore
932 492 1024 521 taliter
1039 501 1104 530 pro-

254 539 389 573 ferentes,
411 542 442 567 ut
464 539 547 567 etiam
576 538 602 567 in
629 538 726 575 plateis
751 542 863 575 possent
884 539 977 568 taliter
999 539 1103 577 absque

254 586 358 615 rubore
379 586 489 623 publice
510 585 645 614 confiteri.
667 586 737 615 Haec
758 594 812 614 non
834 589 876 615 est
891 586 1033 620 confessio,
1056 586 1104 615 sed

253 633 378 669 deceptio
399 636 425 662 et
447 633 556 662 derisio.
580 633 631 661 Sed
653 633 675 662 si
697 633 738 661 vis
760 633 868 667 sanari,
889 633 965 670 aperi
987 633 1104 662 vulnera

254 683 302 708 tua
323 682 350 709 et
371 680 405 709 de
426 679 564 716 profundo
580 680 663 709 corde
677 688 778 709 enarra
792 680 866 709 clare
880 683 907 709 et
922 683 1017 717 aperte
1032 688 1103 717 quae

255 730 317 764 post
338 727 547 763 praecedentem
577 726 775 755 confessionem
807 727 901 764 egisti,
925 735 979 755 non
1012 727 1102 756 solum

254 781 350 811 opera,
373 773 420 803 sed
442 776 469 803 et
496 773 675 811 cogitationes
703 781 864 810 perversas,
887 782 1008 811 quarum
1030 774 1103 803 dele-

254 821 336 850 ctatio
367 824 487 850 mentem
519 821 654 855 maculat,
677 829 730 849 non
763 821 852 849 solum
883 821 1025 855 mortalia,
1056 821 1103 850 sed

255 868 337 896 etiam
360 868 476 897 venialia
498 868 642 905 graviora,
665 876 736 905 quae
758 868 953 897 conscientiam
978 868 1106 897 mordent

256 917 284 944 et
303 915 424 944 laedunt.
457 915 554 944 Cetera
583 923 633 952 per
664 915 776 943 modum
802 915 960 952 generalem
981 915 1104 944 breviter

255 964 282 991 et
303 962 376 991 clare
397 962 533 999 exprime.

333 1011 360 1038 Ξ.
382 1009 501 1043 Deinde,
523 1012 635 1046 peracta
656 1009 823 1046 poenitentia
841 1009 890 1038 tihi
911 1009 1043 1041 iniuncta,
1058 1009 1105 1037 de-

255 1059 334 1086 canta
356 1064 419 1085 cum
441 1056 608 1085 devotione²
624 1057 685 1085 illos
704 1057 828 1093 quinque
849 1056 986 1093 psalmos:
1010 1056 1105 1091 Quam

258 1104 376 1138 dilecta,
394 1104 586 1137 Benedixisti,
605 1104 731 1137 lactina,
746 1103 864 1132 Credidi
877 1106 904 1132 et
920 1103 959 1131 De
979 1102 1105 1140 profun-

255 1151 311 1184 dis,
327 1159 390 1179 cum
405 1151 463 1179 suis
478 1151 623 1179 versiculis
637 1154 665 1179 et
678 1151 858 1179 orationibus.
875 1150 954 1179 Dicas
976 1150 1067 1183 etiam,
1083 1149 1105 1178 si

255 1201 365 1235 tempus
386 1198 520 1235 suppetit,
543 1198 696 1227 orationem
718 1198 792 1226 illam
814 1197 932 1226 Summe
951 1197 1105 1230 Sacerdos,

256 1253 327 1282 quae
348 1245 427 1274 valde
449 1245 548 1274 efficax
571 1248 612 1273 est
632 1247 660 1273 et
689 1244 796 1273 devota.
829 1244 924 1273 Postea
954 1243 1106 1280 procedens

259 1292 293 1321 ad
314 1292 400 1321 altare
421 1292 533 1321 recole3
566 1292 708 1320 Christum
736 1295 848 1320 euntem
876 1291 911 1320 ad
939 1298 1051 1319 crucem
1080 1293 1107 1319 et

257 1339 311 1377 fige
332 1347 379 1368 cor
400 1339 434 1368 ad
455 1347 487 1368 ea
515 1347 587 1376 quae
617 1339 643 1367 in
672 1339 799 1375 passione
827 1342 906 1375 gesta
927 1340 1011 1371 sunt;
1034 1337 1107 1374 legas

258 1387 331 1416 clare
352 1389 380 1415 et
400 1386 528 1415 distincte
549 1394 581 1415 ea
601 1393 673 1423 quae
699 1385 813 1423 legenda
834 1388 912 1419 sunt,
934 1393 989 1413 non
1012 1384 1107 1412 multi—

256 1433 383 1471 plicando
404 1433 531 1462 collectas
553 1433 650 1462 nimias
676 1441 726 1461 nec
753 1433 806 1461 alia
831 1432 945 1469 legendo
967 1440 1003 1460 ex
1024 1431 1107 1460 devo—

256 1480 330 1509 tione
352 1480 394 1508 vel
417 1479 530 1516 proprio
550 1479 682 1513 arbitrio,
704 1487 787 1516 quam
810 1478 884 1516 quod
905 1486 921 1507 a
942 1477 1044 1507 sanctis
1059 1477 1107 1505 Pa-

257 1527 348 1556 tribus
369 1527 528 1555 institutum
550 1529 600 1555 est.

336 1574 361 1603 3.
395 1574 464 1602 Cum
492 1577 584 1603 autem
618 1573 779 1610 perveneris
806 1573 840 1601 ad
870 1575 997 1601 sanctum
1026 1580 1107 1600 cano-

258 1629 337 1656 nem,
353 1621 481 1658 recollige
497 1624 630 1654 mentem,
653 1628 686 1649 ne
707 1628 757 1657 per
778 1619 888 1648 diversa
906 1622 1035 1655 vagetur,
1057 1618 1107 1647 et4

257 1676 364 1706 appone
378 1668 547 1705 diligentiam
563 1676 689 1705 magnam
702 1667 730 1696 in
746 1667 831 1704 signis
846 1670 873 1695 et
886 1667 1007 1701 actibus,
1024 1666 1107 1695 maio-

258 1724 317 1745 rem
338 1716 366 1744 in
391 1715 498 1749 verbis,
520 1715 671 1743 maximam
691 1715 718 1743 in
744 1714 909 1748 intentione,
931 1713 1022 1750 primo
1044 1722 1108 1750 pro-

257 1766 319 1800 pter
350 1762 545 1792 continentiam
578 1765 633 1790 tam
662 1761 774 1798 pretiosi
800 1761 940 1798 corporis,
971 1760 1108 1795 secundo,

259 1809 373 1846 propter
395 1808 591 1838 continentiam
621 1810 677 1836 tam
699 1808 834 1845 gloriosae
863 1808 984 1842 animae,
1013 1808 1107 1841 tertio,

258 1859 372 1893 propter
393 1855 589 1885 continentiam
612 1855 726 1883 Deitatis
752 1855 911 1884 immensae.
938 1871 974 1875 —
1000 1855 1028 1883 ln
1054 1854 1109 1883 Me-

258 1906 352 1932 memo
373 1911 440 1932 vero
468 1905 523 1931 tam
552 1910 602 1939 pro
624 1902 693 1931 vivis
721 1910 804 1939 quam
834 1910 884 1938 pro
913 1901 1032 1930 mortuis
1054 1910 1107 1930 non

257 1949 306 1978 fiat
326 1957 389 1979 cum
412 1957 478 1978 voce
499 1952 526 1978 et
550 1949 643 1978 verbis
664 1948 909 1983 recommendatm,
932 1948 980 1977 sed
1000 1951 1109 1977 tantum

258 2000 350 2026 mente
371 1997 498 2026 discurre
519 2005 568 2034 per
590 1996 722 2034 quasdam
745 2004 877 2033 personas
891 1995 978 2033 magis
998 1995 1109 2024 intimas

259 2047 421 2081 ceterasque
446 2044 575 2080 recollige
597 2043 649 2072 sub
670 2043 845 2081 compendio,
868 2043 992 2072 referens
1019 2043 1109 2071 inten-

260 2091 361 2120 tionem
383 2091 417 2120 ad
431 2098 542 2125 omnes,
564 2099 616 2128 pro
636 2090 739 2127 quibus
753 2092 834 2119 antea
848 2090 933 2119 orasti
955 2090 1013 2118 sive
1027 2097 1109 2118 orare

582 225 779 254 OPUSCULUM
801 226 831 254 V.
854 225 969 254 TRACT.
993 226 1035 254 DE
1058 226 1323 256 PRAEPARATIONE
1346 228 1389 256 AD
1410 228 1537 258 MISSAM.
1560 229 1628 257 CAP.
1651 229 1679 257 ll.

1161 306 1328 341 proposuisti
1341 306 1360 334 ⁵.
1377 306 1449 335 Dum
1470 309 1563 336 autem
1585 307 1745 343 perveneris
1765 308 1799 336 ad
1823 309 1881 344 chi
1897 309 2009 346 pridie,

1160 351 1248 389 dirige
1280 356 1399 382 mentem
1428 356 1455 382 et
1476 354 1655 383 intentionem
1685 357 1759 383 tuam
1789 355 1822 383 ad
1854 356 2009 385 faciendum

1161 398 1228 427 illud
1250 399 1324 436 quod
1346 399 1483 429 intellexit
1504 400 1632 429 Christus
1652 401 1680 429 in
1702 409 1753 430 sua
1774 409 1871 436 coena,
1893 405 1920 431 et
1934 403 2009 439 quod

1161 445 1277 475 intendit
1292 450 1386 475 sancta
1400 447 1486 476 Mater
1506 447 1634 476 Ecclesia.
1651 448 1679 476 In
1697 448 1904 478 Commum'one
1917 453 2010 478 autem

1160 493 1301 529 paulisper
1322 493 1442 522 subsiste
1472 496 1499 522 et
1520 493 1563 523 dic
1591 502 1647 523 non
1668 494 1762 531 lingua
1783 495 1826 524 vel
1847 495 1939 530 labiis,
1962 496 2010 525 sed

1161 539 1261 568 corde:

1535 632 1640 663 Oratio.

1240 726 1267 755 [ι.
1289 726 1404 755 Domine
1424 727 1476 761 mi,
1495 727 1558 764 quis
1576 735 1605 756 es
1626 730 1673 762 tu,
1692 731 1719 757 et
1734 728 1797 765 quis
1818 736 1879 757 sum
1901 737 1965 766 ego,
1980 731 2012 758 ut

1162 781 1337 810 praesumam
1359 777 1386 802 te
1407 774 1517 803 mittere
1538 774 1567 803 in
1588 775 1717 803 latrinam
1738 775 1866 804 foetidam
1888 775 2013 812 corporis

1162 820 1215 849 mei
1243 823 1270 848 et
1291 820 1398 849 animae
1426 824 1525 850 meae?
1546 821 1580 850 Ut
1601 821 1668 858 quid
1698 830 1741 851 me
1772 822 1875 857 fecisti,
1904 826 1936 851 ut
1963 822 2013 851 tibi

1162 867 1233 895 lianc
1255 867 1385 895 iniuriam
1407 867 1607 896 exsecrandam
1628 868 1766 897 facerem?
1788 869 1859 897 Mille
1880 869 1952 897 enim
1975 869 2014 897 la-

1163 921 1323 950 crymarum
1352 914 1416 942 anni
1448 918 1474 943 et
1496 915 1685 951 ponitentiae⁶
1707 923 1761 944 non
1793 915 1954 944 sufficerent
1977 915 2012 944 ad

1164 964 1218 989 tam
1241 960 1332 989 nobile
1354 961 1563 990 Sacramentum
1585 962 1667 999 digne
1681 962 1767 991 semel
1788 962 2012 999 percipiendum3

1163 1012 1269 1044 quanto
1289 1008 1376 1044 magis
1398 1016 1448 1045 ego
1470 1009 1555 1037 miser
1570 1009 1700 1046 indignus
1720 1017 1798 1044 sum,
1821 1009 1868 1046 qui
1891 1010 2013 1047 quotidie

1164 1062 1255 1090 pecco,
1270 1054 1466 1092 incorrigibilis
1482 1063 1631 1092 persevero
1642 1058 1670 1084 et
1684 1055 1886 1093 impraeparate
1901 1056 2012 1090 acced0;

1163 1101 1259 1129 sedin
1284 1101 1424 1130 infinitum
1452 1102 1540 1131 maior
1562 1105 1604 1131 est
1633 1102 1822 1131 misericordia
1850 1105 1898 1131 tua
1929 1111 2013 1140 quam

1162 1156 1224 1176 mea
1245 1148 1368 1183 miseria;
1385 1149 1458 1178 unde
1479 1149 1513 1178 de
1534 1152 1582 1178 tua
1596 1150 1697 1186 pietate
1719 1150 1840 1179 confisus
1855 1152 1882 1179 te
1903 1158 2014 1179 sumere

1164 1203 1321 1231 praesumo.

1243 1242 1312 1271 Haec
1327 1242 1399 1271 enim
1411 1243 1467 1271 duo
1481 1243 1604 1272 maxime
1615 1243 1801 1280 requiruntur
1812 1244 1846 1272 ad
1861 1251 2013 1281 congruam

1164 1288 1370 1325 perceptionem
1385 1289 1567 1323 Sacramenti,
1590 1289 1693 1318 scilicet
1713 1290 1851 1327 profunda
1873 1290 2014 1319 humilitas

1164 1343 1228 1364 cum
1250 1335 1448 1365 annihilatione
1469 1336 1511 1365 sui
1534 1339 1561 1365 et
1582 1337 1736 1373 compassio
1758 1337 1856 1366 mortis
1877 1337 1987 1366 Christi.

1244 1384 1270 1411 ὃ.
1293 1383 1355 1411 Post
1369 1383 1592 1412 communionem
1607 1384 1629 1412 si
1651 1392 1705 1412 non
1721 1384 1806 1413 sentis
1827 1384 1947 1421 aliquam
1963 1383 2015 1421 spi-

1165 1430 1293 1459 ritualem
1322 1430 1516 1465 refectionem,
1539 1430 1649 1467 signum
1675 1433 1717 1459 est
1745 1431 1913 1459 infirmitatis
1934 1430 2015 1468 spiri-

1165 1477 1247 1505 tualis
1268 1477 1312 1505 vel
1340 1477 1446 1505 mortis.
1468 1477 1560 1514 Ignem
1581 1477 1697 1514 posuisti
1719 1478 1746 1506 in
1776 1478 1883 1512 sinum,
1912 1480 1939 1506 et
1960 1485 2016 1506 non

1165 1524 1250 1552 sentis
1271 1524 1407 1558 calorem,
1430 1525 1484 1553 mel
1512 1524 1540 1553 in
1561 1532 1625 1559 ore,
1654 1527 1682 1554 et
1702 1533 1756 1553 non
1785 1525 1869 1554 sentis
1893 1524 2016 1553 dulcedi-

1165 1579 1236 1599 nem.
1260 1571 1286 1599 Si
1308 1579 1374 1599 vero
1396 1571 1610 1600 consolationem
1631 1572 1717 1600 sentis
1737 1571 1875 1609 aliquam,
1897 1580 1951 1600 non
1966 1571 2016 1600 tibi

1167 1618 1286 1652 tribuas,
1309 1618 1356 1647 sed
1377 1626 1444 1647 suae
1465 1618 1581 1647 bonitati
1602 1619 1767 1653 immensae,
1789 1627 1861 1656 quae
1882 1619 1964 1648 etiam
1982 1619 2016 1648 ad

1166 1665 1253 1694 malos
1270 1665 1432 1694 extenditur
1444 1665 1454 1682 ⁷
1476 1668 1504 1694 et
1517 1666 1644 1703 indignos
1664 1666 1832 1700 consolatur,
1847 1669 1874 1695 et
1894 1666 1969 1696 dicas
1987 1666 2016 1695 in

1167 1712 1250 1741 corde
1271 1715 1335 1741 tuo:
1357 1712 1391 1741 ad
1413 1720 1501 1741 meam
1517 1713 1657 1741 miseriam
1678 1713 1867 1742 detestandam
1890 1721 1933 1742 me
1951 1721 2016 1742 con-

1166 1759 1231 1788 vicit
1252 1759 1394 1788 beneficiis
1425 1759 1491 1788 suis.
1524 1759 1550 1788 Si
1574 1759 1641 1788 mihi
1673 1760 1809 1797 peccatori
1843 1760 1908 1788 talia
1935 1759 2015 1794 fecit,

1166 1806 1234 1843 quid
1254 1806 1372 1841 faceret,
1394 1806 1415 1835 si
1439 1807 1523 1835 vitam
1545 1815 1635 1836 meam
1662 1810 1838 1836 correxero?
1861 1807 1922 1836 Ideo
1950 1807 2015 1836 totis

1165 1853 1273 1882 viribus
1295 1854 1356 1882 volo
1378 1862 1421 1882 me
1443 1857 1551 1883 mutare
1572 1856 1600 1883 et
1620 1862 1729 1891 semper
1751 1854 1801 1883 sibi
1820 1854 1981 1883 adhaerere.

1245 1901 1299 1929 Hoc
1319 1903 1413 1929 autem
1433 1909 1488 1929 non
1511 1904 1623 1938 reputes
1640 1908 1720 1938 posse
1742 1904 1791 1930 tua
1811 1901 1915 1930 virtute
1926 1901 1947 1935 ⁸,
1968 1901 2016 1930 sed

1165 1947 1272 1976 auxilio
1292 1947 1397 1984 gratiae
1411 1947 1486 1982 eius;
1502 1947 1577 1985 quod
1598 1947 1656 1984 ipse
1670 1947 1719 1976 tibi
1740 1950 1768 1977 et
1785 1947 1853 1976 mihi
1874 1950 2016 1985 praestare

1165 1994 1304 2031 dignetur.
1326 1994 1419 2023 Amen.

1521 2088 1656 2117 Expucrr.

324 2280 331 2293 ¹
350 2281 401 2303 vat.
418 2280 525 2308 veniens,
543 2283 623 2303 contra
641 2280 721 2307 codd,
740 2280 779 2309 qui
798 2280 883 2303 nabent
899 2281 936 2303 vel
955 2280 1055 2308 radens,
1073 2281 1109 2302 vel

260 2320 344 2348 vades,
363 2321 399 2342 vel
416 2320 506 2348 vadas,·
524 2324 577 2348 post
593 2319 630 2343 dic
643 2321 742 2349 peccata
761 2321 810 2342 Vat.
833 2320 917 2342 omittit
939 2321 993 2348 leta,
1014 2323 1036 2342 et
1058 2322 1110 2348 post

260 2359 323 2389 soliis
341 2360 410 2382 etiam
428 2359 604 2387 communium,
622 2359 723 2388 denique
736 2358 830 2389 publice
847 2362 899 2387 post
915 2358 1003 2389 absque
1015 2358 1111 2382 rubore.

324 2397 332 2410 ²
351 2399 401 2421 Vat.
419 2398 503 2420 omittit
519 2404 574 2421 cum
591 2397 718 2421 devotione.
746 2398 827 2420 Psalmi
854 2397 954 2420 subinde
978 2398 1052 2424 citati,
1070 2398 1109 2426 qui

262 2438 370 2460 dicuntur
384 2437 475 2467 psalmi
490 2443 613 2465 accessus,
631 2440 683 2459 sunt
700 2438 735 2459 Ps.
753 2438 793 2464 83,
813 2436 855 2465 84,
867 2437 909 2464 85,
930 2437 971 2459 115
983 2439 1006 2459 et
1018 2437 1026 2458 ,1
1034 2437 1070 2458 29.
1083 2436 1110 2458 Hi

261 2480 284 2499 et
300 2477 372 2499 oratio
390 2476 489 2500 Szmmze
505 2476 634 2504 Sacerdos,
652 2483 712 2505 quae
725 2476 831 2498 tribuitur
844 2476 867 2498 S.
878 2476 1001 2498 Ambrosio
1015 2476 1065 2505 (sed
1078 2479 1111 2498 est

262 2516 338 2544 potius
356 2516 470 2542 Anselmi,
487 2515 564 2538 Oratio
582 2515 642 2544 29.)‚
660 2515 773 2537 habentur
790 2515 810 2537 in
829 2514 951 2537 Breviariis
968 2517 990 2537 et
1001 2515 1111 2537 Diurnali-

262 2555 306 2578 hus
322 2555 367 2578 sub
384 2556 447 2578 titulo
466 2555 610 2583 Praeparatio
627 2555 655 2577 ad
674 2555 774 2577 Missam.

325 2593 334 2606 Β
351 2595 402 2618 vat.
419 2594 556 2618 recordare.

324 2634 334 2646 ‘¹
352 2635 419 2657 Deest
431 2634 454 2656 in
468 2635 530 2661 Vat.,
542 2640 602 2663 quae
614 2637 665 2662 post
678 2633 814 2661 inlenlionc,
832 2634 898 2662 plura
916 2634 1035 2660 omittens,
1052 2639 1112 2662 quae

263 2673 376 2697 habentur
392 2674 415 2696 in
432 2674 549 2703 plerisque
560 2674 641 2702 codd.,
655 2673 729 2702 posito
741 2675 840 2702 puncto,
853 2673 1013 2702 prosequitur:
1030 2672 1112 2696 Primo

1162 2281 1262 2309 propter
1279 2278 1447 2302 continentiam
1465 2277 1600 2301 uicinitatis
1623 2277 1764 2305 immensae,
1782 2276 1807 2300 in
1823 2277 1939 2301 Memento
1956 2279 2017 2305 cam.

1166 2319 1282 2341 Manifesta
1301 2322 1334 2340 est
1351 2319 1438 2340 lacuna.
1457 2318 1542 2340 Eadem
1560 2317 1643 2339 omittit
1659 2323 1731 2344 supra
1747 2318 1768 2339 el
1785 2319 1837 2339 ante
1854 2323 1952 2346 appone.

1229 2356 1238 2369 ⁵
1255 2358 1307 2379 Vat.
1318 2363 1372 2379 cum
1384 2356 1465 2385 paucis
1476 2356 1546 2379 codd.
1559 2362 1601 2383 pro
1613 2361 1685 2378 orare
1693 2354 1843 2385 proposuisti
1858 2355 1927 2379 habet
1944 2362 2015 2380 orare

1166 2396 1310 2426 promisisti,
1328 2399 1350 2419 et
1367 2396 1422 2418 infra
1437 2401 1516 2425 pausa
1531 2394 1656 2425 paulisper
1674 2400 1717 2422 pro
1731 2394 1857 2424 paulisper
1873 2394 1980 2419 subsisle.

1230 2435 1239 2448 ‘⁵
1258 2436 1309 2458 Yat.
1325 2436 1409 2458 omittit
1423 2434 1592 2465 poenitentiae,
1610 2440 1653 2462 pro
1671 2433 1740 2463 dique
1756 2433 1829 2456 semel
1836 2433 2015 2464 percipiendum

1168 2475 1238 2498 habet
1254 2475 1326 2498 semel
1342 2474 1411 2505 dique
1428 2473 1604 2504 acczpienclnm,
1622 2479 1692 2501 porro
1709 2472 1732 2495 in
1747 2472 1850 2502 peccatis
1867 2473 1952 2497 accedo
1972 2480 2015 2502 pro

1168 2515 1345 2545 impraeparata
1362 2514 1455 2538 accedo.

1232 2554 1240 2567 ⁷
1258 2556 1288 2577 lta
1306 2554 1349 2577 CO
1368 2554 1424 2584 [EQ
1441 2560 1465 2577 se
1482 2552 1610 2582 coetrmdit]
1638 2552 1688 2574 Vat.
1713 2553 1734 2575 el
1758 2551 1835 2575 malos
1859 2553 1881 2575 ec
1905 2552 2015 2583 indiqvos

1168 2594 1306 2617 consolatur
1324 2600 1366 2622 pro
1383 2593 1415 2616 ad
1431 2592 1508 2616 malos
1525 2590 1660 2615 attenditur
1678 2591 1701 2613 et
1715 2589 1825 2620 z'ndiynos
1842 2591 1988 2615 consolatar.

1232 2632 1241 2645 Β
1260 2633 1309 2655 Vat.
1328 2639 1381 2655 cum
1399 2632 1466 2655 CFN
1485 2634 1536 2660 post
1552 2631 1646 2660 reptiles
1663 2629 1727 2652 addit
1744 2630 1777 2657 te,
1795 2632 1818 2652 et
1834 2631 1881 2652 sola
1894 2631 1957 2659 ponit
1968 2631 2015 2655 tuis

1168 2671 1259 2695 viribus
1277 2678 1319 2700 pro
1336 2673 1377 2695 tua
1394 2671 1494 2699 rirtute;
1512 2669 1596 2693 deinde
1608 2667 1717 2692 omnibus
1733 2667 1799 2691 nobis
1811 2675 1854 2697 pro
1866 2668 1908 2692 tibi
1917 2671 1939 2693 et
1949 2670 2016 2694 milii.

2032 1252 2124 1273 Notandm

2035 1393 2064 1412 De
2077 1393 2122 1421 grati

2026 1422 2067 1436 rum
2073 1419 2123 1437 actim
