2133 3317
127 357 215 380 Epilogus
228 362 256 376 se·

134 381 190 399 cundi
202 381 252 405 capi-

171 404 212 423 tuli.

138 611 207 632 Primo,
223 610 245 629 de

139 634 246 653 inordinato

146 658 241 676 desiderio

148 681 237 700 habendi.

122 2256 215 2278 Secundo,
227 2255 250 2274 de

132 2280 239 2299 inordinato

132 2308 196 2322 amore
210 2303 241 2321 ha-

165 2327 207 2345 biti.

121 2429 209 2456 Epilogus
219 2430 255 2455 101·-

132 2455 153 2471 tu
166 2452 250 2476 capituli.

138 2601 208 2623 Primo,
223 2601 246 2619 de

139 2624 246 2643 inordinato

130 2648 186 2667 modo
201 2652 256 2671 quae-

133 2672 188 2690 rendi
202 2672 252 2690 dele-

140 2695 247 2714 clationem.

268 226 324 254 6411

339 305 464 329 Secundus
485 311 569 328 ramus
589 304 747 335 principalis,
772 305 813 335 qui
842 312 870 329 ex
898 304 978 329 radice
1007 305 1119 336 concupi-

270 348 377 373 scentiae
398 347 521 378 procedit,
541 347 579 371 est
599 347 803 377 concupiscentia
822 347 971 378 oculorum,
986 354 1048 378 quae
1062 355 1119 372 ava-

268 391 333 415 ritia
352 390 496 415 nominatur
515 390 540 414 et
559 390 597 414 est
616 390 734 420 quartum
753 389 841 414 vitium
861 390 977 420 capitale.

340 433 377 457 Ex
396 433 504 457 avaritia
523 433 607 457 autem
627 433 678 457 tres
707 433 770 457 rami
798 433 948 464 principales
968 433 1118 464 procedunt:

269 476 438 501 inordinatum
467 475 620 501 desiderium
649 475 773 507 habendi,
793 476 832 500 vel
860 476 1017 501 inordinatus
1046 484 1119 501 amor

269 519 351 543 habiti
377 519 401 543 et
420 519 578 544 inordinatus
598 519 672 543 dolor
691 519 788 543 amissi.

340 563 377 586 Ex
396 562 538 587 inordinato
558 562 683 587 desiderio
703 562 813 586 habendi
842 562 979 593 procedunt
1004 563 1051 588 duo
1070 563 1119 587 fru-

269 606 336 634 ctus,
357 606 450 630 scilicet
467 605 614 630 sollicitudo
634 605 658 629 et
678 605 816 630 iniustitia.
835 605 872 629 Ex
891 605 1065 630 sollicitudine
1078 613 1119 630 00-

269 648 318 673 10111
339 649 449 679 procedit
468 648 588 673 festorum
608 648 719 673 violatio.

340 692 478 717 Iniustitia
497 691 581 716 autem
601 691 734 721 dividitur,
755 692 813 722 quia
837 692 882 716 aut
907 692 946 716 est
963 691 1118 723 manifesta,

268 736 312 760 aut
331 735 445 765 occulta,
466 743 528 766 quae
547 734 623 765 frum
642 735 811 766 nuncupatur.
825 735 955 760 Iniustitia
969 737 1060 766 aperta
1073 735 1118 760 hos

267 778 365 803 1100105
384 778 460 803 hahet
479 786 575 808 secum,
605 778 698 803 scilicet
726 778 836 808 furtum,
860 779 989 810 rapinam,
1015 786 1118 804 usuram

269 823 293 847 et
312 823 423 853 iniquam
443 822 601 847 sententiam.

339 866 456 890 Furtum
475 865 500 889 in
520 866 627 896 quinque
647 865 780 894 dividitur,
801 866 843 897 qui
872 865 942 890 sunt:
969 865 1065 890 occulta
1084 866 1119 890 rei

268 910 392 940 acceptio,
413 909 448 933 rei
467 909 583 933 inventae
602 908 725 938 detentio,
746 909 904 940 sacrilegium
930 909 954 933 et
977 909 1119 940 proprietas

267 954 292 978 in
312 953 443 985 Religiosis
464 953 488 977 et
508 953 574 977 mala
593 952 754 984 dispensatio.

339 997 448 1027 Rapina
468 996 512 1021 hos
533 996 607 1021 etiam
627 995 725 1020 fructus
744 995 832 1025 habet,
853 996 895 1027 qui
914 996 974 1020 sunt
992 995 1119 1020 110110010-

268 1040 329 1068 liae,
350 1039 388 1064 vel
409 1039 595 1064 consuetudinis
623 1039 745 1067 inductio,
766 1038 873 1068 exactio,
893 1038 1011 1067 extorsio,
1033 1045 1120 1062 mune-

269 1090 322 1107 rum
343 1083 452 1114 acceptio
472 1083 496 1107 et
516 1082 591 1107 ludus
611 1082 731 1106 alearum.

345 1126 431 1151 Usar-u
450 1126 582 1155 dividitur,
602 1126 660 1157 quia
679 1126 800 1157 quaedam
820 1125 858 1150 est
877 1126 902 1150 in
921 1132 978 1157 spe,
998 1125 1118 1156 quaedam

270 1170 295 1194 in
314 1170 351 1194 rei
371 1171 514 1194 contractu.

338 1213 369 1237 In
389 1214 522 1237 contractu
541 1213 623 1237 autem
650 1212 689 1237 est
707 1212 839 1243 multiplex
863 1219 951 1241 usura,
976 1211 1070 1236 scilicet
1094 1211 1119 1235 in

271 1256 425 1287 venditione,
445 1256 580 1287 emptione,
601 1256 688 1280 mutua
713 1255 921 1285 commutatione,
941 1255 1037 1280 ratione
1058 1254 1120 1279 tem-

269 1300 348 1331 poris,
368 1300 407 1324 vel
422 1300 468 1329 rei,
489 1300 527 1324 vel
547 1299 661 1330 periculi,
682 1299 721 1323 vel
735 1299 909 1330 obligationis,
929 1299 968 1323 vel
987 1298 1120 1329 corruptae

267 1343 422 1368 intentionis.

338 1386 417 1415 Item,
437 1386 560 1417 contingit
578 1385 654 1415 fraus
666 1386 692 1410 in
708 1385 890 1414 contractibus,
909 1385 934 1409 in
954 1385 1077 1416 emptione
1096 1384 1121 1409 et

267 1429 422 1459 venditione,
442 1430 467 1453 in
481 1437 596 1458 numero,
617 1429 724 1460 pondere
743 1429 768 1453 ct
782 1436 912 1457 mensura,
932 1429 957 1452 in
976 1428 1074 1457 valore,
1094 1429 1120 1452 in

267 1473 403 1504 qualitate,
423 1473 448 1497 111
468 1472 642 1497 taciturnitate
662 1472 781 1497 defectus.

338 1516 417 1545 Item,
437 1515 582 1541 notabiliter
602 1523 657 1540 care
670 1516 797 1541 vendendo
817 1523 862 1547 pro
875 1515 1023 1540 necessitate
1043 1523 1121 1540 emen-

267 1559 308 1589 tis,
320 1560 358 1584 vel
372 1559 511 1584 debitorum
526 1559 666 1588 solutionis,
680 1559 719 1584 vel
732 1566 776 1590 per
791 1559 977 1590 simplicitatem
990 1557 1120 1583 ementis¹.

337 1603 417 1631 Item,
438 1603 461 1627 in
482 1602 569 1627 fraude
589 1602 698 1633 plurima
711 1602 778 1627 mala
796 1602 928 1627 locutionis
950 1601 1009 1627 folia
1027 1601 1121 1626 contin-

266 1646 344 1678 gunt:
365 1646 534 1675 mendacium,
555 1646 704 1677 periurium,
724 1645 866 1676 duplicitas

338 1689 374 1714 Ex
393 1697 467 1714 ramo
492 1689 574 1714 autem
601 1689 665 1714 mali
688 1690 836 1714 contractus
861 1688 942 1713 oritur
965 1687 1068 1718 fructus
1086 1688 1122 1713 si-

265 1733 375 1757 moniac.

338 1776 419 1805 Item,
449 1783 477 1800 ex
507 1775 637 1800 iniustitia
660 1775 695 1800 ad
712 1775 880 1806 proximum,
900 1775 929 1799 ut
950 1774 1043 1799 dictum
1069 1774 1120 1804 est,

267 1819 347 1844 oritur
366 1819 459 1850 iniqua
478 1819 605 1843 sententia
631 1818 655 1843 et
681 1826 762 1843 secum
782 1818 858 1843 habet
876 1818 922 1843 hos
944 1817 1060 1850 fructus,
1080 1819 1120 1849 qui

267 1863 340 1888 sunt:
365 1863 477 1887 iustitiae
495 1863 634 1894 perversio,
654 1862 748 1887 ordinis
768 1862 829 1886 iuris
850 1861 1002 1891 immutatio,
1022 1861 1122 1886 senten-

266 1906 316 1931 tiae
335 1906 433 1935 dilatio,
453 1906 548 1930 iniusta
561 1905 703 1935 advocatio,
722 1905 865 1930 litterarum
885 1905 980 1930 abusio.

337 1949 405 1974 Mala
424 1948 508 1974 autem
533 1948 662 1974 advocatio
693 1948 753 1973 haec
778 1947 843 1978 folia
864 1955 946 1973 secum
970 1947 1063 1972 habet:
1084 1948 1122 1972 in-

266 1993 359 2017 iustum
382 1992 563 2023 patrocinium,
583 1992 704 2016 iniustum
719 1991 861 2021 consilium,
882 1991 935 2015 litis
948 1990 1120 2022 prolongatio,

266 2036 328 2061 iuris
348 2035 485 2067 sophistica
504 2034 637 2066 allegatio,
656 2035 800 2060 litterarum
823 2034 917 2059 abusio.

337 2079 379 2103 Fit
398 2079 436 2103 his
456 2078 549 2103 modis:
569 2078 663 2103 iniusta
682 2078 839 2109 impetratio,
860 2078 937 2103 tacita
956 2078 1062 2103 veritate
1082 2078 1121 2102 vel

268 2122 387 2154 suggesta
401 2121 527 2151 falsitate,
547 2122 641 2146 iniusta
655 2121 776 2151 extorsio,
796 2121 903 2150 additio,
918 2121 958 2146 vel
977 2121 1120 2151 diminutio,

269 2166 320 2190 sive
340 2173 450 2196 quaeque
470 2164 620 2189 falsificatio.

339 2208 464 2233 Secundus
483 2215 568 2232 ramus
589 2207 735 2239 principalis
754 2208 875 2232 avaritiae
894 2207 933 2232 est
957 2207 1121 2232 inordinatus

268 2260 343 2277 amor
356 2251 453 2282 habiti,
473 2251 498 2275 et
512 2259 540 2276 ex
558 2251 603 2275 1100
616 2258 686 2275 10010
698 2250 725 2275 111
737 2250 838 2280 ΐνιισίαε
857 2250 1008 2281 procedunt:
1026 2250 1121 2275 iniusta

268 2294 442 2326 congregatio,
463 2294 494 2318 ad
514 2294 654 2325 proximum
672 2294 852 2324 incompassio,
873 2293 1042 2319 restitutionis
1061 2293 1121 2318 dila-

268 2338 315 2368 tio,
335 2338 446 2362 beneficii
464 2337 692 2368 irrecompensatio.

342 2381 442 2406 Tertius
461 2388 546 2405 ramus
572 2380 731 2412 principalis,
758 2381 800 2411 qui
823 2388 852 2405 ex
871 2380 952 2405 radice
976 2380 1121 2411 cupiditatis

268 2425 392 2456 procedit,
413 2424 451 2449 est
466 2424 677 2455 'concupiscentia
696 2423 798 2455 earnis,
825 2431 888 2455 quae
907 2424 931 2448 in
951 2423 1013 2448 duos
1038 2431 1120 2448 ramos

268 2468 404 2492 dividitur:
425 2468 450 2492 in
477 2467 622 2498 quaerendo
650 2466 797 2491 inordinate
823 2466 1016 2491 delectationem
1037 2466 1062 2491 et
1086 2467 1121 2491 vi-

269 2511 347 2536 tando
366 2510 519 2535 molestiam.

339 2553 440 2578 Primus
461 2560 546 2577 ramus
572 2552 705 2581 dividitur,
725 2552 782 2583 quia
806 2552 851 2577 aut
870 2552 909 2576 est
927 2552 992 2577 circa
1017 2552 1120 2577 delecta-

269 2597 361 2622 tionem
380 2596 466 2626 actus,
486 2597 529 2627 qui
548 2596 657 2627 pertinet
682 2596 714 2620 ad
739 2596 951 2621 conservationem
977 2595 1119 2627 individui,

270 2640 363 2665 scilicet
382 2640 447 2665 circa
466 2640 550 2664 actum
566 2639 726 2668 nutritionis,
747 2639 792 2663 aut
814 2639 852 2664 est
871 2639 936 2664 circa
960 2638 1058 2668 actum,
1078 2639 1121 2670 qui

270 2683 380 2714 pertinet
407 2683 439 2707 ad
466 2683 679 2708 conservationem
697 2682 802 2714 speciei,
831 2682 925 2707 scilicet
944 2682 1009 2707 circa
1036 2682 1120 2707 actum

269 2726 446 2758 generationis.

340 2769 440 2794 Primus
460 2769 538 2800 igitur
566 2776 664 2798 ramus,
685 2769 727 2800 qui
756 2776 784 2793 ex
810 2767 1011 2799 concupiscentia
1038 2768 1120 2792 carnis

269 2813 366 2842 oritur,
396 2813 434 2838 est
458 2813 601 2838 inordinata
628 2812 759 2837 delectatio
790 2812 855 2836 circa
884 2813 971 2836 actum
997 2811 1120 2836 nutritio-

268 2857 309 2881 nis
334 2856 359 2881 et
384 2856 499 2887 quintum
522 2856 611 2880 vitium
636 2855 757 2887 capitale,
784 2855 848 2886 quod
872 2854 1063 2886 =castrimargia
1086 2854 1120 2878 di-

268 2899 341 2924 citur.

558 225 754 254 OPUSCULUM
778 225 805 253 11.
828 225 999 254 SPECULUM
1020 225 1263 255 CONSClENTlAE.
1286 226 1445 256 EPILOGUS
1467 226 1730 256 PRAEDICTORUM.

1248 305 1284 330 Ex
1304 306 1364 331 vitio
1383 305 1467 330 autem
1482 306 1559 337 =(julae
1573 306 1625 330 tres
1640 307 1702 331 rami
1716 307 1865 338 principales
1880 308 2023 338 procedunt,

1177 347 1269 372 scilicet
1297 348 1477 373 incontinentia
1495 348 1582 379 gulae,
1603 349 1758 373 immodestia
1777 348 1802 373 ot
1820 349 1962 374 inordinata
1984 350 2026 375 de-

1175 390 1285 415 lectatio.

1247 433 1284 457 Ex
1304 434 1488 458 incontinentia
1506 434 1583 465 pulac
1602 434 1628 459 hi
1647 434 1748 464 fruetus
1768 435 1920 466 procedunt:
1940 435 2025 460 0111101-

1176 477 1243 508 patio
1263 476 1349 506 horae,
1369 477 1446 501 nimia
1465 476 1618 508 frequentia,
1638 478 1726 503 fractio
1746 479 1837 503 ieiunii.

1247 519 1283 544 Ex
1309 520 1469 544 immodestia
1496 519 1523 544 hi
1551 519 1652 549 fructus
1682 521 1834 551 procedunt:
1863 521 1971 546 aviditas
2002 521 2026 546 et

1175 563 1299 587 nimietas.

1248 606 1308 631 Cum
1337 606 1421 630 fructu
1453 606 1536 631 autem
1567 606 1632 636 isto,
1662 607 1703 637 qui
1735 607 1773 631 051
1804 607 1882 632 nimis
1909 614 2008 632 sumere
2019 627 2025 639 ,

1175 649 1235 674 sunt
1260 649 1286 673 hi
1314 649 1427 673 fructus:
1456 650 1567 680 corporis
1594 650 1725 681 gravitas,
1755 650 1904 679 infirmitas,
1936 650 2026 675 mentis

1174 692 1311 721 hebetudo,
1336 692 1456 721 caecitas,
1483 693 1656 724 praecipitatio
1683 693 1779 722 iudicii,
1798 693 2025 725 incircumspectio,

1174 736 1325 767 loquacitas,
1345 735 1431 766 inepta
1449 736 1561 765 laetitia,
1582 736 1725 765 dissolutio,
1746 736 1861 761 ebrietas.

1247 779 1407 809 Loquacitas
1426 779 1509 803 autem
1536 779 1596 803 haec
1614 778 1680 808 folia
1705 787 1785 804 secum
1806 779 1895 804 habet:
1920 779 2027 805 multilo-

1176 823 1276 853 quium,
1297 822 1481 853 vaniloquium,
1502 821 1700 854 stultiloquium,
1719 822 1908 854 turpiloquium.

1248 865 1348 889 Tertius
1367 873 1453 890 ramus
1475 865 1549 897 gulae
1574 866 1612 890 est
1631 866 1786 891 inordinata
1812 865 1944 891 delectatio
1963 866 2028 891 circa

1176 908 1257 933 cibum
1287 909 1311 933 et
1339 908 1384 933 hos
1412 907 1513 938 fruetus
1541 916 1621 933 secum
1650 908 1743 938 habet,
1764 909 1857 934 scilicet
1885 909 2028 934 sollicitudi-

1176 959 1232 976 nem
1253 951 1278 976 in
1298 952 1470 982 procurando,
1495 952 1679 977 studiositatem
1705 953 1731 977 in
1756 952 1942 984 praeparando,
1967 952 2029 977 mul·
2121 963 2124 977 ι

1176 995 1335 1026 tiplicitatem
1355 995 1381 1019 in
1400 995 1601 1025 diversificando,
1620 995 1747 1020 caristiam
1766 996 1791 1020 in
1811 995 1920 1020 emendo.
2120 985 2124 1022 1

1249 1038 1376 1063 Secundus
1395 1046 1495 1067 ramus,
1515 1038 1558 1070 qui
1576 1046 1605 1063 ex
1624 1038 1727 1063 carnali
1746 1038 1952 1069 concupiscentia
1970 1045 2028 1069 pro·
2120 1027 2123 1052 1

1177 1081 1254 1110 cedit,
1269 1082 1307 1106 est
1326 1081 1476 1118 inordinatio
1490 1078 1554 1106 circa
1567 1082 1650 1106 actum
1663 1081 1850 1113 generativum,
1865 1081 1907 1113 qui
1921 1081 2028 1106 luxuria

1177 1124 1279 1154 dicitur,
1299 1124 1324 1149 et
1343 1124 1381 1149 est
1401 1125 1499 1149 sextum
1518 1125 1605 1149 vitium
1626 1124 1741 1155 capitale.

1249 1168 1286 1192 Ex
1305 1168 1405 1192 luxuria
1424 1168 1476 1193 tres
1502 1168 1565 1192 rami
1585 1168 1735 1199 principales
1758 1167 1906 1199 procedunt:
1926 1168 2028 1192 inhone-

1177 1212 1232 1236 stas
1240 1231 1246 1243 ‚
1267 1210 1381 1243 affectio,
1402 1212 1595 1236 incontinentia.

1249 1254 1404 1279 Inhonestas
1422 1254 1468 1279 hos
1488 1254 1584 1280 fructus
1597 1254 1684 1279 habet:
1705 1254 1880 1279 inverecundia
1895 1254 1920 1278 in
1940 1254 2027 1284 verbo,

1177 1298 1203 1322 in
1222 1298 1310 1330 gestu,
1330 1298 1356 1322 in
1375 1298 1472 1323 habitu.

1248 1341 1400 1366 Inhonestas
1420 1342 1444 1366 in
1462 1342 1537 1373 yestu
1548 1341 1625 1366 habet
1643 1341 1745 1366 choreas
1764 1341 1789 1365 et
1802 1340 1913 1372 tripudia
1932 1340 1958 1365 et
1976 1347 2030 1365 cor-

1178 1384 1247 1415 poris
1266 1384 1358 1409 1110105.
1790 1375 1792 1377 ’

1249 1427 1328 1457 Item,
1348 1427 1494 1452 inhonestas
1513 1428 1538 1452 in
1558 1427 1633 1452 verbo
1653 1426 1729 1452 habet
1748 1426 1927 1452 scurrilitatem
1951 1426 1976 1451 et
1994 1426 2029 1451 hi-

1179 1470 1339 1495 strionatum.

1250 1513 1324 1543 Item,
1344 1514 1489 1539 inhonestas
1508 1514 1533 1538 in
1554 1513 1645 1538 habitu
1657 1513 1703 1539 hos
1722 1514 1820 1538 fructus
1839 1520 1920 1538 secum
1939 1512 2028 1542 habet,

1179 1557 1273 1581 scilicet
1292 1557 1506 1588 superfluitatem,
1521 1557 1718 1589 pretiositatem,
1744 1555 1971 1588 multiplicitatem,
1991 1562 2030 1581 cu-

1179 1600 1327 1625 riositatem.

1250 1643 1424 1674 Superfluitas
1435 1645 1459 1668 in
1471 1643 1566 1669 duobus
1579 1644 1708 1669 consistit:
1722 1644 1747 1668 in
1758 1650 1860 1668 numero
1870 1643 1895 1668 et
1905 1650 2029 1667 mensura.

1253 1686 1398 1712 Curiositas
1411 1687 1526 1712 consistit
1545 1687 1570 1711 in
1584 1687 1664 1712 colore
1678 1686 1703 1711 et
1716 1687 1787 1712 modo
1800 1686 1912 1711 facturae
1929 1686 1955 1711 et
1967 1693 2030 1711 com-

1178 1730 1301 1761 positione
1319 1731 1438 1761 corporis.

1249 1774 1331 1798 Huius
1354 1774 1546 1805 compositionis
1571 1774 1668 1798 fructus
1696 1774 1772 1798 suut:
1801 1773 1944 1798 adinventio
1972 1773 2031 1798 novi

1178 1817 1257 1847 modi,
1271 1825 1392 1843 novorum
1406 1818 1532 1847 10001101ος
1546 1818 1618 1847 item,
1635 1817 1777 1846 unctiones,
1790 1817 1908 1846 lotiones,
1925 1816 2028 1846 fucatio,

1178 1861 1304 1892 suppletio
1323 1862 1471 1892 capillorum
1490 1869 1519 1886 ex
1537 1861 1634 1886 alienis.

1249 1905 1376 1930 Secundus
1396 1912 1481 1929 ramus
1499 1905 1613 1929 luxuriae
1632 1904 1778 1936 principalis
1792 1904 1830 1929 est
1857 1903 1974 1929 carnalis
1993 1902 2030 1934 af-

1177 1947 1267 1979 fectio,
1288 1948 1313 1973 et
1331 1948 1378 1973 iste
1398 1948 1437 1973 est
1461 1948 1563 1979 duplex,
1584 1948 1643 1979 quia
1668 1947 1752 1979 potest
1777 1954 1830 1972 esse
1855 1946 1970 1978 respectu
1988 1946 2031 1972 sm*

1177 1991 1217 2016 vel
1231 1992 1354 2022 proximi.

1249 2035 1273 2059 Si
1293 2035 1408 2066 respectu
1426 2035 1469 2059 sui
1487 2034 1536 2064 sit,
1556 2034 1602 2059 hos
1620 2033 1721 2064 fructus
1739 2033 1826 2063 habet,
1846 2034 1927 2065 primo
1945 2040 2030 2058 curam

1178 2078 1274 2108 carnis,
1295 2086 1358 2110 quae
1378 2078 1454 2102 habet
1471 2078 1517 2103 hos
1535 2076 1655 2107 fructus:
1674 2077 1803 2102 mollitiem
1819 2077 1845 2101 in
1861 2076 1986 2106 vestibus,
2004 2077 2030 2101 in

1177 2121 1288 2146 culcitris
1302 2121 1327 2146 et
1340 2121 1447 2150 talibus;
1467 2120 1538 2150 item,
1556 2120 1657 2145 nimiam
1671 2119 1862 2145 sollicitudinem
1875 2119 1900 2144 in
1914 2119 2029 2145 evitando

1178 2171 1297 2195 poenam,
1318 2163 1412 2195 frigus,
1433 2164 1553 2193 calorem,
1574 2163 1655 2192 sitim,
1675 2162 1765 2187 famem
1784 2162 1809 2187 et
1827 2162 1976 2187 huiusmodi.

1250 2207 1365 2232 Carnalis
1385 2206 1481 2232 affectio
1506 2207 1538 2231 ad
1562 2207 1714 2237 proximum
1738 2206 1829 2237 duplex
1854 2205 1938 2237 potest
1962 2213 2028 2231 esse:

1178 2250 1218 2275 vel
1237 2250 1268 2275 ad
1288 2250 1419 2281 parentes,
1440 2250 1479 2274 vel
1503 2250 1535 2274 ad
1553 2250 1630 2279 alios,
1656 2249 1739 2280 potest
1759 2249 1832 2274 etiam
1854 2256 1907 2274 esse
1929 2249 1956 2273 in
1974 2248 2030 2274 affe-

1177 2292 1232 2323 ctu,
1252 2293 1292 2318 vel
1310 2293 1336 2318 in
1355 2292 1451 2318 effectu.

1248 2335 1285 2360 Ex
1304 2343 1373 2360 ramo
1392 2335 1500 2360 carnalis
1520 2334 1665 2365 affectionis
1684 2335 1764 2360 oritur
1784 2334 1893 2366 acceptio
1912 2341 2030 2366 persona-

1177 2386 1247 2408 rum,
1268 2379 1395 2410 perversio
1415 2378 1508 2404 ordinis
1527 2378 1640 2403 caritatis
1660 2378 1685 2403 et
1703 2377 1775 2403 favor
1793 2378 1861 2402 mali.

1250 2423 1430 2448 Personarum
1449 2422 1561 2453 acceptio
1587 2422 1626 2447 est
1644 2422 1669 2446 in
1695 2421 1833 2451 benefieiis,
1853 2420 2027 2451 electionibus,

1176 2465 1313 2491 honoribus
1331 2465 1356 2490 et
1375 2466 1479 2490 iudiciis.

1248 2509 1338 2534 Favor
1350 2509 1415 2533 mali
1428 2508 1473 2534 hos
1485 2508 1582 2533 fructus
1596 2516 1678 2533 secum
1691 2508 1780 2533 habet:
1794 2507 2028 2537 dissimulationem,

1177 2552 1387 2582 incorrectionem,
1401 2559 1556 2582 consensum,
1570 2552 1721 2577 adiutorium
1735 2552 1759 2576 et
1775 2551 2029 2576 communicationem.
2115 2554 2117 2595 1

1249 2595 1348 2620 Το11105
1377 2603 1462 2620 ramus
1490 2595 1636 2626 principalis
1664 2594 1877 2626 concupiscentiae
1905 2594 2027 2624 carnalis,
2044 2595 2111 2616 Tertius

1177 2638 1216 2663 est
1244 2639 1448 2670 incontinentia,
1479 2646 1541 2670 (1000
1569 2646 1613 2670 per
1637 2638 1683 2663 hos
1710 2637 1872 2663 ramusculos
1900 2637 2027 2669 procedit,

1177 2682 1219 2713 (101
1238 2682 1311 2706 sunt:
1331 2682 1414 2713 turpis
1433 2681 1592 2713 imaginatio,
1614 2688 1711 2706 morosa
1725 2680 1868 2710 delectatio,
1895 2687 2028 2705 0011500505

1176 2725 1202 2749 111
1222 2724 1384 2750 delectatione
1409 2725 1434 2749 et
1452 2731 1587 2750 consensus
1612 2725 1638 2749 in
1664 2732 1744 2755 opere.
1765 2723 1844 2753 Item,
1863 2723 1909 2748 hos
1927 2722 2028 2753 fruetus

1177 2775 1260 2793 secum
1278 2767 1368 2799 habet,
1389 2767 1414 2792 id
1433 2767 1471 2792 est
1484 2768 1591 2799 quinque
1610 2774 1712 2796 sensus,
1732 2767 1757 2791 111
1770 2766 1871 2798 auditu,
1891 2766 1960 2796 visu,
1974 2765 2028 2791 odo—

1176 2811 1248 2840 ratu,
1267 2811 1345 2842 gustu
1371 2810 1395 2835 et
1414 2810 1492 2835 tactu.

1249 2854 1280 2878 In
1306 2854 1400 2879 auditu
1427 2854 1537 2882 curioso,
1567 2853 1660 2878 scilicet
1687 2860 1829 2881 rumorum,
1860 2851 2026 2882 canticorum,

1177 2897 1417 2928 instrumentorum,
1437 2897 1569 2921 verborum
1588 2896 1766 2921 dissolutorum
1787 2895 1812 2920 et
1832 2895 1982 2920 scurrilium.

2049 1169 2094 1197 'ri-eq
2105 1175 2119 1189 ra

2078 1198 2116 1212 ems

2046 1255 2118 1275 Primus,

2047 1906 2112 1926 Secum
2119 1933 2120 1936 Ἴ

332 3039 339 3051 ¹
359 3040 409 3061 Vnt.
431 3046 477 3069 pro
499 3039 638 3069 simpliciter
661 3040 758 3063 ementis
782 3041 832 3063 loco
854 3046 897 3070 per
919 3040 1095 3070 simplicitatem
1117 3040 1214 3063 oniensis
1233 3040 1270 3068 (iia
1289 3040 1324 3062 ed.
1348 3040 1375 3068 1).
