2133 3317
258 222 335 250 LXIV

263 300 313 328 19⁴2)
331 300 421 323 <lix-ertit
441 305 572 322 sermonem
592 300 621 321 ad
639 299 680 321 alia
699 299 811 325 themata,
829 303 889 326 quae
911 297 987 319 multis
1004 303 1057 319 cum
1075 296 1107 319 di-

260 347 417 376 gressionibus
435 346 551 370 describit.
565 347 620 368 Nam
634 346 705 367 multo
718 344 823 367 diffusius
835 344 882 371 agit
895 344 924 366 de
936 343 985 365 aliis
997 343 1093 365 floribus
1102 360 1107 370 ‚

260 395 306 417 scil.
325 395 384 417 viola
402 393 548 421 humilitatis,
566 393 611 415 lilio
628 392 747 419 castitalis,
764 397 832 413 croco
849 390 1012 417 abstinentiae,
1030 389 1107 411 relicto

261 443 360 464 themate
377 441 460 469 primo.
472 441 520 463 Hoc
533 439 654 462 confitetur
672 439 721 466 ipse
739 438 849 465 scriptor,
867 437 923 459 infra
936 443 958 458 n.
972 436 1025 458 1ΙΞΟ.
1043 435 1107 463 (pag.

261 490 327 518 216),
345 489 436 511 dicens:
457 497 467 508 «ι
480 489 541 510 Haec
564 490 640 509 autem
664 492 705 514 per
728 485 844 514 quendam
868 489 987 506 excessum
1005 483 1035 505 de
1052 483 1108 504 flore

260 537 299 559 lilii
316 537 452 565 spiritualis,
469 541 515 564 qua
533 535 657 562 praecipue
675 534 741 556 floret
753 533 810 555 Vitis
827 535 849 554 et
866 532 911 554 vita
930 534 1018 559 nostra,
1034 530 1110 552 honus

261 585 334 611 lesus,
352 584 372 605 in
392 583 488 610 gratiam
508 581 637 609 virginum,
655 580 684 603 ad
702 585 801 608 quarum
823 579 926 601 notitiam
949 579 1009 600 hunc
1032 580 1110 599 tracta-

261 634 308 653 tum
327 630 443 653 credimus
461 630 576 657 futurum,
593 628 725 656 diligentius
742 629 882 655 pertractare
893 625 1049 648 studuimus...
1062 624 1109 647 Nec

262 678 370 701 timemus
389 677 484 706 [suynus
507 676 669 699 detractorum
692 673 832 701 dicentium,
854 679 897 696 nos
920 671 1109 702 uniformitatem

261 724 375 747 nudet-iae
391 729 440 746 rnon.
457 728 578 750 servasse,
596 721 637 751 qui
654 727 669 744 α
686 723 791 744 tractam
807 719 861 743 citis
879 719 903 741 iit
918 720 1048 742 tractatum
1067 717 1112 740 tilii

262 771 417 795 deciderimus
425 779 433 798 ,-
451 777 503 793 cum
522 776 565 797 pro
582 772 645 792 certo
663 769 783 791 sciamus»
806 771 849 790 etc.
865 780 896 784 —
914 768 983 789 Porro
1003 772 1015 788 a
1033 773 1054 788 n.
1072 766 1109 788 72.

263 819 326 847 (pag.
345 818 399 847 193)
418 821 440 840 01
457 817 566 845 deinceps
584 817 606 839 in
624 819 685 839 textu
703 816 826 845 alloquitur
842 814 970 842 moniales,
986 814 1053 843 quasi
1068 819 1111 841 pro

262 867 295 889 eis
314 868 433 888 tract-itum
453 864 542 892 fecerit,
560 864 616 886 dum
635 863 733 891 genuina
748 869 801 890 pars
813 863 867 884 istas
879 861 982 889 virgines
995 861 1042 883 Deo
1060 866 1111 882 con-

263 916 362 936 secratas
374 918 418 935 11011
437 911 550 934 meminit.
567 923 598 927 —
616 910 719 939 Denique
736 910 800 932 stilus
817 910 885 932 huius
902 908 1033 937 scriptoris,
1051 909 1113 930 certe

263 961 356 989 ingenio
374 963 395 983 et
414 960 518 982 facilitate
537 958 627 981 dicendi
643 964 688 980 11011
700 958 810 985 carentis,
823 957 914 985 penitus
926 956 1001 979 differt
1013 962 1025 977 a
1038 956 1060 978 S.
1074 955 1113 977 Bo-

263 1012 404 1030 naventurae
421 1008 491 1029 modo
509 1007 599 1029 dicendi
618 1012 698 1034 presso
716 1011 742 1027 ac
759 1004 922 1027 sententiarum
941 1003 1054 1031 gravitate
1071 1003 1113 1024 sin-

264 1056 349 1084 gulari,
361 1061 414 1077 011111
428 1055 462 1077 1110
480 1054 556 1082 potius
573 1053 673 1076 verbose
689 1056 710 1075 et
728 1058 772 1074 non
791 1052 840 1074 sine
854 1050 994 1079 ambagibus
1011 1052 1033 1072 et
1049 1055 1113 1077 repc-

264 1102 381 1125 titionibus
398 1101 490 1124 scrIbat.
508 1101 564 1123 Hinc
588 1100 682 1122 omnino
705 1102 810 1122 constare
828 1098 932 1125 videtur,
950 1097 1009 1119 dicta
1027 1096 1113 1119 addita-

265 1153 339 1172 menta
358 1149 510 1171 abiudicanda
529 1154 579 1170 esse
597 1148 618 1169 S.
637 1148 820 1169 Bonaventurae.
832 1145 888 1174 Quis
900 1147 976 1167 autem
994 1145 1049 1166 haec
1061 1143 1114 1166 scri-

264 1197 345 1226 pserit,
359 1197 471 1219 incertum
483 1198 528 1222 est,
541 1201 594 1218 cum
606 1194 678 1216 verba
689 1203 694 1216 :
715 1202 725 1213 «
738 1194 760 1215 in
778 1199 898 1220 sermone,
911 1198 980 1221 quem
994 1191 1023 1214 de
1035 1190 1114 1213 parvis

265 1245 324 1270 (sive
341 1244 428 1271 Pueris)
446 1242 627 1270 conscripsimus
639 1250 648 1262 n
671 1241 735 1269 (vide
753 1241 807 1262 infra
827 1246 880 1268 pag.
903 1239 955 1266 193,
972 1242 1050 1261 notam
1069 1238 1113 1267 6.),

265 1299 309 1315 11011
327 1292 381 1314 satis
398 1291 498 1313 indicent
515 1293 642 1312 auctorem.

328 1345 347 1361 c.
366 1338 431 1367 Quod
449 1340 526 1359 autem
544 1338 616 1359 forma
635 1335 728 1358 111-011101·
745 1335 795 1357 iure
807 1334 835 1357 sit
854 1333 975 1356 tribuenda
993 1332 1114 1360 seraphico

265 1386 369 1412 Doctori,
387 1385 410 1407 id
428 1385 486 1406 inter
507 1385 531 1406 16
554 1383 646 1406 codices
668 1383 725 1404 infra
747 1382 830 1404 relatos
852 1384 986 1403 attestantur
1014 1381 1052 1409 ll,
1075 1380 1114 1408 qui

266 1435 324 1456 113110
343 1434 438 1455 sormam
453 1431 539 1454 liabent
556 1434 578 1453 et
594 1430 694 1453 libellum
712 1430 741 1452 illi
753 1428 888 1452 inscribunt.
901 1428 1003 1450 Eandem
1017 1429 1114 1450 sormam

266 1481 398 1503 breviorem
416 1480 485 1502 habet
502 1479 569 1501 etiam
588 1485 609 1500 n.
628 1478 655 1505 9,
672 1478 713 1500 sed
737 1477 804 1499 tacito
828 1476 921 1498 nomine
939 1475 1045 1498 auctoris.
1064 1475 1115 1497 Duo

267 1531 354 1551 tantum
379 1527 471 1549 codices
488 1525 687 1549 Darmstadienses
705 1524 737 1553 (n.
761 1525 779 1546 1.
801 1527 823 1546 01
841 1524 872 1552 2.)
895 1525 917 1546 01
934 1525 987 1545 sunt
1005 1522 1115 1550 anonymi

267 1578 289 1599 et
306 1575 396 1603 longius
414 1581 473 1602 opus
491 1573 589 1600 habent,
606 1573 658 1595 cod.
680 1572 697 1594 A
720 1572 849 1599 integrum,
874 1571 915 1593 sed
937 1571 954 1592 B
977 1572 1115 1593 truncatum.

268 1623 355 1645 Nomen
372 1621 483 1643 Bernardi
506 1626 561 1648 prae
583 1625 607 1641 se
632 1620 673 1641 sert
690 1620 734 1641 hoc
751 1618 890 1646 opusculum
909 1617 930 1639 in
948 1617 1017 1639 codd.
1037 1623 1059 1639 11,
1082 1617 1115 1639 12.

269 1670 318 1699 (sed
336 1676 388 1692 cum
407 1670 449 1691 hac
466 1668 623 1690 restrictione:
645 1675 655 1687 α
668 1667 694 1688 Ε1
710 1665 829 1689 asseritur
841 1664 907 1687 beato
924 1665 1040 1687 Bernardo
1053 1665 1075 1693 n)
1095 1667 1117 1686 et

267 1725 289 1741 n.
312 1718 344 1740 13.
362 1716 476 1739 Observat
488 1715 571 1738 Bonelli
585 1715 787 1743 (Supplementum
804 1716 855 1740 etc.‚
870 1716 924 1735 tom.
943 1713 975 1735 lll.
988 1712 1010 1734 in
1023 1712 1117 1740 praevia

268 1764 426 1787 admonitione
443 1763 484 1785 col.
500 1762 543 1791 2.),
561 1762 644 1790 siglam
662 1762 686 1783 B.
704 1761 821 1783 inventam
840 1760 860 1781 in
879 1758 999 1782 codicibus
1016 1758 1119 1781 occasio-

269 1818 320 1835 nem
340 1812 442 1840 potuisse
459 1810 526 1838 dare,
539 1812 563 1831 ut
574 1808 700 1836 accipiatur
717 1813 762 1829 non
780 1813 823 1835 pro
837 1807 1010 1833 Bonaventura,
1023 1804 1062 1828 sed
1077 1811 1118 1833 pro

269 1860 392 1882 Bernardo.
410 1859 458 1880 Hoc
475 1864 500 1880 re
517 1863 572 1879 vera
590 1856 676 1884 pluries
693 1856 778 1878 sactum
796 1860 858 1882 esse,
874 1854 929 1876 alias
946 1856 1042 1876 constat.
1060 1854 1118 1875 Inter

268 1908 318 1930 illos
340 1908 360 1928 11
382 1906 486 1934 codices,
504 1911 564 1934 quos
580 1904 652 1927 secuti
669 1909 763 1930 sumus,
783 1902 917 1930 antiquitate
940 1905 962 1923 ct
984 1900 1119 1923 auctoritate

268 1954 355 1977 eminet
372 1954 424 1976 cod.
436 1952 464 1980 C,
477 1952 518 1981 qui
535 1952 626 1974 titulum
644 1950 729 1973 babet:
747 1949 831 1973 Sermo
849 1949 1030 1972 Bonacenturtte
1047 1953 1119 1977 supet·

269 2002 313 2025 hoc
331 2000 416 2025 uerbo:
435 2000 484 2029 qu
502 2005 556 2022 sum
575 1997 626 2022 vitis*
644 2003 699 2021 oet-u
717 2000 760 2019 etc.
778 1997 826 2019 Non
844 1999 877 2019 est
891 2002 987 2024 prorsus
1004 1994 1120 2023 improba-

270 2049 327 2076 bile,
345 2048 496 2071 substantiam
513 2046 582 2069 libelli
600 2045 707 2073 primitus
729 2044 882 2072 compositam
907 2043 976 2065 fuisse
999 2042 1021 2064 in
1046 2043 1119 2064 forma

270 2096 397 2123 sermonis,
415 2098 439 2117 ut
455 2095 505 2116 vult
521 2094 573 2116 cod.
586 2092 615 2121 C,
627 2096 649 2115 et
661 2094 740 2120 postea
757 2094 869 2113 mutatam
888 2090 957 2112 fuisse
975 2090 997 2111 iu
1014 2090 1121 2111 affectuo-

270 2150 320 2167 sam
337 2143 366 2166 de
384 2142 491 2171 passione
504 2140 594 2163 Domini
613 2139 798 2166 meditationem,
810 2144 880 2167 quam
895 2137 1016 2165 seraphico
1029 2136 1119 2159 Doctori

271 2192 300 2214 ita
318 2190 452 2213 familiarem
465 2189 535 2211 ruisse
546 2188 655 2211 traditum
676 2189 721 2214 est,
738 2188 762 2208 ut
781 2185 931 2214 principalem
953 2184 1037 2207 librum
1051 2190 1119 2206 suum

271 2244 321 2261 esse
338 2237 477 2260 Crucifixum
495 2236 572 2258 dicere
590 2234 695 2262 potuerit.
714 2233 796 2261 Quoad
814 2233 876 2260 ipsas
893 2231 1018 2254 sententias
1036 2236 1119 2258 magna

272 2284 420 2313 congruentia
445 2283 559 2305 invenitur
582 2282 640 2304 inter
662 2282 722 2303 hanc
742 2280 816 2303 Vitem
833 2278 958 2309 mysticam
979 2281 1001 2300 et
1018 2277 1120 2300 libellum

272 2332 375 2362 Liqnum
392 2331 461 2354 vitae.
478 2330 524 2353 Sed
541 2330 565 2352 in
581 2335 609 2351 eo
627 2329 674 2351 duo
691 2327 803 2356 opuscula
820 2327 940 2355 differunt,
958 2325 1021 2354 quod
1044 2325 1066 2347 in
1086 2323 1121 2347 Li-

272 2385 319 2409 yno
336 2378 397 2402 vitae
414 2378 533 2400 manifeste
550 2376 604 2399 otiis
621 2376 673 2398 stilo
695 2381 775 2404 presso
800 2374 937 2397 brevissime
960 2374 1121 2401 proponuntur

273 2429 356 2456 puncta
382 2424 528 2451 meditanda,
547 2424 569 2445 in
594 2423 642 2446 Vite
658 2421 759 2453 mystica.
781 2427 838 2444 vero
865 2424 945 2443 auctor
970 2421 1019 2448 ipse
1044 2426 1068 2442 se
1093 2420 1122 2442 el·-

273 2474 330 2497 sudit
347 2474 370 2495 in
388 2472 544 2495 tenerissimos
557 2471 663 2498 affectus,
676 2470 757 2498 plenos
774 2472 851 2491 tamen
869 2468 945 2490 multis
962 2466 1122 2496 gravibusque

273 2520 398 2544 sententiis.
415 2519 473 2541 Hinc
490 2519 568 2547 plures
585 2517 677 2540 codices
694 2516 791 2544 opellam
810 2517 868 2538 hanc
885 2521 930 2538 non
949 2514 1024 2543 inepte
1045 2514 1122 2536 inscri-

273 2568 345 2591 bunt:
367 2576 377 2588 «
389 2566 503 2590 Planctus
520 2566 695 2588 Bonaventurae
713 2564 742 2586 de
759 2563 867 2591 passione
884 2562 976 2585 Domini
988 2570 1009 2583 n.
1027 2562 1122 2589 Propter

273 2615 370 2638 eandem
388 2614 500 2636 rationem
518 2619 560 2636 nec
578 2612 662 2635 mirum
679 2611 754 2634 videri
771 2613 858 2639 potest,
871 2610 933 2638 quod
948 2610 1021 2631 forma
1038 2608 1122 2631 oratio-

272 2664 308 2686 nis
325 2662 428 2685 vivacior
445 2660 511 2684 solito
528 2662 639 2688 appareat
655 2662 678 2681 et
693 2665 738 2681 non
757 2658 811 2680 nihil
829 2657 919 2680 differat
938 2656 967 2679 ab
985 2662 1012 2679 eo
1035 2655 1122 2683 simpli-

273 2711 335 2733 ciore
347 2709 439 2732 dicendi
450 2714 546 2737 genere,
558 2707 621 2736 quod
633 2707 658 2729 in
669 2706 718 2728 aliis
728 2705 793 2728 libris
805 2705 833 2727 ad
847 2703 1018 2727 instructionem
1031 2702 1123 2730 scriptis

274 2760 354 2780 auctor
371 2756 482 2779 adhibere
498 2756 563 2778 solet.
581 2755 629 2777 Non
647 2756 724 2777 tamen
741 2753 762 2775 in
780 2752 872 2780 scriptis
884 2752 907 2774 S.
920 2750 1023 2773 Doctoris
1039 2750 1123 2772 desunt

274 2804 378 2832 exempla
396 2802 513 2825 affectuosi
530 2802 595 2824 modi
611 2800 739 2828 scribendi,
753 2802 777 2822 ut
790 2799 813 2821 in
829 2799 927 2827 prologo
938 2797 1049 2826 Opuscnli
1061 2797 1121 2822 XXl.

275 2851 304 2873 de
322 2850 387 2873 XXV
405 2848 588 2875 Memorialibus,
606 2851 628 2870 et
645 2847 731 2876 passim
754 2847 776 2869 in
799 2845 873 2868 libello
896 2851 938 2873 per
955 2844 1052 2867 modum
1070 2848 1124 2865 con-

275 2897 429 2926 templationis
445 2896 531 2923 scripto
549 2895 579 2918 de
595 2895 615 2917 V
632 2893 803 2917 Festivitatibus
822 2892 973 2920 (Opusculum
993 2891 1037 2919 V.).

339 2945 361 2967 d.
378 2943 476 2971 Bonelli‚
494 2946 519 2966 ut
535 2942 646 2969 diximus,
660 2942 736 2964 denuo
754 2940 826 2963 edidit
843 2940 959 2968 integrum
972 2944 1044 2966 opus⁷
1056 2937 1123 2966 quale

273 2993 334 3015 inter
351 2997 421 3019 opera
440 2992 461 3013 S.
479 2990 588 3013 Bernardi
606 2989 746 3017 impressum
764 2988 815 3016 fnit,
828 2990 850 3010 et
861 2986 971 3010 adhibitis
982 2984 1076 3008 duobus
1088 2990 1123 3007 co·

963 217 1215 247 PROLEGOMENA.
1238 217 1266 245 C.
1289 217 1306 245 1.

1164 296 1255 318 dicibus
1272 301 1323 317 eam
1340 298 1443 324 partem,
1461 301 1530 324 quam
1555 295 1577 317 111
1600 293 1728 321 habebant,
1746 294 1890 322 aliquatenus
1906 294 2009 316 correxit.

1164 341 1247 369 Quoad
1271 341 1360 369 reliqua
1383 347 1427 363 11011
1451 341 1525 368 potuit
1548 341 1579 363 uti
1602 340 1645 362 nisi
1668 340 1713 362 iam
1736 339 1815 367 editis,
1832 342 1854 361 et
1871 345 1913 367 pro
1932 339 2011 361 sunda-

1165 390 1242 409 mento
1260 387 1366 410 adhibuit
1381 387 1505 410 editionem
1516 387 1629 409 Venetam
1641 387 1694 409 anni
1710 387 1774 409 1546.
1788 387 1810 409 111
1822 389 1899 409 nostra
1911 386 2011 409 editione

1164 435 1200 456 illa
1219 441 1303 463 magna
1320 435 1476 457 additamenta
1493 436 1575 457 harum
1594 435 1735 462 editionum,
1757 434 1809 457 licet
1830 440 1876 457 non
1898 435 2011 462 genuina,

1165 482 1228 504 haud
1251 482 1385 509 putavimus
1404 482 1494 509 penitus
1512 488 1562 504 esse
1582 482 1762 510 supprimenda,
1782 482 1835 510 quia
1859 482 1920 504 utilia
1944 482 2012 504 conti-

1166 531 1231 555 nent;
1250 528 1338 550 minora
1363 528 1441 551 addita
1467 529 1588 556 posuimus
1612 529 1641 551 ad
1662 530 1761 555 calcem,
1779 529 1865 551 maiora
1884 535 1939 551 vero
1961 532 2013 557 post

1167 575 1236 597 finem
1254 574 1329 597 libelli.
1348 574 1405 597 Cum
1423 577 1501 597 autem
1519 578 1591 597 textus
1604 576 1686 597 horum
1701 575 1888 598 addimentorum
1902 575 1923 597 111
1936 576 2013 598 multis

1166 621 1221 644 loeis
1239 621 1360 643 manifeste
1377 624 1437 644 esset
1453 624 1588 649 corruptus,
1607 624 1655 644 tum
1679 622 1700 644 in
1723 622 1823 645 editione
1845 623 1947 645 illaurina
1964 625 2013 646 tum

1167 669 1229 697 apud
1249 669 1346 696 Bonelli;
1364 675 1408 697 ope
1426 669 1526 691 duorum
1543 669 1649 692 codicum
1664 670 1682 692 A
1693 670 1709 691 B
1726 670 1862 698 saepissime
1873 676 1927 692 eum
1939 676 2015 693 emen-

1167 716 1283 739 davimus.

1231 770 1250 786 e.
1269 763 1371 792 Denique
1388 766 1467 786 notatu
1485 764 1582 792 dignum
1597 767 1641 791 est,
1653 764 1716 793 quod
1734 765 1757 786 in
1775 765 1892 787 Breviario
1910 766 2014 788 Romano

1168 817 1195 833 ex
1212 812 1256 833 1100
1273 811 1386 839 opusculo
1408 811 1561 839 depromptae
1583 813 1636 833 sunt
1658 811 1766 834 lectiones
1788 811 1883 834 secundi
1906 811 2015 834 Nocturni

1168 858 1269 881 duorum
1287 859 1410 886 festorum,
1428 864 1512 886 nempe
1529 857 1559 880 de
1576 859 1611 880 Ss.
1628 857 1703 880 Corde
1719 858 1768 881 lesu
1787 858 1851 887 (vide
1868 864 1888 881 c.
1906 859 1928 881 3.
1945 865 1966 881 11.
1983 859 2014 888 3.)

1169 908 1191 927 et
1208 906 1243 927 Ss.
1260 905 1382 933 plagarum
1397 905 1420 927 D.
1434 905 1459 927 N.
1472 905 1487 927 l.
1506 904 1601 932 Christi,
1618 905 1683 933 quod
1699 905 1827 928 celebratur
1845 906 1899 928 seria
1912 905 1946 928 Vl.
1965 909 2017 933 post

1170 952 1312 974 Dotninicam
1331 953 1362 974 111.
1381 952 1498 980 Quadrag.
1516 952 1578 981 (vide
1596 958 1648 980 cap.
1665 952 1703 974 23.
1720 958 1742 974 n.
1764 953 1782 974 l.
1799 955 1821 975 et
1833 952 1872 981 2.).
1888 952 2017 975 lnscribun-

1170 1002 1206 1022 tur
1223 999 1318 1028 quidem
1337 999 1367 1021 ibi
1388 1000 1430 1021 liae
1452 1000 1559 1022 lectiones
1577 1006 1630 1022 cum
1648 999 1711 1022 titulo
1734 999 1817 1022 Sermo
1841 999 1866 1022 S.
1885 999 2014 1028 Bernardi,

1170 1046 1223 1075 quia
1241 1053 1311 1069 verus
1328 1049 1407 1069 auctor
1424 1046 1501 1069 adhuc
1517 1049 1563 1068 erat
1588 1047 1688 1074 ignotus.
1710 1060 1739 1062 —
1764 1048 1794 1069 Ex
1817 1047 1899 1069 eodem
1921 1050 2017 1070 tractatu

1171 1094 1236 1121 plura
1254 1094 1380 1121 allegantur
1398 1093 1418 1115 in
1437 1094 1474 1116 illo
1491 1093 1576 1116 inedito
1593 1099 1664 1121 opere
1680 1093 1809 1116 Roscii-ium
1820 1094 1873 1117 Iesu
1885 1095 1907 1117 et
1918 1093 2017 1122 Mariae,

1171 1141 1200 1164 de
1216 1148 1261 1170 qun
1278 1142 1348 1164 locuti
1365 1147 1446 1164 sumus
1468 1147 1539 1169 supra
1562 1142 1691 1170 Prolegom.
1713 1148 1768 1169 pag.
1794 1142 1832 1164 XL
1859 1142 1900 1164 col.
1922 1142 1940 1163 1.
1958 1142 2018 1164 circa

1171 1189 1248 1211 tinem.

1450 1258 1586 1289 Elenchus
1607 1258 1734 1289 codicum.

1218 1346 1237 1369 1.
1256 1345 1346 1369 Codices
1364 1353 1377 1368 a
1392 1345 1456 1368 nobis
1473 1352 1523 1368 cum
1535 1345 1603 1368 ‘textu
1620 1345 1747 1369 Vaticanae
1764 1345 1872 1369 editionis
1888 1345 1976 1369 collati.

1240 1425 1256 1447 l.
1275 1424 1434 1453 Durmstudii,
1451 1424 1588 1447 bibliotheca
1610 1425 1713 1452 Ducalis,
1733 1425 1784 1447 cod.
1803 1425 1870 1447 1081.
1891 1424 2021 1447 membran.

1173 1473 1196 1495 in
1216 1473 1236 1494 8.
1260 1478 1320 1494 saec.
1346 1472 1406 1494 XlV.
1421 1472 1532 1495 exeuntis.
1554 1484 1585 1488 ——
1607 1471 1706 1495 Rubriea
1729 1472 1835 1500 opusculi
1861 1472 1961 1494 occurrit
1986 1472 2021 1494 his

1172 1520 1251 1542 verbis
1269 1520 1306 1542 101.
1329 1521 1346 1542 1.
1366 1526 1396 1541 1·.:
1417 1519 1499 1549 Incipit
1520 1519 1636 1548 proloyus
1654 1519 1678 1542 in
1695 1518 1798 1547 tibrum,
1816 1518 1858 1549 qni
1874 1518 1962 1542 dicitur
1984 1518 2021 1541 Vi-

1173 1567 1210 1590 tis.
1224 1566 1243 1590 O
1261 1566 1361 1596 beniyna.
1378 1565 1431 1589 vitis
1443 1572 1513 1594 versi,
1526 1565 1618 1595 liynum
1635 1565 1680 1589 vite
1698 1568 1740 1588 010,
1758 1565 1845 1588 Desinit
1858 1566 1894 1588 sol.
1914 1565 1967 1588 Ι1119.
1985 1572 2020 1587 v.:

1173 1614 1290 1645 finemque
1307 1619 1430 1636 sacremus
1448 1612 1535 1642 optimo
1553 1614 1573 1636 et
1590 1612 1727 1636 dulcissimo
1745 1613 1805 1635 Iesu.
1823 1611 1929 1642 Empticit
1946 1611 2019 1640 liber,

1174 1661 1216 1691 qui
1232 1661 1318 1684 dicitur
1341 1661 1405 1684 Vitis.
1425 1661 1482 1683 Vide
1499 1661 1605 1683 editionis
1617 1660 1800 1683 additamentum
1818 1659 1925 1682 ultimum
1943 1660 1965 1682 in
1978 1660 2023 1682 fine

1174 1708 1238 1737 (pag.
1260 1709 1319 1737 189).
1338 1721 1368 1725 —
1387 1709 1408 1730 ln
1426 1710 1503 1730 nostra
1520 1707 1621 1730 editione
1637 1707 1741 1735 signatur
1758 1707 1831 1729 littera
1849 1707 1874 1729 Α.

1239 1757 1260 1778 2.
1279 1755 1378 1781 Ibidem,
1397 1755 1418 1777 in
1439 1755 1521 1777 eodem
1548 1755 1628 1777 codice
1652 1757 1799 1783 compactum
1825 1754 1942 1777 invenitur
1959 1754 2021 1777 aliud

1175 1804 1291 1832 exemplar
1308 1803 1337 1826 ab
1355 1803 1484 1832 antiquiore
1502 1809 1570 1825 manu
1594 1805 1725 1831 exaratum,
1744 1803 1781 1825 fol.
1801 1802 1853 1824 lei.
1870 1802 1914 1824 sub
1937 1802 2021 1825 eodem

1177 1852 1252 1879 titulo,
1269 1851 1366 1873 scilicet:
1385 1849 1469 1880 Incipit
1481 1849 1599 1879 proloqtts
1622 1849 1646 1872 in
1664 1849 1765 1877 librum,
1783 1848 1826 1879 qui
1845 1848 1932 1872 dicitnr
1953 1848 2020 1872 Vitis.

1178 1899 1197 1923 O
1214 1898 1315 1928 benigna
1337 1898 1389 1921 vitis
1407 1900 1450 1920 010,
1474 1897 1560 1920 Desinit
1578 1898 1614 1919 sol.
1641 1896 1692 1919 147.
1712 1903 1748 1919 v.:
1774 1898 1795 1920 et
1816 1895 1894 1919 verbis
1911 1897 1932 1919 et
1953 1895 2024 1925 factis

1176 1946 1227 1970 eius
1245 1947 1412 1976 preostensam
1432 1944 1490 1975 fuit,
1516 1944 1558 1974 qui
1577 1943 1665 1967 auditis
1691 1943 1833 1966 nuntiorum
1857 1942 1957 1966 verbis...
1984 1942 2023 1966 Ce-

1177 1997 1224 2017 tera
1237 1994 1327 2016 desunt.
1344 1993 1403 2015 Vide
1420 1992 1527 2015 editionis
1544 1998 1594 2020 cap.
1617 1991 1651 2013 lO.
1667 1997 1690 2013 n.
1710 1991 1730 2012 1.
1748 1990 1812 2019 (pag.
1827 1990 1878 2017 l75,
1890 1993 1968 2013 notam
1984 1990 2025 2019 9.).

1177 2041 1240 2069 Sign.
1259 2041 1282 2063 Β.

1241 2088 1262 2110 3.
1281 2086 1410 2114 Gottwicii,
1429 2085 1566 2108 bibliotheca
1579 2085 1720 2111 monasterii,
1738 2084 1790 2107 cod.
1801 2084 1853 2106 294.
1867 2083 1940 2113 (274.)
1952 2085 2024 2106 chart.

1176 2136 1199 2158 in
1217 2136 1254 2157 sol.
1271 2140 1331 2157 saec.
1350 2134 1400 2156 XV.
1420 2146 1449 2149 —
1466 2133 1560 2161 Legitur
1577 2133 1613 2155 sol.
1637 2138 1681 2155 non
1699 2134 1821 2155 numerato
1843 2131 1949 2154 rubrica:
1967 2130 2024 2154 Inci-

1173 2182 1210 2212 pit
1226 2182 1337 2212 plu-nctus
1349 2180 1435 2211 fratris
1450 2181 1622 2208 Bonaventitre,
1642 2178 1772 2202 cardinalis
1786 2178 1883 2202 Ordinis
1900 2178 2024 2202 Minoi-um
2064 2203 2071 2210 .

1177 2229 1204 2252 (Ie
1219 2228 1330 2258 passione
1356 2227 1459 2250 Domini.
1476 2227 1526 2256 qu
1544 2232 1599 2249 sum
1623 2225 1700 2249 vitis...
1720 2225 1739 2249 Ο
1764 2226 1833 2254 lesu,
1853 2224 1956 2254 beniqmi
1972 2223 2026 2247 vitis

1176 2276 1242 2304 veni,
1261 2275 1353 2305 liynunt
1364 2274 1409 2298 vite
1426 2277 1468 2297 etc.
1486 2274 1639 2302 Suspenditur
1656 2273 1769 2301 scriptum
1786 2278 1838 2301 cap.
1854 2272 1892 2294 23.
1908 2278 1931 2294 n.
1957 2272 1978 2293 1,
1995 2271 2025 2293 ad

1175 2323 1265 2346 verba:
1284 2322 1399 2346 ardorem
1414 2327 1469 2345 rose
1486 2320 1593 2345 caritatis
1610 2320 1635 2343 in
1652 2319 1739 2343 arbore
1756 2319 1881 2343 considera
1897 2317 2024 2349 passionis.

1177 2371 1265 2393 Deinde
1277 2372 1380 2392 notatur:
1396 2368 1505 2398 Reliqua,
1523 2367 1629 2391 videlicet
1644 2367 1716 2397 finem
1727 2366 1799 2390 huius
1811 2367 1936 2394 tracta-tus,
1954 2371 2025 2395 quere

1177 2417 1287 2441 vertendo
1305 2416 1362 2446 folia
1380 2416 1495 2446 quinque,
1509 2415 1550 2438 ubi
1566 2414 1661 2445 incipit:
1676 2413 1733 2442 Quis
1745 2419 1853 2443 unquam
1871 2414 1920 2436 tam
1932 2410 2024 2442 φναυία.

1178 2465 1223 2488 Sed
1240 2465 1281 2487 ista
1299 2464 1350 2487 solia
1368 2464 1459 2486 suerunt
1476 2462 1588 2491 praecisa.
1605 2475 1634 2478 —
1648 2461 1723 2484 Verba
1741 2461 1790 2483 illa:
1812 2469 1823 2481 «ι
1835 2461 1858 2482 111
1875 2459 1959 2482 arbore
1976 2465 2027 2482 con·

1177 2513 1254 2535 sidera
1271 2511 1424 2540 passionis»,
1442 2512 1536 2532 sortasse
1557 2509 1684 2537 respiciunt
1705 2507 1818 2531 arborem
1841 2507 1901 2529 illam
1925 2507 1947 2529 in
1970 2512 2027 2534 opu-

1178 2559 1242 2582 sculo
1259 2557 1362 2588 Liqnum
1379 2556 1440 2580 vitae
1467 2556 1621 2584 descriptam,
1643 2555 1710 2578 cuius
1730 2554 1832 2577 secunda
1854 2560 1909 2582 pars
1931 2552 1979 2581 agit
2000 2551 2028 2575 de

1177 2605 1287 2636 passione
1304 2603 1406 2627 Domini.
1425 2604 1488 2632 sign.
1506 2603 1533 2625 G.

1243 2652 1263 2674 4.
1281 2651 1375 2675 Lentiae
1394 2650 1467 2680 (Linz)
1485 2651 1508 2672 in
1526 2649 1628 2676 Austria,
1646 2648 1784 2671 bibliotheca
1802 2647 1908 2675 Publica,
1931 2647 1984 2670 cod.
2000 2647 2024 2669 P.

1178 2701 1203 2723 N.
1221 2700 1243 2722 6.
1254 2698 1355 2722 membr.
1367 2699 1389 2721 in
1410 2699 1447 2721 sol.
1459 2703 1520 2720 saec.
1538 2697 1593 2719 xlll.
1606 2696 1708 2720 exeuntis
1719 2696 1756 2718 vel
1771 2696 1852 2718 saltem
1869 2694 1953 2717 saeculi
1966 2694 2026 2717 XIV.

1178 2747 1316 2775 incipientis.
1332 2759 1363 2762 —
1380 2746 1426 2768 Fol.
1444 2752 1462 2768 r.
1474 2751 1520 2767 non
1533 2746 1654 2767 numerato
1670 2743 1750 2772 incipit
1761 2743 1901 2771 opusculum
1917 2747 1972 2764 cum
1984 2742 2028 2764 1100

1179 2795 1254 2818 titulo:
1272 2793 1356 2817 Sermo
1375 2793 1438 2816 Bone
1461 2792 1562 2815 Venture
1579 2797 1651 2821 snper
1668 2790 1712 2814 hoc
1728 2789 1816 2813 verbo:
1834 2789 1885 2818 qu
1902 2794 1956 2812 sum
1972 2786 2026 2811 vitis

1180 2848 1243 2866 vera.
1261 2842 1311 2871 qu
1327 2847 1382 2864 sum
1406 2839 1459 2863 vitis
1477 2842 1520 2862 010.
1538 2838 1558 2862 Ο
1575 2839 1635 2866 Iesu,
1653 2837 1754 2867 beniqnct
1778 2836 1839 2865 vitis,
1863 2835 1922 2859 veni.
1944 2834 2029 2858 Desinit

1179 2895 1230 2917 cap.
1248 2888 1285 2910 24.
1303 2894 1324 2910 n.
1343 2888 1364 2910 3.
1384 2886 1448 2915 (pag.
1469 2886 1521 2914 l88)
1540 2885 1630 2908 verbis:
1649 2884 1703 2908 tatis
1720 2885 1780 2907 tent
1799 2882 1972 2912 complectatur
1989 2887 2028 2904 ezc-

1179 2936 1274 2966 spectat.
1294 2934 1370 2964 Caput
1392 2932 1508 2963 floridum
1525 2932 1614 2956 multis.
1637 2932 1724 2955 Desunt
1745 2931 1816 2959 igitur
1839 2929 1933 2958 genuini
1950 2928 2028 2957 operis

1181 2988 1269 3012 paucae
1287 2985 1374 3004 tanturn
1393 2981 1474 3004 lineae.
1493 2980 1556 3008 Sign.
1574 2979 1598 3002 C.
