2133 3317
121 715 167 733 Pars
182 713 251 738 prinei-

129 738 177 761 palis
186 742 251 756 secun-

129 761 153 779 da
175 766 217 779 cum
239 760 250 778 3

129 785 195 808 portis.

149 1276 175 1294 Dc
184 1276 244 1299 prima

136 1301 196 1323 porta,
215 1299 254 1317 sire

141 1322 248 1341 exclusione

137 1346 252 1369 receptionis

124 1370 222 1393 pecuniae,
229 1375 260 1393 po-

131 1395 202 1411 nuntur
212 1393 256 1411 duo.

143 1510 171 1529 De
184 1510 251 1534 primo.

136 1604 208 1630 Nomen
222 1609 253 1627 pe-

155 1632 228 1646 cuniae.

265 211 321 238 412
494 207 690 236 OPUSCULUM
713 206 778 234 XVI.
802 205 974 233 EXPOSITIO
996 205 1098 233 SUPER
1120 204 1273 233 REGULAM
1295 205 1448 233 FRATRUM
1469 203 1630 232 MlNORUM.
1653 203 1721 231 CAP.
1744 203 1785 231 lV.

266 295 410 319 personam;
437 288 519 311 tamen
545 292 590 316 pro
615 284 805 309 necessitatibus
829 283 984 308 infirmorum
1009 283 1034 307 et
1057 284 1113 307 aliis

266 331 397 356 Fratribus
422 328 552 354 induendis
576 335 620 359 per
648 327 739 351 amicos
759 327 903 358 spirituales
928 326 1038 350 Ministri
1057 326 1114 351 tan-

266 374 319 398 tum
342 373 366 397 et
385 372 504 397 Custodes
527 370 659 395 sollicitam
678 377 763 394 curam
785 370 876 401 gerant
905 369 1038 394 secundum
1060 370 1114 394 loca

266 417 291 441 et
310 416 422 446 tempora
442 415 467 439 et
485 413 590 445 frigidas
609 414 733 444 regiones,
759 413 823 437 sicut
842 412 986 437 necessitati
1005 412 1113 437 viderint

266 458 392 489 expedire:
413 464 439 481 oo
459 464 555 487 semper
575 456 658 485 salvo,
678 455 721 485 ut,
741 455 805 480 sicut
818 455 911 480 dictum
930 454 980 484 est⁷
1000 455 1114 479 denarios

266 502 304 526 vel
324 501 451 532 pecuniam
472 507 520 524 non
542 499 671 530 recipiant.

598 578 779 608 EXPOSlTlO.

349 661 372 687 1.
398 658 552 695 Praecipio
574 657 708 694 firmiter.
731 657 882 693 Descriptis
914 657 1004 686 tribus
1026 657 1112 694 portis

268 706 420 735 dominicae
442 705 575 737 civitatis,
599 712 648 741 per
667 712 737 741 quas
752 704 885 733 illucescit
900 704 1010 732 claritas
1025 705 1115 733 orien-

268 754 344 787 talis3
368 752 495 789 sequitur
512 760 575 788 pars
590 751 719 785 secunda,
735 751 761 779 in
777 759 831 788 qua
846 751 1043 779 describuntur
1060 755 1116 780 tres

268 803 364 837 portae
386 799 508 827 munitae
540 802 637 827 contra
668 798 780 826 insidias
801 798 969 834 aquilonis1.
991 798 1114 834 Quarum

268 847 358 884 prima
386 845 511 875 excludit
538 845 695 882 periculum
725 845 817 872 luctae
844 853 894 881 pro
916 845 1033 881 pecunia
1063 845 1116 873 Do-

268 894 373 922 minum
398 892 547 926 tradentis;
569 892 690 921 secunda
712 892 781 920 tollit
802 891 958 928 periculum
973 891 1057 928 fictae
1072 900 1116 919 re-

272 940 388 977 ligionis
420 939 446 968 in
478 939 534 967 otio
567 938 698 972 viventis3
728 938 809 966 tertia
836 937 927 966 aufert
959 938 1114 974 periculum

269 987 467 1016 nittltz'tadz'nis
489 986 554 1015 cleri
583 986 611 1014 in
644 985 698 1014 fine
720 994 770 1022 pro
790 985 976 1022 appropriatis
997 993 1117 1013 commu-

270 1034 352 1062 nibus
383 1033 580 1062 contendentis.
612 1032 733 1060 Primum
763 1032 854 1060 aufert
880 1031 982 1060 homini
1008 1032 1116 1064 Deam,-

271 1081 423 1110 secundum
444 1080 535 1108 aufert
557 1079 661 1108 homiui
683 1087 712 1107 sc
735 1079 849 1115 ipsum,
875 1078 940 1115 quia
961 1078 1067 1107 otiosus
1088 1078 1115 1105 in

272 1128 349 1156 nullo
370 1131 411 1156 est
432 1127 481 1155 sihi
505 1127 678 1159 fructuosns;
695 1125 807 1154 tertium
823 1125 915 1154 aufert
930 1125 1032 1153 homini
1047 1133 1116 1161 pro-

269 1175 393 1203 almum.

349 1220 440 1248 Prima
468 1228 532 1256 pars
562 1219 645 1248 habet
672 1219 753 1252 duas,
775 1219 840 1255 quia
872 1219 961 1255 primo
992 1218 1118 1246 excludit

272 1267 405 1304 pecuniae
428 1267 611 1303 receptionem
625 1266 651 1300 2;
675 1265 809 1299 secundo,
825 1265 973 1301 providens
994 1264 1117 1293 subdito-

273 1323 335 1343 rum
358 1314 461 1351 quieti,
484 1314 600 1350 imponit
628 1313 757 1350 praelatis
788 1313 860 1341 circa
893 1312 1116 1348 procurationem

272 1361 492 1391 necessariorum
522 1360 750 1393 sollicitudinem,
773 1359 825 1387 ibi:
855 1360 963 1387 Tamen
988 1367 1045 1395 pro
1070 1367 1117 1386 ne-

270 1408 452 1438 cessitatibus
474 1407 672 1444 infirmorum.

349 1457 375 1484 2.
398 1456 469 1484 Dicit
496 1463 562 1491 ergo
594 1462 645 1491 pro
675 1454 779 1490 primo:
812 1453 965 1490 Praecipio
993 1452 1118 1488 firmiter

270 1502 431 1532 Fratribus
452 1501 617 1535 universis,
640 1504 672 1529 ttt
692 1501 771 1529 nullo
800 1500 884 1529 modo
912 1500 1050 1528 denarios
1078 1498 1119 1527 vel

267 1549 426 1587 pecaniam
459 1548 603 1585 recipiant
623 1556 678 1584 per
699 1556 745 1581 sc,
767 1547 809 1575 vel
834 1555 887 1583 per
915 1546 1118 1582 interpositam

267 1603 436 1632 personam.
458 1594 537 1622 Circa
558 1593 632 1630 quod
653 1593 812 1626 sciendum,
828 1593 902 1630 quod
915 1592 1043 1629 pecunia
1064 1596 1119 1621 ter—

271 1649 370 1670 renum
394 1650 491 1670 nomen
515 1644 569 1674 est,
596 1641 682 1677 magis
712 1641 838 1669 redolens
864 1640 1007 1668 avaritiam
1036 1647 1118 1676 quam

271 1696 371 1717 nomen
393 1688 571 1721 divitiarum,
593 1691 624 1716 ut
645 1687 724 1715 docet
746 1690 858 1715 sanctus
887 1686 1056 1723 Augustinus
1078 1694 1120 1714 se-

272 1736 358 1772 ptimo
379 1735 412 1763 de
433 1735 548 1763 Civitate
570 1735 634 1768 Dei,
656 1734 777 1770 capitulo
797 1733 961 1762 duodecimo
972 1733 991 1761 ³.
1014 1733 1120 1761 Dicitur

1169 284 1260 311 autem
1283 282 1399 318 pecunia
1420 291 1476 310 uno
1498 282 1578 310 modo
1600 281 1681 318 laryc
1709 281 1842 318 quidquid
1880 285 2014 318 tempora-
2030 289 2119 319 Sensqsia

1170 329 1232 357 liter
1254 329 1418 365 possidetur.
1442 329 1516 357 Unde
1538 328 1707 365 Augustinus
1729 328 1798 356 libro
1813 328 1846 356 de
1868 328 2015 364 Disciplina
2030 318 2062 336 με
2077 319 2119 338 ”³⁸¹⁰

1170 376 1347 404 christiana⁴¹
1375 375 1455 403 dicit:
1489 387 1502 400 <r
1521 376 1637 409 Totum,
1669 375 1803 412 quidquid
1836 375 1960 403 homines
1988 375 2014 404 in

1170 426 1246 451 terra
1268 422 1415 459 possident,
1437 422 1544 455 omnia,
1567 430 1687 458 quorum
1710 421 1813 449 domini
1829 425 1910 455 sunt,
1929 430 2016 458 peca—

1170 470 1223 497 nia
1245 472 1376 502 vocatur,
1396 469 1453 497 sive
1475 469 1510 497 sit
1531 476 1645 502 servus,
1667 468 1725 497 sive
1740 476 1804 505 ager
1820 480 1846 496 ».
1863 468 1919 496 Alio
1935 469 2014 497 modo
2030 475 2110 497 siricius.

1170 517 1272 545 dicitur
1294 516 1410 552 pecunia
1431 516 1544 548 stricte,
1567 515 1640 552 quod
1662 518 1703 543 est
1730 523 1861 543 mensura
1892 523 2016 543 commu-

1171 564 1282 592 tationis
1313 571 1422 596 rerum,
1454 566 1481 591 et
1512 562 1551 591 sic
1580 562 1715 598 accipitur
1743 562 1859 590 Actuum
1889 562 2016 596 octavo⁵,

1172 611 1218 639 ubi
1241 610 1358 638 dicitur:
1383 609 1513 637 Pecunia
1535 613 1588 637 tua
1603 612 1693 637 tecam
1710 608 1747 637 sit
1762 609 1793 636 in
1805 609 2016 645 perditionem;

1171 661 1198 685 et
1220 657 1434 685 Proverbiorum
1455 656 1571 692 septimo
1599 655 1716 684 dicitur:
1750 655 1906 684 Saeculum
1931 664 2018 692 peca-

1171 704 1239 731 niac
1262 703 1326 731 tulit
1347 712 1462 736 cccmm
1485 703 1516 731 in
1537 703 1583 731 (lic
1608 702 1710 739 plenae
1732 702 1818 730 lunae
1842 710 2018 730 reuersurus

1172 754 1211 778 est
1233 750 1352 778 (lonium
1372 758 1468 778 sitam.
1485 750 1539 778 Hoc
1554 749 1624 777 idem
1640 749 1705 777 dicit
1720 749 1903 785 Philosophus
1917 751 2018 785 quarto

1174 797 1342 825 Ethicorum.
1366 797 1465 825 Volens
1486 796 1570 833 igitur
1592 795 1726 823 Dominus
1741 803 1790 831 per
1805 802 1918 823 servum
1933 795 2016 823 Fran·
2058 803 2122 830 esum

1172 844 1275 873 ciscum
1297 844 1429 872 avaritiae
1451 843 1570 872 radicem
1595 843 1705 879 penitus
1719 842 1872 871 excludere
1886 842 1921 870 ab
1936 841 2017 870 horto
2033 828 2121 870 titel?

1172 890 1305 918 concluso
1327 893 1354 918 et
1374 889 1452 926 l'ontc
1482 889 1631 927 sayna-60⁶,
1654 889 1808 925 praecepit,
1830 896 1865 917 ne
1886 888 2019 925 recipiant

1172 937 1282 965 Fratres
1302 936 1430 965 denarios
1455 937 1498 965 vel
1521 936 1665 972 pecuniam
1694 936 1737 964 vel
1762 936 1846 964 ullam
1871 935 2019 972 possessio-

1172 991 1234 1011 nem
1257 986 1396 1011 terrenam
1415 983 1440 1011 iu
1456 982 1620 1019 pecoribus,
1637 982 1693 1010 sive
1708 982 1873 1019 generaliter
1889 981 1916 1010 in
1931 981 2019 1010 omni-

1173 1030 1241 1064 bus,
1263 1038 1334 1066 quae
1367 1033 1558 1066 paupertatem
1588 1029 1748 1057 altissimam
1780 1028 1963 1062 labefaciunt,
1992 1030 2020 1057 et

1173 1077 1322 1113 praecipue
1344 1077 1468 1113 loquitur
1489 1076 1522 1105 de
1544 1076 1661 1113 pecunia
1682 1078 1836 1117 numerata.
1859 1075 1913 1104 Hoc
1927 1078 2019 1104 autem

1174 1128 1351 1160 praeceptum
1375 1124 1496 1152 trahitur
1524 1131 1560 1151 ex
1584 1123 1728 1159 Evangelio
1750 1122 1894 1156 Matthaei,
1915 1121 2021 1150 decimo

1174 1171 1295 1207 capitulo
1307 1171 1327 1204 ⁷,
1343 1171 1388 1199 ubi
1406 1170 1519 1199 dicitur:
1537 1170 1628 1198 Nolite
1639 1169 1789 1207 possidere
1804 1177 1916 1197 aarum
1930 1177 2019 1207 neque

1174 1221 1328 1254 arpentum
1345 1226 1434 1255 neque
1454 1217 1627 1254 pecuniam,
1650 1216 1724 1245 unde
1745 1216 1780 1245 ibi
1813 1216 1880 1244 dicit
1910 1216 2020 1244 Glossa:

1179 1276 1192 1289 a
1205 1265 1264 1292 Duo
1279 1267 1345 1292 sunt
1358 1272 1461 1300 genera
1481 1264 1716 1292 necessariorum:
1738 1271 1840 1297 unum,
1855 1271 1911 1300 quo
1926 1271 2022 1291 emun-

1173 1314 1220 1339 tur
1242 1311 1409 1344 necessaria,
1428 1310 1502 1338 aliud
1525 1310 1584 1346 ipsa
1605 1310 1774 1343 necessaria3
1797 1318 1846 1346 per
1864 1309 2023 1346 pecaniam

1174 1358 1206 1385 in
1226 1358 1313 1386 zonis
1328 1357 1396 1385 illud
1421 1357 1491 1385 unde
1513 1357 1559 1385 illa
1580 1360 1725 1391 emuntur,
1747 1364 1797 1393 per
1813 1365 1933 1393 peram,
1949 1357 2023 1393 quod

1174 1405 1276 1433 emitur
1289 1416 1315 1432 >›.

1254 1452 1280 1480 3.
1303 1452 1390 1480 Huius
1411 1455 1504 1480 autem
1527 1451 1697 1480 inhibitionis
1718 1451 1805 1479 sactae
1827 1451 1960 1487 Apostolis
1980 1458 2023 1479 se-
2037 1457 2133 1484 sueonia,-

1175 1502 1249 1535 ptem
1272 1501 1337 1527 sunt
1358 1498 1523 1535 praecipuae
1544 1498 1665 1526 rationes
1676 1498 1695 1526 ⁸.
1724 1514 1763 1518 —
1793 1497 1882 1525 Prima
1909 1500 1950 1526 est
1973 1505 2022 1525 su·
2035 1483 2133 1528 pitffiir‘.

1175 1545 1315 1582 spicionis
1337 1545 1464 1574 emetat-to
1486 1545 1519 1573 ad
1541 1545 1690 1573 efficaciam
1714 1544 1933 1581 praedicationis.

1256 1592 1381 1620 Secunda
1402 1595 1443 1620 est
1465 1595 1596 1620 tert-enac
1616 1591 1823 1620 sollicitudinis¹
1836 1590 1966 1628 perfecta
1980 1599 2025 1619 ex-
2040 1597 2119 1617 Secunda

1176 1638 1313 1675 stirpatio
1335 1638 1368 1666 ad
1401 1638 1665 1667 commendationem
1691 1637 1815 1667 caelestis
1836 1637 2025 1674 providentiae

1177 1686 1251 1714 circa
1272 1685 1333 1713 illos
1353 1685 1401 1722 qui
1422 1685 1522 1714 divinis
1544 1687 1642 1713 vacant
1662 1684 1810 1721 obsequiis.
1833 1684 1865 1713 Et
1886 1684 1935 1713 has
1956 1684 2025 1713 duas

1178 1733 1298 1761 rationes
1330 1732 1417 1769 tangit
1444 1732 1649 1768 Hieronymus⁹
1670 1732 1697 1760 in
1719 1731 1814 1760 Glossa
1835 1731 1943 1760 dicens:
1970 1742 1982 1755 a
1998 1730 2024 1759 Si

337 1911 344 1924 ¹
364 1911 408 1934 Csr.
427 1918 497 1939 supra
515 1918 535 1934 c.
555 1912 575 1933 l.
593 1917 614 1933 n.
629 1912 649 1933 l.
662 1924 691 1927 —
704 1911 815 1939 Superius
827 1917 870 1939 pro
883 1910 1005 1933 orientalis
1018 1911 1036 1933 D
1048 1910 1122 1933 orien-

273 1950 310 1974 tis.
327 1951 423 1973 inferius
440 1957 482 1978 pro
501 1950 523 1973 in
541 1950 587 1980 fine
605 1950 701 1975 (infinite
710 1951 729 1979 5²)
748 1951 765 1972 Α
776 1950 792 1972 C
809 1954 831 1972 et
848 1950 885 1972 ed.
909 1951 913 1972 1
931 1949 1052 1979 infirmae,
1069 1951 1085 1972 B
1098 1949 1123 1972 z'n

272 1991 363 2020 sunere,
381 1993 404 2012 et
420 1990 519 2012 subinde
537 1996 579 2017 pro
597 1989 719 2017 Primum,
736 1989 881 2017 secundum,
899 1989 995 2012 tertium
1008 1990 1059 2011 Yat.
1072 1995 1122 2017 per-

274 2036 354 2057 peram
372 2028 468 2057 Prima,
485 2028 603 2056 secunda,
621 2028 698 2051 lertio.

337 2068 346 2081 ²
364 2069 417 2091 Vat.
434 2074 487 2090 cum
505 2068 622 2090 nonnullis
647 2068 715 2089 codd.
738 2067 855 2097 pecuniae
880 2067 1041 2091 omnimodam
1064 2073 1123 2091 rece-

275 2107 385 2137 plioncm.

338 2145 347 2158 ³
364 2146 406 2168 Ubi
425 2145 536 2173 ostendit,
554 2146 645 2172 lovem,
662 2151 689 2167 co
711 2145 773 2173 quod
800 2144 849 2167 eius
872 2145 916 2167 sint
941 2145 1032 2171 omnia,
1054 2145 1123 2167 Pecu-

274 2185 341 2208 utam
358 2185 468 2207 vilissime
485 2187 507 2207 et
524 2184 755 2206 contumeliosissime
773 2186 882 2206 vocatum
902 2184 981 2206 fuisse:
1004 2184 1051 2206 Hoc
1068 2190 1124 2205 ava-

275 2224 325 2246 ritia
343 2223 389 2245 lovi
413 2229 496 2245 nomen
520 2222 642 2251 imposuit,
661 2225 696 2249 ut,
716 2222 822 2251 quisquis
844 2224 906 2244 amat
923 2222 1058 2250 pecuniam,
1077 2228 1123 2244 non

275 2262 402 2292 quemlibet
418 2262 502 2290 deum,
520 2262 562 2284 sed
580 2262 655 2289 ipsum
674 2267 754 2289 regern
780 2261 884 2283 omnium
902 2261 946 2283 sibi
963 2267 1041 2283 amare
1059 2261 1124 2284 vide-

275 2306 346 2325 retur.
364 2302 442 2329 Longe
460 2304 536 2324 antem
563 2301 625 2323 aliud
651 2304 724 2328 esset,
741 2301 759 2322 si
783 2300 883 2323 Divitiae
908 2304 1038 2323 vocaretur.
1056 2301 1123 2323 Aliud

276 2346 376 2369 namque
394 2342 446 2362 sunt
464 2339 570 2368 divitiae,
587 2340 649 2362 aliud
667 2339 773 2367 pecunia.
791 2340 846 2361 Nam
864 2339 964 2362 dicimus
982 2339 1072 2368 divites>
1088 2346 1124 2362 sa-

277 2379 379 2408 pientes,
397 2379 482 2407 iustos,
506 2378 593 2406 bonos,
616 2378 702 2407 quibus
728 2378 827 2406 pecunia
852 2379 889 2401 vel
905 2379 979 2406 nulla,
996 2380 1033 2401 vel
1051 2385 1123 2407 parva

275 2422 333 2441 est...
351 2419 377 2441 Et
394 2419 467 2441 Deum
486 2418 562 2446 ipsum
585 2424 669 2440 verum
692 2421 754 2440 recte
779 2418 879 2440 dicimus
902 2418 1011 2445 divitem,
1029 2424 1074 2440 non
1092 2421 1124 2440 ta-

277 2464 328 2480 men
348 2458 458 2485 pecunia,
483 2457 525 2480 sed
550 2457 741 2485 omnipotentem.
766 2457 877 2479 Dicuntur
899 2457 977 2486 itaque
1002 2460 1024 2479 et
1040 2457 1125 2479 divites

277 2497 409 2524 pecuniosi,
427 2497 468 2519 sed
486 2497 581 2519 interius
598 2496 673 2524 egeni,
690 2496 708 2519 si
726 2496 828 2524 cupidi...
846 2496 924 2525 Qualis
941 2503 997 2524 ergo
1011 2496 1050 2518 ista
1064 2498 1125 2519 theo-

276 2535 337 2563 logia
354 2534 424 2557 debet
441 2541 491 2557 esse
509 2534 618 2563 sapienti,
636 2534 675 2557 ubi
693 2541 731 2557 rex
749 2534 846 2556 deornm
870 2534 920 2557 eius
937 2535 968 2556 rei
986 2540 1071 2557 nornen
1089 2541 1124 2557 ac-

276 2574 350 2602 cepit,
368 2580 439 2603 quam
456 2580 525 2596 nemo
543 2574 635 2601 sapiens
652 2573 785 2601 concupivit
811 2576 854 2596 etc.
873 2565 914 2596 Pro
931 2579 1018 2596 nomen
1035 2573 1124 2597 devitia-

277 2619 333 2636 rum
351 2613 402 2635 Vat.
420 2612 517 2636 niodum
534 2612 680 2636 divitiarum.

340 2652 349 2664 ⁴
367 2652 423 2680 Cap.
441 2653 462 2674 6.
479 2659 502 2674 n.
519 2653 541 2674 6.
559 2653 583 2674 ln
600 2652 646 2675 fine
664 2659 706 2680 pro
722 2651 771 2675 sice
787 2651 819 2676 stt
833 2658 929 2680 servus,
941 2652 989 2675 sive
1001 2658 1059 2682 aqer
1077 2652 1095 2674 A
1106 2653 1124 2675 G

278 2694 300 2714 et
317 2692 354 2714 ed.
373 2693 380 2714 l
411 2691 442 2715 sit
466 2697 563 2720 servus,
582 2691 614 2714 sit
629 2697 700 2720 aper,
728 2694 802 2714 textus
827 2691 958 2719 originalis:
980 2691 1067 2714 Servus
1084 2691 1124 2719 sit,

278 2736 333 2758 vas,
351 2737 419 2758 ager,
442 2730 524 2758 arbor,
542 2736 626 2758 pecus;
652 2730 766 2759 quidquid
790 2731 875 2752 horum
892 2733 937 2758 est,
956 2730 1053 2758 pecunia
1071 2730 1125 2753 dici-

279 2772 322 2791 tur.
340 2782 370 2785 —
388 2770 500 2797 Superius
517 2776 559 2797 pro
585 2769 678 2793 Dicitur
698 2771 778 2792 antem
798 2769 902 2799 pecunia
927 2775 975 2792 uno
992 2769 1061 2793 modo
1085 2769 1124 2798 (ita

279 2809 324 2830 AG
341 2812 363 2830 et
379 2809 416 2831 ed.
435 2810 457 2837 11)
475 2809 527 2831 Yet.
544 2808 636 2831 Dicitur
652 2808 766 2838 pecuniae
782 2807 905 2832 vocabulo.

342 2846 351 2859 ⁵
369 2848 434 2870 Vers.
452 2848 490 2870 20.
507 2861 538 2863 —
556 2847 660 2870 Subinde
684 2848 812 2876 allegantur
830 2848 852 2876 (a
869 2848 922 2870 Vat.
945 2850 968 2870 et
985 2848 1003 2870 D
1020 2848 1126 2870 omittun-

279 2886 326 2914 tur)
345 2887 411 2908 l’rov.
428 2886 456 2914 7,
473 2887 512 2909 20.
531 2889 553 2909 et
570 2887 670 2915 Ariston,
690 2887 727 2909 lV.
745 2886 816 2910 Etliic.
834 2893 853 2909 c.
873 2887 893 2915 l,
919 2886 958 2909 ubi
983 2888 1041 2909 hanc
1058 2892 1125 2914 pecu-

280 2925 331 2947 niae
348 2925 503 2947 definitionem
522 2926 573 2948 dat:
598 2926 732 2948 «pecunias
757 2928 835 2948 autem
858 2926 936 2948 omnia
961 2932 987 2948 ea
1013 2926 1125 2952 dicimus,

280 2970 380 2993 quorum
398 2965 580 2987 aestimationem
598 2972 708 2987 nummus
725 2965 849 2994 metitur»,
866 2971 936 2994 qnam
953 2965 1003 2987 libr.
1022 2965 1050 2988 V.
1067 2971 1086 2987 c.
1104 2965 1126 2987 5.

280 3003 353 3026 rusius
370 3003 478 3031 explicat:
497 3004 584 3026 Idcirco
601 3004 679 3026 omnia
696 3010 723 3026 ea
740 3011 841 3034 quorum
859 3007 893 3027 est
907 3004 1054 3032 permutatio,
1066 3010 1126 3027 com-

1179 1910 1290 1938 parabilia
1303 1917 1353 1933 csse
1366 1910 1468 1939 quodam
1482 1909 1551 1932 modo
1564 1909 1660 1936 debent,
1677 1908 1708 1931 ob
1725 1908 1787 1938 quod
1800 1914 1911 1931 nummus
1924 1908 1946 1930 in
1958 1914 2026 1930 usum

1180 1950 1250 1977 venit,
1262 1950 1300 1978 qui
1313 1950 1415 1978 quodam
1429 1949 1499 1971 modo
1512 1949 1615 1971 medium
1628 1948 1737 1976 efficitur3
1750 1948 1843 1970 metitur
1854 1948 1915 1970 enim
1925 1947 2026 1969 omnia...

1179 1989 1221 2011 nisi
1239 1989 1300 2010 enim
1317 1988 1346 2010 ita
1365 1988 1406 2015 sit,
1423 1993 1466 2010 nec
1484 1987 1635 2015 permutatio,
1653 1993 1695 2009 nec
1713 1987 1810 2009 societas
1827 1992 1877 2009 esse
1894 1986 1938 2009 ullo
1956 1986 2026 2008 modo

1180 2028 1287 2056 poterit...
1309 2033 1336 2050 ex
1354 2029 1421 2055 pacto
1438 2027 1503 2055 quasi
1521 2026 1668 2049 substituitur
1684 2032 1807 2054 nummus,
1829 2025 1890 2048 unde
1907 2025 1976 2048 etiam
1993 2023 2026 2046 νὸ-

1181 2074 1253 2096 μισμα
1269 2066 1409 2094 appellatur,
1426 2071 1454 2087 eo
1471 2065 1534 2093 quod
1552 2071 1597 2087 non
1615 2067 1708 2093 natura,
1726 2064 1767 2086 sed
1784 2062 1860 2093 νόμῳ,
1874 2063 1897 2086 id
1915 2066 1949 2086 est
1965 2063 2027 2085 insti-

1180 2108 1228 2128 tuto
1245 2108 1268 2127 et
1284 2106 1349 2133 lege,
1367 2107 1462 2127 constet.
1480 2104 1525 2127 Csr.
1543 2104 1557 2126 l.
1575 2105 1650 2132 Magn.
1666 2104 1742 2126 Moral.
1762 2109 1782 2126 c.
1802 2103 1840 2125 311.
1858 2102 1887 2131 (c.
1907 2102 1953 2131 34.)
1972 2105 1994 2125 et
2010 2103 2026 2124 l.

1180 2144 1265 2167 Politic.
1283 2150 1303 2166 c.
1321 2144 1341 2165 6.
1360 2143 1389 2172 (c.
1408 2143 1449 2172 3.).

1243 2182 1252 2195 ‘⁵
1270 2183 1333 2206 Cant.
1351 2183 1376 2210 4,
1398 2183 1436 2205 12:
1454 2183 1539 2205 Hortus
1556 2182 1690 2210 conclusus,
1709 2183 1758 2204 sons
1775 2182 1888 2210 signatus.
1908 2194 1937 2197 -
1955 2182 2026 2209 Supe-

1180 2223 1228 2245 rius
1253 2229 1295 2250 pro
1319 2228 1417 2245 servum
1441 2221 1600 2245 Frmwtscum
1623 2222 1667 2244 AG
1686 2224 1708 2243 et
1725 2221 1762 2243 ed.
1788 2221 1795 2242 t
1822 2221 1934 2244 sanctum
1951 2220 2026 2243 Fran·

1180 2261 1277 2284 viscum.

1243 2299 1251 2312 ⁷
1269 2301 1336 2322 Vers.
1353 2301 1374 2322 9.
1392 2312 1423 2316 —
1440 2300 1518 2322 Glossa
1536 2302 1569 2322 est
1586 2298 1720 2322 ordinaria.
1737 2298 1783 2322 Csr.
1796 2299 1910 2327 Expositio
1927 2300 2027 2327 quatuor

1180 2340 1342 2367 Magistrorum
1360 2339 1381 2361 in
1399 2345 1420 2361 c.
1438 2339 1464 2366 4,
1482 2338 1523 2361 ubi
1540 2339 1608 2361 etiam
1626 2338 1752 2361 differentia
1771 2339 1827 2360 inter
1839 2337 1965 2361 denarium
1977 2337 2026 2366 (qui

1180 2378 1279 2406 pertinet
1296 2378 1325 2400 ad
1342 2378 1466 2406 pecuniam
1485 2380 1630 2400 numeratam
1647 2377 1696 2399 sive
1714 2376 1791 2399 stricte
1807 2376 1902 2405 dictam)
1920 2378 1940 2398 et
1955 2381 2027 2405 peca-

1179 2416 1246 2439 niam
1265 2416 1338 2444 (large
1355 2416 1450 2445 dictam)
1469 2416 1570 2444 tangitur
1594 2419 1616 2438 et
1640 2415 1739 2438 dicitnr:
1756 2415 1801 2438 sed
1827 2415 1956 2438 secundum
1978 2415 2027 2437 iura

1181 2455 1229 2485 [lib.
1248 2456 1271 2478 L.
1291 2456 1374 2484 Digest.
1394 2456 1425 2478 tit.
1445 2456 1482 2478 46.
1499 2456 1544 2483 leg.
1562 2456 1620 2482 2225
1642 2456 1683 2477 cfr.
1702 2455 1747 2483 leg.
1766 2454 1786 2476 4.
1803 2460 1852 2483 seq.
1869 2456 1891 2477 et
1908 2453 1974 2484 i78.]
1990 2460 2027 2482 pe-

1180 2495 1248 2517 cunia
1271 2498 1305 2517 est
1327 2495 1440 2524 quidquid
1464 2495 1607 2523 appretiatur
1629 2497 1749 2517 numerata
1772 2494 1882 2521 pecunia,
1900 2496 1925 2516 ut
1941 2493 2026 2522 aliquid

1180 2537 1284 2561 emotum
1302 2540 1354 2556 nam
1373 2534 1466 2562 proprie
1483 2534 1547 2562 quod
1565 2533 1649 2556 emitur
1671 2533 1744 2561 pretio
1761 2536 1896 2555 numeratae
1916 2532 2028 2561 pecuniae

1181 2574 1276 2601 emitur;
1295 2574 1335 2596 sed
1352 2573 1371 2596 si
1388 2574 1477 2601 species
1494 2573 1590 2595 alicuius
1606 2573 1639 2595 rei
1656 2579 1699 2600 pro
1711 2573 1789 2600 specie
1799 2572 1892 2594 alterius
1903 2572 1936 2594 rei
1948 2572 2026 2600 datur,

1181 2613 1331 2635 commutatio
1349 2615 1406 2634 est...
1426 2612 1522 2634 Videtur
1539 2617 1595 2639 ergo
1613 2611 1650 2633 liic
1666 2610 1784 2639 prohiberi
1806 2610 1907 2639 receptio
1924 2610 2028 2633 denario-

1181 2658 1233 2674 rum
1251 2653 1273 2674 et
1290 2651 1446 2680 quarumlibet
1461 2657 1553 2679 rernm,
1570 2656 1631 2679 quac
1647 2650 1805 2678 acciperentur
1827 2650 1857 2672 ad
1878 2649 1978 2678 pretium
1995 2655 2028 2671 re-

1181 2697 1234 2713 rum
1251 2690 1435 2713 vendendarum.

1244 2729 1253 2742 ⁸
1270 2730 1315 2753 Csr.
1334 2736 1405 2758 supra
1423 2729 1507 2758 opusc.
1526 2730 1565 2751 Xl.
1582 2729 1694 2757 Apologia
1713 2734 1857 2757 pauperum,
1874 2734 1893 2750 c.
1912 2728 1933 2750 9.
1950 2734 1972 2750 n.
1986 2728 2027 2755 43,

1182 2768 1222 2792 ubi
1241 2770 1269 2792 12
1288 2769 1394 2791 utilitates
1411 2769 1555 2797 paupertatis
1576 2769 1708 2791 afferuntur.
1727 2780 1756 2783 —
1774 2768 1869 2790 Inferius
1894 2773 1937 2795 pro
1954 2766 2027 2797 effica-

1181 2807 1243 2831 ciam
1261 2808 1279 2830 D
1296 2807 1490 2838 aedificationem.

1244 2845 1254 2859 ⁹
1271 2846 1332 2870 Libr.
1351 2847 1366 2869 l.
1383 2847 1512 2869 Comment.
1529 2846 1552 2868 in
1565 2847 1642 2868 Mattn.
1661 2846 1697 2873 lo,
1709 2846 1731 2868 9.
1749 2852 1798 2874 seq.
1809 2846 1889 2868 Glossa
1901 2844 2027 2868 ordinaria

1183 2886 1275 2909 exhibet
1300 2886 1399 2914 primam
1422 2885 1547 2908 sententiae
1572 2888 1673 2913 partem,
1698 2885 1826 2907 secundam
1843 2885 1923 2907 Glossa
1940 2882 2028 2907 interli-

1181 2925 1270 2948 maris.
1288 2925 1333 2948 Csr.
1351 2931 1422 2953 supra
1440 2931 1494 2953 pag.
1512 2924 1570 2951 275,
1587 2926 1641 2947 nota
1653 2925 1675 2946 6.
1692 2924 1736 2946 Pro
1745 2922 1919 2953 propemodum
1932 2923 1970 2952 (ita
1983 2922 2026 2946 CG

1182 2967 1205 2987 et
1221 2965 1257 2987 cd.
1277 2965 1285 2986 ‘l
1308 2970 1360 2987 cum
1378 2966 1439 2986 textu
1457 2963 1572 2992 originali)
1591 2964 1642 2986 Vat.
1656 2965 1793 2993 propterea.
1810 2975 1840 2979 —
1858 2962 1968 2991 Superius
1983 2968 2027 2990 pro

1182 3002 1348 3026 sollicitudinis
1366 3003 1384 3025 D
1402 3002 1543 3032 cupiditatis.
