2133 3317
0 367 74 387 »nfirma

0 396 28 410 m
51 412 55 416 .

0 417 75 433 neeme-

0 443 10 456 n
21 434 80 464 quoad

0 463 69 479 ll'mfflos

0 481 75 502 merendi

0 505 80 526 tomi-ia.

433 231 630 260 OPUSCULUM
652 230 717 258 xm.
741 229 916 258 EPISTOLAE
937 229 1129 259 OFFICIALES.
1153 231 1308 259 EPISTOLA
1329 231 1371 259 VI.
1394 231 1435 259 ET
1457 231 1509 260 VII.

175 310 242 339 Cum
265 318 314 347 ego
336 309 467 338 relatione
488 307 659 345 perceperim
674 307 727 336 fide
747 307 845 344 digna,
866 307 941 344 quod

96 356 285 387 sanctissimus
306 356 384 384 Pater
405 357 498 383 noster
525 354 685 382 Franciscus
716 356 838 382 castrum
867 354 940 382 Mon-

96 402 218 432 zambani
240 405 267 431 et
287 402 340 430 alia
361 402 434 435 loca,
456 409 527 438 quae
545 400 619 429 circa
640 400 729 429 lacum
752 400 856 428 Gardae
872 401 881 417 ¹
904 408 940 429 ex

95 452 173 487 parte
194 448 392 477 veronensium
415 447 591 480 habitantur,
613 447 779 475 concesserit
797 447 940 476 Fratribus

96 494 329 525 commorantibus
350 494 377 523 in
393 494 451 523 loco
472 494 591 531 quodam
613 493 693 522 iuxta
714 493 817 522 dictum
850 493 939 522 lacum

95 543 122 571 in
144 541 252 579 Riparia
273 541 425 576 Brixiensi,
448 544 475 570 et
496 540 547 578 ipsi
569 540 663 569 eadem
685 540 860 569 concessione
889 548 939 577 per

94 589 181 617 multa
201 591 325 625 tempora
346 588 400 616 iam
422 588 476 616 sint
498 587 556 621 usi,
572 590 599 616 et
614 586 798 620 considerem,
820 586 878 615 fore
899 586 939 615 di-

95 643 179 674 gnum
201 635 227 663 id
249 634 323 672 quod
345 635 432 663 voluit
453 635 532 663 Pater
553 637 663 667 noster,
695 633 729 661 ab
760 633 853 670 aliquo
884 641 938 662 non

96 681 222 718 infringi;
244 681 345 710 mando
365 681 507 710 Fratribus
521 680 651 709 omnibus
665 682 692 709 et
706 680 819 717 iniungo
840 680 866 708 in
882 688 939 709 me-

94 728 179 757 ritum
200 727 369 756 obedientiae
391 727 536 761 salutaris,
557 730 696 764 quatenus
716 729 868 755 memorata
892 734 938 755 su-

93 775 187 813 perius
208 775 267 803 loca
287 774 429 802 Fratribus
450 773 600 810 supradicti
623 772 773 802 eremitorii
795 773 880 802 libere
898 773 939 802 di-

93 821 203 850 mittant
223 820 257 849 ad
278 820 432 849 necessaria
456 820 635 857 postulanda,
663 819 731 848 nihil
760 822 883 856 petentes
911 820 938 848 in

93 867 161 902 illis;
186 875 240 895 non
262 867 387 896 obstante
408 866 603 895 constitutione
623 866 740 903 Capituli
766 866 903 903 generalis
918 866 938 900 ²,

93 922 142 952 per
163 922 245 951 quam
267 913 377 943 termini
399 913 432 942 ad
454 913 644 950 quaerendum
666 913 733 941 locis
758 912 938 942 vicinioribus

93 961 289 991 conceduntur.
313 961 406 989 Valete
427 960 453 988 in
482 960 598 988 Domino
619 962 647 988 et
667 962 743 988 orate
765 968 815 996 pro
837 968 888 989 me.

169 1008 270 1036 Datum
291 1007 400 1036 Parisiis
421 1007 579 1041 MCCLXVI,
594 1009 674 1036 sexto
688 1006 822 1035 Kalendas
836 1006 936 1036 1unii³.

405 1101 560 1130 EPISTOLA
578 1101 620 1130 VI.

170 1197 217 1225 Aa
237 1195 370 1225 abbatem
390 1199 509 1224 sanctae
529 1195 644 1224 Mariae
672 1194 815 1223 Blesensis
829 1195 849 1222 ⁴.

169 1290 323 1319 Venerabili
346 1293 373 1319 et
394 1290 522 1327 religioso
542 1290 603 1318 viro
624 1289 734 1318 domino
757 1289 847 1318 abbati
874 1298 937 1318 san-

91 1341 150 1367 ctae
171 1337 270 1366 Mariae
291 1336 324 1366 de
346 1337 437 1374 Burgo
457 1336 544 1365 Medio
559 1336 698 1365 Wesensis
719 1336 829 1365 Ordinis
851 1336 937 1365 sancti

90 1383 232 1421 Augustini
261 1383 415 1420 ceterisque
442 1383 584 1412 Canonicis
612 1383 769 1412 Conventus
797 1383 936 1417 eiusdem,

90 1432 184 1460 Frater
206 1431 412 1465 Bonaventura,
434 1429 545 1459 Ordinis
559 1431 685 1459 Fratrum
701 1430 836 1458 Minorum
856 1438 937 1467 gene-

91 1478 156 1507 ralis
176 1477 298 1506 Minister
318 1480 346 1506 et
366 1484 479 1511 servus,
495 1477 611 1506 salutem
626 1479 654 1506 et
668 1484 762 1514 pacem
778 1477 804 1505 in
821 1477 937 1505 Domino

91 1525 294 1562 sempiternam.

168 1571 310 1600 Desiderio
331 1571 419 1600 multo
440 1571 592 1600 desideravi
607 1574 691 1608 atque
705 1571 847 1605 desidero,
863 1570 936 1608 quod

90 1618 179 1648 omnis
200 1618 366 1647 turbationis
388 1618 518 1652 materia,
540 1621 654 1655 propter
675 1626 758 1655 quam
780 1618 813 1646 de
835 1618 937 1646 Fratri-

90 1666 143 1695 bus
163 1665 265 1694 nostris
286 1665 459 1694 Blesensibus
480 1665 529 1694 visi
551 1665 617 1694 estis
638 1665 772 1694 hactenus
793 1665 935 1702 conqueri,

90 1713 123 1742 de
143 1712 245 1747 medio,
267 1715 402 1750 quantum
419 1712 504 1749 possit
518 1712 670 1741 secundum
685 1713 773 1741 Deum
794 1712 869 1747 fieri,
885 1712 936 1741 tol-

90 1760 208 1794 leretur,
229 1763 377 1797 essentque
399 1759 477 1788 vobis
508 1759 618 1788 Fratres
642 1759 775 1796 praedicti
804 1759 935 1788 subiecti-

89 1806 172 1841 biles,
194 1809 329 1843 quantum
350 1806 443 1839 decet,
471 1806 545 1834 omni
567 1805 737 1840 humilitate,
759 1806 831 1834 sicut
851 1805 934 1840 olim,

89 1853 245 1883 amicabiles
267 1857 295 1882 et
315 1853 421 1888 devoti;
443 1856 475 1882 ut
495 1853 534 1882 sic
555 1852 659 1881 illibata
679 1852 790 1881 omnino
811 1852 935 1881 fraterna

91 1903 176 1929 staret
196 1900 268 1929 inter
289 1908 337 1929 vos
358 1903 386 1929 et
406 1900 467 1929 illos
487 1900 587 1929 caritas
615 1902 642 1928 et
662 1899 708 1928 illa
732 1899 833 1928 Christi
852 1907 933 1936 pax,

90 1955 164 1985 quae
184 1951 341 1984 eaesuperat
361 1955 472 1976 omnem
492 1955 609 1976 sensum
621 1946 641 1974 ⁵.
663 1946 782 1983 Cupiens
802 1946 887 1983 igitur
908 1948 936 1975 et

90 1994 184 2023 volens
204 1993 231 2023 id
252 1994 357 2028 facere,
379 1994 469 2031 quoad
490 2001 619 2031 possum,
641 1993 844 2022 concessionem
860 1993 934 2021 illam

90 2041 250 2075 domorum,
272 2049 401 2070 arearum
429 2044 456 2070 et
483 2041 653 2078 platearum,
675 2048 723 2069 seu
749 2048 844 2069 rerum
866 2048 934 2077 qua-

1786 233 1843 261 473

998 308 1129 336 rumlibet
1150 308 1284 343 aliarum,
1305 317 1375 346 quas
1395 310 1490 338 Frater
1505 310 1615 344 Petrus,
1631 309 1717 338 nostri
1733 309 1845 338 Ordinis

998 354 1120 383 Minister
1140 355 1316 391 provincialis
1337 356 1364 384 in
1386 356 1523 390 Turonia,
1546 364 1608 385 cum
1632 357 1802 393 beneplacito
1816 359 1843 385 et

996 408 1110 429 assensu
1126 401 1254 430 Fratrum
1268 406 1427 431 nostrorum
1443 403 1600 432 Conventus
1614 403 1748 432 Blesensis
1766 403 1843 432 vobis

997 446 1083 475 libere
1104 446 1183 481 fecit,
1205 451 1288 484 prout
1311 449 1451 477 manifeste
1466 452 1581 486 apparet
1602 450 1629 478 in
1651 450 1749 478 litteris
1764 457 1843 486 prae—

995 491 1043 520 fati
1065 493 1179 521 Ministri
1202 495 1378 531 provincialis
1406 504 1567 533 expressam
1589 496 1622 525 de
1650 496 1683 525 iis
1713 497 1842 525 omnibus

996 538 1159 568 facientibus
1175 541 1356 576 mentionem,
1370 543 1494 579 approbo
1508 546 1535 571 et
1549 543 1699 578 contirmo;
1721 546 1748 572 et
1762 551 1841 580 prae-

995 585 1068 614 dicta
1088 587 1193 621 onmia,
1215 596 1287 624 quae
1318 589 1446 618 dominus
1475 597 1566 619 comes
1591 590 1759 624 Blesensis⁶,
1792 598 1841 619 seu

995 633 1114 670 quisque
1135 634 1220 668 alius,
1242 635 1351 664 nomine
1366 636 1555 673 eleemosynae
1570 637 1711 665 Fratribus
1725 637 1842 666 contulit

996 681 1170 715 memoratis,
1192 681 1254 710 volo
1275 684 1302 710 et
1316 681 1450 716 decerno,
1470 683 1542 720 quod
1566 683 1689 712 habeatis
1707 688 1735 712 et
1755 684 1840 713 libere

996 727 1123 761 teneatis;
1146 728 1278 765 vobisque
1299 736 1408 763 assero,
1430 730 1503 766 quod
1525 738 1575 759 nec
1596 738 1646 767 ego
1668 739 1716 767 per
1738 739 1781 760 me
1802 731 1841 759 fa-

995 773 1063 802 ciam
1086 782 1135 803 nec
1157 782 1206 811 per
1228 775 1336 804 Fratres
1351 779 1460 805 nostros
1474 777 1592 805 scienter
1607 777 1666 806 fieri
1682 778 1839 814 permittam

993 820 1097 857 aliquid
1129 825 1225 850 contra
1257 823 1459 851 concessionem
1493 824 1669 860 praedictam,
1708 828 1757 853 aut
1788 833 1838 862 per

994 867 1067 904 quod
1089 867 1225 896 dictarum
1249 877 1343 897 rerum
1365 869 1436 898 sacta
1452 870 1528 899 vobis
1552 871 1691 900 concessio
1713 871 1839 900 videatur

995 914 1200 950 quomodolibet
1222 915 1357 952 impediri.
1384 917 1414 945 Et
1439 920 1471 945 ut
1494 918 1609 946 teneatis
1631 921 1658 947 et
1682 918 1839 947 indubitan-

994 963 1036 989 ter
1058 961 1191 995 credatis,
1214 962 1286 999 quod
1314 971 1363 991 vos
1393 966 1524 1000 tanquam
1553 967 1646 1000 patres
1675 965 1701 992 in
1729 965 1839 994 Christo

994 1007 1096 1036 amicos
1117 1010 1143 1036 et
1164 1008 1302 1042 domiuos,
1324 1009 1396 1038 sicut
1423 1010 1516 1044 decet,
1542 1010 1644 1040 habere
1671 1011 1839 1040 intendimus

993 1056 1020 1082 et
1041 1054 1258 1091 pacificatIOnem
1279 1059 1441 1092 perpetuam
1463 1057 1606 1086 vobiscum
1634 1057 1837 1092 desideramus;

993 1109 1102 1130 omnem
1124 1102 1370 1137 assecurationem,
1385 1111 1468 1140 quam
1491 1112 1616 1140 possum,
1631 1112 1667 1133 ex
1683 1108 1761 1141 parte
1779 1113 1839 1134 mea

993 1151 1021 1176 et
1041 1148 1168 1176 Fratrum
1192 1148 1260 1177 facio
1276 1149 1353 1178 vobis
1369 1151 1533 1179 auctoritate
1548 1152 1734 1188 praesentium
1753 1160 1838 1189 super

993 1196 1122 1225 omnibus
1144 1197 1273 1233 superius
1295 1198 1461 1226 memoratis.

1071 1242 1171 1271 Datum
1193 1243 1313 1272 Parisius
1333 1244 1396 1272 XIII.
1419 1244 1553 1273 Kalendas
1571 1245 1685 1282 Aprilis,
1700 1254 1772 1275 anno
1786 1247 1839 1275 Do-

993 1290 1059 1318 mini
1081 1290 1255 1319 MCCLXXIII.

1302 1385 1456 1414 EPISTULA
1478 1386 1530 1414 V11.

995 1478 1091 1514 Quam
1105 1482 1227 1506 sanctus
1241 1479 1451 1508 Bonaventara
1466 1479 1548 1508 misit
1567 1480 1733 1510 abbatissae
1746 1485 1773 1510 et
1787 1482 1837 1511 So-

1016 1524 1135 1553 roribus
1155 1530 1274 1553 sanctae
1296 1525 1402 1555 Clarae
1423 1526 1594 1555 Monasterii
1613 1527 1647 1556 ae
1668 1528 1782 1557 Assisz'o
1796 1529 1815 1557 ⁷.

1072 1618 1099 1646 In
1121 1618 1231 1647 Christo
1253 1619 1312 1647 Iesu
1333 1619 1442 1648 filiabus
1463 1619 1584 1655 dilectis,
1606 1620 1760 1650 abbatissae
1784 1621 1837 1650 Do-

993 1665 1131 1694 minarum
1163 1673 1318 1702 pauperum
1350 1666 1383 1694 de
1415 1666 1514 1695 Assisio
1542 1667 1698 1696 Monasterii
1726 1671 1835 1698 sanctae

992 1711 1086 1740 Clarae
1114 1720 1145 1740 ac
1166 1712 1288 1740 eiusdem
1310 1712 1458 1741 Sororibus
1478 1713 1615 1742 universis
1636 1713 1730 1742 Frater
1751 1714 1836 1743 Bona-

992 1761 1122 1792 ventura‚
1138 1758 1248 1787 Ordinis
1262 1758 1397 1788 Minorum
1419 1759 1546 1788 Fratrum
1564 1761 1700 1797 generalis
1714 1761 1836 1790 Minister

992 1808 1019 1834 et
1033 1813 1144 1839 servus,
1159 1805 1276 1834 salutem
1298 1809 1325 1834 et
1345 1814 1408 1835 cum
1430 1806 1593 1836 beatissimis
1615 1807 1769 1845 virginibus
1790 1816 1837 1845 pa-

992 1853 1074 1887 ratis,
1096 1861 1276 1891 quocumque
1296 1853 1363 1881 ierit
1384 1854 1524 1891 Aquas&
1547 1854 1634 1891 sequi.

1071 1899 1225 1936 Intelligens
1246 1907 1351 1936 nuper,
1373 1899 1487 1929 dilectae
1502 1900 1529 1928 in
1545 1901 1660 1929 Domino
1681 1901 1765 1936 filiae,
1784 1909 1834 1939 per

991 1945 1164 1974 carissimum
1187 1948 1313 1975 nostrum
1335 1946 1449 1975 fratrem
1472 1947 1601 1982 Leonem,
1623 1947 1763 1985 quondam
1792 1956 1835 1977 so-

991 1992 1064 2022 cium
1093 1992 1179 2021 sancti
1209 1993 1310 2027 Patris,
1338 1993 1475 2030 quomodo
1506 1994 1582 2023 velut
1610 2002 1725 2031 sponsae
1756 1995 1835 2032 Regis

990 2039 1094 2068 aeterni
1127 2039 1232 2068 servire
1260 2039 1369 2069 Christo
1397 2041 1512 2077 pauperi
1539 2041 1675 2070 crucifixo
1703 2041 1730 2070 in
1759 2042 1832 2071 omni

91 2203 164 2230 ¹ittore
181 2207 286 2230 Brixiano
303 2207 509 2234 commorantium,
527 2207 549 2229 in
571 2213 617 2236 qua
643 2207 698 2235 ipsis
720 2206 837 2229 Fratribus
859 2209 934 2229 ratum

91 2246 229 2275 firmumque
240 2247 312 2269 voluit
325 2246 388 2275 quod
404 2247 425 2268 S.
439 2247 527 2268 Patrem
540 2246 687 2269 Franciscum
702 2246 823 2268 indulsisse
835 2246 935 2274 accepit,

90 2285 196 2308 videlicet
218 2289 243 2308 ut
260 2286 282 2308 In
300 2289 374 2308 castro
393 2285 551 2307 Monzanibani
575 2286 625 2307 sive
642 2285 723 2308 Montis
740 2284 819 2307 Albani
841 2288 863 2307 et
886 2284 935 2307 aliis

90 2325 146 2347 locis
162 2325 301 2347 Veronensis
324 2325 445 2347 memorati
461 2325 524 2347 lacus
548 2324 647 2347 ostiatim
674 2324 828 2347 mendicando
853 2324 897 2346 sibi
923 2330 935 2345 a

91 2364 135 2392 piis
155 2363 346 2387 christifidelibus
363 2364 491 2386 necessaria
509 2370 645 2391 comparare
662 2366 788 2392 possent».

154 2403 159 2417 ¹
179 2403 271 2431 Wadd.‚
289 2403 394 2429 Annales,
411 2403 441 2425 ad
457 2409 494 2425 an.
515 2403 584 2430 1220,
603 2409 624 2425 n.
643 2403 664 2424 6.
682 2402 807 2424 memoriae
819 2402 933 2430 prodidit,

91 2442 114 2464 S.
129 2442 275 2464 Franciscum
293 2448 346 2464 cum
358 2442 421 2464 socio
432 2441 565 2464 transivisse
577 2441 598 2463 in
612 2441 708 2463 insulam
721 2441 810 2463 Gardae
827 2443 849 2463 et
860 2440 935 2469 acqui·

91 2480 171 2503 sivisse
182 2481 271 2507 locum,
283 2487 323 2503 seu
336 2481 492 2503 eremitorium
505 2486 576 2508 supra
585 2480 742 2508 Garignanum
753 2480 934 2508 (Gargnanum),

91 2519 129 2542 ubi
147 2520 216 2543 etiarn
235 2520 275 2542 suit
286 2520 459 2549 antiquissimus
470 2519 611 2542 Conventus.
625 2520 654 2541 Ita
670 2519 712 2541 loc.
724 2519 761 2541 cit.
777 2518 934 2546 Supplementi

91 2559 183 2581 Bonelli.

152 2596 161 2610 ²
178 2597 237 2620 Vide
254 2603 323 2625 supra
341 2597 484 2625 Opusculum
502 2597 570 2619 XVII.
587 2596 765 2619 Constitutiones
783 2599 837 2623 etc.‚
854 2596 935 2618 Defini-

90 2636 174 2664 tiones,
192 2642 246 2664 pag.
264 2636 316 2658 465.
333 2637 376 2659 col.
394 2637 409 2658 I.
429 2635 548 2664 Quaelibet
565 2635 657 2658 domas.

152 2673 162 2687 ³
179 2675 263 2697 Bonelli
276 2675 298 2697 in
311 2678 363 2697 nota
377 2675 443 2701 dicit,
456 2675 514 2696 lianc
528 2674 649 2702 Epistolam
666 2674 825 2696 confirmatam
843 2679 894 2696 esse
911 2673 934 2695 in

90 2714 217 2737 authentica
234 2713 369 2737 membrana
387 2720 399 2736 6
417 2713 568 2743 sequentibus
584 2713 676 2735 Ordinis
692 2712 870 2741 Superioribus:

156 2761 166 2772 ι
178 2753 255 2775 Frater
272 2753 365 2775 Ioannes
382 2753 411 2775 de
428 2753 503 2775 Murro
516 2752 569 2775 Ord.
582 2753 653 2774 Fratr.
670 2752 747 2774 Minor.
765 2752 879 2780 generalis
896 2752 935 2774 Mi-

91 2790 160 2813 nister
176 2794 198 2813 et
215 2797 308 2818 servus,
326 2791 357 2813 uti
375 2794 437 2819 patet
453 2797 480 2814 ex
497 2791 547 2813 eius
564 2790 643 2813 litteris
659 2790 718 2812 datis
735 2789 842 2818 Lugduni
860 2790 934 2818 pridie

92 2829 143 2852 Idus
160 2830 215 2852 Iunii
233 2836 268 2852 an.
287 2830 352 2852 Dom.
373 2830 439 2852 1299.

153 2869 230 2891 Frater
241 2869 373 2891 Gherardus
385 2868 471 2891 Odonis
480 2868 535 2890 Ord.
545 2868 614 2891 Fratr.
625 2868 704 2890 Minor.
713 2868 824 2895 generalis
836 2867 934 2890 Minister

91 2910 114 2929 et
129 2913 222 2934 servus,
239 2913 266 2929 ex
283 2907 362 2929 litteris
378 2907 438 2929 datis
463 2907 579 2929 avenione
601 2907 645 2929 VII.
670 2906 707 2929 die
732 2905 873 2934 Septembris
898 2912 934 2928 an.

92 2945 157 2968 Dom.
178 2946 242 2968 1344.

154 2985 230 3007 Frater
253 2985 365 3007 H‹·nricus
382 2984 436 3006 Ord.
455 2985 533 3007 Minor.
555 2985 668 3012 generalis
685 2984 795 3011 Minister,
812 2990 839 3006 ex
856 2984 935 3006 litteris

93 3023 151 3046 datis
168 3023 254 3046 Brixiae
272 3023 322 3045 XV.
340 3022 445 3045 Octobris
462 3029 498 3046 an.
517 3024 580 3046 Dom,
600 3024 668 3046 1389.

181 3069 207 3093 S.
219 3070 308 3093 Bonae.
321 3082 351 3086 —
363 3070 430 3092 Tom.
444 3070 499 3092 VIII.

1053 2206 1130 2228 Frater
1147 2206 1247 2233 Angelus
1264 2206 1293 2228 de
1310 2206 1414 2232 Perusio,
1426 2207 1508 2228 artium
1520 2206 1601 2229 doctor
1617 2210 1639 2229 et
1656 2213 1735 2229 sacrae
1749 2209 1834 2231 theolo-

991 2245 1043 2273 giae
1060 2245 1170 2272 magister
1186 2248 1209 2267 et
1226 2245 1293 2267 totius
1310 2244 1364 2267 Ord.
1382 2245 1453 2267 Fratr.
1470 2245 1549 2267 Minor.
1566 2246 1679 2273 generalis
1698 2246 1796 2269 Minister
1812 2250 1835 2270 et

991 2290 1084 2311 servus,
1101 2290 1128 2306 ex
1145 2284 1224 2305 litteris
1240 2283 1299 2305 datis
1316 2283 1402 2305 Perusii
1420 2286 1523 2311 tempore
1541 2285 1653 2312 generalis
1667 2284 1778 2313 Capituli,
1793 2285 1833 2308 ubi

991 2322 1139 2350 subiungitur
1155 2329 1262 2351 quoque:
1280 2323 1361 2345 Datum
1375 2329 1411 2344 an.
1425 2323 1490 2344 Doni.
1506 2322 1576 2350 ¹454,
1589 2323 1694 2346 Veronae
1706 2324 1742 2346 die
1755 2325 1834 2347 xxm.

991 2361 1109 2384 Februarii
1127 2365 1170 2384 etc.

1054 2401 1130 2423 Frater
1147 2401 1282 2423 Franciscus
1299 2402 1408 2427 Samson,
1426 2401 1538 2428 generalis
1555 2401 1661 2423 Minister.

1053 2441 1130 2462 Frater
1147 2440 1242 2462 loannes
1259 2439 1288 2461 de
1305 2440 1409 2467 Ancona,
1433 2439 1537 2462 Vicarius
1559 2440 1671 2468 generalis
1693 2441 1832 2468 apostolicus

990 2479 1045 2502 Ord.
1064 2479 1115 2501 Min.
1128 2487 1139 2498 »a
1159 2481 1202 2501 etc.

1053 2517 1062 2529 ⁴
1079 2518 1141 2539 Hanc
1163 2517 1285 2545 Epistolam
1308 2517 1389 2539 Bened.
1412 2517 1495 2539 Bonelli
1517 2517 1613 2539 inseruit
1635 2517 1656 2539 in
1678 2518 1714 2540 cit.
1737 2518 1835 2546 Supple-

991 2556 1062 2578 menti
1079 2559 1133 2578 tom.
1151 2556 1182 2578 ΙΙΙ.
1200 2556 1241 2578 col.
1261 2555 1320 2578 11154
1337 2562 1393 2584 seq.,
1410 2562 1504 2578 sumens
1515 2562 1565 2578 eam
1578 2563 1605 2579 ex
1617 2559 1673 2579 tom.
1690 2558 1703 2579 l.
1722 2557 1834 2580 Thesauri

991 2595 1044 2617 novi
1062 2595 1226 2617 anecdotorum
1244 2595 1358 2617 Edmundi
1372 2595 1482 2622 Martene,
1494 2595 1536 2617 col.
1558 2595 1613 2617 1138
1633 2595 1695 2624 (edit.
1714 2596 1833 2619 Parisiens.

992 2634 1070 2662 11717).
1088 2634 1137 2661 Ipsa
1154 2636 1249 2656 testatur
1265 2639 1368 2656 amorem
1386 2634 1448 2662 pacis
1466 2634 1489 2655 S.
1506 2634 1691 2663 Bonaventurae,
1709 2641 1761 2657 cum
1780 2641 1833 2657 600-

991 2673 1066 2695 firmet
1082 2673 1208 2695 cessionem
1227 2673 1373 2701 quorundam
1392 2672 1507 2695 bonorum
1525 2673 1606 2695 tactam
1629 2679 1641 2695 a
1659 2674 1735 2696 Fratre
1757 2674 1832 2703 Petro,

992 2712 1092 2735 Ministro
1109 2712 1256 2740 provinciali,
1273 2712 1295 2734 in
1313 2712 1410 2739 gratiam
1429 2712 1549 2735 memorati
1566 2712 1663 2735 abbatis.

1053 2750 1062 2763 ⁵
1080 2751 1134 2773 Phil.
1152 2751 1176 2778 4,
1193 2751 1215 2773 7.

1053 2789 1062 2802 ⁰
1079 2790 1211 2813 Secundum
1223 2791 1405 2813 continuatorem
1418 2790 1539 2813 Annalium
1552 2791 1689 2819 Waddingi,
1709 2791 1833 2814 Antonium

991 2829 1135 2851 Melissanum
1148 2829 1177 2851 de
1189 2829 1275 2856 Macro¹
1293 2829 1314 2851 in
1327 2829 1493 2857 Supplemento
1505 2829 1535 2851 ad
1547 2835 1583 2851 an.
1597 2826 1670 2857 4252,
1682 2836 1704 2852 n.
1716 2829 1741 2858 5,
1754 2836 1832 2853 comes

992 2868 1106 2890 Blesarum
1120 2868 1206 2896 (Blois),
1218 2868 1313 2890 loannes
1324 2868 1354 2890 de
1365 2867 1498 2895 CastiIIOne,
1516 2868 1659 2891 Conventum
1677 2869 1781 2892 Fratrum
1796 2870 1833 2892 Mi-

991 2912 1073 2929 norum
1092 2907 1112 2928 in
1130 2906 1190 2929 dicta
1207 2906 1299 2928 civitate
1315 2906 1374 2929 circa
1392 2907 1555 2929 6000101252
1573 2908 1609 2929 vel
1628 2908 1687 2930 1253
1704 2908 1815 2931 fundavit.

1054 2944 1062 2957 ⁷
1079 2946 1196 2973 Descripta
1213 2948 1248 2968 est
1264 2946 1320 2968 haec
1337 2945 1435 2973 Epistola
1453 2951 1479 2968 ex
1497 2946 1577 2968 codice
1593 2945 1691 2969 membr.
1703 2947 1724 2969 in
1737 2947 1759 2969 8.
1771 2953 1832 2970 saec.

991 2984 1049 3007 XIV.
1068 2984 1219 3006 bibliothecae
1230 2985 1307 3012 regiae
1320 2985 1472 3012 Monacensis,
1484 2985 1544 3013 sign.
1555 2984 1613 3008 Cod.
1624 2985 1660 3008 lat.
1674 2986 1682 3007 ·1
1693 2986 1763 3013 1354,
1775 2986 1831 3009 01101

991 3023 1085 3051 PoIIIng.
1103 3023 1139 3045 54,
1634 3022 1643 3036 ⁸
1661 3026 1731 3052 Apoc.
1752 3025 1792 3053 14,
1811 3025 1831 3047 t.

1707 3072 1736 3093 60

1858 1910 1888 1929 Fr.
1898 1909 1942 1933 Leo,
1952 1914 1982 1929 su-

1848 1935 1892 1962 6106.
1897 1934 1916 1953 S.
1924 1934 1981 1953 Frau-

1847 1962 1892 1976 cisci
1896 1971 1899 1976 .
