2133 3317
218 214 274 242 740

468 252 522 274 ffit

217 294 273 316 allos
290 298 440 321 oppressores
457 291 559 313 fidelium
577 296 602 312 se
613 295 732 318 opponere
746 289 783 312 de-

218 333 273 356 bent
291 332 335 355 373
354 332 368 354 b
388 344 415 347 -—
433 330 542 358 Religiosi
559 331 612 352 sunt
634 329 781 351 coadiutores

218 372 355 395 clericorum
372 371 393 392 iu
411 369 556 393 sublevando
573 374 643 391 onere
660 368 693 390 eis
710 368 782 395 impo-

218 412 260 434 sito
278 410 332 433 ibid.
348 422 379 426 —-
395 409 525 437 Religiosus
542 414 568 430 ex
585 407 711 435 Religionis
727 409 782 429 voto

217 457 264 473 non
281 449 414 477 astringitur
431 448 461 471 ad
478 454 558 470 curam
576 446 723 469 subditorum
737 445 777 468 251

218 490 246 512 23
264 501 295 505 -
312 488 357 511 Cur
374 487 484 515 Religiosi
502 487 525 509 in
542 485 659 514 prioribus
671 484 783 513 tempori—

218 528 262 551 bus
278 527 392 551 Ecclesiae
407 533 454 549 non
471 526 554 549 fuerint
570 525 645 548 vocati
662 525 691 547 ad
708 524 782 546 officia

218 567 396 596 praedicationis
413 568 435 588 et
451 565 601 588 confessionis
618 564 663 586 378
682 563 710 585 13

266 620 294 622 -
307 606 388 635 Quivis
400 605 531 633 Religiosus
543 604 572 626 ad
585 603 781 631 dispensationem

217 646 379 674 temporalium
397 645 483 667 assumi
500 646 576 672 potest
592 643 636 665 293
649 643 678 665 22
690 654 721 658 -
733 642 781 664 Νο11

217 692 299 708 01111105
315 685 423 713 Religiosi
439 687 492 707 sunt
514 684 629 706 immunes
653 688 666 704 a
687 683 782 709 peccato

219 726 263 748 135
283 726 319 747 13.
337 724 381 747 348
399 730 411 746 a
429 736 460 740 —
476 723 584 750 Religiosi
602 722 702 744 maxime
726 720 782 743 acci·

218 765 255 787 dia
267 765 401 792 affliguntur
419 764 426 785 1
435 763 463 785 97
476 763 505 785 66
515 756 548 778 ”-
560 761 669 789 Religiosi
686 759 782 789 superbi

218 806 272 827 sunt
288 802 455 826 abominabiles
473 803 480 824 t
489 803 496 824 4
507 803 513 823 1
531 801 543 823 4
555 814 586 818 -
598 800 660 823 Multi
672 799 782 828 Religiosi

218 843 330 871 incipiunt
347 843 370 865 in
387 843 486 865 claustro
503 840 625 869 superbire
643 840 687 862 112
712 839 726 861 7
753 852 782 855 —

217 882 264 906 Cur
280 882 351 911 aliqui
368 881 475 909 Religiosi
498 881 543 903 sint
565 879 653 902 distorti
678 878 783 901 moribus

218 925 239 945 et
256 922 327 944 rudes
344 921 388 944 347
415 920 430 943 b
450 932 481 937 ·—
506 919 552 942 Cur
576 918 700 947 aliquando
725 918 783 940 inter

218 961 346 989 Religiosos
362 960 485 983 videantur
510 958 665 981 dissensiones
682 960 705 980 et
727 957 783 979 invi-

218 1001 270 1023 diae
287 1000 327 1023 351
349 1006 369 1028 a,
388 999 402 1022 b
419 1012 450 1016 —
476 998 564 1021 Causae
582 998 720 1026 praecipuae
746 996 784 1019 de-

218 1039 373 1068 generationis
390 1039 451 1061 vitae
467 1038 588 1065 religiosae
610 1037 650 1059 138
669 1037 689 1058 3.
702 1036 747 1058 349
760 1035 783 1057 b.

219 1079 263 1102 470
283 1079 303 1101 4.
321 1085 372 1107 sqq.
389 1090 420 1094 —-
437 1077 566 1105 Religiosus
584 1076 683 1099 maxime
701 1081 784 1098 cavere

219 1118 289 1141 debet
305 1118 439 1140 scandalum
458 1117 502 1139 434
520 1116 532 1138 9
550 1128 580 1132 —
597 1121 662 1138 sacra
683 1121 730 1137 non
747 1114 785 1136 de-

219 1157 258 1180 bet
279 1157 429 1180 contaminari
453 1157 498 1178 vita
521 1155 630 1183 Religiosi
655 1153 784 1176 scandalosi

220 1196 265 1219 445
284 1197 311 1218 10
330 1209 359 1212 -
384 1196 515 1223 Religiosus
531 1194 688 1217 scandalizans
705 1193 785 1215 fideles

219 1241 246 1258 ex
263 1235 348 1258 Ordine
365 1235 491 1257 eiiciendus
508 1237 542 1256 est
561 1233 646 1255 14510
663 1245 693 1249 -—-
705 1233 785 1255 Melius

219 1277 261 1302 est,
278 1275 407 1303 Religiosos
425 1273 455 1296 ibi
474 1280 520 1296 non
538 1279 596 1300 esse,
614 1272 653 1295 ubi
670 1278 716 1295 non
735 1278 785 1300 pos-

219 1316 272 1337 sunt
288 1315 325 1337 vel
342 1314 421 1336 nolunt
438 1313 518 1336 vivere
535 1316 559 1335 ut
576 1311 684 1340 Religiosi
698 1311 742 1333 443
760 1311 782 1333 5.

219 1353 264 1376 344
281 1353 297 1376 b
314 1366 344 1370 —
361 1353 421 1382 Quid
438 1353 562 1375 tenendum
585 1352 614 1374 de
631 1350 784 1374 observantiis

219 1393 371 1416 exterioribus
387 1393 448 1415 vitae
466 1392 588 1420 religiosae
606 1391 650 1413 434
667 1391 681 1413 7

261 1445 292 1449 -
301 1432 424 1461 Quomodo
433 1431 563 1460 Religiones
573 1430 699 1453 laudabiles
709 1436 720 1452 a
731 1430 784 1452 dila-

219 1472 268 1500 psis
284 1472 391 1494 differant
411 1471 453 1493 135
472 1471 499 1493 13
512 1483 543 1487 -
560 1470 621 1493 bona
638 1470 711 1492 malos
723 1470 783 1497 odit,

220 1518 266 1534 non
294 1512 367 1538 fovet,
393 1511 435 1533 sed
458 1514 535 1532 tamen
558 1510 640 1538 triplici
662 1510 691 1532 de
714 1515 782 1531 causa

219 1557 265 1573 non
277 1557 357 1573 omnes
375 1557 459 1578 pravos
477 1550 536 1572 eiicit
554 1549 598 1572 348
616 1549 631 1571 b
649 1562 677 1565 —
690 1548 731 1572 Cui
743 1549 784 1571 Re-

219 1591 294 1618 ligiosi
312 1590 415 1613 confiteri
432 1590 521 1618 possint
545 1590 590 1611 382
613 1589 626 1611 4
652 1601 681 1604 ——
699 1587 784 1610 Omnes

220 1635 280 1658 pene
297 1630 442 1658 Religionum
466 1630 606 1652 institutores
631 1628 731 1651 strictius
752 1627 784 1649 vi-

219 1672 300 1692 xerunt
316 1675 387 1698 quam
405 1675 485 1692 eorum
504 1668 603 1691 consocii
622 1668 666 1690 265
684 1667 712 1689 27

268 1710 409 1735 11511Νο05115
426 1720 457 1724 -
474 1708 550 1730 omnia
567 1710 601 1730 est
618 1708 745 1735 perfectum
762 1707 784 1729 in

221 1754 307 1776 genere
324 1748 369 1770 238
388 1748 400 1769 8
418 1760 448 1764 -
466 1747 558 1770 divitias
571 1747 699 1775 gaudenter
716 1749 738 1769 et
754 1746 783 1769 ad

222 1787 406 1810 aedificationem
425 1786 523 1815 proximi
544 1788 578 1808 est
603 1787 731 1814 perfectum
757 1792 783 1808 ex

220 1826 391 1849 circumstantia
408 1825 461 1849 ibid.

265 1867 385 1892 Ramouixu
401 1877 433 1882 —
450 1865 546 1887 Devotio
564 1865 585 1887 S.
603 1865 715 1887 Francisci
728 1871 783 1893 erga

218 1905 327 1934 reliquias
345 1905 385 1927 521
407 1905 421 1926 7

264 1945 424 1967 Rauuuanxrio
440 1956 471 1960 —
483 1943 594 1966 merenda
605 1943 690 1966 virtute
707 1943 732 1966 51
756 1943 784 1965 17

265 1984 384 2006 Rarxnxna
414 1996 444 1999 —
469 1983 551 2006 Omnia
577 1985 713 2011 reparantur
743 1989 784 2011 per

219 2022 324 2046 Verbum
341 2023 486 2045 incarnatum
510 2022 539 2044 85
566 2022 594 2045 48
619 2035 650 2039 -
675 2022 784 2050 Congrue

218 2068 260 2090 per
277 2062 338 2084 viam
357 2062 495 2085 contrariam
514 2062 633 2084 inventum
651 2064 685 2084 est
706 2062 785 2084 salutis

218 2104 310 2124 nostrae
326 2101 457 2124 remedium
479 2101 508 2124 78
527 2102 556 2124 28
579 2113 610 2118 —
632 2101 725 2124 Senaria
751 2104 785 2123 est

220 2141 329 2168 perfectio
347 2141 499 2169 reparationis
516 2141 700 2169 correspondens
722 2146 785 2163 sena-

220 2180 269 2201 riae
292 2180 438 2207 productioni
460 2180 541 2202 mundi
566 2180 589 2201 in
614 2185 665 2202 esse
689 2182 784 2202 naturae

220 2218 265 2241 246
284 2219 296 2240 8
314 2232 345 2235 —
362 2219 427 2246 Opus
448 2218 600 2246 reparationis
623 2219 783 2241 meditandum

267 2493 347 2515 sinim
366 2505 395 2507 —
412 2493 515 2519 Ioannes,
532 2492 656 2520 episcopus
677 2492 786 2514 sabinen-

220 2532 264 2558 sis,
281 2531 384 2554 defendit
400 2532 514 2559 Regulam
532 2532 554 2553 S.
571 2531 684 2554 Francisci
709 2537 787 2554 coram

221 2571 282 2599 Papa
299 2573 321 2593 et
337 2570 493 2593 cardInalibus
510 2570 555 2593 512
578 2570 591 2592 9
616 2582 647 2587 --
672 2570 788 2593 Dioecesis

221 2609 353 2632 Sabinensis
371 2610 416 2632 563
435 2610 448 2632 4

268 2650 351 2671 Siccus
366 2661 398 2665 —
415 2649 498 2671 dicitur
509 2649 585 2671 omnis
596 2649 667 2671 vestis
678 2649 730 2671 vilis
742 2649 788 2672 405

223 2688 252 2711 24
268 2700 299 2705 -
316 2690 350 2711 051
367 2688 404 2711 vel
421 2689 495 2710 lineus
512 2689 549 2710 vel
571 2689 651 2711 laneus
675 2687 730 2711 ibid.
757 2701 788 2705 —

222 2727 314 2750 funibus
331 2727 393 2755 cingi
409 2728 482 2750 solent
499 2727 543 2749 400
563 2728 586 2749 11
608 2740 639 2743 —
660 2728 788 2755 Prophetae

221 2767 257 2789 usi
274 2769 327 2789 sunt
343 2773 411 2789 sacco
428 2767 518 2789 cilicino
536 2766 580 2788 405
593 2767 622 2789 24
635 2779 665 2782 -
676 2766 787 2789 Conversi

221 2806 348 2835 antiquitus
365 2812 431 2829 sacco
449 2805 604 2829 induebantur
621 2806 666 2828 444
685 2806 713 2828 23

269 2846 382 2868 Silet-:unos
399 2857 430 2862 ·—
445 2845 604 2868 Sacerdotium
626 2845 712 2868 veteris
724 2847 788 2868 testa-

222 2884 293 2906 menti
310 2890 355 2907 non
373 2887 515 2913 coaequatur
530 2884 659 2907 sacerdotio
671 2884 788 2913 Evangelii

223 2924 268 2945 287
286 2924 299 2945 3
318 2936 347 2939 -
364 2923 448 2946 veteris
466 2924 594 2946 testamenti
611 2924 727 2951 virginem
749 2924 788 2946 du-

222 2968 275 2985 cere
291 2961 392 2985 debebat
409 2969 503 2985 uxorem
521 2963 575 2985 etin
588 2963 699 2985 sacrificio
716 2969 789 2990 agnos

224 3004 246 3023 et
262 3001 345 3024 vitulos
362 3002 446 3024 offerre
462 3001 492 3025 ib.
511 3001 523 3024 4
540 3014 570 3018 -
592 3002 676 3025 levitici
697 3002 789 3030 generis

914 213 1013 242 INDEX
1035 212 1282 241 ALPHABETICUS.

816 290 830 312 7
849 293 877 314 18
895 306 925 309 -
942 294 985 317 Pro
1003 297 1148 324 reparatione
1165 296 1194 319 de
1206 297 1300 324 peccato
1312 293 1381 316 dehet

816 337 867 354 esse
884 334 1001 360 gratitudo
1020 335 1049 357 15
1067 336 1079 357 9

862 372 980 395 Remmius
997 386 1027 390 —
1044 381 1085 397 sua
1106 381 1151 397 non
1176 379 1211 397 est
1236 374 1380 401 mandatum,

816 411 857 433 sed
874 411 989 434 indultum
1007 413 1047 435 241
1069 413 1082 435 7
1102 426 1131 429 -
1143 420 1184 436 sua
1198 412 1337 441 imperfectis
1348 414 1383 434 est

815 449 902 472 licitum
920 450 972 474 ibid.

864 490 1051 513 Rsspnfflawsimts
1079 504 1109 508 —
1135 494 1230 520 propter
1256 493 1381 513 humanam

816 528 974 552 infirmitatem
992 531 1014 552 in
1033 531 1097 553 omni
1115 532 1162 553 fere
1179 537 1277 559 persona
1289 534 1311 553 et
1322 533 1381 553 statu

815 569 930 596 reperitur
948 570 988 591 311
1011 570 1019 591 1

863 608 1011 630 ΒΕΡ110110111111
1036 621 1067 624 -
1093 611 1205 631 tormenta
1231 611 1284 631 sunt
1309 609 1382 636 varia,

816 652 906 674 aspera,
924 647 1044 669 horribilia
1062 650 1084 670 et
1101 648 1250 670 intolerabilia
1269 648 1298 670 54
1316 649 1329 670 6

862 685 958 712 Piscinas
980 700 1010 702 —
1032 690 1066 710 est
1091 688 1115 709 in
1132 688 1253 710 dilectione
1279 687 1318 709 Dei
1340 693 1382 715 per

816 726 1002 754 tranquillitatem
1022 727 1050 748 40
1070 727 1106 748 11.
1126 727 1148 748 11
1171 727 1200 749 12
1217 739 1248 743 -
1265 727 1326 749 Deus
1347 732 1381 749 re-

816 764 912 792 quiescit
930 768 952 787 et
969 764 1081 787 inhabitat
1106 765 1128 788 in
1151 772 1236 794 sopore
1260 766 1334 794 pacis,
1359 765 1382 787 in

816 803 939 831 splendore
956 804 1058 826 veritatis
1075 807 1095 827 et
1119 805 1143 827 in
1165 805 1260 827 dulcore
1284 804 1383 827 caritatis

817 844 926 871 tanquam
944 843 967 865 in
984 844 1080 871 proprio
1097 844 1154 866 solio
1173 845 1201 866 12
1220 844 1228 866 1
1252 856 1281 859 —-—
1298 846 1332 866 est
1341 850 1383 871 per

817 888 925 910 soporem
943 883 1006 910 pacis
1024 883 1046 904 in
1063 882 1243 906 obumbratione
1254 882 1336 906 Christi
1353 882 1382 906 ib.

818 922 830 942 2
842 933 873 937 -
885 921 1054 949 Complacentia
1066 925 1086 944 te
1098 923 1187 951 quietet
1196 925 1291 950 propter
1300 922 1383 950 Sponsi

817 961 994 988 pulcritudinem
1017 961 1043 983 14
1061 962 1082 983 6.
1101 961 1130 984 15
1148 962 1160 983 8
1175 975 1202 977 —
1215 962 1305 984 animae
1323 962 1384 984 inve-

817 1000 878 1022 nitur
901 1000 1028 1022 humilitatc
1054 1001 1098 1023 494
1125 1001 1154 1023 58
1178 1014 1210 1017 —
1235 1001 1325 1023 animae
1350 1004 1383 1024 est

818 1039 884 1061 unica
894 1045 962 1062 causa
976 1039 1061 1062 laboris
1072 1043 1094 1062 et
1106 1041 1238 1063 certaminis
1247 1041 1317 1063 nostri
1329 1039 1384 1063 ibid.

864 1078 910 1101 Res
933 1091 964 1095 —
990 1078 1053 1101 Circa
1071 1086 1107 1101 res
1125 1080 1263 1107 temporales
1280 1080 1384 1102 conside-

817 1117 888 1140 randa
907 1121 960 1140 sunt
977 1119 1116 1146 proprietas,
1135 1119 1263 1147 possessio,
1280 1120 1384 1141 ususfru-

818 1160 868 1179 ctus
886 1160 908 1179 et
925 1158 1021 1185 simplex
1039 1164 1094 1180 usus
1111 1158 1156 1179 312
1174 1157 1188 1179 5
1204 1171 1235 1174 -
1251 1158 1338 1186 Duplex
1350 1161 1384 1181 est

819 1202 875 1218 usus
891 1202 969 1218 rerum
989 1196 1033 1218 422
1053 1197 1076 1218 11
1093 1209 1124 1213 -
1142 1197 1289 1225 Quadruplex
1306 1200 1341 1220 est
1351 1204 1383 1220 re-

818 1241 870 1257 rum
881 1236 1043 1263 temporalium
1056 1236 1210 1259 communitas
1223 1237 1267 1259 309
1281 1237 1318 1259 13.
1332 1243 1384 1266 sqq.

817 1286 849 1290 —
866 1275 998 1297 mundanae
1014 1278 1067 1297 sunt
1084 1275 1181 1298 mobiles
1198 1279 1236 1298 aut
1253 1275 1384 1299 immobiles

820 1315 863 1337 442
882 1315 910 1337 16

865 1355 987 1377 3051515110
1004 1367 1034 1370 -
1049 1354 1107 1377 Cum
1119 1361 1210 1377 summa
1222 1355 1338 1383 diligentia
1351 1361 1384 1377 re-

818 1394 946 1416 sistendum
964 1396 998 1416 est
1014 1393 1133 1416 diabolicis
1145 1395 1290 1417 tentamentis
1302 1394 1315 1417 4
1328 1394 1341 1417 4
1354 1407 1384 1411 —

818 1433 958 1461 Negligentia
970 1433 999 1455 ad
1009 1433 1162 1456 resistendum
1172 1434 1321 1461 recogitanda
1330 1433 1383 1457 ibid.

817 1484 848 1488 —
865 1473 913 1495 Non
939 1472 1070 1495 resistentes
1093 1473 1159 1495 malis
1181 1472 1307 1501 culpabiles
1331 1476 1385 1495 sunt

819 1511 862 1534 469
881 1512 894 1534 3

865 1551 999 1573 ΒΕ51>01111011
1017 1563 1047 1567 -
1064 1551 1112 1573 sine
1130 1557 1176 1573 uno
1189 1551 1264 1579 capite
1275 1558 1321 1574 non
1334 1554 1384 1580 pot-

818 1593 852 1612 est
869 1590 928 1612 bene
944 1593 1004 1612 stare
1022 1590 1067 1612 427
1084 1591 1097 1612 2

865 1630 1013 1652 lin-suumne
1030 1642 1060 1645 —
1075 1629 1147 1652 Terra
1159 1632 1285 1652 restaurata
1298 1632 1332 1652 est
1343 1636 1385 1658 per

819 1675 887 1691 usum
904 1670 1031 1696 perfectum
1050 1669 1140 1691 virtutis
1157 1669 1181 1691 in
1206 1668 1295 1692 Christo
1319 1669 1346 1691 14
1371 1669 1384 1692 4

864 1709 1019 1731 Resunnecrto
1036 1721 1066 1724 —
1078 1708 1160 1731 Christi
1174 1707 1270 1736 probata
1283 1711 1317 1731 est
1328 1709 1385 1731 mul-

819 1748 903 1770 tiformi
920 1747 1064 1775 apparitione
1082 1748 1106 1769 84
1129 1747 1159 1769 34
1170 1760 1201 1763 —
1212 1747 1327 1770 dominica
1340 1754 1385 1770 ma-

819 1793 887 1814 gnam
907 1785 975 1809 habet
987 1786 1132 1809 dulcedinem
1145 1787 1190 1809 226
1205 1787 1248 1809 170
1260 1800 1291 1802 -
1300 1786 1385 1810 Omnes

818 1828 939 1853 resurgent
956 1826 1050 1848 divinae
1067 1826 1174 1848 iussionis
1196 1826 1280 1848 virtute
1302 1826 1330 1848 83
1355 1826 1379 1848 41

817 1877 848 1881 -
864 1865 1047 1887 Resurrectionis
1065 1866 1155 1887 futurae
1172 1865 1245 1893 gloria
1259 1867 1383 1887 monstrata

818 1907 852 1927 est
868 1904 891 1926 in
909 1904 1110 1932 transfiguratione
1127 1903 1210 1927 Christi
1226 1904 1256 1926 74
1275 1905 1303 1926 12

864 1944 926 1966 Rau:
950 1956 980 1959 —
1006 1943 1121 1971 significat
1137 1943 1266 1966 doctrinam
1287 1949 1385 1972 evange-

819 1982 886 2005 licam
904 1982 948 2004 377
968 1983 991 2004 vll

865 2022 984 2044 Ravenna
1009 2034 1040 2038 —
1065 2022 1125 2044 Deus
1150 2028 1196 2044 non
1218 2021 1328 2044 omnibus
1345 2028 1386 2051 *sa-

818 2061 917 2089 pientiae
934 2067 990 2083 suae
1006 2067 1116 2084 arcanum
1132 2061 1219 2084 revelat
1236 2061 1276 2083 241
1299 2062 1311 2083 8

865 2101 1010 2123 Ravanssurtx
1022 2113 1054 2117 —
1063 2103 1096 2123 est
1108 2100 1216 2123 exhibitio
1229 2100 1323 2123 honoris
1335 2106 1386 2128 pro-

819 2139 905 2162 cedens
922 2146 934 2162 a
953 2140 1035 2162 timore
1046 2140 1108 2162 filiali
1119 2142 1142 2162 et
1154 2140 1233 2162 humili
1246 2140 1326 2162 affectu
1340 2139 1385 2161 396

819 2179 843 2200 11
864 2191 895 2195 -
913 2179 1046 2201 humilitatis
1063 2181 1097 2201 est
1108 2182 1172 2201 actus
1184 2178 1237 2201 ibid.
1249 2190 1280 2194 —
1292 2177 1336 2200 Cor
1348 2178 1386 2200 de-

818 2217 856 2239 bet
872 2218 988 2240 incurvari
1006 2218 1034 2240 ad
1053 2217 1093 2239 Dei
1110 2217 1263 2239 reverentiam
1281 2216 1312 2239 ob
1335 2222 1384 2244 gra-

1086 2348 1117 2396 S

822 2491 953 2514 habuerunt
970 2497 1053 2514 uxores
1069 2493 1091 2513 et
1108 2491 1178 2518 filios,
1195 2491 1225 2513 ad
1242 2497 1301 2520 quos
1326 2490 1385 2513 bona

822 2537 863 2553 sua
880 2530 1065 2553 transmittebant
1082 2531 1127 2552 286
1145 2531 1158 2553 2
1175 2542 1207 2547 -
1224 2531 1247 2552 111
1264 2530 1386 2552 sacerdoti-

821 2569 865 2593 bus
882 2570 966 2593 veteris
983 2570 1040 2598 legis
1056 2570 1117 2592 nullo
1129 2570 1200 2592 modo
1212 2569 1328 2591 invenitur
1344 2570 1387 2591 sor-

821 2615 859 2632 ma
876 2610 1022 2638 perfectionis
1038 2609 1185 2637 evangelicae
1202 2608 1247 2630 287
1265 2608 1285 2630 4.
1304 2608 1348 2630 288
1372 2608 1385 2630 6

821 2661 851 2665 -
873 2648 1044 2676 Sacerdotibus,
1061 2648 1113 2670 filiis
1129 2648 1213 2675 Aaron,
1238 2648 1319 2670 vinum
1345 2647 1387 2670 fuit

821 2687 964 2716 prohibitum
983 2688 1028 2710 286
1046 2688 1059 2709 2
1080 2699 1111 2703 -
1134 2687 1294 2709 Sacerdotium
1316 2686 1387 2709 leviti-

820 2733 874 2749 cum
891 2729 945 2749 ante
961 2726 1043 2750 Christi
1060 2727 1192 2755 passionem
1209 2728 1231 2748 et
1242 2725 1387 2748 resurrectio-

822 2772 874 2789 nem
893 2766 1026 2789 translatum
1044 2772 1090 2788 non
1116 2766 1158 2788 fuit
1179 2765 1224 2787 289
1242 2766 1255 2787 8
1280 2777 1311 2782 -
1336 2766 1386 2794 Quo

821 2805 903 2833 spiritu
921 2805 983 2828 ducti
1001 2805 1067 2827 multi
1092 2805 1119 2827 ad
1146 2811 1224 2827 sacros
1249 2804 1343 2827 ordines
1365 2806 1387 2827 et

822 2844 901 2867 divina
918 2844 1027 2872 mysteria
1044 2844 1155 2867 accedant
1167 2843 1212 2866 404
1227 2843 1256 2866 44
1267 2857 1298 2860 -
1310 2844 1387 2866 Sacer-

823 2884 906 2906 dotalis
923 2884 991 2906 officii
1009 2886 1043 2906 est
1059 2883 1164 2906 reductio
1181 2882 1256 2911 plebis
1273 2883 1295 2905 in
1312 2883 1385 2906 Deum

821 2929 863 2951 per
872 2923 1029 2951 septiformem
1039 2923 1149 2945 inssuxum
1160 2923 1328 2945 hierarchicum
1340 2922 1386 2944 317

1676 253 1727 276 SAC

1415 291 1469 313 tiam
1486 291 1656 320 impetrandam
1674 293 1687 314 9
1706 293 1727 315 4.
1746 294 1769 315 11
1798 295 1826 317 12
1849 306 1880 311 -
1902 296 1981 324 acqui-

1414 330 1471 352 ritur
1488 337 1514 353 ex
1532 331 1683 354 admiratione
1703 333 1863 356 immensitatis
1888 334 1979 357 divinae

1416 371 1438 391 et
1454 370 1593 392 modicitatis
1611 371 1720 399 propriae
1738 372 1750 393 9
1769 372 1790 394 5.
1809 373 1832 394 44
1851 373 1879 395 12
1892 386 1921 389 -
1934 380 1980 396 ma-

1416 413 1460 435 gna
1477 408 1605 431 exhibenda
1623 413 1657 432 est
1673 410 1720 433 Deo
1735 411 1794 433 510111
1810 412 1869 434 Patri
1886 413 1914 435 ad
1933 419 1981 435 mo-

1416 446 1472 468 dum
1491 447 1653 476 inclinationis,
1672 450 1744 472 maior
1765 450 1824 473 sicut
1841 451 1938 474 Domino
1949 452 1979 474 ad

1416 485 1513 508 modum
1530 487 1708 515 genuflexionis,
1726 489 1824 512 maxima
1836 490 1895 513 sicut
1909 491 1979 513 ludici

1416 524 1446 546 ad
1462 525 1558 547 modum
1576 527 1734 554 prostrationis
1750 528 1763 550 9
1777 528 1790 549 6
1804 541 1832 544 -
1849 529 1979 552 exhibenda

1416 566 1512 590 propter
1530 564 1612 587 iudicia
1630 566 1720 588 latentia
1742 567 1809 589 1640
1821 567 1980 591 —exhibetur

1416 604 1522 625 aeternae
1538 603 1647 626 Maiestati
1665 605 1725 628 dono
1743 606 1830 629 timoris
1848 608 1876 629 86
1895 607 1923 630 49
1949 621 1980 624 -

1416 640 1495 664 Omnis
1513 643 1583 665 homo
1601 649 1643 671 pro
1663 647 1735 667 status
1759 646 1795 668 sui
1820 647 1895 674 gradu
1918 653 1981 669 reve-

1416 680 1503 703 rendus
1520 685 1554 704 est
1581 681 1625 704 410
1652 683 1680 705 12
1698 696 1727 699 -
1752 684 1830 712 Qualis
1852 687 1980 709 reverentia

1417 720 1521 747 proximo
1538 721 1567 743 sit
1583 721 1711 745 exhibenda
1729 723 1769 745 371
1791 730 1804 745 a
1822 737 1851 739 —
1863 725 1911 747 sola
1922 728 1982 748 exte-

1416 759 1463 781 rior
1480 765 1524 781 non
1538 761 1621 783 sufficit
1633 760 1686 784 ibid.
1697 774 1728 778 -—
1738 763 1810 785 Amor
1821 763 1898 792 aliquo
1911 764 1981 787 modo

1416 799 1511 821 suavior
1539 800 1634 822 sentitur
1663 807 1716 823 cum
1741 803 1869 825 reverentia
1898 803 1982 826 mixtus

1418 837 1457 860 141
1480 838 1493 860 6

1463 878 1512 899 Rex
1527 890 1559 894 —
1576 878 1678 901 Christus
1695 882 1729 902 est
1745 886 1784 902 rex
1801 887 1884 909 regum
1906 881 1934 904 84
1953 881 1982 904 45

1418 929 1447 932 —
1465 917 1553 945 Quanta
1571 918 1600 940 sit
1616 919 1699 946 regalis
1716 922 1817 947 potestas
1835 921 1879 943 343
1906 921 1934 942 ¹l0
1951 933 1982 938 —

1417 956 1508 983 Regum
1527 960 1560 979 est
1577 957 1672 985 proprie
1689 963 1775 980 corona
1793 959 1838 982 485
1856 959 1864 981 4
1882 972 1912 975 —
1924 960 1981 983 Tres

1418 996 1507 1017 animae
1524 996 1587 1018 vires
1604 996 1662 1019 bene
1680 1003 1747 1025 reges
1764 998 1872 1021 dicuntur
1889 999 1918 1021 93
1938 1000 1945 1021 4

1465 1035 1535 1057 Rioon
1551 1047 1583 1051 —
1600 1035 1669 1058 debet
1685 1042 1735 1059 esse
1751 1037 1773 1059 in
1790 1038 1937 1061 exstinctione
1953 1039 1982 1061 fo-

1418 1074 1479 1096 mitis
1509 1074 1631 1104 ariditatis⁷
1660 1076 1830 1106 perversitatis,
1859 1078 1983 1106 voluptatis

1417 1116 1440 1135 et
1456 1114 1563 1136 vanitatis
1581 1114 1609 1137 12
1627 1116 1640 1136 2
1657 1127 1688 1131 -
1700 1116 1810 1143 Expugna
1822 1116 1983 1139 adversarium

1417 1156 1512 1181 propter
1531 1154 1670 1176 incentivum
1690 1154 1718 1176 45
1737 1155 1749 1176 8
1771 1167 1803 1171 —
1827 1161 1869 1183 pro
1887 1156 1983 1178 utilitate

1417 1192 1547 1215 ammarum
1565 1193 1679 1215 interdum
1705 1196 1740 1216 est
1761 1195 1889 1217 servandus
1910 1198 1932 1217 et
1953 1195 1983 1217 in-

1417 1232 1508 1254 terdum
1526 1232 1637 1255 laxandus
1653 1233 1694 1255 384
1715 1232 1731 1255 b

1464 1272 1582 1294 Roaenrus
1597 1284 1627 1288 —
1644 1278 1686 1299 per
1703 1272 1726 1294 S.
1742 1273 1889 1295 Franciscum
1905 1273 1983 1296 lumen

1418 1311 1539 1333 oculorum
1557 1311 1643 1339 recepit
1661 1311 1705 1333 559
1724 1312 1732 1334 4

1464 1350 1595 1373 Roouaruus
1610 1362 1642 1367 -
1657 1351 1747 1373 Fratres
1771 1351 1869 1374 Minores
1891 1358 1933 1374 suo
1950 1358 1984 1374 re-

1418 1389 1480 1417 cepit
1496 1389 1596 1417 hospitio
1615 1389 1659 1412 553
1680 1391 1687 1411 1

1465 1429 1556 1451 Romu
1574 1442 1605 1444 —
1622 1435 1664 1457 per
1682 1429 1704 1451 S.
1722 1430 1869 1452 Franciscum
1892 1436 1904 1452 a
1921 1430 1983 1453 fluxu

1418 1468 1537 1495 sanguinis
1553 1467 1648 1491 liberata
1666 1468 1706 1490 561
1729 1469 1742 1490 6

1464 1507 1568 1530 Romanus
1584 1521 1614 1523 —
1631 1508 1728 1530 clericus
1744 1511 1837 1531 sanatus
1854 1514 1867 1531 a
1884 1509 1906 1531 S.
1918 1509 1984 1531 Fran-

1418 1547 1479 1569 cisco
1497 1547 1537 1569 551
1560 1547 1573 1568 6

1465 1587 1529 1609 Rom
1547 1599 1578 1603 —
1595 1586 1640 1609 528
1658 1587 1680 1609 7.
1698 1587 1742 1610 550
1761 1587 1783 1609 4.
1800 1587 1845 1610 552
1863 1587 1885 1610 4.
1897 1587 1942 1610 557
1961 1587 1982 1610 4.

1419 1625 1463 1648 558
1482 1626 1503 1648 2.
1520 1626 1561 1648 561
1583 1625 1598 1648 7

1465 1666 1567 1687 ΡιοΜΑΝιΑ
1585 1678 1615 1682 -
1632 1665 1677 1688 556
1697 1666 1718 1688 4.
1735 1666 1779 1688 559
1797 1667 1810 1688 2

1465 1705 1523 1727 Rosa
1541 1717 1572 1721 —
1589 1711 1630 1733 per
1647 1705 1721 1733 frigus
1737 1705 1811 1728 noctis
1835 1705 1911 1728 clausa
1929 1706 1983 1728 solis

1419 1744 1502 1766 ardore
1519 1744 1621 1772 aperitur
1638 1747 1661 1767 et
1686 1745 1708 1766 in
1730 1744 1816 1767 rubore
1842 1745 1984 1767 demonstrat

1418 1784 1526 1806 ardorem
1544 1784 1672 1806 iucundum
1700 1784 1743 1806 487
1770 1784 1778 1806 4
1807 1796 1838 1800 —
1862 1784 1935 1807 Floret
1959 1784 1984 1806 in

1419 1822 1508 1846 Christo
1525 1829 1577 1846 rosa
1595 1823 1682 1846 rubens
1693 1823 1805 1851 sanguine
1816 1823 1936 1851 passionis,
1951 1829 1985 1846 ar-

1418 1863 1475 1885 dens
1493 1863 1546 1891 igne
1562 1863 1675 1890 caritatis,
1686 1863 1777 1885 roscida
1789 1863 1900 1886 effusione
1911 1863 1985 1891 lacry-

1419 1908 1510 1925 marum
1529 1903 1573 1924 480
1592 1903 1612 1924 1.
1632 1903 1676 1924 182
1698 1908 1718 1931 a,
1741 1902 1756 1924 b
1781 1915 1812 1918 —
1838 1902 1937 1925 caritatis
1961 1902 1984 1924 in

1419 1942 1525 1970 passione
1542 1941 1645 1964 rubescit
1669 1944 1692 1964 et
1716 1947 1768 1964 rosa
1793 1942 1907 1969 passionis
1932 1942 1985 1969 igne

1419 1981 1518 2004 caritatis
1535 1981 1633 2003 ardescit
1650 1981 1694 2003 182
1714 1981 1721 2003 1
1742 1993 1774 1998 -
1785 1981 1850 2004 Unde
1867 1981 1936 2003 ardor
1949 1987 1984 2003 ro-

1419 2026 1458 2043 sae
1475 2021 1574 2043 caritatis
1591 2023 1745 2048 cognoscatur
1762 2019 1816 2043 ibid.

1466 2060 1542 2082 Rusau
1559 2072 1590 2076 —
1615 2060 1662 2082 Filii
1680 2059 1761 2082 Ruben
1779 2060 1870 2082 fuerunt
1887 2060 1983 2082 fratrum

1418 2105 1513 2122 suorum
1532 2101 1717 2127 propugnatores
1734 2098 1779 2121 373
1796 2098 1811 2120 b
1829 2110 1859 2115 ·-·
1870 2098 1984 2126 petierunt

1418 2141 1502 2160 terram
1520 2138 1592 2160 Basan
1611 2141 1633 2160 et
1649 2137 1755 2160 Hesebon
1772 2137 1794 2159 in
1814 2137 1983 2165 possessionem

1419 2177 1460 2199 351
1482 2176 1497 2199 b
1514 2189 1544 2192 ——
1562 2177 1627 2199 losue
1643 2176 1677 2198 eis
1698 2177 1769 2198 iratus
1791 2179 1840 2198 erat
1864 2182 1907 2204 pro
1932 2182 1984 2199 con·

1417 2216 1541 2239 structione
1558 2215 1633 2238 altaris
1645 2221 1716 2243 super
1727 2215 1802 2243 ripam
1815 2215 1917 2238 Iordanis
1928 2214 1982 2238 ibid.

1419 2492 1526 2518 pensator
1543 2490 1673 2518 doctrinae,
1691 2490 1845 2518 indulgentiae
1862 2492 1884 2512 et
1899 2491 1984 2513 eucha-

1419 2529 1497 2552 ristiae
1513 2530 1526 2551 6
1546 2530 1573 2551 112
1586 2542 1616 2545 -
1629 2530 1652 2551 111
1669 2529 1764 2551 articulo
1776 2529 1917 2551 necessitatis
1935 2529 1984 2558 qui-

1419 2568 1474 2591 libet
1490 2572 1524 2591 est
1540 2568 1650 2591 sacerdos
1666 2568 1774 2596 proprius
1792 2568 1836 2591 379
1855 2568 1892 2591 44.
1909 2568 1954 2590 383
1967 2567 1982 2590 7

1419 2621 1450 2623 -
1470 2608 1570 2630 Affectus
1595 2607 1721 2630 sacerdotis
1744 2607 1773 2630 ad
1798 2606 1889 2636 plebem
1914 2606 1984 2629 debet

1419 2652 1469 2669 esse
1485 2647 1544 2669 sicut
1560 2647 1655 2669 affectus
1670 2647 1742 2674 patris
1757 2646 1786 2669 ad
1803 2646 1884 2674 filium,
1904 2646 1984 2668 matris

1419 2686 1449 2709 ad
1466 2686 1566 2714 prolem,
1583 2686 1678 2708 nutricis
1695 2685 1725 2708 ad
1742 2685 1849 2708 infantem
1864 2685 1908 2707 348
1926 2684 1941 2707 7
1953 2697 1983 2701 —-

1419 2725 1538 2754 quomodo
1548 2725 1620 2754 possit
1630 2731 1771 2753 cognoscere
1781 2725 1858 2747 vultus
1871 2730 1983 2752 pecorum

1419 2770 1516 2787 suorum
1534 2764 1578 2787 429
1597 2765 1609 2786 8
1621 2776 1653 2781 -
1664 2766 1761 2792 possunt
1775 2764 1832 2786 alios
1848 2763 1893 2786 sibi
1904 2763 1984 2786 adiun-

1420 2810 1475 2831 gere
1491 2804 1514 2826 in
1532 2804 1677 2826 coadiutores
1694 2802 1724 2826 ib.
1740 2803 1755 2825 7
1771 2815 1802 2819 —
1812 2802 1940 2830 Episcopus
1951 2802 1982 2825 ob

1420 2843 1478 2865 duas
1494 2849 1575 2865 causas
1592 2843 1649 2871 ipsis
1666 2842 1722 2865 alios
1738 2842 1870 2865 sacerdotes
1881 2842 1902 2864 in
1920 2841 1983 2864 adiu-

1420 2882 1504 2905 torium
1522 2882 1612 2905 mittere
1629 2884 1705 2910 potest
1722 2881 1776 2904 ibid.
1791 2893 1823 2898 —
1839 2887 1886 2903 non
1903 2881 1982 2903 admit-

1420 2924 1469 2944 tens
1486 2922 1509 2944 in
1526 2927 1567 2943 sua
1579 2921 1688 2949 parochia
1700 2921 1811 2943 canonice
1823 2920 1919 2942 missum
1931 2925 1983 2948 pec-

822 2963 834 2984 3
854 2975 883 2978 —
900 2962 956 2991 Quis
973 2962 1062 2985 dicatur
1073 2962 1181 2985 sacerdos
1193 2962 1302 2990 proprius
1315 2962 1358 2984 376
1372 2962 1385 2983 8
1419 2963 1455 2984 cat
1471 2961 1597 2983 mortaliter
1610 2960 1653 2983 428
1667 2960 1680 2982 4
1691 2973 1722 2976 -
1733 2960 1860 2988 Episcopus
1870 2959 1980 2982 mittendo

821 3013 852 3018 —
869 3002 911 3024 Per
928 3002 1025 3030 gratiam
1042 3001 1208 3024 sacerdotalem
1220 3002 1290 3023 homo
1308 3001 1332 3023 fit
1343 3000 1387 3023 dis·
1419 3000 1592 3029 opitulationem
1610 2999 1653 3028 ipsi
1671 3005 1716 3022 non
1733 2999 1852 3021 iniuriatur
1869 2998 1913 3021 429
1925 2998 1938 3020 5
1949 3009 1980 3014 -
