2133 3317
539 205 735 234 OPUSCULUM
755 205 810 233 XX.
833 204 959 234 REGULA
980 205 1196 235 NOVITIORUM.
1218 206 1286 235 cst).
1309 206 1340 235 X.

1756 206 1812 235 485

833 377 994 406 Capu-utum
1016 378 1046 406 X.

749 519 788 547 De
809 517 954 547 honestate
974 519 1130 548 seruanda.

148 667 172 695 l.
194 666 262 695 Cum
284 666 413 694 honestas
433 673 566 694 sensuum
596 664 770 694 exteriorum
802 663 836 693 sit
867 672 912 692 or-

28 704 42 713 ”
69 714 160 744 nativa
180 713 333 746 virtutum,
354 712 415 741 ideo
446 711 472 740 in
504 711 578 740 omni
610 711 696 740 verbo
723 714 751 739 et
778 714 843 739 actu
863 713 912 739 tuo

69 768 176 797 semper
191 760 361 788 honestatem
377 767 440 787 cum
455 758 600 787 dilectione
614 761 642 786 et
656 757 820 786 discretione
836 765 913 794 prae-

69 808 172 837 tendas.
193 807 235 835 Ait
256 806 329 835 enim
352 805 533 843 Apostolus1:
557 805 665 834 Omnia
695 803 808 833 honeste
829 807 853 833 et
874 813 912 832 se-

69 854 197 884 cundum
218 853 350 882 ordinem
370 852 446 889 fiant
465 852 497 880 in
517 851 605 880 vobis.
627 852 652 880 Si
679 860 745 889 ergo
772 851 912 880 desideras

68 902 238 932 honestatem
253 903 280 929 et
294 899 451 929 felicitatem
466 899 602 928 virtutum
624 898 749 927 invenire
769 901 796 927 et
817 898 913 926 inven-

68 952 123 978 tam
144 947 222 976 facile
238 947 373 980 retinere,
389 946 440 974 ista
455 953 563 982 semper
577 945 657 974 stude
683 945 794 973 habere.
820 945 911 974 Primo

67 995 169 1025 habeas
189 994 341 1023 ferventem
363 996 391 1022 et
411 992 584 1029 frequentem
614 991 781 1025 orationem,
802 991 836 1020 de
856 1000 912 1028 qua

67 1042 158 1071 dicere
190 1040 295 1078 poteris
329 1040 397 1068 illud
429 1039 625 1076 Sapientiae2:
663 1038 805 1066 Venerunt
839 1036 913 1066 mam

68 1088 167 1119 omnia
188 1087 263 1116 bona
280 1087 396 1124 parite-r
417 1095 484 1115 eum
505 1085 556 1114 illa
577 1089 602 1114 et
616 1084 842 1114 innumerabilis
863 1084 912 1113 lio-

67 1139 163 1164 nestas
180 1143 235 1172 per
256 1142 364 1163 manus
379 1133 467 1162 illius.
483 1132 586 1162 Deinde
601 1132 681 1161 stude
697 1140 805 1169 semper
820 1131 912 1160 onmia

67 1182 151 1212 verba
171 1181 258 1210 otiosa
278 1183 304 1210 et
325 1181 470 1209 inhonesta
484 1179 587 1214 vitare,
607 1182 638 1208 ut
659 1187 691 1208 ea
711 1187 765 1207 non
787 1178 911 1216 proferas

67 1237 117 1259 nec
137 1228 233 1258 audias
252 1227 440 1266 proferentes,
455 1227 535 1264 quia,
551 1229 619 1255 teste
640 1226 724 1255 Paulo
735 1226 756 1259 ⁸,
778 1234 912 1254 corrum—

64 1280 140 1315 pum
153 1284 249 1305 mores
264 1275 350 1303 bonos
371 1274 513 1312 colloquia
533 1273 624 1302 mala.
646 1273 717 1302 Cave
737 1272 835 1301 ludum
854 1280 912 1301 ma-

67 1331 171 1358 nuum,
194 1323 315 1351 maxime
335 1330 398 1351 cum
420 1321 583 1352 iuvenibus,
604 1320 694 1349 devita
709 1320 861 1349 otiosorum
884 1322 912 1348 et

68 1370 222 1400 ludentium
236 1368 427 1398 conventicula
441 1372 468 1397 et
482 1367 658 1396 adulatorum
669 1366 855 1396 blandimenta
865 1366 912 1395 de-

68 1416 126 1446 ride
140 1419 167 1445 et
181 1416 252 1445 dona
266 1418 419 1445 contemne.
434 1414 575 1452 Colloquia
593 1421 778 1443 susurronum
793 1415 820 1442 et
834 1421 911 1442 mur-

69 1467 258 1497 muratorum,
279 1462 444 1499 bilinguium
467 1464 494 1491 et
514 1461 702 1490 detractorum
731 1468 840 1497 semper
863 1460 912 1489 ab·

67 1511 160 1539 horre.
175 1510 255 1544 Nam,
277 1513 345 1538 teste
366 1509 510 1546 Scriptura
521 1509 542 1542 4,
562 1511 800 1536 murmuratores
820 1510 845 1536 et
865 1506 912 1535 de-

68 1561 207 1587 tractores
230 1557 285 1585 Deo
306 1555 424 1585 odibiles
443 1558 520 1584 sunt.

146 1606 172 1633 2.
194 1604 341 1640 Nunquam
363 1603 486 1640 loquaris
507 1610 570 1631 cum
599 1601 692 1638 aliquo
720 1601 771 1630 nisi
795 1601 910 1630 verbum

35 1659 41 1664 ·
68 1650 314 1689 praemeditatum,
336 1649 509 1683 ordinatum,
532 1649 599 1678 utile
627 1650 654 1677 et
675 1649 832 1677 honestum.
857 1648 912 1677 Du-

47 1693 54 1698 ”
68 1698 203 1735 plicitates
223 1701 250 1726 et
271 1696 459 1726 simulationes
480 1696 507 1724 in
530 1695 667 1732 loquendo
688 1703 797 1732 semper
811 1695 911 1730 devita,

69 1745 134 1782 quia
153 1744 219 1773 dicit
240 1743 437 1772 Ambrosius5:
463 1754 476 1768 «
492 1742 587 1771 Omnis
609 1742 747 1771 simulatio
768 1745 795 1771 et
823 1743 912 1771 omnis

69 1791 214 1828 duplicitas
234 1790 407 1819 mendacium
429 1792 508 1819 est».
531 1790 561 1818 Et
581 1792 728 1826 propterea
742 1789 807 1817 dicit
821 1790 913 1826 Augu-

69 1838 170 1868 stinus:
197 1850 210 1863 «
225 1838 323 1867 Omnia
344 1837 429 1866 verba
449 1840 512 1866 ante
534 1837 644 1866 veniant
665 1836 698 1864 ad
720 1837 812 1864 limam
829 1844 912 1873 quam

69 1885 102 1914 ad
116 1885 236 1922 linguam
249 1897 275 1913 ».
293 1901 330 1906 —
341 1884 379 1912 Ad
393 1883 539 1912 lavandum
555 1883 714 1920 paropsides
728 1883 850 1920 quotidie
866 1891 911 1911 va-

967 664 1024 693 das.
1036 682 1074 685 —
1086 665 1200 702 Insuper
1212 674 1265 694 non
1281 666 1318 695 sis
1333 669 1524 695 murmurator
1535 674 1585 696 nec
1601 667 1735 696 iudicatur
1747 667 1813 696 alio-

968 719 1032 740 rum
1053 720 1103 741 nec
1123 711 1243 749 aliquem
1266 713 1299 742 de
1320 716 1412 742 cetero
1433 713 1636 750 reprehendas,
1651 713 1703 742 nisi
1717 716 1813 751 aperte

968 758 1063 787 fecerit
1084 762 1180 788 contra
1201 759 1297 794 Deum,
1319 760 1366 789 sed
1387 760 1479 797 potius
1501 764 1531 789 tu
1547 760 1743 797 reprehensus,
1758 763 1813 789 sta-

968 805 1016 833 tim
1038 805 1112 834 dioas
1132 806 1241 843 culpam
1265 810 1339 835 tuam
1362 806 1565 844 genuflectens,
1588 807 1645 836 sive
1660 807 1697 836 sis
1718 807 1812 844 culpa-

968 852 1030 881 bilis
1061 852 1118 881 sive
1149 861 1211 881 non.
1244 853 1327 888 Nam,
1356 856 1424 882 teste
1455 853 1587 891 Gregorio
1599 854 1620 888 ⁶,
1646 854 1811 883 «bonarum

968 899 1102 927 mentium
1124 903 1164 928 est
1186 900 1221 929 ibi
1254 900 1364 937 culpam
1394 909 1559 938 agnoscere,
1582 901 1629 930 ubi
1655 901 1736 938 culpa
1757 909 1812 930 non

968 949 1049 974 est».
1073 946 1104 974 Et
1124 947 1357 984 quandocumque
1387 948 1487 985 aliquis
1519 950 1544 976 te
1575 947 1735 982 offenderit,
1758 956 1812 976 non

969 992 1134 1029 respondeas
1154 993 1193 1027 ei,
1216 993 1262 1022 sed
1284 994 1375 1022 statim
1398 1002 1512 1023 recurre
1533 994 1566 1022 ad
1590 994 1757 1031 patientiam,
1772 994 1813 1022 di-

968 1047 1048 1068 cens:
1070 1039 1188 1076 Dignum
1210 1040 1312 1077 quippe
1334 1043 1384 1074 est,
1405 1043 1437 1069 ut
1466 1048 1561 1069 omnes
1592 1044 1736 1069 creaturae
1768 1048 1811 1069 nie

968 1085 1121 1120 offendant,
1153 1087 1218 1123 quia
1245 1095 1296 1123 ego
1324 1086 1462 1123 superbus
1496 1087 1654 1115 Creatorem
1687 1087 1810 1115 omnium

968 1140 1078 1169 semper
1093 1133 1191 1161 offendi
1213 1136 1240 1162 et
1261 1133 1361 1162 iniuste
1376 1136 1403 1162 et
1417 1133 1577 1170 frequenter
1596 1133 1711 1162 offendo.
1728 1150 1764 1154 —
1781 1133 1811 1162 Et

968 1187 1092 1216 semper,
1115 1179 1224 1216 quando
1246 1180 1321 1208 vadis
1342 1180 1368 1208 in
1390 1180 1548 1214 ecclesiam,
1571 1188 1664 1209 coram
1679 1180 1772 1214 altari,
1788 1180 1810 1209 si

968 1226 1026 1255 fieri
1050 1230 1138 1263 potest
1159 1235 1295 1263 congrue,
1318 1226 1495 1264 ingrediendo
1516 1227 1559 1256 vel
1580 1227 1744 1264 egrediendo
1759 1228 1812 1256 hu-

968 1273 1069 1301 militer
1090 1273 1258 1310 genuflecte3
1280 1274 1346 1311 quia
1373 1273 1508 1310 scriptum
1540 1274 1616 1303 est⁷:
1640 1274 1675 1302 [η
1695 1274 1811 1302 nomine

969 1320 1035 1348 Iesu
1056 1328 1138 1348 omne
1151 1328 1227 1357 yeme
1241 1319 1384 1356 flectatur.
1400 1337 1436 1340 —
1452 1321 1531 1355 Item,
1547 1320 1657 1358 quando
1672 1320 1747 1349 vadis
1762 1328 1811 1357 per

968 1366 1080 1395 domum
1113 1367 1155 1395 vel
1187 1370 1283 1401 extra,
1315 1375 1424 1404 semper
1460 1367 1561 1396 habeas
1598 1375 1725 1404 gressum
1761 1367 1811 1395 mi-

968 1416 1039 1448 tem,
1063 1421 1160 1442 manus
1182 1413 1367 1448 continentes,
1387 1414 1481 1442 oculos
1508 1413 1656 1448 demissos,
1684 1413 1810 1448 stabiles,

968 1469 1021 1489 non
1044 1463 1186 1497 vagantes,
1208 1460 1273 1497 quia
1298 1460 1363 1489 dicit
1391 1460 1598 1498 Augustinusss:
1625 1472 1638 1485 α
1654 1460 1811 1497 Impudicus

968 1508 1066 1536 oculus
1087 1507 1216 1544 impudici
1240 1507 1330 1536 cordis
1351 1511 1391 1536 est
1413 1507 1528 1536 nuntius
1542 1519 1569 1536 ».
1591 1524 1628 1529 —
1650 1507 1681 1536 Et
1701 1507 1812 1544 quando

969 1554 1044 1583 vides
1064 1554 1173 1582 Fratres
1195 1554 1337 1591 loquentes
1358 1554 1391 1582 de
1412 1554 1521 1591 aliquo,
1543 1562 1596 1582 non
1618 1554 1652 1583 de
1674 1554 1745 1588 Deo,
1768 1555 1810 1583 vel

968 1601 1001 1629 de
1022 1601 1114 1629 divina
1135 1601 1294 1638 Scriptura,
1316 1601 1407 1630 statim
1423 1601 1532 1635 recede,
1554 1601 1676 1630 maxime
1697 1601 1717 1629 si
1734 1609 1811 1630 mur-

969 1651 1082 1676 murant
1103 1648 1136 1676 de
1157 1648 1264 1684 aliquo,
1288 1648 1330 1676 vel
1356 1648 1510 1685 loquuntur
1533 1647 1566 1676 de
1588 1647 1706 1684 guerris.
1727 1648 1810 1682 Nam,

968 1698 1037 1723 teste
1059 1694 1202 1731 Scriptura
1214 1695 1233 1728 ⁹,
1256 1694 1358 1731 linqua
1379 1703 1481 1722 eorum
1504 1694 1624 1731 yladt'us
1645 1698 1758 1722 acutus.
1780 1694 1811 1723 Et

969 1744 999 1770 ut
1021 1741 1119 1770 melius
1152 1744 1176 1769 te
1208 1749 1369 1774 conserves,
1391 1741 1470 1769 stude
1502 1749 1611 1777 semper
1632 1741 1660 1769 in
1682 1740 1764 1770 corde
1785 1743 1812 1770 et

968 1796 1051 1825 opere
1073 1788 1255 1816 humilitatem
1278 1788 1395 1822 habere,
1417 1788 1497 1824 quia,
1519 1788 1591 1816 sicut
1620 1787 1686 1816 dicit
1710 1787 1811 1824 Grego-

968 1835 1043 1869 rius,
1071 1835 1145 1871 «qui
1169 1838 1274 1863 ceteras
1296 1835 1413 1863 virtutes
1434 1835 1492 1863 sine
1521 1834 1676 1863 humilitate
1697 1842 1812 1871 congre-

968 1886 1013 1919 gat
1035 1882 1112 1919 quasi
1135 1882 1277 1918 pulverem
1299 1885 1361 1910 ante
1377 1885 1490 1910 ventum
1512 1884 1640 1918 portat».

132 2141 139 2157 ¹
158 2141 227 2170 Epist.
245 2142 260 2163 1.
277 2142 328 2163 For.
349 2141 388 2165 tt,
407 2140 447 2167 40,
469 2141 508 2163 ubi
533 2141 629 2168 Vulgata
648 2140 730 2163 omittit
748 2140 770 2163 in
792 2140 864 2163 rotas.
881 2153 912 2157 —

70 2181 181 2209 Superius
197 2187 239 2209 pro
252 2180 361 2203 ornata-a
378 2181 418 2208 (ita
436 2180 498 2208 edd.)
517 2181 534 2202 Η
552 2179 725 2206 ordinativum,
742 2180 801 2203 CtL
819 2179 912 2203 ordina·

71 2219 131 2248 tiva;
142 2220 225 2242 deinde
237 2220 290 2242 edd.
301 2220 408 2242 omittunt
424 2219 544 2243 dilectione
561 2220 594 2246 et,
608 2219 672 2248 quod
689 2225 716 2241 ex
735 2220 750 2241 B
760 2219 776 2241 C
787 2220 801 2241 L
819 2220 913 2247 supple-

71 2259 158 2287 vimus,
177 2265 218 2287 pro
235 2265 282 2288 quo
299 2260 315 2281 Α
331 2258 480 2281 delectatione
492 2260 528 2286 (ιη’
541 2259 559 2280 ll
572 2259 626 2286 legit
637 2257 781 2281 honestatem
793 2257 912 2281 custodias

71 2299 92 2321 el
109 2298 270 2321 ‹Isset-ettonem
288 2297 438 2327 praetendas.

132 2337 141 2349 ²
158 2337 215 2365 Cap.
231 2337 252 2363 7,
274 2338 307 2359 ΙΙ.
324 2349 355 2353 -—-
372 2338 483 2364 Superius
501 2344 542 2365 pro
561 2336 677 2359 uirtutum
696 2338 711 2359 H
732 2336 864 2359 virtutibus.

132 2375 142 2388 ⁸
160 2377 228 2404 Epist.
246 2377 260 2398 1.
278 2376 330 2399 Cor.
353 2377 390 2403 15,
410 2377 454 2403 33;
473 2383 515 2404 pro
536 2376 601 2398 mala
620 2376 676 2398 ΒΓΙ
692 2382 777 2405 prara.
795 2388 825 2392 —
843 2376 912 2403 Supe-

71 2416 119 2438 rius
135 2420 184 2444 post
203 2415 272 2439 verba
290 2415 364 2438 otiosa
382 2415 427 2437 tide
445 2417 461 2437 Α
474 2416 489 2437 Β
500 2416 516 2436 t)
527 2416 544 2437 G
562 2415 694 2437 addidimus
708 2416 728 2437 et
746 2414 880 2439 inhonesta.
894 2415 910 2436 ll

73 2454 125 2483 tegit
142 2454 212 2477 verba
230 2453 352 2477 inhonesta
370 2456 392 2477 et
405 2453 496 2477 vitiosa.
510 2454 604 2476 tuleritis
615 2460 657 2481 pro
670 2454 730 2476 Care
742 2452 850 2475 ludina...
861 2459 912 2475 con-

72 2493 188 2517 venticula
206 2494 244 2521 (ita
263 2494 281 2515 Α
291 2493 333 2516 BC
343 2494 360 2515 D
370 2494 388 2515 G
398 2494 423 2521 L)
442 2493 495 2516 edd.
512 2493 594 2516 Postea
614 2492 791 2515 inhonestorum
806 2493 827 2514 et
841 2491 912 2514 disso-

74 2530 179 2554 tutorum
197 2531 316 2555 consorcia
333 2537 396 2554 care.

132 2569 142 2582 ⁴
159 2571 225 2593 Rom.
246 2573 265 2597 t,
283 2571 320 2592 29.
338 2577 402 2598 seq:
425 2571 579 2596 susurrones,
604 2570 757 2596 detractores,
778 2569 824 2590 Deo
842 2568 913 2590 odibi-

73 2608 110 2631 leS.
127 2609 172 2632 Ctr.
189 2616 257 2638 supr-‘1
277 2616 331 2638 pag.
348 2610 404 2636 439,
421 2612 473 2632 nota
492 2610 529 2631 110.

134 2648 144 2661 ⁵
160 2650 233 2672 Sei-m.
253 2649 289 2671 30.
308 2650 330 2671 in
349 2649 494 2677 Appendiee,
512 2655 532 2670 n.
551 2649 576 2675 3,
595 2651 615 2670 et
637 2648 747 2676 allegatur
764 2653 775 2669 a
794 2647 912 2673 Gratiano,

73 2686 139 2710 (lans.
158 2689 196 2710 22.
213 2694 236 2716 q.
253 2688 274 2709 ὅ.
292 2694 312 2710 c.
330 2688 412 2711 Cavete
429 2688 499 2716 (203),
514 2686 552 2709 ubi
565 2687 588 2709 in
601 2686 716 2708 additione
728 2686 842 2708 editorum
855 2685 914 2707 exiti·

74 2724 140 2749 betur
156 2727 278 2753 sententia,
295 2727 353 2749 sicut
371 2727 406 2749 llic
425 2728 547 2754 protertur.
565 2727 607 2748 Pro
626 2724 777 2752 Ambrosius,
798 2726 913 2752 retraffiin·

75 2763 135 2787 tibus
152 2766 169 2787 Α
179 2765 195 2786 Β
206 2765 262 2792 DG,
281 2765 333 2787 edd.
353 2764 513 2793 Auqastinns.
531 2764 660 2786 secundnm
673 2769 732 2792 <pias
746 2766 913 2791 consequenter

74 2803 141 2825 etiam
158 2803 258 2826 subnexa
276 2803 385 2826 sententia
410 2803 438 2826 Et
458 2804 583 2832 proplerea
600 2802 655 2825 dicit
671 2801 719 2831 ipsc
736 2801 808 2824 alibi:
827 2800 913 2824 Omnia

74 2841 143 2864 verba
161 2845 203 2865 etc.
221 2842 342 2865 tribuenda
360 2842 403 2864 erit
419 2841 565 2871 Anqustino,
583 2841 647 2870 quod
672 2841 809 2862 confirmant
829 2841 846 2862 Α
858 2841 912 2867 ΒΙ),

74 2880 113 2908 qui
130 2881 208 2909 tegunt
225 2881 253 2904 Et
269 2882 394 2911 propterea
412 2881 437 2909 [B
447 2879 584 2910 praeter-1¹11]
596 2879 654 2902 alibi
663 2878 812 2908 Aaqustinus
830 2878 858 2907 [1)
875 2879 913 2901 ad-

74 2918 107 2941 ‹lit
123 2919 199 2949 dicie];
217 2920 289 2942 serm.
307 2921 329 2942 3.
346 2920 374 2941 ad
393 2920 482 2942 Fratres
499 2920 520 2941 in
535 2925 613 2941 eremo
626 2919 693 2942 (inter
704 2924 773 2946 opera
792 2918 913 2945 August.):

76 2957 159 2980 Stultus
174 2959 234 2980 enim
252 2959 320 2981 valde
336 2962 370 2980 est
386 2958 425 2987 qui
443 2964 488 2980 non
507 2958 571 2986 prius
584 2957 682 2979 verbum
695 2957 758 2978 ‹tut—tt
770 2956 797 2978 ad
811 2956 912 2981 linguam

75 2996 179 3024 rationis,
195 3003 265 3026 quani
282 2997 364 3019 educat
381 2997 410 3019 nd
428 2997 530 3024 linguam
547 2997 601 3018 oris.
619 2996 664 3018 Ct'r.
682 2996 781 3018 linarrtu.
795 2995 815 3017 iu
828 2996 862 3017 Ps.
876 2995 912 3017 38.

969 2147 991 2162 u.
1004 2141 1025 2162 3.
1042 2140 1113 2163 t'erlm
1126 2143 1215 2166 autem,
1227 2139 1312 2167 quibus
1324 2139 1380 2160 haec
1392 2137 1501 2159 sententia
1520 2138 1647 2165 profertur,
1665 2137 1811 2159 inveniuntur

969 2180 991 2201 in
1001 2179 1098 2207 Speculo
1111 2179 1276 2200 monachorum
1287 2177 1397 2204 Arnulphi
1408 2176 1513 2198 monachi
1526 2176 1554 2198 de
1565 2176 1650 2198 Boeriis
1663 2176 1729 2201 (inter
1740 2181 1811 2203 opera

970 2218 1095 2246 Bernarcli),
1108 2224 1167 2246 quae.
1179 2217 1195 2238 L
1208 2216 1286 2238 addit:
1304 2217 1329 2238 Et
1346 2216 1475 2238 Bet-nardus
1486 2215 1553 2237 uicit:
1566 2216 1639 2237 Pauca
1656 2215 1678 2237 in
1695 2215 1811 2243 loquendo

969 2260 991 2279 et
1007 2256 1147 2278 rationabilia
1165 2256 1209 2278 siut
1227 2255 1297 2277 rerba
1316 2258 1366 2281 tua,
1384 2258 1405 2276 et
1423 2259 1545 2282 antequam
1563 2260 1588 2276 ea
1607 2254 1722 2281 proseraS,
1735 2252 1769 2275 bis
1781 2253 1810 2275 ad

970 2296 1046 2318 limam
1065 2296 1157 2317 veniant
1173 2300 1243 2323 quam
1261 2294 1331 2316 semel
1350 2294 1378 2315 ad
1395 2293 1506 2320 linguam.

1032 2333 1041 2347 θ
1058 2333 1119 2356 Libr.
1138 2334 1173 2355 Xl.
1194 2334 1261 2361 Epist,
1279 2333 1345 2360 epist.
1364 2332 1401 2354 64.
1413 2332 1441 2354 ad
1460 2332 1492 2353 lO.
1513 2331 1714 2359 interrogationem
1732 2331 1812 2358 Augu-

969 2374 1020 2396 stini
1038 2374 1163 2401 anglorum
1181 2372 1268 2399 episc:
1286 2372 1400 2393 Bonarum
1418 2371 1505 2398 quippe
1522 2370 1632 2392 mentium
1650 2372 1684 2391 est
1700 2370 1767 2391 etium
1781 2369 1810 2391 ἱΙιῐ

969 2414 1045 2441 atiquo
1063 2413 1133 2434 modo
1150 2412 1230 2439 culpas
1247 2417 1300 2433 suas
1316 2416 1455 2438 agnosrerc,
1473 2409 1512 2431 ubi
1529 2410 1596 2437 cuiun
1614 2415 1658 2431 non
1676 2412 1716 2431 est.
1730 2421 1759 2424 —
1772 2410 1812 2431 Su-

970 2451 1047 2479 perius
1065 2457 1107 2479 pro
1125 2450 1152 2473 cle
1168 2451 1243 2473 cetero
1262 2450 1278 2471 Α
1290 2450 1305 2471 Β
1322 2448 1349 2471 de
1366 2448 1451 2475 cnm-o,
1471 2449 1486 2470 ll
1504 2447 1531 2470 cle
1545 2449 1650 2477 peccato.
1661 2448 1756 2470 lnt‘erius
1768 2453 1811 2475 pro

970 2489 1166 2520 quandocumque
1185 2490 1216 2511 tlt
1234 2489 1464 2517 quantumcumque,
1490 2491 1511 2509 et
1529 2493 1571 2514 pro
1588 2486 1620 2509 ad
1633 2485 1772 2516 patientiam
1796 2486 1811 2507 B

969 2528 1001 2551 ad
1015 2528 1135 2558 patriam,
1155 2528 1170 2549 F
1187 2526 1219 2550 ad
1235 2526 1407 2556 poenitentiam.

1033 2566 1041 2579 ⁷
1060 2567 1114 2589 Phil.
1131 2567 1157 2594 2,
1180 2567 1213 2588 lo.
1229 2577 1260 2582 —
1277 2565 1388 2593 Superius
1406 2570 1447 2592 pro
1459 2563 1495 2586 vel
1506 2563 1645 2593 eyrectiemlo
1663 2564 1697 2585 Gl
1715 2564 1736 2586 et
1747 2568 1812 2592 effre-

970 2605 1061 2629 diendo.

1032 2643 1041 2657 ⁸
1059 2646 1080 2667 in
1098 2645 1186 2671 Regula
1204 2644 1231 2666 ad
1250 2650 1330 2666 servos
1349 2642 1400 2669 Dei,
1413 2649 1435 2664 u.
1448 2643 1469 2664 6.
1482 2642 1539 2664 Edd.
1552 2644 1574 2664 et
1586 2641 1666 2668 codd„
1685 2642 1690 2664 Ι
1708 2644 1811 2668 excepto,

970 2684 1068 2711 allegant
1086 2683 1217 2708 Isidorum,
1240 2682 1279 2711 qui
1297 2681 1426 2704 secundum
1443 2682 1461 2703 G
1479 2681 1548 2703 dicit:
1574 2680 1707 2708 lnipudicus
1732 2680 1812 2702 ocutus

971 2722 1048 2750 pudici
1065 2722 1141 2744 cordis
1158 2724 1192 2744 est
1209 2721 1329 2747 iuiuiieus;
1355 2722 1394 2742 rsr.
1421 2720 1443 2741 tt.
1470 2721 1623 2747 Syuonymor.
1645 2725 1668 2741 n.
1690 2720 1730 2741 t6:
1746 2718 1811 2741 Oculi

969 2767 1063 2790 quoque
1081 2761 1154 2788 primu
1173 2760 1213 2782 tela
1232 2760 1354 2781 libidinis...
1373 2765 1437 2781 meus
1448 2759 1510 2780 enim
1524 2764 1564 2786 pet·
1576 2758 1655 2780 oculos
1667 2758 1756 2785 eapitur
1768 2761 1812 2780 etc.

970 2813 1000 2816 —
1017 2800 1129 2827 Superius
1153 2805 1193 2826 pro
1218 2804 1328 2827 ores-sum
1352 2798 1432 2820 milam
1450 2798 1465 2820 ll
1483 2803 1592 2826 [Ji-essum
1609 2798 1769 2823 mansuettmt,
1793 2797 1811 2819 D

970 2845 1066 2869 ararem
1084 2838 1214 2865 incessum,
1232 2838 1250 2859 tt
1267 2843 1363 2866 pressus
1380 2837 1455 2859 vities.

1032 2876 1041 2889 ’Ἰ
1059 2878 1140 2900 t’salm.
1158 2877 1200 2905 56,
1218 2876 1238 2898 5.
1255 2888 1287 2893 —
1304 2876 1417 2898 Sententia
1436 2875 1539 2903 Gregorii
1558 2875 1655 2897 habetur
1667 2876 1681 2897 l.
1695 2875 1776 2897 ttomit.
1789 2875 1810 2897 in

971 2918 1056 2944 tivang.
1075 2916 1153 2938 homil.
1168 2916 1190 2937 7.
1208 2922 1230 2937 n.
1248 2915 1274 2943 lt,
1293 2915 1331 2937 ubi
1350 2921 1391 2943 pro
1408 2916 1461 2937 ante
1480 2915 1573 2937 rentum
1588 2915 1669 2943 portat
1683 2914 1721 2942 (ita
1739 2915 1756 2936 Α
1767 2914 1783 2936 Β
1794 2914 1811 2936 υ

970 2956 1055 2981 Foth
1074 2961 1116 2982 pru
1131 2955 1211 2983 portat
1228 2955 1245 2976 A
1261 2953 1367 2983 proiicit)
1384 2953 1437 2976 edd.
1455 2959 1508 2975 eum
1526 2956 1585 2975 textu
1604 2953 1707 2981 originali
1724 2952 1748 2975 in
1760 2958 1813 2975 rcu-

971 2995 1019 3016 tum
1037 2994 1123 3022 portat.
1142 2994 1186 3014 tIt'r.
1203 2999 1272 3020 supra
1291 2998 1343 3020 pag.
1366 2992 1417 3019 110,
1436 2995 1488 3014 nota
1507 2991 1528 3014 4.

1829 815 1856 834 De
1868 816 1922 839 culpa
1931 815 1960 834 di-

1857 841 1924 858 (tenda.

1828 1142 1940 1161 Reverentia

1827 1166 1845 1184 in
1859 1166 1945 1185 ecclesia.

1827 1328 1881 1348 Aliae
1892 1333 1947 1352 regu-

1869 1352 1905 1371 lae.
