2133 3317
0 908 2 928 ’1
25 911 89 931 flodus

0 940 21 956 us
32 934 90 963 tripli-

0 1236 85 1257 :curvatio

0 1260 47 1280 ordis
56 1260 82 1287 ad

0 1285 92 1304 'wantiam

0 1307 60 1327 >litim
66 1312 97 1326 ex-

0 1330 85 1352 ibam-am.

711 217 906 247 OPUSCULUM
927 218 945 246 1.
968 218 1011 247 DE
1034 218 1172 247 TRIPLICI
1192 217 1255 247 VIA.
1837 220 1853 248 9

108 297 224 335 gratiam
237 296 438 333 impetrandam
453 303 501 325 cor
512 298 639 325 nostrum
653 295 734 324 debet
751 295 907 323 inem-cari
919 295 953 323 ad

108 344 156 373 Dei
177 343 361 372 reverentiam
382 345 410 371 et
429 342 632 376 adorationem„
647 341 768 371 secundo
782 341 864 370 debet
878 341 953 370 dila-

108 390 169 419 tari
188 389 222 418 ad
242 389 460 418 benevolentiam
475 391 502 417 et
526 388 678 425 gratiarum
698 388 848 421 actionem;
871 388 953 416 tertio

107 437 187 466 debet
207 435 317 464 elevari
336 435 370 464 ad
398 435 624 472 complacentiam
652 437 680 464 et
699 437 826 463 mutuam
848 434 952 463 allocu-

107 484 223 517 tionem,
255 490 326 520 quae
356 485 398 511 est
423 481 519 519 Sponsi
546 484 574 510 et
604 489 736 518 sponsae,
762 489 846 518 quam
873 480 952 509 docet

107 529 225 567 Spiritus
245 531 358 558 sanctus
379 529 407 557 in
428 528 562 562 Canticis;
583 528 611 557 in
633 536 704 565 qua,
719 528 741 556 si
757 530 834 556 recto
855 527 951 556 ordine

107 576 169 610 fiat,
189 575 261 604 mira
281 578 323 604 est
343 575 493 604 exsultatio
514 578 542 604 et
562 575 702 609 iubilatio,
728 574 796 603 adeo
816 577 848 602 ut
868 573 951 602 ducat

106 622 224 651 animam
245 622 274 650 in
294 629 443 650 excessum
463 624 491 650 et
510 621 591 650 faciat
622 628 683 650 eam
703 620 812 650 dicere:
835 621 951 649 Bonam

105 672 145 698 est
164 676 218 697 nos
238 667 285 696 liic
305 669 395 696 essel.
417 668 450 696 Et
469 667 514 696 hic
535 667 616 696 debet
637 667 725 696 oratio
746 671 841 696 nostra
856 667 951 695 termi-

105 715 181 750 nari,
202 723 253 744 nec
273 718 337 744 ante
367 714 448 743 debet
477 714 627 748 desistere,
655 714 741 743 donec
763 713 951 751 ingyrcctiatar

106 762 200 790 locum
231 760 415 790 tabernaculi
434 760 623 789 admirabilis
653 768 745 797 usque
766 760 806 788 ad
831 760 951 788 domam

106 808 167 843 Dei,
188 808 237 837 ubi
258 808 290 836 in
310 816 376 836 voce
397 807 601 836 exsultationis
620 815 712 835 sonas
732 809 774 836 est
795 806 949 843 epulantis.

184 856 209 883 ὃ.
232 855 266 884 Ut
287 855 452 883 incurveris
467 855 507 883 ad
521 853 729 887 reverentiam,
744 853 883 882 admirare
898 853 950 881 im-

105 902 277 931 mensitatem
299 901 420 930 divinam
449 904 475 930 et
504 901 613 929 intuere
634 900 841 929 modicitatem2
863 902 949 928 tuam.

67 971 73 977 .
106 949 140 978 Ut
160 948 293 977 dilateris
313 948 354 976 acl
368 947 605 981 benevolentiam,
620 947 730 976 attende
751 946 948 983 benignitatem

105 995 225 1025 divinam
246 998 274 1024 et
294 994 357 1024 vide
387 994 577 1031 indignitatem
609 997 696 1022 tuam.
718 993 752 1022 Ut
772 993 889 1021 eleveris
910 992 950 1021 ad

105 1042 359 1079 complu-centiam,
381 1041 502 1078 recogita
523 1040 666 1069 caritatem
693 1040 813 1068 divinam
837 1042 864 1068 et
884 1047 949 1068 con-

104 1088 194 1118 sidera
214 1087 384 1125 tepiditatem
406 1090 498 1121 tuam,
519 1090 551 1116 ut
572 1094 609 1115 ex
630 1087 789 1116 huiusmodi
805 1086 950 1115 collatione

104 1135 249 1172 pervenias
269 1135 297 1163 in
318 1142 465 1163 excessum
487 1133 596 1162 mentis.

183 1182 208 1210 6.
231 1181 378 1210 Sciendum
399 1183 491 1210 autem
512 1183 570 1215 est,
591 1180 666 1218 quod
688 1180 881 1209 reverentiam
902 1180 949 1209 de-

106 1229 204 1258 bemus
224 1228 359 1257 exhibere
380 1228 436 1257 Deo
458 1227 617 1264 tripliCiter:
638 1227 728 1264 primo
749 1227 822 1256 sicut
845 1227 950 1261 Patri,

105 1284 122 1305 a
142 1283 198 1313 quo
217 1274 358 1312 formati,
379 1273 554 1311 reformati,
575 1274 693 1303 educati
703 1274 723 1302 ³.
739 1274 864 1303 Secundo
879 1274 950 1303 sicut

105 1322 246 1356 Domino,
268 1329 285 1350 a
305 1330 361 1359 quo
381 1321 461 1350 eruti
480 1321 514 1350 de
534 1328 583 1350 ore
613 1320 733 1354 inimici,
755 1320 897 1357 redempti
916 1320 950 1349 de

105 1376 215 1399 carcere
236 1368 352 1402 inferni,
374 1368 510 1397 eomlucti
530 1367 557 1396 in
589 1367 696 1396 vineam
718 1367 835 1395 Domini.
857 1367 950 1396 Tertio

104 1416 175 1445 sicut
196 1415 309 1449 Jztdtet,
331 1423 423 1443 coram
455 1422 511 1451 quo
542 1414 692 1448 accusati,
715 1414 854 1448 convicti,
886 1422 950 1442 con-

103 1460 189 1498 fessi:
211 1464 333 1490 accusat
353 1461 457 1489 clamor
471 1460 666 1494 conscientiae,
681 1460 826 1489 convincit
839 1460 950 1489 eviden-

105 1508 142 1537 tia
168 1508 255 1543 vitae,
286 1507 439 1545 confitetur
469 1508 620 1545 aspectus4
647 1507 755 1536 divinae
784 1507 949 1544 sapientiae;

103 1555 177 1584 unde
198 1558 294 1584 contra
313 1563 364 1584 nos
394 1554 428 1583 de
459 1554 520 1583 iure
551 1554 632 1583 debet
663 1554 798 1583 sententia
819 1553 948 1590 proferri.

103 1601 194 1630 Prima
214 1601 326 1638 quidem
340 1601 496 1630 reverentia
509 1601 590 1630 debet
605 1609 664 1630 esse
678 1609 807 1638 mapna,
829 1600 950 1629 secunda

103 1647 214 1682 maior,
236 1648 319 1677 tertia
339 1648 482 1677 maxima.
504 1647 580 1677 Unde
607 1647 699 1685 prima
719 1650 761 1676 est
781 1647 815 1675 ad
836 1647 949 1675 modum

104 1694 321 1729 incliizationis;
352 1694 488 1728 secunda,
517 1694 550 1723 ad
580 1694 694 1723 modum
718 1693 949 1731 yerzztflexionis;

103 1741 200 1776 tertia,
221 1741 255 1770 ad
276 1741 390 1770 modum
407 1741 628 1778 prostrationis.
651 1741 679 1769 In
701 1741 790 1778 prima
811 1749 861 1769 nos
881 1740 949 1769 snb-

104 1788 235 1822 iicimas,
257 1788 286 1817 in
317 1788 438 1817 secunda
469 1796 519 1817 nos
549 1788 718 1822 dciicimns,
741 1788 768 1816 in
797 1788 879 1816 tertia
899 1796 949 1816 nos

167 1944 175 1957 ¹
194 1945 270 1968 Matth.
292 1945 330 1973 17,
350 1944 370 1967 4.
388 1958 418 1960 -
436 1944 539 1967 Subinde
557 1945 669 1973 allegatur
686 1945 720 1967 ΡΞ.
740 1945 776 1972 -il,
794 1945 816 1967 5.
831 1957 861 1961 -—
879 1946 948 1973 Supe-

103 1984 152 2006 rius
168 1986 221 2012 post
237 1983 262 2007 in
278 1989 403 2007 ezcessvum
420 1984 436 2006 l„
446 1984 463 2006 O
481 1984 569 2006 addunt
586 1983 677 2007 mentis.

166 2021 175 2035 ²
193 2023 270 2045 Plures
287 2022 355 2045 codd.
373 2021 554 2046 mendicitatem.
572 2023 667 2045 lnserius
692 2029 734 2051 pro
752 2023 874 2046 caritatem
893 2022 948 2046 dici-

104 2067 162 2085 nam
179 2062 194 2083 S
211 2061 335 2084 caritatem
352 2061 395 2084 Dei
410 2067 540 2084 summam.

166 2099 176 2113 ³
192 2099 267 2123 Codd.
284 2100 341 2123 TZ:
358 2099 440 2123 Primo
456 2100 519 2123 sient
533 2100 609 2129 Patri,
627 2107 642 2123 a
659 2106 705 2130 qno
722 2100 823 2131 formali
838 2107 880 2131 per
897 2107 948 2131 ope-

103 2138 219 2162 rationem
235 2140 339 2162 naturae
357 2139 395 2167 (ita
413 2139 481 2161 etiam
500 2139 540 2168 N),
557 2145 573 2162 a
590 2145 635 2169 quo
652 2139 780 2169 reformati
789 2146 832 2169 per
844 2139 948 2163 collatio-

103 2183 157 2200 nem
173 2176 278 2206 waliae,
295 2183 311 2200 a
328 2183 374 2207 qao
391 2176 485 2200 educati
496 2183 542 2207 per
555 2177 765 2207 participationem
781 2177 946 2201 eucharistiae.

104 2216 287 2244 propositionem
304 2222 354 2245 seq.
370 2217 387 2239 Z
403 2217 496 2239 exhibet
512 2217 558 2239 sic:
575 2216 642 2240 Sicut
654 2217 767 2245 Domino,
781 2223 796 2240 a
814 2223 859 2247 qno
876 2216 946 2245 eruti,

103 2254 218 2284 redempti
232 2255 255 2278 et
270 2254 388 2278 conducti.
405 2255 477 2278 Eruli
493 2254 521 2278 de
536 2261 578 2278 ore
589 2255 691 2283 inimici,
704 2255 761 2285 qnia
774 2255 861 2279 bellum
879 2255 946 2283 vicit,-

103 2293 219 2323 redempte*
234 2293 261 2317 de
278 2299 373 2317 carcere
389 2293 485 2323 inferni,
502 2293 558 2323 quia
574 2294 678 2324 pretium
694 2294 779 2322 solrit‚·
797 2294 907 2318 conducti
922 2294 947 2317 in

103 2332 171 2356 vinea
186 2332 230 2356 Dei
246 2332 281 2356 rel
305 2332 330 2355 in
354 2332 437 2356 itinere
458 2332 581 2362 paradisi,
599 2333 656 2363 qnia
669 2333 808 2363 praemium
826 2333 947 2363 promisit.

104 2371 122 2393 T
140 2371 248 2394 brevius:
265 2378 280 2394 a
297 2377 343 2401 quo
360 2371 435 2399 erati,
453 2371 508 2401 quia
526 2371 613 2395 bellam
631 2372 698 2401 παῖ,-
715 2379 730 2396 a
755 2378 801 2402 quo
818 2372 945 2402 redempti,

104 2409 160 2440 quia
172 2409 278 2440 pretium
295 2409 379 2438 soleii,
395 2417 410 2433 a
428 2416 474 2440 quo
491 2410 581 2438 allecti,
602 2411 659 2441 quia
673 2411 811 2441 praemimn
826 2411 945 2442 promisit.

103 2449 146 2472 Pro
158 2448 222 2472 eruti
232 2450 250 2471 R
262 2449 345 2478 empti,
358 2455 401 2477 pro
413 2449 440 2472 cle
452 2456 492 2472 ore
505 2449 595 2473 inimici
605 2451 612 2473 l
624 2450 654 2472 de
665 2456 740 2473 mana
753 2450 848 2484 inimici,
861 2454 883 2473 et
896 2454 947 2479 post

103 2487 128 2511 in
144 2487 236 2511 cineam
250 2487 345 2511 Domini
361 2489 431 2510 ELM
442 2489 536 2511 NPSU
553 2489 641 2511 addunt
658 2489 694 2512 vel
710 2489 739 2519 [L
757 2490 840 2512 omittit
860 2490 904 2518 rel]
923 2490 947 2513 in

104 2526 185 2550 itinere
195 2526 318 2556 paradisi,
331 2527 381 2549 Vat.
394 2534 447 2550 cum
459 2528 574 2550 nonnullis
585 2528 653 2550 codd.
663 2534 709 2557 pro
721 2534 819 2552 munere
829 2528 945 2558 paradisi.

166 2565 175 2578 ³
191 2565 265 2588 Codd.
283 2567 299 2588 E
308 2567 326 2588 G
337 2567 342 2588 l
353 2566 368 2588 L
379 2567 398 2588 M
408 2567 423 2588 P
433 2567 450 2589 U
461 2567 476 2588 Z
494 2568 640 2596 con-spectus.

166 2604 175 2617 ⁵
192 2604 266 2627 Codd.
282 2605 345 2627 BlV
362 2604 473 2628 minores.
499 2605 601 2628 Subinde
618 2612 661 2634 pro
685 2606 766 2629 nullos
784 2607 804 2629 V
823 2606 946 2635 minimos,

103 2644 121 2665 B
137 2643 247 2667 minimos
263 2650 305 2667 seu
329 2644 420 2673 nullos,
439 2645 513 2667 DllT
530 2645 615 2668 malos.
638 2645 682 2668 Cl‘r.
706 2646 823 2673 Bernard.‚
845 2646 875 2668 de
896 2647 947 2669 Dili-

104 2683 179 2711 gendo
197 2684 256 2710 Deo,
273 2689 294 2706 e.
312 2684 349 2706 lO.
365 2690 389 2706 n.
406 2684 447 2706 27:
467 2684 500 2706 Te
524 2684 586 2706 enim
612 2685 715 2713 quodam
739 2685 810 2708 modo
835 2685 945 2713 perdere,

105 2724 212 2750 tanquam
229 2722 270 2751 qui
287 2728 333 2745 non
350 2723 394 2750 sis,
411 2725 433 2745 et
450 2723 544 2745 omnino
561 2729 606 2745 non
621 2723 704 2746 sentire
722 2726 743 2746 te
761 2724 837 2752 ipsum
855 2727 877 2746 et
894 2730 906 2746 a
924 2727 946 2746 tc

104 2760 154 2788 ipso
165 2761 274 2783 exinaniri
286 2763 308 2784 et
319 2767 378 2789 pene
390 2761 514 2790 annullari,
530 2762 634 2785 caelestis
645 2765 679 2785 est
690 2762 882 2790 conversationis,
900 2769 946 2785 non

104 2800 218 2822 humanae
235 2800 367 2823 affectionis.

165 2837 175 2851 ⁶
192 2839 269 2862 Plures
286 2839 356 2862 codd.
371 2839 500 2863 exsotrere.
512 2841 555 2862 Pro
570 2839 716 2869 z'mliqnttatis
728 2840 780 2863 Vnt.
793 2840 945 2870 infirmitatis.

165 2877 175 2892 ⁷
191 2877 248 2901 Cod.
269 2878 285 2900 Z
306 2878 382 2901 addit:
404 2878 460 2908 quia
482 2878 544 2902 dedit
569 2878 639 2906 talia,
667 2878 754 2902 scilicet
779 2879 868 2903 Filium
893 2886 946 2910 pro-

104 2915 184 2944 priam
200 2917 223 2939 et
238 2915 357 2945 Spiritum
373 2917 499 2945 snnctum;
516 2916 572 2946 quia
589 2916 652 2940 dedit
668 2917 761 2945 treticus,
781 2918 870 2942 scilicet
889 2918 945 2949 filiis

104 2953 155 2976 irae
171 2955 192 2977 et
208 2953 326 2983 inimicis,·
343 2954 400 2984 qnia
417 2954 478 2978 dedit
494 2955 586 2984 taliter,
606 2955 694 2979 scilicet
718 2956 741 2979 in
760 2956 866 2986 pretium
883 2958 904 2981 et
921 2957 945 2980 in

101 2991 190 3021 piqnus
207 2994 229 3016 et
244 2992 329 3021 yrcztis.

197 3038 222 3063 S.
232 3039 319 3063 Honav.
337 3052 368 3056 —
386 3041 452 3063 Tom.
465 3041 519 3063 Vlll.

1010 295 1175 324 abiicimas.
1197 296 1226 324 In
1247 295 1338 333 prima
1357 303 1481 332 par-003,
1503 295 1531 324 in
1554 295 1674 324 secunda
1688 295 1825 325 minimos
1836 296 1857 330 ⁵,

1009 342 1037 370 in
1059 342 1140 371 tertia
1160 342 1256 371 nullos
1277 350 1327 371 nos
1348 345 1520 379 reputamus.

1089 390 1115 416 7.
1137 388 1370 417 Benevolentiam
1391 391 1485 418 autem
1506 388 1589 418 simili
1621 388 1703 417 modo
1723 388 1856 418 debemus

1885 398 1974 419 Dilatatio

1869 422 1931 440 cordis
1940 423 1964 441 acl
1973 424 2006 442 be-

1008 434 1065 463 Deo
1087 435 1235 471 tripliciter
1264 435 1400 464 exhibere
1411 435 1432 469 θ,
1454 435 1558 464 scilicet
1581 443 1741 473 magnam,
1762 435 1855 464 maio-
1869 446 1993 473 „gamanam

1008 489 1084 515 rem,
1107 481 1288 510 nutri-mam:
1310 490 1470 519 maqnam,
1492 482 1710 511 consideratione
1725 482 1853 520 indiyni-
1866 469 2003 512 isiss’ssiftffifb

1009 528 1079 556 tatis
1099 532 1230 562 nostram
1251 529 1411 563 maiorem,
1434 529 1652 558 consideratione
1673 529 1854 566 maynitztdz'-

1009 573 1055 601 nis
1074 574 1209 610 qratiam
1224 575 1403 609 maximam,
1418 575 1636 604 consideratione
1651 575 1855 604 immensitatis

1007 628 1080 648 snite
1091 620 1338 649 misericordiaffl.
1352 621 1399 650 Vel
1411 630 1537 658 magnam
1549 630 1600 659 pro
1611 622 1784 656 commissis,
1797 630 1855 650 ma-

1007 666 1094 695 iorem
1117 675 1168 703 pro
1193 667 1342 702 dimissis,
1364 668 1515 697 maximam
1543 677 1594 705 pro
1616 668 1782 705 promissis.
1805 669 1853 697 Vel

1008 721 1134 750 magnam
1167 722 1218 750 pro
1249 714 1461 751 complementis
1482 718 1627 749 nectarae,
1649 715 1781 744 maiorem
1803 723 1854 752 pro

1007 759 1187 788 indumentis
1206 761 1339 798 9ratiae,
1361 761 1511 790 maximam
1533 770 1584 798 pro
1607 762 1691 790 donis·
1715 761 1852 799 superab-

1007 806 1178 835 undantiae.
1201 807 1229 835 In
1251 807 1341 844 prima
1362 816 1409 836 cor
1431 807 1576 836 dilatatur
1600 808 1658 837 sive
1683 809 1853 843 extenditur,

1006 852 1034 881 in
1056 853 1177 882 secunda
1197 854 1348 890 aperitur,
1364 854 1391 882 in
1408 854 1488 883 tertia
1502 853 1678 892 effmzditur,
1701 855 1854 884 secundum

1007 899 1076 928 illud
1096 900 1272 929 Threnorum
1294 900 1453 929 secundoss:
1481 901 1603 939 Effnnde
1633 902 1711 931 sicat
1742 910 1854 940 aquam

1007 955 1058 975 cor
1079 950 1172 975 taam.

1086 994 1112 1022 8.
1137 993 1382 1031 Complacentiam
1414 1002 1480 1023 vero
1506 995 1639 1024 debemus
1670 996 1727 1024 Deo
1748 995 1849 1032 triplici
1866 1005 2002 1024 nex-anona:-

1870 1028 1899 1046 dis
1911 1028 1935 1047 ad
1951 1033 2000 1047 eom-

1006 1040 1087 1069 modo
1108 1041 1268 1070 exsolvere:
1291 1041 1395 1078 primo,
1411 1044 1442 1070 ut
1463 1041 1501 1071 sic
1522 1045 1666 1079 coaptetur
1681 1042 1852 1079 complacen-
1873 1051 1985 1074 manentiam

1863 1075 1887 1092 tri
1901 1075 1963 1093 liciter
1970 1080 2000 1094 ex-

1007 1087 1044 1116 tia
1074 1090 1170 1116 nostra
1200 1087 1234 1116 ad
1265 1088 1369 1122 Deum,
1400 1091 1432 1117 ut
1460 1088 1612 1126 unicuique
1633 1089 1754 1126 placeat,
1777 1089 1850 1126 quod
1868 1098 1976 1117 nen-iam.

1007 1134 1082 1163 solus
1103 1134 1177 1163 Deus
1207 1134 1313 1170 placeat
1338 1135 1405 1168 sibi;
1435 1135 1571 1170 secundo,
1594 1138 1625 1164 ut
1653 1136 1706 1164 boc
1727 1136 1849 1172 placeat,

1007 1180 1081 1218 quod
1112 1180 1170 1217 ipse
1201 1181 1308 1218 placeat
1329 1181 1377 1210 soli
1399 1182 1471 1215 Deo;
1494 1182 1587 1216 tertio,
1609 1185 1641 1211 ut
1672 1182 1778 1219 placeat
1809 1183 1850 1217 ei,

1007 1227 1081 1264 quod
1097 1227 1123 1256 in
1139 1228 1190 1256 hac
1205 1228 1402 1265 complacentia
1416 1229 1620 1258 communicent
1634 1229 1718 1258 ceteri
1727 1229 1746 1257 ⁰.
1763 1229 1853 1258 Prima

1007 1277 1049 1303 est
1066 1282 1189 1311 nictgyna,
1203 1275 1324 1303 secunda
1338 1275 1449 1309 maior,
1465 1275 1546 1304 tertia
1560 1275 1702 1304 maxima.
1719 1276 1747 1304 ln
1762 1276 1853 1312 prima

1007 1324 1049 1349 est
1069 1329 1156 1349 amor
1175 1321 1343 1357 yrcttztitzcs,
1366 1321 1393 1349 in
1415 1322 1535 1350 secunda
1557 1330 1644 1351 amor
1671 1322 1802 1356 (teatina,
1825 1322 1852 1351 in

1008 1366 1089 1396 tertia
1110 1375 1196 1395 amor
1215 1376 1250 1396 ex
1271 1371 1393 1406 utroque
1410 1368 1577 1405 permixtas
1587 1369 1617 1396 ¹⁰.
1634 1369 1662 1397 In
1678 1369 1767 1405 prima
1788 1376 1853 1398 cru-

1007 1414 1129 1451 cifigitur
1149 1415 1280 1443 mundns
1295 1415 1412 1449 bomini,
1428 1415 1455 1444 in
1471 1415 1591 1444 secunda
1605 1414 1689 1444 homo
1703 1416 1807 1444 mundo
1820 1417 1852 1450 ¹¹,

1007 1460 1034 1489 in
1056 1461 1138 1489 tertia
1158 1461 1332 1498 crucifigitur
1347 1461 1430 1490 ltomo
1442 1470 1498 1498 pro
1513 1462 1637 1496 mztndo,
1653 1465 1684 1491 ut
1698 1470 1750 1499 pro
1765 1462 1853 1491 omni-

1006 1507 1059 1536 bus
1080 1507 1146 1536 velit
1166 1507 1253 1542 mori,
1275 1511 1306 1536 ut
1334 1511 1360 1537 et
1388 1509 1439 1545 ipsi
1461 1508 1586 1545 placeant
1607 1509 1671 1538 Deo.
1695 1524 1732 1529 —
1754 1509 1785 1538 Et
1807 1509 1852 1538 bic

1006 1557 1047 1583 est
1068 1557 1157 1583 status
1178 1557 1204 1583 et
1225 1554 1327 1591 gradus
1358 1555 1496 1592 perfectae
1527 1555 1665 1592 caritatis,
1687 1559 1750 1584 ante
1772 1556 1852 1585 cuius

1006 1601 1206 1629 assecutionem
1238 1609 1318 1630 nemo
1346 1601 1426 1630 debet
1458 1609 1487 1630 se
1517 1602 1663 1631 aestimare
1688 1602 1850 1639 perfectum.

1006 1648 1082 1676 Tunc
1103 1651 1197 1676 autem
1220 1648 1290 1676 hanc
1322 1648 1517 1685 perfectionem
1547 1648 1719 1685 assequitur,
1741 1648 1852 1685 quando

1006 1701 1054 1722 cor
1073 1702 1183 1731 semper
1197 1694 1302 1723 invenit
1316 1703 1371 1723 non
1387 1695 1476 1723 solum
1492 1694 1690 1729 voluntarium,
1706 1695 1754 1724 sed
1768 1695 1851 1724 etiam

1005 1741 1194 1770 avidissimum
1215 1741 1249 1769 ad
1271 1741 1444 1770 morlendum
1466 1749 1517 1778 pro
1538 1741 1627 1770 salute
1641 1741 1850 1778 proximorum,

1871 1516 1986 1536 Notandum.

1006 1787 1158 1816 secuudum
1180 1787 1254 1824 quod
1276 1788 1377 1816 Paulus
1389 1788 1411 1804 ¹2
1431 1787 1553 1816 dicebat:
1577 1789 1636 1825 Epo
1668 1784 1869 1817 libentissime

1068 1943 1077 1957 ³
1095 1945 1160 1967 Vers,
1183 1945 1216 1967 19.
1233 1945 1276 1967 Pro
1293 1944 1394 1967 secunda
1412 1944 1522 1972 allegatur
1534 1951 1546 1967 a
1560 1945 1611 1967 Vat.
1624 1951 1677 1967 cum
1690 1945 1771 1972 paucis
1782 1945 1851 1967 codd.

1005 1983 1070 2006 Cant.
1088 1984 1109 2010 5,
1127 1984 1152 2005 2:
1169 1982 1244 2012 Aperi
1259 1982 1324 2011 milii,
1342 1989 1411 2005 soror
1424 1989 1483 2005 mea.
1501 1996 1530 1999 —
1550 1983 1661 2011 Superius
1678 1990 1720 2011 pro
1737 1983 1850 2013 superab-

1006 2021 1135 2045 undantiae
1153 2023 1203 2044 Vat.
1220 2021 1438 2051 supereroyantiae,
1456 2022 1471 2044 F
1488 2022 1720 2051 supet-eaecellentiae.

1067 2059 1076 2073 ⁹
1093 2061 1208 2083 Gillebert.
1225 2060 1311 2087 abbat,
1329 2062 1403 2083 Serm.
1426 2061 1459 2083 19.
1486 2061 1509 2083 in
1534 2061 1598 2083 Cant.
1616 2061 1682 2089 (inter
1707 2067 1778 2089 opera
1799 2062 1850 2084 Ber-

1004 2101 1079 2129 nardi)
1096 2107 1119 2122 n.
1137 2101 1163 2122 2:
1181 2100 1285 2129 Denique
1302 2100 1325 2123 id
1342 2101 1416 2122 solum
1435 2099 1523 2123 habetis
1540 2101 1562 2123 in
1581 2100 1653 2128 votis,
1673 2103 1696 2123 ut
1714 2100 1781 2123 vobis
1793 2107 1850 2123 sem-

1004 2145 1046 2166 per
1063 2139 1162 2166 amplius
1179 2139 1268 2167 placeat
1285 2138 1379 2168 [lesus].
1393 2139 1508 2167 Quantum
1527 2139 1613 2167 placet,
1630 2139 1671 2168 qui
1688 2139 1742 2162 satis
1758 2139 1850 2167 placere

1003 2183 1049 2200 non
1066 2179 1156 2205 potest?
1174 2178 1237 2200 Nulla
1256 2178 1330 2206 inagis
1346 2184 1389 2200 vos
1406 2178 1494 2200 ratione
1511 2178 1602 2206 placere
1619 2178 1726 2206 potestis,
1742 2184 1813 2207 quam
1831 2179 1850 2200 si

1004 2216 1071 2239 vobis
1088 2217 1176 2244 placeat
1188 2217 1237 2244 ipse
1249 2220 1292 2239 etc.
1305 2216 1360 2239 lbitl.
1373 2223 1397 2238 n.
1418 2217 1435 2239 ί.
1448 2217 1588 2245 ostenditur,
1605 2217 1669 2246 quod
1681 2217 1764 2239 caritas
1776 2217 1849 2245 priva-

1004 2258 1052 2278 tum
1070 2261 1116 2277 non
1133 2255 1229 2283 cogitat,
1246 2255 1288 2278 sed
1305 2255 1422 2278 communi
1440 2255 1517 2283 hono,
1535 2255 1557 2278 id
1574 2258 1615 2283 est,
1632 2256 1651 2278 si
1668 2256 1737 2278 etiam
1755 2256 1792 2278 alii
1817 2256 1849 2278 di-

1004 2295 1056 2316 vina
1074 2294 1185 2317 beneficia
1203 2295 1327 2322 recipiunt,
1353 2295 1458 2317 laetatur.
1475 2307 1505 2310 —-
1524 2295 1634 2322 Superius
1660 2300 1702 2322 pro
1728 2295 1850 2324 coaptetur

1003 2339 1048 2355 non
1066 2333 1135 2361 pauci
1151 2333 1220 2356 codd.
1238 2334 1380 2362 acceptetur.

1067 2371 1086 2384 ¹⁰
1102 2372 1208 2395 Richard.
1227 2372 1256 2395 de
1272 2372 1293 2394 S.
1306 2372 1373 2399 Vict.,
1391 2372 1418 2394 V.
1436 2372 1465 2394 de
1482 2372 1545 2395 Trin.
1562 2378 1583 2394 c.
1601 2372 1642 2394 46:
1655 2371 1747 2395 Constat
1764 2374 1849 2399 autem,

1003 2411 1058 2440 qnia
1075 2418 1145 2434 verus
1162 2418 1227 2434 amor
1244 2414 1320 2439 potest
1336 2417 1386 2434 osse
1404 2414 1443 2433 aut
1467 2412 1542 2434 solum
1565 2410 1700 2440 qratuitus,
1717 2414 1756 2434 aut
1772 2412 1847 2434 solum

1003 2449 1105 2478 detritus,
1123 2453 1162 2472 aut
1179 2456 1204 2473 ex
1224 2451 1324 2479 utroque
1339 2449 1489 2479 permixtus,
1508 2450 1530 2472 id
1552 2452 1585 2472 est
1606 2456 1632 2472 ex
1657 2456 1702 2472 uno
1719 2449 1811 2472 debitus
1827 2453 1849 2472 et

1003 2495 1029 2511 ox
1046 2489 1089 2511 alio
1107 2489 1228 2516 gratuitus.
1245 2489 1316 2511 Amor
1332 2488 1453 2518 yrrtlttitns
1471 2491 1517 2515 est,
1535 2488 1628 2517 quando
1646 2489 1698 2517 quis
1715 2489 1749 2516 ei,
1766 2495 1779 2511 a
1801 2495 1848 2518 quo

1003 2528 1058 2550 nihil
1076 2528 1179 2550 muneris
1196 2528 1291 2555 accipit,
1312 2531 1428 2555 gratanter
1453 2527 1571 2556 impendit.
1597 2528 1667 2550 Amor
1692 2527 1781 2551 debitus
1803 2531 1848 2556 est,

1003 2567 1096 2596 quando
1113 2567 1166 2595 quis
1183 2567 1211 2595 ei,
1228 2573 1240 2588 a
1258 2573 1305 2596 quo
1323 2567 1394 2594 gratis
1411 2566 1504 2594 accipit,
1522 2567 1576 2588 nihil
1595 2566 1636 2589 nisi
1654 2573 1758 2589 amorem
1770 2573 1849 2595 repen-

1003 2606 1044 2629 dit.
1060 2606 1132 2628 Amor
1155 2612 1181 2628 ex
1198 2607 1300 2635 utroque
1315 2605 1451 2635 permittas
1476 2609 1517 2633 est,
1540 2605 1579 2634 qui
1603 2606 1730 2628 alternatim
1748 2606 1848 2628 amando

1003 2648 1025 2667 et
1042 2646 1113 2673 gratis
1130 2645 1212 2673 accipit
1230 2648 1252 2667 et
1269 2645 1340 2672 gratis
1352 2644 1470 2672 impendit.
1488 2644 1533 2667 Clr.
1546 2647 1601 2667 tom.
1613 2644 1627 2667 l.
1646 2651 1699 2672 pag.
1712 2644 1749 2671 57,
1761 2647 1813 2667 nota
1826 2645 1848 2667 7.

1003 2687 1025 2707 ct
1041 2690 1095 2712 pag.
1118 2684 1170 2711 199,
1190 2686 1242 2706 nota
1267 2684 1284 2706 t.
1304 2684 1362 2706 Vide
1380 2684 1448 2706 etiam
1467 2684 1585 2710 bernard„
1604 2683 1633 2706 de
1651 2683 1771 2712 Diligcndo
1792 2684 1847 2712 Deo,

1002 2730 1023 2746 c.
1041 2724 1062 2746 6.
1080 2729 1102 2745 n.
1125 2723 1163 2750 163
1180 2729 1200 2745 c.
1218 2724 1240 2745 9.
1260 2729 1283 2745 n.
1300 2723 1338 2745 26.
1355 2725 1377 2745 ct
1394 2728 1412 2745 c.
1432 2723 1469 2744 12.
1486 2728 1509 2744 n.
1527 2722 1564 2745 34.
1582 2729 1648 2751 seqq.

1066 2761 1084 2775 ¹¹
1102 2763 1149 2785 Gal.
1159 2763 1181 2790 6,
1195 2762 1233 2784 it:
1245 2762 1287 2784 Per
1296 2768 1366 2790 quom
1380 2761 1464 2791 [lesum
1476 2761 1602 2791 Christum]
1615 2761 1670 2784 mihi
1683 2762 1785 2785 mundus
1797 2768 1848 2784 cru-

1002 2802 1082 2824 cifixus
1098 2804 1143 2828 est,
1161 2804 1183 2824 et
1200 2807 1244 2830 ego
1261 2801 1357 2824 mundo.

1064 2840 1084 2853 ¹²
1102 2841 1172 2868 Epist.
1191 2841 1216 2863 11.
1240 2840 1292 2863 Cor.
1313 2841 1346 2869 12,
1375 2841 1409 2863 15.
1427 2853 1456 2856 —
1474 2841 1585 2869 Superius
1609 2847 1652 2869 pro
1678 2841 1744 2863 Tunc
1768 2841 1846 2863 autem

1002 2879 1064 2902 hunc
1078 2879 1244 2909 perfectionem
1262 2878 1325 2909 [Vat.
1351 2879 1415 2901 addit
1439 2878 1521 2909 homo]
1539 2880 1558 2902 l(
1569 2880 1586 2902 R
1607 2880 1671 2903 Tunc
1697 2878 1759 2902 enim
1777 2879 1846 2902 Immo

999 2918 1175 2948 perfectionem,
1188 2922 1210 2940 et
1224 2917 1323 2941 subinde
1340 2924 1382 2946 pro
1400 2924 1441 2941 cor
1458 2924 1550 2948 semper·
1567 2917 1656 2942 invenit
1672 2924 1725 2941 cum
1743 2918 1793 2940 Vnt.
1806 2923 1847 2941 cor

1001 2963 1073 2980 snum
1091 2957 1186 2980 invenit.
1203 2957 1246 2979 Pro
1263 2956 1395 2980 secundam
1411 2956 1475 2986 quod
1491 2956 1583 2980 Paulus
1599 2957 1643 2980 LO
1661 2956 1699 2980 Ad
1715 2956 1776 2980 lianc
1793 2962 1846 2985 per-

1001 2996 1065 3019 venit
1082 2996 1108 3025 (O
1126 2997 1274 3025 pervenerat)
1293 2995 1373 3019 beatas
1391 2995 1494 3024 Paulus,
1513 2995 1615 3026 quando.

1737 3043 1750 3064 2
