2133 3317
120 430 149 449 De
162 430 251 449 secunda.

147 711 175 729 De
188 710 249 729 tertia.

121 1189 181 1217 Ipsius
192 1196 256 1210 neces—

163 1217 215 1233 snas.

121 1661 196 1688 Duplex
205 1662 255 1680 infir-

133 1687 198 1708 milas,
217 1686 255 1709 pri-

133 1714 163 1727 ma
179 1710 207 1728 est
223 1709 255 1728 tri-

133 1732 183 1756 plex.

122 2132 219 2155 Quomodo
226 2132 255 2151 his

140 2156 164 2174 sit
176 2156 242 2174 subve-

141 2179 238 2198 mendum.

121 2602 252 2622 Confirmatur.

267 201 321 230 136

267 278 423 317 apparebit
448 278 545 312 vobis,
574 277 716 316 quoniam
744 277 890 305 indiciam
917 276 1114 305 durissimam

268 325 313 355 liis
335 326 387 364 qai
405 328 565 363 praesunt,
586 324 633 361 fiet
654 326 705 352 etc.

347 372 487 406 Secundo,
519 371 593 408 quod
625 370 725 398 omnia
753 373 876 407 peccata
910 369 1095 398 subditorum
1109 392 1116 404 ,

269 428 341 457 quae
361 421 469 456 poterat
490 421 517 447 et
544 417 679 446 debuerat
700 417 857 445 correxisse
878 420 905 445 et
926 417 1116 453 praecavisse,

268 467 456 503 imputantur
476 465 503 493 ei
509 475 519 498 ;
541 464 690 493 Ezechielis
705 463 848 500 trigesimo
871 463 984 492 tertio¹:
1007 464 1040 492 Si
1058 473 1117 492 non

267 512 364 551 fueris
385 513 516 546 locutas,
538 515 571 540 at
584 511 730 540 eastocliat
750 519 780 539 se
801 511 912 548 impius
933 520 953 539 a
973 520 1031 539 saa
1051 511 1115 546 via,

267 561 327 597 ipse
348 560 379 588 in
400 560 545 596 impietate
565 567 624 587 saa
639 559 800 592 morietar‚·
820 559 997 596 sanquinem
1018 562 1117 587 autem

267 607 329 635 eius
350 607 384 635 cle
404 614 498 635 mana
520 608 572 634 tua
593 605 756 643 requiram.

346 653 450 687 Tertio,
470 661 522 690 pro
543 652 683 681 abusione
698 651 818 681 lionoris
843 656 869 681 et
885 653 1037 690 potestatis
1061 652 1118 681 sibi

267 700 401 734 collatae,
423 708 507 737 quam
529 699 563 728 ad
585 699 726 736 propriam
748 699 863 736 gloriam
886 702 914 728 et
941 699 1116 728 commodum

267 747 379 776 retorsit
400 749 427 775 et
448 754 502 775 non
525 746 558 775 ad
580 746 654 783 quod
676 746 739 774 data
763 749 805 775 est
825 746 869 780 ei3
891 746 1019 775 Matthaei
1042 746 1116 783 vige-

712 198 908 227 OPUSCULUM
930 198 994 226 VIII.
1016 198 1060 226 DE
1082 198 1144 227 SEX
1165 198 1235 226 ALIS
1256 198 1424 227 SERAPHIM.
1446 198 1514 227 CAP.
1537 199 1577 227 III.

1172 276 1242 304 simo
1262 276 1398 313 quint02:
1428 276 1524 305 Tollite
1545 276 1582 305 ab
1607 285 1637 306 eo
1663 277 1803 306 talentum
1834 282 1860 306 et
1890 278 2022 307 inutilem

1171 331 1291 351 servam
1305 323 1397 352 eiieite
1418 323 1449 352 in
1465 323 1598 352 tenebras
1618 324 1789 359 exteriores,
1808 324 1849 354 ibi
1862 325 1917 353 erit
1937 324 2022 362 fletus

1172 372 1197 397 et
1217 370 1330 398 striclor
1351 370 1490 399 dentiam.

1254 418 1298 445 17.
1320 417 1452 446 Ostendat
1473 425 1539 454 ergo
1556 418 1647 447 bonus
1665 419 1781 453 zelator,
1803 422 1940 456 quantum
1961 419 2022 448 dili-

1173 467 1219 501 gat
1239 464 1344 498 Deum,
1367 465 1395 493 in
1417 472 1449 493 eo
1464 465 1538 501 quod
1559 465 1764 502 beneplacitum
1779 466 1839 495 eius
1860 467 1887 495 in
1910 475 1939 495 se
1953 470 1980 495 et
1994 467 2022 495 in

1173 511 1233 539 aliis
1254 514 1415 548 promoveat
1436 519 1487 540 nec
1508 511 1542 540 ab
1564 512 1616 541 hoc
1638 513 1696 541 zelo
1716 513 1859 542 mollescat
1880 521 1930 550 per
1951 513 2022 542 desi—

1173 558 1246 586 diam
1269 558 1340 587 nec3
1361 558 1454 587 labore
1469 558 1587 587 lassetur
1609 566 1660 588 nec
1681 560 1801 589 consiliis
1822 560 1951 589 flectatur
1972 568 2023 590 nec

1173 604 1282 633 astutiis
1303 605 1539 634 circumveniatur
1561 613 1612 634 uec
1639 606 1759 634 amicitia
1780 614 1831 635 nec
1852 607 2023 636 blandimen-

1174 652 1208 681 tis
1229 651 1378 680 deliniatur
1400 660 1450 681 nec
1472 653 1554 682 minis
1575 655 1716 682 terreatur
1737 661 1788 682 nec
1802 662 1852 691 per
1873 654 2023 683 diuturnae

1173 706 1275 736 pravae
1296 699 1505 728 consuetudinis
1526 700 1772 737 praescriptionem
1793 700 1936 738 desperet,
1956 701 2024 738 quin

1174 754 1257 775 suum
1278 746 1401 775 officium
1424 750 1605 784 exsequatur.

2039 426 2123 450 Admoni.

1037 881 1198 914 merufflii
1217 882 1256 909 III.

756 1006 795 1034 De
815 1005 945 1034 secanda
967 1004 1017 1033 ala
1035 1005 1256 1042 praelatorum,
1278 1013 1354 1043 qaae
1374 1008 1416 1034 est
1432 1005 1536 1042 pietas.

349 1132 372 1159 t.
389 1130 515 1159 Secunda
528 1130 571 1158 ala
585 1129 671 1158 huius
689 1129 864 1158 ecclesiastici
885 1129 990 1166 Seraph
1005 1131 1047 1158 est
1058 1128 1118 1166 pie-

269 1181 314 1207 tas
329 1178 386 1207 sive
400 1177 523 1206 fraterna
538 1177 700 1214 compassio,
715 1180 756 1211 ut,
782 1177 854 1205 sicut
868 1184 932 1205 eum
958 1176 1059 1205 caritas
1071 1176 1117 1204 Dei

268 1225 301 1254 ad
323 1225 413 1253 zelum
435 1224 556 1253 iustitiae
571 1224 740 1258 inflammat,
762 1224 799 1252 ita
818 1223 941 1252 fraterna
961 1223 1070 1252 dilectio
1085 1223 1118 1252 ad

267 1272 395 1309 pietatem
418 1271 554 1300 informet.
578 1271 643 1299 Nam
666 1271 716 1299 etsi
738 1271 818 1299 vitiis
838 1270 956 1299 debetur
978 1270 1056 1307 virga
1080 1270 1118 1299 fe-

268 1319 358 1353 riens,
373 1319 419 1347 sed
435 1318 606 1355 infirmitati
626 1318 800 1347 necessarius
814 1321 855 1346 est
876 1317 994 1346 baculus
1009 1320 1118 1346 susten-

267 1370 343 1400 tans;
366 1366 528 1395 Psalmus4:
550 1366 641 1403 Virya
664 1369 717 1393 tna
731 1369 755 1393 et
777 1365 901 1393 baculas
916 1368 985 1393 tuas
1004 1367 1069 1399 etc,
1092 1367 1119 1393 et

267 1413 373 1450 primae
394 1413 427 1441 ad
449 1413 606 1441 Corinthios
626 1415 744 1449 quarto:
768 1412 802 1440 ln
824 1412 912 1449 virya
934 1412 1049 1440 veniam
1079 1411 1120 1440 ad

267 1469 331 1494 vos,
354 1468 394 1488 an
415 1460 446 1488 in
461 1459 584 1488 caritate
598 1463 623 1487 et
636 1459 746 1496 spirita
761 1458 1019 1487 mansuetudinis?
1035 1458 1077 1487 Sic
1092 1461 1119 1487 et

266 1507 312 1535 ille
329 1506 542 1535 Samaritanus
556 1505 721 1534 vulneribus
736 1505 809 1534 illius
831 1505 954 1534 semivivi
974 1505 1061 1534 relicti
1078 1506 1119 1534 in-

266 1554 337 1583 fudit
351 1554 447 1583 vinum
463 1554 511 1582 zeli
534 1553 666 1582 ferventis
680 1556 708 1581 et
722 1553 813 1581 oleum
835 1553 945 1590 pietatis
959 1553 1117 1590 mitigantis.

347 1602 372 1630 Ξ.
395 1601 451 1629 Alia
466 1603 508 1629 est
528 1603 621 1629 autem
636 1600 783 1628 infirmitas
805 1601 952 1637 emporis,
974 1600 1026 1628 alia
1040 1609 1118 1628 men-

268 1648 319 1682 tis,
334 1652 361 1677 et
375 1651 497 1685 utraque
512 1647 614 1684 indiget
629 1647 826 1684 compassione.
840 1664 878 1667 —
893 1647 1041 1676 infirmitas
1056 1656 1119 1676 eor-

268 1696 350 1733 poris
371 1696 474 1732 triplex
496 1698 545 1724 est.
569 1695 651 1723 Primi
667 1698 732 1723 sunt
754 1694 856 1723 infirmi
879 1695 1077 1723 decumbentes
1091 1695 1119 1723 in

269 1743 390 1777 lectulis,
411 1743 455 1772 vel
476 1743 503 1771 in
524 1742 614 1771 acutis
634 1742 678 1771 vel
700 1742 727 1770 in
742 1742 803 1771 aliis
824 1742 1035 1771 infirmitatibus
1056 1750 1119 1779 gra-

270 1790 349 1819 vibus
371 1790 536 1818 laborantes.
552 1789 600 1818 Alii
617 1792 683 1818 sunt
703 1789 806 1817 infirmi
822 1797 872 1826 per
886 1789 1057 1818 domicilium
1075 1789 1118 1818 vel

267 1837 349 1866 etiam
372 1845 421 1873 per
435 1839 539 1865 terram
561 1836 728 1874 quandoque
743 1836 965 1870 deambulantes,
985 1839 1012 1865 et
1027 1839 1118 1865 tamen

267 1891 349 1921 saepe
370 1883 502 1921 gravibus
523 1883 667 1912 doloribus
696 1883 806 1918 afflicti,
835 1886 867 1912 ut
889 1884 1035 1918 calculosi,
1056 1884 1119 1912 infi-

267 1931 377 1965 stuIati,
399 1931 545 1968 ponderosi
565 1933 593 1959 et
613 1931 724 1959 similes.
745 1931 829 1960 Tertii
845 1931 1056 1960 determinatam
1078 1931 1119 1959 in-

267 1978 426 2007 firmitatem
448 1986 503 2007 non
525 1978 673 2012 habentes,
695 1978 742 2006 sed
764 1981 856 2007 tamen
878 1986 995 2015 corpore
1015 1978 1119 2007 debiles

267 2028 294 2054 et
315 2025 422 2054 viribus
451 2025 598 2059 exhausti,
621 2028 652 2053 ut
681 2033 761 2054 senes
782 2028 809 2054 et
836 2025 980 2054 laboribus
1001 2026 1116 2054 confecti

268 2073 311 2101 vel
332 2072 452 2101 naturali
474 2072 635 2101 infirmitate
650 2072 791 2109 depressi,
814 2072 860 2101 sed
882 2072 1049 2109 quandoque
1074 2081 1118 2102 ac-

268 2119 395 2148 cidentali
416 2120 549 2156 languore
563 2119 597 2147 ad
612 2122 722 2156 teinpus
736 2119 831 2148 attriti.
847 2136 886 2140 —
901 2120 946 2148 His
961 2123 1002 2148 est
1016 2120 1118 2156 triplici

269 2167 370 2204 pietate
398 2166 634 2201 subveniendum,
664 2167 767 2195 scilicet
792 2166 922 2195 remediis
950 2166 1118 2195 medicinali-

268 2214 337 2248 bus,
360 2214 381 2242 si
404 2221 526 2250 congrue
546 2216 636 2250 potest
657 2213 733 2247 fieri;
749 2214 831 2248 item,
852 2213 1024 2242 relaxatione
1045 2214 1118 2251 rigo-

267 2262 306 2290 ris
327 2261 355 2289 in
381 2261 473 2295 victu,
502 2261 620 2295 vestitu,
643 2261 742 2298 vigiliis
771 2264 798 2289 et
825 2261 1006 2295 huiusmodi;
1035 2261 1116 2295 item,

267 2308 443 2345 exemptione
461 2308 564 2337 laboris
579 2308 606 2336 in
627 2308 738 2342 officiis,
754 2308 886 2342 servitiis,
902 2308 1076 2337 discursibus
1091 2311 1118 2337 et

266 2356 441 2390 huiusmodi,
463 2358 547 2393 prout
568 2355 704 2392 cuiusque
731 2355 880 2384 necessitas
903 2356 1051 2392 exquirat,
1079 2356 1117 2384 ita

266 2403 340 2441 quod
362 2403 459 2440 primis
480 2403 513 2432 de
535 2403 642 2440 primo,
664 2403 792 2432 secundis
813 2403 847 2431 de
869 2403 1006 2437 secundo,
1028 2403 1117 2432 tertiis

266 2450 300 2479 de
321 2450 403 2479 tertio
430 2450 510 2479 iuxta
539 2450 714 2487 singulorum
736 2450 914 2486 Indigentiam
944 2449 1091 2486 specialius
1106 2451 1116 2467 ⁵

267 2501 458 2526 succurratur.

346 2544 372 2573 3.
389 2544 484 2573 Omnis
505 2545 663 2573 humanitas
678 2547 719 2573 est
740 2544 859 2573 infirmis
874 2546 901 2573 et
915 2544 1052 2573 debilibus
1067 2552 1116 2573 ex-

268 2590 402 2625 hibenda,
418 2591 483 2627 quia
497 2591 626 2628 flagellati
648 2593 714 2619 sunt
727 2599 743 2618 a
764 2590 895 2625 Domino;
918 2590 940 2619 si
963 2598 1048 2627 super
1064 2590 1116 2619 hoc

267 2636 301 2665 ab
319 2637 479 2666 hominibus
493 2637 673 2671 tribulantur,
689 2637 749 2674 ipsa
770 2645 868 2666 eorum
883 2637 995 2666 miseria
1016 2637 1116 2666 clamat

1176 1128 1209 1157 ad
1232 1128 1339 1157 Patrem
1362 1128 1616 1157 misericordiarum
1639 1132 1735 1158 contra
1755 1129 1817 1158 illos
1838 1129 1886 1167 qui
1908 1138 1955 1159 eos
1976 1130 2025 1159 tri-

1176 1175 1288 1210 bulant,
1311 1175 1518 1212 conquerendo;
1541 1176 1703 1205 Psalmus⁶z
1727 1177 1874 1213 Quoniam
1895 1186 1978 1215 quem
1994 1181 2026 1206 tu

1175 1223 1347 1259 percas-sisti
1372 1223 1517 1259 persecuti
1543 1226 1630 1257 sunt,
1652 1226 1676 1251 et
1703 1232 1792 1260 saper
1813 1223 1937 1253 (lotorem
1963 1224 2025 1253 val-

1176 1278 1280 1298 neram
1301 1278 1433 1298 meorum
1451 1270 1630 1298 addiderant
1651 1274 1701 1299 etc.
1718 1271 1847 1299 Infirmus
1868 1271 1956 1306 enim,
1977 1271 2026 1308 qui

1176 1316 1295 1345 afflictus
1321 1317 1430 1346 sibimet
1458 1317 1607 1346 subvenire
1628 1326 1683 1346 non
1704 1318 1792 1352 valet,
1821 1326 1854 1347 eo
1881 1318 1940 1355 ipso
1968 1327 2026 1347 am-

1176 1364 1249 1400 plius
1276 1364 1441 1399 tribulatur,
1463 1364 1529 1401 quia
1556 1365 1590 1393 ab
1615 1365 1659 1394 his
1687 1365 1791 1402 quibus
1818 1365 1948 1401 deberet,
1971 1374 2025 1395 non

1176 1411 1347 1445 consolatur,
1370 1420 1424 1440 non
1445 1420 1461 1440 a
1482 1412 1576 1441 labore
1598 1412 1755 1446 relevatur,
1777 1421 1832 1441 non
1860 1413 2026 1442 subvenitur

1176 1457 1320 1495 indigenti,
1343 1459 1492 1487 nechabet
1512 1459 1563 1488 sibi
1582 1454 1807 1496 compatientem,
1830 1460 1968 1489 Psalmus:
1990 1461 2026 1489 In

1176 1509 1327 1542 conspeetu
1350 1509 1399 1534 tito
1420 1509 1489 1534 sant
1510 1514 1624 1541 omnes,
1646 1506 1699 1544 qai
1719 1506 1862 1535 tribulant
1883 1515 1927 1535 me
1934 1517 1944 1541 ,·
1972 1507 2026 1535 im-

1173 1552 1346 1588 properium
1368 1552 1545 1589 exspectavit
1565 1561 1616 1581 eor
1636 1561 1733 1581 meam
1754 1556 1779 1581 et
1802 1553 1973 1587 miseriam,
2001 1557 2028 1582 et

1176 1599 1307 1627 sustinui
1330 1599 1383 1637 qui
1401 1599 1493 1628 simul
1512 1600 1750 1635 contristaretur,
1772 1603 1797 1629 et
1820 1609 1879 1629 non
1905 1599 1979 1638 fait,
2001 1604 2027 1630 et

1177 1647 1230 1684 qai
1257 1647 1470 1681 consolaretur,
1499 1651 1523 1675 et
1550 1656 1609 1676 non
1637 1647 1741 1676 inveni.
1765 1648 1801 1676 Et
1826 1647 1969 1676 dederant
1994 1648 2027 1677 in

1177 1702 1273 1722 eseam
1294 1702 1391 1722 meam
1411 1693 1463 1731 fel,
1479 1694 1717 1731 exprobrationis,
1739 1698 1763 1723 et
1782 1694 1813 1723 in
1826 1694 1878 1723 siti
1897 1703 1962 1723 mea
1973 1703 2026 1732 po·
2102 1706 2106 1711 ¹
2129 1710 2130 1752 1

1177 1744 1314 1769 taverunt
1326 1750 1370 1769 me
1385 1745 1474 1775 aceto,
1490 1741 1699 1779 obiurgationis.
1713 1742 1804 1770 Fiant
1817 1750 1885 1779 eryo
1900 1741 1941 1770 eis
1955 1749 2027 1779 quae
2129 1759 2130 1790 1

1177 1791 1344 1826 sequuntur.
2129 1793 2130 1800 ¹

1255 1835 1283 1864 lt.
1305 1835 1397 1864 Bonus
1418 1838 1511 1864 autem
1532 1835 1675 1872 praelatus
1695 1835 1819 1872 agnoscit
1847 1843 1876 1864 se
1906 1835 2025 1864 fratrum

1177 1890 1293 1911 suorum
1315 1885 1439 1919 patrem,
1461 1891 1516 1911 non
1538 1882 1697 1917 dominum,
1729 1885 1757 1911 et
1788 1882 1904 1911 exhibet
1930 1890 1959 1912 se
1987 1882 2026 1912 eis

1176 1930 1331 1963 medicum,
1363 1938 1419 1958 non
1450 1927 1617 1967 tyrannum,
1639 1938 1690 1959 nec
1712 1932 1824 1967 reputat
1847 1938 1894 1959 eos
1925 1933 1957 1959 ut
1984 1930 2028 1959 iu-

1176 1980 1341 2005 menta‘sua
1362 1977 1405 2006 vel
1428 1985 1523 2006 servos
1544 1977 1709 2014 emptionis,
1732 1977 1780 2006 sed
1801 1980 1833 2006 ut
1853 1977 1925 2006 filios
1946 1977 2027 2006 here·
2130 1975 2133 2003 l

1176 2024 1269 2052 ditatis
1291 2032 1430 2061 supernae
1451 2027 1609 2056 consortes,
1638 2027 1665 2053 et
1686 2024 1750 2053 facit
1772 2024 1826 2058 eis,
1848 2025 1926 2053 sieut
1947 2024 2027 2053 vellet

1175 2071 1233 2099 sibi
1251 2071 1357 2107 fierz'⁷‚
1379 2071 1401 2100 si
1424 2071 1551 2100 similiter
1572 2071 1716 2108 indigeret.
1740 2071 1792 2100 Sed
1812 2071 1898 2101 sortes
1919 2075 1946 2100 et
1967 2071 2027 2101 sani

1175 2126 1230 2146 non
1253 2118 1392 2152 sentiunt,
1416 2118 1569 2147 secundum
1591 2118 1665 2155 quod
1685 2119 1769 2147 sentit
1789 2127 1886 2156 aeger;
1902 2119 1964 2148 ideo
1978 2127 2026 2148 ne-

1175 2165 1267 2194 sciunt
1289 2165 1328 2194 eis
1350 2166 1485 2202 compati,
1509 2165 1597 2194 scient
1617 2168 1710 2194 autem
1732 2169 1843 2202 postea,
1865 2174 1928 2194 cum
1950 2166 2025 2195 dole-

1175 2212 1253 2241 bunt.
1279 2229 1313 2232 -
1336 2212 1438 2248 Quodsi
1461 2212 1618 2246 obiiciant,
1651 2212 1717 2249 quia
1747 2220 1828 2249 saepe
1859 2212 1969 2250 fingunt
1996 2220 2025 2242 se
2038 2221 2121 2249 otiqouo

1175 2259 1287 2296 quidam
1308 2259 1472 2293 debiliores,
1494 2267 1577 2296 quam
1600 2259 1673 2293 sint;
1695 2259 1823 2296 nunquid
1843 2262 1958 2297 propter
1973 2260 2026 2289 hoc
2069 2247 2123 2265 '¹²⁰¹'

1174 2315 1271 2335 omnes
1293 2310 1358 2335 sunt
1381 2307 1542 2343 hypocritae
1569 2306 1731 2335 iudicandi?
1763 2315 1827 2335 cum
1850 2315 1865 2336 e
1886 2307 2025 2336 contrario

1174 2362 1225 2390 pro
1246 2354 1342 2390 paucis
1358 2354 1453 2388 iustis,
1469 2354 1565 2382 multis
1586 2354 1666 2382 malis
1687 2354 1821 2382 Dominus
1843 2354 1963 2383 voluerit
1978 2362 2025 2391 pe-

1174 2401 1310 2438 percisse,
1332 2401 1444 2430 Genesis
1465 2401 1571 2429 decimo
1592 2404 1698 2430 octavo.

1254 2449 1279 2476 5.
1302 2448 1413 2484 Triplici
1436 2450 1530 2477 autem
1553 2448 1659 2477 ratione
1674 2448 1761 2485 magis
1775 2448 1898 2486 indigent
1919 2448 2128 2483 infirmiuauotrip

1174 2495 1297 2524 subsidio
1319 2495 1428 2532 pietatis
1450 2504 1532 2532 quam
1556 2495 1614 2524 sani
1636 2498 1663 2524 et
1685 2495 1811 2524 robusti:
1843 2495 1934 2532 primo
1960 2504 2023 2533 pro·
2040 2483 2128 2523 ffirpiffiii

1174 2546 1236 2579 pter
1263 2543 1502 2571 sustentationem
1523 2543 1616 2576 vitae,
1638 2542 1704 2579 quia
1724 2550 1740 2571 a
1761 2550 1790 2571 se
1811 2542 1879 2579 ipsis
1899 2551 1955 2571 non
1977 2551 2024 2571 va-

1174 2590 1230 2618 lent
1252 2597 1424 2626 procurare;
1447 2590 1469 2618 si
1490 2592 1557 2618 tunc
1578 2589 1660 2618 etiam
1692 2589 1726 2618 ab
1757 2590 1818 2619 aliis
1846 2598 1899 2618 uon
1922 2597 2024 2627 procu-

1173 2640 1289 2671 rantur,
1311 2639 1450 2673 coguntur
1471 2636 1590 2666 deficere
1605 2640 1632 2666 et
1646 2645 1701 2665 non
1716 2639 1833 2674 possunt
1854 2637 2022 2671 subsistere;

2046 1842 2099 1861 Mens
2111 1842 2122 1861 h

2058 1866 2124 1890 praelat

330 2808 337 2820 ¹
357 2808 421 2831 Vers.
440 2809 461 2830 8.
873 2808 881 2821 ²
900 2809 966 2832 Vers.
983 2810 1021 2832 28.
1039 2812 1060 2832 et
1078 2809 1114 2831 30.

330 2845 339 2859 ³
357 2847 408 2869 Sola
426 2848 476 2869 Vnt.
494 2853 617 2875 perperam
635 2853 670 2870 ne.

330 2885 339 2898 4
357 2887 439 2908 Psalm.
456 2887 498 2914 22,
518 2886 542 2915 43
560 2887 614 2909 dein
632 2887 645 2908 l.
669 2886 721 2909 Cor.
739 2887 765 2915 4,
790 2887 827 2909 21.
851 2887 882 2909 De
905 2887 1049 2909 Samaritano
1074 2888 1114 2909 cfr,

267 2925 322 2947 Luc.
342 2925 383 2952 lO,
401 2925 446 2951 335
463 2925 517 2947 vide
535 2925 603 2947 etiam
621 2926 730 2953 Gregor.,
748 2926 835 2954 Regula
853 2927 960 2954 pastoral.
979 2933 1003 2954 p.
1022 2927 1045 2948 11.
1060 2932 1079 2948 c.
1093 2926 1115 2948 6.

266 2964 327 2986 circa
344 2964 422 2986 finem.

330 3002 339 3015 ⁵
357 3003 408 3025 Vat.
424 3003 529 3033 speciali.

1235 2807 1244 2821 ὃ
1262 2809 1344 2831 Psalm.
1363 2808 1406 2835 68,
1424 2808 1462 2830 27.
1479 2808 1538 2830 Infra
1555 2807 1659 2836 sequitur
1675 2808 1712 2830 Ps.
1734 2807 1777 2834 68,
1800 2807 1884 2835 21-23,
1909 2807 1947 2830 ubi
1970 2813 2024 2830 con-

1171 2847 1283 2870 cluditur:
1301 2847 1349 2869 Fiat
1366 2853 1445 2869 mensa
1462 2852 1543 2869 eorum
1560 2852 1639 2869 coram
1657 2846 1712 2874 ipsis
1730 2846 1753 2868 iu
1769 2847 1878 2875 laqueum
1892 2849 1914 2868 et
1925 2846 1947 2868 in
1959 2846 2022 2868 retri-

1171 2886 1278 2909 butiones
1294 2889 1316 2909 et
1333 2887 1356 2908 in
1374 2886 1517 2909 scandalum.

1236 2924 1243 2937 ⁷
1261 2925 1307 2947 Csr.
1325 2925 1384 2947 Tob.
1402 2925 1428 2952 4,
1451 2926 1489 2952 16;
1508 2925 1583 2947 Matth.
1601 2925 1629 2952 7,
1648 2925 1687 2952 ¹23
1699 2925 1753 2947 Luc.
1766 2924 1792 2951 6,
1806 2924 1843 2947 31.
1855 2936 1886 2940 —
1899 2924 1957 2946 intra
1969 2926 2023 2951 post

1170 2971 1220 2988 non
1235 2964 1340 2988 sentiunt
1357 2971 1383 2987 ex
1401 2964 1453 2987 cod.
1471 2965 1632 2992 supplevimus
1648 2963 1788 2988 secundam.
1804 2976 1835 2980 —
1847 2964 1899 2992 Seq.
1909 2963 1976 2986 locus
1988 2965 2022 2986 est

1172 3005 1226 3027 Gen,
1245 3004 1287 3032 48,
1307 3004 1386 3026 23-33.
