2133 3317
259 218 314 246 692

508 254 564 277 CHR

303 308 332 311 —
344 301 397 318 cum
409 297 469 317 esset
480 294 592 316 Dominus
602 293 668 321 Legis
677 296 699 316 et
708 293 820 321 omnium,

255 342 300 358 non
317 341 343 357 ex
362 335 460 356 tentione
478 333 555 362 aliqua
572 339 648 362 neque
664 333 771 355 scandalo
789 333 820 355 lu-

255 375 378 401 daeorum,
390 373 431 395 sed
443 379 469 394 ex
482 372 676 395 condescensione
688 372 756 400 Legis
765 372 822 400 figu-

254 414 310 436 ralia
327 412 467 435 observabat
484 412 530 434 265
548 412 576 434 28

301 465 332 468 -
350 452 423 474 infans
440 452 463 473 in
476 451 540 474 ulnas
551 451 700 479 accipiendus
711 454 734 473 et
746 454 822 473 tenen-

255 492 299 514 dus
316 491 345 513 72
363 491 377 512 7
394 503 425 507 -
442 491 465 512 111
483 490 585 512 adventu
606 490 690 513 Christi
712 490 822 512 exsultan-

255 531 311 553 dum
330 536 383 552 cum
401 530 466 552 iustis
483 532 505 552 et
527 529 701 557 procedendum
727 529 749 550 111
772 529 822 551 01115

254 576 378 592 occursum
396 568 449 592 ibid.

301 622 331 624 —
348 615 418 637 auro,
436 609 504 631 thure
521 610 543 630 et
561 609 655 635 myrrha
667 607 771 630 Christus
782 613 821 629 rex

254 651 279 670 ut
295 654 365 670 verus
384 648 444 670 Deus
461 650 483 670 et
500 648 570 670 homo
588 646 736 669 venerandus
748 649 770 668 et
782 647 822 669 hu-

254 687 314 710 milis
331 688 392 709 Deus
406 687 429 709 in
447 686 513 709 cunis
524 687 601 709 iacens
613 686 757 713 adorandus,
770 691 822 708 con-

254 727 355 749 sstendus
373 729 395 748 et
411 726 543 748 laudandus
560 726 590 748 72
608 726 621 747 6

300 779 330 782 -
348 766 472 794 Quomodo
490 765 519 787 ab
531 765 607 787 anima
621 765 706 787 devota
718 764 821 786 invenia-

254 809 290 827 tur
303 806 331 827 93
345 806 357 827 3
372 818 401 821 -
413 804 471 827 Cum
484 805 565 827 dilecta
575 806 701 832 quaerente
711 804 821 826 dilectum

254 845 284 867 al)
301 844 449 874 inquisitione
460 844 544 866 Christi
556 850 600 865 non
613 843 752 865 cessandum
764 842 794 865 73
808 844 820 864 8

302 897 332 901 —
350 884 427 906 Altiori
441 883 587 911 permittente
598 882 705 911 consilio,
717 882 822 904 Herodes

255 924 341 952 impius
363 923 486 951 parvulum
510 928 589 950 regem
612 922 713 950 quaerit,
731 924 822 949 1111101-

254 964 292 986 dat
308 963 338 985 72
356 964 368 985 8
387 975 418 979 —-
435 962 581 984 revelationis
598 961 691 984 oraculo
709 961 733 983 in
745 961 821 991 Aegy-

252 1002 317 1032 ptum
335 1003 470 1025 transfertur
487 1004 511 1024 ut
528 1002 667 1029 peregrinus
689 1003 712 1023 et
732 1006 822 1028 pauper

253 1041 306 1065 ibid.
324 1054 355 1058 —-
372 1042 394 1064 111
412 1041 540 1063 coaetaneis
552 1041 656 1068 parvulis
668 1040 740 1068 ipsius
751 1046 821 1062 causa

253 1081 335 1104 occisis
351 1081 464 1103 occiditur
481 1083 503 1103 et
520 1080 586 1109 quasi
604 1080 625 1102 in
638 1079 741 1109 quolibet
752 1079 821 1101 truci-

253 1120 322 1143 datur
339 1119 393 1143 ibid.

300 1172 330 1175 —
347 1159 439 1181 Herode
455 1159 571 1186 defuncto,
584 1159 645 1181 iuxta
662 1158 769 1181 divinum
782 1158 822 1180 im-

254 1199 345 1227 perium
363 1198 482 1221 reducitur
499 1199 522 1220 in
540 1201 625 1220 terram
642 1198 697 1220 luda
713 1197 743 1219 72
762 1197 775 1218 8

301 1251 332 1254 —
350 1238 442 1265 fugiens
467 1238 490 1259 in
516 1238 649 1265 Aegyptum
676 1236 822 1259 comitandus

254 1277 284 1299 ’73
304 1278 316 1299 S

300 1329 330 1333 ——
348 1317 472 1339 duodecim
492 1318 564 1338 factus
582 1322 694 1338 annorum
712 1316 823 1338 remansit

252 1357 274 1378 111
291 1357 427 1384 ierusalenL
446 1362 492 1378 uon
509 1356 558 1378 sine
571 1356 642 1378 multo
654 1355 731 1378 Matris
743 1355 822 1377 dolore

254 1396 373 1424 quaesitus
391 1402 433 1417 nec
451 1396 499 1418 sine
518 1395 632 1417 immenso
654 1395 741 1422 gaudio
763 1395 822 1417 rein-

253 1438 336 1457 ventus
352 1435 383 1457 73
402 1435 414 1456 8

300 1487 330 1491 —-
349 1477 500 1497 conversatus
525 1476 547 1496 et
571 1480 677 1496 crescens
701 1476 774 1496 aetate
799 1476 821 1496 et

253 1514 339 1542 gratia,
358 1513 506 1536 cohabitabat
523 1513 659 1541 parentibus
676 1513 821 1536 0101015111]-

253 1552 316 1575 ditus
334 1553 376 1575 illis
390 1553 419 1575 72
432 1554 445 1575 S
458 1566 488 1568 —
500 1553 611 1580 magister
624 1552 757 1575 humilitatis
771 1559 821 1580 per-

253 1594 336 1620 fectae,
354 1599 408 1615 cum
426 1592 485 1614 Patri
503 1595 563 1614 esset
585 1592 699 1621 aequalis,
722 1598 748 1614 se
768 1591 820 1614 sub-

252 1632 311 1655 didit
327 1632 471 1654 humillimae
489 1631 577 1659 Virgini
595 1634 617 1653 et
634 1631 690 1659 Legi
706 1631 736 1653 72
754 1631 768 1653 7

298 1684 328 1688 --
345 1673 468 1699 parentum
481 1677 577 1693 suorum
590 1671 701 1693 voluntati
713 1670 821 1693 subditus

252 1711 292 1733 fuit
309 1711 338 1733 ad
362 1710 493 1733 docendam
515 1709 671 1732 obedientiam
695 1710 739 1732 394
758 1709 772 1731 3
789 1722 820 1726 -

250 1751 386 1778 Exemplum
405 1749 487 1772 Christi
506 1749 595 1772 facilem
613 1749 689 1771 reddit
711 1749 820 1771 obedien-

251 1790 305 1812 tiam
325 1789 369 1811 488
388 1790 400 1811 3

301 1842 330 1845 —
348 1835 401 1851 cum
419 1828 448 1851 ad
466 1828 613 1856 trigesimum
626 1828 705 1850 aetatis
716 1834 772 1850 suae
783 1834 820 1850 an-

251 1874 308 1891 num
325 1868 482 1896 pervenisset,
506 1867 582 1895 coepit
606 1868 698 1895 operari
722 1868 819 1890 salutem

250 1910 353 1930 nostram
371 1908 400 1929 73
420 1908 432 1929 9
451 1920 481 1923 —
496 1907 573 1935 coepit
585 1907 650 1935 prius
662 1908 737 1929 facere
748 1913 819 1936 quam

250 1947 335 1970 docere
352 1946 406 1970 ibid.
425 1959 456 1963 —
473 1945 587 1976 baptizari
605 1946 677 1969 voluit
694 1953 706 1968 a
725 1947 819 1973 Ioanne,

251 1990 276 2009 ut
293 1987 425 2014 exemplum
444 1988 582 2008 monstraret
594 1987 709 2013 perfectae
720 1986 820 2008 iustitiae

251 2029 273 2048 et
290 2026 337 2048 vim
356 2026 542 2054 regenerativam
560 2025 627 2054 aquis
644 2026 758 2048 conferret
769 2032 820 2047 con-

252 2068 311 2088 tactu
329 2065 498 2088 mundissimae
515 2065 590 2087 carnis
607 2071 663 2087 suae
680 2064 709 2086 73
729 2065 741 2086 9
754 2077 784 2081 —
796 2066 819 2087 ln

251 2104 367 2132 baptismo
392 2104 476 2127 Christi
499 2105 520 2126 in
546 2110 604 2126 voce
620 2104 693 2130 Pater,
711 2104 735 2126 in
752 2110 820 2126 carne

252 2144 332 2171 Filius,
351 2144 374 2166 in
390 2143 500 2166 columba
518 2144 617 2171 Spiritus
633 2147 726 2166 sanctus
743 2144 820 2165 intelli-

253 2184 314 2211 gitur
331 2182 386 2206 ibid.
404 2196 433 2198 —
450 2183 535 2205 ductus
547 2183 569 2204 in
582 2183 699 2205 desertum
712 2182 820 2205 tentatur

252 2229 264 2245 a
282 2222 389 2249 diabolo,
406 2224 431 2243 ut
448 2228 491 2244 nos
509 2222 608 2243 humiles
626 2222 709 2243 faceret
729 2224 751 2243 et
768 2221 819 2243 viri-

252 2262 284 2284 les
301 2261 330 2283 73
354 2262 378 2283 10
396 2273 428 2277 -
445 2261 527 2283 duram
551 2266 577 2283 ac
600 2260 723 2283 solitariam
747 2260 818 2282 vitam

251 2304 382 2323 constanter
403 2300 523 2328 assumsit,
547 2303 571 2322 ut
594 2300 673 2322 fideles
695 2300 725 2322 ad
747 2301 818 2328 perfe-

252 2340 333 2363 ctionis
350 2339 525 2367 aggressionem
544 2339 643 2366 erigeret
659 2341 682 2361 et
697 2339 726 2361 ad
738 2339 819 2367 gravia

251 2379 389 2407 perferenda
418 2378 520 2401 firmaret
542 2377 596 2401 ibid.
622 2391 651 2394 —
677 2378 699 2400 in
727 2378 819 2401 deserto

252 2418 364 2441 ieiunavit
388 2417 542 2446 quadraginta
568 2417 659 2440 dierum
682 2417 756 2445 spatio
774 2417 819 2439 406

252 2458 290 2480 26.
309 2458 352 2480 409
370 2457 384 2479 7
401 2470 431 2473 —
451 2457 605 2486 quadraginta
617 2456 700 2479 diebus
712 2456 820 2478 continue

253 2497 363 2519 ieiunavit
382 2496 426 2518 409
444 2496 457 2518 7

299 2549 330 2553 —
348 2536 460 2558 Ieiunium
479 2535 561 2558 Christi
578 2535 693 2563 significat
708 2535 818 2557 ieiunium

253 2576 333 2604 gaudii
351 2575 394 2598 409
413 2576 427 2597 7

299 2627 330 2631 -—
348 2615 474 2642 discipulos
491 2620 545 2636 suos
568 2620 615 2636 non
637 2614 763 2636 Ieiunantes
785 2620 820 2636 ex-

253 2654 342 2676 cusavit
359 2653 403 2676 -110
421 2654 434 2675 9

300 2706 329 2709 —-
347 2693 435 2721 put·i0ri
448 2693 522 2715 modo
534 2693 555 2715 in
568 2698 593 2714 se
610 2693 660 2720 ipso
676 2691 787 2714 abstinuit
798 2694 820 2714 et

253 2732 302 2755 aliis
327 2739 353 2754 ex
379 2732 512 2760 perfectiori
537 2732 631 2754 caritate
656 2731 820 2754 condescendit

254 2772 299 2794 259
318 2772 330 2793 6
348 2784 378 2787 -
397 2771 507 2794 abstinuit
529 2777 577 2793 non
599 2774 693 2799 propter
714 2771 820 2798 concupi-

253 2811 353 2833 scentias
370 2811 477 2838 proprias
494 2810 655 2837 refrenandas,
672 2810 726 2839 quia
747 2810 820 2832 nullas

254 2849 346 2876 habuit,
364 2850 405 2872 sed
422 2853 447 2872 ut
464 2850 595 2878 exemplum
607 2849 738 2872 refrenandi
756 2849 819 2872 daret

255 2888 303 2910 aliis
321 2889 364 2910 266
384 2889 420 2911 30,
440 2889 483 2911 269
504 2889 525 2910 9.
543 2895 594 2918 sqq.

301 2940 331 2943 —
349 2928 371 2949 in
388 2928 434 2949 vita
452 2928 589 2950 monstravit
606 2927 687 2950 miram
705 2927 820 2950 abstinen-

254 2967 308 2988 tiam
331 2969 353 2988 et
378 2967 598 2989 condescensionem
622 2967 765 2989 caritativam
791 2967 820 2989 ad

254 3005 412 3033 imperfectos,
431 3012 483 3028 cum
507 3006 608 3028 comedit
630 3009 651 3029 et
668 3006 726 3029 bibit
743 3006 788 3028 ‘259
807 3006 820 3028 5

958 216 1058 245 INDEX
1080 217 1327 246 ALPHABETICUS.

854 306 885 310 —-
902 294 924 316 in
942 294 995 317 cibo
1021 298 1043 317 et
1060 298 1115 323 potu
1141 296 1307 319 condescendit
1332 296 1422 319 Iudaeis

855 333 952 356 infirmis
970 337 1060 362 mente,
1078 340 1120 362 pro
1137 340 1219 357 eorum
1237 335 1310 357 salute
1327 335 1372 358 237
1389 342 1402 358 a

903 385 931 388 —
943 373 1076 396 hominibus
1088 374 1151 396 dedit
1160 375 1291 401 exemplum
1304 375 1423 397 ieiunandi

855 414 877 434 et
894 413 1013 440 pugnandi
1031 413 1076 435 269
1095 413 1133 435 10.
1149 419 1185 442 5(1.
1200 413 1366 436 —ieiunando
1379 420 1424 436 non

855 451 909 474 solis
926 452 1032 479 pert'ectIs
1049 455 1071 474 et
1087 452 1233 474 comedendo
1250 458 1297 474 non
1314 453 1368 475 50115
1383 453 1424 474 im-

855 491 963 518 perfectis
979 492 1111 519 exemplum
1128 491 1193 513 dedit
1210 492 1254 513 206
1273 492 1281 513 1

902 543 932 545 -
950 536 992 558 pro
1010 532 1115 558 tempore
1129 530 1251 557 ieiunavit,
1269 533 1294 552 ut
1306 531 1422 553 austerita-

856 569 884 591 tis
896 569 957 591 vitae
974 569 1095 597 praeberet
1107 570 1250 597 exemplum,
1262 576 1305 597 pro
1318 572 1423 597 tempore

855 608 939 630 ieiunia
956 609 1037 636 solvit,
1055 611 1079 631 ut
1091 610 1207 631 humanae
1219 609 1345 631 infirmitati
1356 615 1423 636 prae-

854 650 924 670 staret
941 648 1059 675 solatium;
1078 650 1099 670 et
1111 648 1213 676 primum
1227 648 1267 670 fuit
1278 648 1373 675 rigoris,
1391 655 1424 670 se-

854 687 957 709 cundum
969 687 1181 713 condescensionis,
1200 690 1325 715 utrumque
1347 690 1424 709 tamen

855 727 983 754 perfectum
996 726 1019 748 in
1031 726 1134 753 Christo,
1146 726 1200 754 qula
1216 732 1244 748 ex
1256 726 1423 754 perfectissima

855 765 948 787 caritate
965 766 1078 793 processit
1095 765 1140 787 266
1159 766 1172 787 2

902 817 933 820 —
951 805 1056 827 hostilem
1074 810 1178 832 pugnam
1197 804 1313 827 humiliter
1330 810 1425 832 perpes-

854 850 895 867 sus
911 847 934 866 et
951 844 1071 866 victoriam
1098 846 1217 866 assecutus
1240 846 1274 866 est
1294 843 1324 865 73
1348 844 1376 865 10
1394 856 1425 860 -

855 885 954 906 tentatus
971 883 1111 911 compatitur
1133 883 1230 904 infirmis
1252 882 1425 905 recurrentibus

854 923 884 946 ad
902 923 978 951 ipsum
997 923 1018 944 111
1037 922 1188 945 tentationum
1203 922 1336 945 discrimine
1355 921 1408 945 ibid.

900 974 932 978 —
949 964 1000 984 fons
1018 962 1086 985 totius
1103 962 1275 984 misericordiae
1294 968 1337 989 pro
1358 961 1425 984 nobis

855 1001 945 1024 miseris
962 1001 1048 1029 pluries
1065 1002 1128 1023 flevit
1146 1007 1188 1029 pro
1210 1006 1316 1023 summae
1334 1001 1425 1028 pietatis

855 1040 977 1063 reseranda
1005 1040 1128 1063 dulcedine
1152 1040 1182 1062 74
1208 1040 1237 1062 14
1259 1053 1288 1055 -
1313 1040 1377 1062 flevit
1394 1040 1424 1062 ad

855 1080 960 1102 omnium
978 1080 1133 1108 expiationem
1151 1082 1300 1107 peccatorum
1322 1078 1377 1102 ibid.
1393 1091 1424 1096 —

854 1119 986 1147 deploravit
1002 1120 1118 1141 humanae
1135 1119 1273 1141 infirmitatis
1291 1119 1423 1147 miseriam,

855 1159 917 1181 caeci
934 1159 1011 1181 cordis
1037 1158 1159 1186 caliginem
1183 1160 1205 1180 ct
1229 1157 1358 1180 obduratae
1375 1164 1423 1180 ma-

856 1198 917 1220 litiae
934 1198 1072 1226 pravitatem
1089 1197 1119 1220 74
1138 1197 1166 1219 14

903 1250 933 1254 —-
950 1237 1080 1265 lacrymans
1091 1237 1274 1260 considerandus
1291 1239 1313 1259 et
1330 1243 1383 1259 curn
1396 1243 1423 1259 eo

856 1277 1014 1305 plangendum
1030 1276 1060 1299 74
1080 1276 1108 1298 14

903 1329 934 1333 -
950 1314 1134 1344 transfiguratus
1146 1319 1180 1338 est
1192 1316 1220 1338 ad
1239 1316 1422 1338 confirmandam

856 1358 956 1378 mentem
975 1356 1101 1377 humanam
1119 1361 1160 1383 per
1177 1361 1243 1383 spem
1266 1354 1424 1377 retributionis

855 1397 961 1417 aeternae
978 1395 1007 1416 73
1027 1395 1055 1417 12

901 1446 932 1450 -
951 1433 1023 1456 tribus
1041 1434 1160 1462 disprulis
1177 1434 1286 1456 assumtis
1306 1434 1423 1456 Trinitatis

854 1476 1024 1496 sacramentum
1043 1473 1133 1501 aperuit
1147 1475 1169 1495 et
1186 1473 1299 1501 passionis
1317 1473 1422 1495 abiectio·

854 1520 907 1535 nem
926 1513 1039 1541 praedixit
1055 1512 1084 1534 73
1104 1513 1131 1534 12
1149 1525 1180 1529 -
1198 1513 1372 1535 resurrectionis
1389 1513 1423 1534 fu-

855 1555 919 1575 turae
937 1553 1033 1580 gloriam
1052 1552 1074 1574 111
1093 1552 1294 1579 transfiguratione
1311 1554 1422 1574 monstra-

854 1592 887 1614 vit
903 1592 933 1614 74
953 1592 981 1614 12

900 1643 931 1647 —-
948 1630 1038 1653 Ciu-isio
1051 1632 1206 1653 contestantur
1222 1633 1244 1652 et
1260 1631 1389 1658 Prophetae
1400 1630 1422 1652 in

854 1670 999 1698 apparitione
1016 1670 1100 1698 Moysis
1114 1672 1136 1692 et
1148 1670 1207 1692 Eliae
1219 1673 1241 1692 et
1259 1670 1324 1692 Pater
1341 1673 1363 1691 et
1375 1670 1423 1698 Spi-

853 1710 911 1732 ritus
926 1712 1019 1732 sanctus
1036 1709 1058 1731 in
1078 1715 1135 1731 voce
1152 1712 1175 1731 et
1192 1709 1213 1731 in
1231 1709 1293 1731 nube
1309 1709 1339 1731 73
1354 1710 1381 1731 12
1392 1722 1423 1725 -

853 1748 943 1772 Christo
957 1749 1074 1777 Scriptura
1086 1749 1243 1771 testimonium
1254 1747 1360 1776 perhibet
1369 1748 1399 1770 72
1410 1749 1422 1770 6

901 1800 932 1804 —-
949 1788 1086 1815 Unigenitus
1103 1788 1143 1810 Dei
1161 1790 1185 1810 ut
1209 1787 1313 1810 Verbum
1337 1788 1423 1809 increa-

854 1830 902 1850 tum
921 1830 955 1850 est
975 1826 1104 1857 sapientiae
1125 1826 1182 1849 liber
1205 1829 1227 1849 et
1249 1827 1286 1849 lux
1308 1827 1329 1849 in
1347 1829 1424 1849 mente

853 1867 938 1890 summi
950 1867 1049 1889 Artificis
1065 1867 1133 1894 plena
1148 1866 1276 1889 rationibus
1290 1866 1423 1889 vivent1bus

854 1910 876 1929 et
892 1907 1002 1933 aeternis,
1025 1909 1049 1928 111
1066 1905 1171 1928 Verbum
1192 1906 1331 1933 inspiratum
1349 1906 1370 1928 in
1390 1906 1423 1927 in-

854 1945 981 1968 tellectibus
1001 1945 1111 1973 angelicis
1133 1949 1202 1974 atque
1220 1944 1305 1972 beatis,
1324 1948 1347 1967 ut
1369 1945 1423 1967 Ver-

854 1985 910 2008 bum
929 1985 1072 2007 Incarnatum
1091 1985 1113 2006 in
1130 1983 1265 2007 hominibus
1283 1984 1312 2007 85
1331 1984 1359 2006 46

901 2037 932 2041 -
949 2027 983 2047 051
1001 2024 1058 2046 111)οΓ
1079 2024 1152 2051 vitae,
1173 2024 1194 2046 111
1217 2030 1264 2052 (1110
1282 2024 1367 2052 scripta
1390 2026 1424 2045 est

853 2064 964 2092 sapientia
982 2066 1087 2090 aeterna,
1105 2063 1234 2086 secundum
1252 2069 1323 2092 quam
1346 2063 1422 2085 omnia

853 2104 1009 2131 disponuntur
1036 2103 1064 2125 84
1087 2103 1115 2125 46
1133 2115 1165 2119 -
1182 2104 1212 2125 Ex
1238 2102 1327 2125 Christo
1353 2105 1375 2124 et
1400 2102 1423 2124 in

853 2142 943 2165 Christo
956 2142 1102 2165 multiformis
1113 2142 1226 2170 sapientia
1238 2142 1278 2164 Dei
1295 2148 1337 2170 per
1349 2144 1422 2164 totum

853 2188 952 2210 regnum
970 2183 1069 2209 refulget
1082 2184 1193 2210 tanquam
1213 2188 1225 2203 a
1243 2182 1337 2209 speculo
1355 2183 1377 2203 et
1400 2181 1421 2202 111

853 2221 913 2243 libro
931 2221 1035 2243 omnium
1053 2220 1185 2243 eontentivo
1203 2220 1233 2242 85
1251 2220 1279 2242 46

900 2272 932 2276 —
948 2262 983 2282 est
999 2260 1060 2282 stella
1081 2260 1158 2282 oriens
1175 2262 1197 2281 et
1213 2259 1331 2287 praeiens,
1352 2265 1365 2281 a
1383 2265 1422 2281 cu-

853 2300 888 2322 ius
906 2299 995 2327 fulgore
1012 2305 1058 2321 non
1076 2301 1110 2321 est
1131 2298 1295 2321 declinandum
1312 2298 1342 2320 ’72
1360 2299 1373 2320 6
1391 2311 1421 2314 -

853 2341 887 2361 est
904 2338 1102 2366 superessentialis
1118 2338 1198 2360 radius
1215 2344 1326 2360 emanans
1347 2343 1359 2359 a
1377 2338 1422 2359 cla-

853 2377 919 2399 ritate
937 2377 978 2399 Dei
995 2377 1025 2399 85
1044 2376 1072 2399 47
1089 2389 1120 2393 -
1137 2383 1190 2398 011111
1208 2377 1237 2399 511
1254 2383 1326 2404 unus,
1344 2376 1421 2399 omnia

853 2419 940 2445 potest,
959 2419 981 2438 et
999 2416 1022 2438 in
1039 2422 1063 2438 se
1084 2422 1235 2444 permanens,
1261 2416 1338 2438 omnia
1357 2416 1422 2438 iuno-

852 2458 893 2478 vat
909 2455 963 2478 ibid.

900 2508 931 2511 —
948 2495 985 2517 lux
1003 2501 1057 2517 vera
1076 2497 1098 2517 et
1114 2501 1206 2517 summa
1224 2501 1269 2516 non
1295 2497 1328 2516 est
1345 2494 1421 2522 agnita

853 2540 866 2556 a
884 2534 985 2561 mundo,
1004 2537 1114 2562 tanquam
1126 2535 1282 2556 infructuosus
1298 2534 1422 2562 despectus

853 2576 898 2600 est,
916 2577 938 2596 et
956 2574 1017 2595 Deus
1034 2576 1056 2595 et
1073 2572 1186 2595 Dominus
1203 2576 1225 2595 ct
1241 2573 1330 2595 amicus
1347 2575 1369 2595 et
1390 2573 1421 2595 in-

853 2619 941 2635 nocens
959 2619 971 2635 a
984 2613 1072 2635 mundo
1086 2612 1164 2641 inique
1180 2612 1304 2635 damnatus
1322 2615 1344 2635 et
1356 2612 1422 2635 inter-

855 2654 926 2675 fectus
944 2654 978 2674 est
1000 2652 1024 2674 13
1045 2651 1058 2674 4

902 2704 931 2707 -
950 2692 971 2713 111
990 2691 1080 2714 Christo
1100 2691 1122 2713 in
1140 2691 1202 2713 omni
1227 2691 1370 2719 plenitudine
1387 2697 1418 2712 re-

853 2731 943 2760 quievit
960 2731 1059 2758 Spiritus
1075 2730 1163 2758 gratiae
1180 2730 1321 2758 septiformis
1344 2731 1373 2752 86
1392 2730 1420 2752 49

900 2783 931 2786 —
948 2769 1037 2792 Christo
1056 2770 1123 2792 dolus
1140 2769 1222 2798 aliquis
1239 2776 1284 2792 non
1300 2770 1374 2797 potuit
1386 2776 1421 2791 oc-

854 2809 945 2836 cultari,
963 2809 1016 2837 quia
1034 2809 1137 2831 oculatus
1148 2812 1182 2831 est
1199 2811 1251 2830 ante
1263 2811 1285 2831 et
1302 2811 1363 2831 retro
1376 2809 1420 2830 162

855 2849 863 2870 1
886 2861 915 2864 -
933 2848 1055 2876 praeterita
1073 2851 1095 2870 et
1112 2849 1187 2870 futura
1205 2848 1271 2876 quasi
1292 2848 1420 2875 praesentia

854 2888 955 2910 intuetur
973 2887 1027 2910 ibid.

900 2940 931 2943 —
949 2930 983 2949 est
1000 2933 1108 2949 summus
1129 2927 1245 2954 legislator
1273 2926 1318 2948 314
1348 2927 1368 2948 11
1390 2939 1421 2943 -

854 2969 888 2988 051
906 2967 961 2988 111115
978 2966 1097 2993 naturalis,
1115 2966 1201 2992 civilis,
1219 2965 1324 2988 canonici
1345 2972 1372 2988 ac
1389 2966 1421 2988 di-

854 3005 902 3028 vini
919 3005 1052 3033 principalis
1069 3005 1135 3033 origo
1153 3005 1198 3027 314
1217 3005 1240 3027 11

1715 258 1772 281 CHR

1504 309 1535 313 ——
1552 303 1632 319 omnes
1644 296 1745 320 virtutes
1760 298 1808 320 sine
1821 299 1971 322 diminutione
1986 300 2025 322 ali-

1457 342 1502 365 qua
1520 336 1601 359 habuit
1624 337 1667 358 193
1690 337 1719 359 55
1736 349 1767 354 —
1789 337 1871 360 Christi
1898 339 2024 362 saeratissi-

1458 382 1519 397 mam
1537 376 1609 398 vitam
1626 382 1761 404 expressum
1779 380 1867 399 constat
1883 384 1933 400 esse
1951 380 2023 406 perfe-

1457 414 1538 437 01101115
1554 416 1672 443 exemplar
1689 415 1733 437 5lS
1751 415 1765 437 7

1505 466 1535 469 —
1552 457 1605 476 ante
1617 454 1680 477 dedit
1696 455 1781 483 vitam,
1792 461 1864 483 quam
1881 456 1960 478 virtuti
1972 462 2023 478 con-

1458 492 1536 514 trairet
1554 493 1582 515 14
1600 493 1613 515 4
1630 506 1661 510 -
1673 493 1755 516 Christi
1774 494 1846 517 virtus
1859 494 1882 516 in
1899 495 1955 523 ipsis
1971 501 2023 518 con-

1458 531 1557 553 tumeliis
1574 531 1691 554 relucebat
1707 532 1761 555 ibid.

1504 582 1535 586 -—
1555 570 1622 593 nobis
1649 572 1713 594 dedit
1738 573 1834 594 formam
1857 572 2023 601 abstinentiae,

1458 608 1604 631 obedientiae
1619 613 1641 632 et
1658 610 1756 633 iustitiae
1773 612 1818 633 216
1837 612 1881 634 134
1893 625 1924 629 -
1936 616 1970 635 051
1982 613 2024 635 itta-

1458 648 1528 676 gister
1545 649 1648 671 veritatis
1673 652 1743 678 atque
1768 651 1859 673 virtutis
1885 652 1929 674 323
1947 652 1976 674 20
1993 664 2024 668 —-

1458 687 1586 715 specialiter
1603 690 1637 710 est
1654 692 1733 711 auctor
1751 690 1900 717 evangelicae
1922 690 2024 713 veritatis

1459 727 1503 748 386
1523 727 1531 748 1

1505 777 1536 782 —
1545 772 1590 788 non
1601 766 1641 788 fuit
1652 767 1762 795 magister
1773 767 1954 795 imperfectionis
1966 768 2024 791 ordi-

1458 805 1547 832 nando,
1560 808 1584 827 ut
1596 806 1742 833 perfectionis
1759 807 1907 834 evangelicae
1919 807 2024 830 doctores

1458 843 1487 865 ab
1500 844 1548 866 aliis
1560 847 1742 867 sustentarentur
1759 848 1781 868 et
1793 847 1836 868 hoc
1849 852 1890 874 per
1903 847 2024 874 proprium

1458 884 1589 911 exemplum
1608 885 1750 907 ostendendo
1769 885 1813 907 327
1831 885 1861 907 32

1505 934 1536 938 -
1553 923 1588 945 Ad
1601 923 1757 945 testimonium
1771 924 1873 946 veritatis
1890 924 1939 947 eius
1951 931 2024 947 exem-

1458 962 1523 989 plum
1541 964 1563 984 et
1579 962 1700 985 consilium
1717 963 1833 985 sufficiunt
1850 963 1895 985 314
1914 964 1938 985 11

1504 1013 1535 1017 -
1552 1002 1668 1024 commisit
1679 1002 1723 1024 alia
1735 1002 1854 1030 discipulis
1863 1003 2023 1030 procuranda,

1457 1039 1550 1063 sibimet
1566 1041 1659 1063 retinuit
1671 1041 1849 1069 praedicationis
1860 1044 1882 1064 et
1899 1042 2023 1065 curationis

1457 1080 1559 1102 officium
1578 1080 1623 1103 145
1641 1081 1666 1103 11
1687 1093 1718 1097 -
1734 1080 1805 1103 bonus
1827 1080 1906 1110 pastor
1928 1084 2024 1110 propter

1457 1125 1554 1146 gregem
1572 1120 1716 1147 pascendum
1733 1119 1823 1143 labores
1835 1120 1993 1143 sollicitudiuis
2004 1124 2026 1144 et

1456 1158 1548 1180 inediae
1569 1165 1664 1187 passus,
1687 1159 1744 1181 inter
1765 1159 1860 1182 insidias
1876 1162 1899 1182 et
1923 1160 2024 1188 pericula

1456 1197 1630 1225 evangelizabat
1651 1204 1751 1226 regnum
1774 1199 1814 1221 Dei
1831 1199 1861 1221 74
1888 1199 1913 1221 13
1934 1211 1964 1214 —
1981 1199 2025 1221 cir-

1456 1236 1534 1259 cuibat
1550 1237 1743 1265 evangelizando,
1759 1237 1867 1260 noctibus
1884 1238 1905 1260 in
1922 1238 2025 1260 oratione

1457 1275 1568 1304 vigilabat
1584 1275 1638 1299 ibid.
1651 1289 1682 1293 -
1694 1283 1735 1304 per
1752 1277 1814 1299 diem
1832 1276 1989 1305 occupabatur
2001 1278 2024 1299 111

1457 1315 1560 1337 doctrina
1572 1316 1654 1344 populi
1671 1319 1692 1338 01
1717 1316 1887 1344 aegrotantium
1909 1322 1977 1344 cura,
2000 1317 2025 1339 in

1456 1355 1562 1377 noctibus
1579 1356 1676 1378 orationi
1694 1355 1716 1378 in
1734 1358 1812 1378 monte
1828 1355 1927 1378 vacabat
1944 1356 1988 1378 338
2009 1355 2024 1378 b

1504 1407 1534 1411 -
1552 1395 1644 1422 turbas,
1669 1402 1727 1424 quas
1758 1395 1831 1418 verbo
1848 1395 1927 1418 salutis
1948 1396 2023 1424 pavit,

1456 1434 1526 1456 etiarn
1552 1440 1611 1462 pane
1637 1435 1751 1462 corporali
1780 1435 1801 1457 in
1826 1435 1917 1457 deserto
1944 1434 2024 1457 refecit

1458 1473 1502 1495 438
1521 1474 1534 1495 2

1502 1525 1533 1529 -
1546 1513 1664 1541 piissimus
1681 1516 1759 1541 pastor
1772 1513 1931 1536 sollicitudinis
1943 1519 2023 1535 curam

1455 1551 1485 1574 ad
1502 1552 1605 1580 perditas
1627 1559 1684 1575 oves
1708 1556 1731 1576 01
1751 1553 1896 1575 clementiam
1914 1552 2023 1580 parabola

1456 1591 1553 1619 pastoris
1570 1598 1678 1620 expresse
1695 1592 1796 1614 declarat
1812 1592 1843 1615 74
1861 1592 1889 1614 13

1503 1642 1533 1647 -
1550 1631 1603 1658 pius
1620 1633 1698 1659 pastor
1715 1637 1772 1654 oves
1794 1634 1873 1654 tenero
1893 1633 2024 1661 complexa-

1456 1668 1523 1691 batur
1540 1670 1623 1692 afi'ectu
1639 1670 1669 1692 75
1688 1671 1716 1692 18
1736 1683 1764 1686 -
1781 1670 1910 1698 publicanis
1930 1676 1978 1695 erat
1994 1674 2025 1695 af-

1456 1708 1529 1731 fabilis
1547 1709 1577 1731 74
1596 1710 1623 1731 13
1642 1723 1671 1725 -
1689 1710 1719 1732 ad
1742 1710 1884 1738 poenitentes
1901 1714 2024 1739 paternum

1457 1747 1593 1770 ostendebat
1610 1749 1717 1770 affectum
1734 1747 1789 1771 ibid.

1503 1799 1534 1803 —
1551 1786 1671 1810 Doctrinae
1689 1787 1771 1810 Christi
1787 1788 1877 1811 validae
1896 1791 1949 1811 sunt
1965 1789 2024 1812 sicut

1456 1827 1553 1854 sagittae
1570 1830 1652 1849 acutae
1672 1828 1716 1849 170
1734 1828 1747 1849 6
1768 1841 1798 1843 -
1816 1828 1923 1850 Doctrina
1941 1828 2024 1851 Christi

1456 1866 1531 1894 magis
1549 1866 1654 1889 moribus
1676 1870 1698 1889 et
1715 1867 1825 1894 exemplis
1850 1873 1921 1896 quam
1946 1867 2025 1890 verbis

1457 1905 1614 1933 praedicanda
1631 1908 1665 1928 est
1688 1906 1732 1928 142
1755 1907 1767 1928 9
1785 1918 1816 1922 -
1837 1907 1904 1935 Quod
1925 1907 2024 1930 docebat

1456 1944 1528 1967 verbo
1547 1945 1693 1968 confirmavit
1709 1946 1815 1974 exemplo
1832 1946 1877 1968 314
1896 1946 1920 1968 11

1503 1996 1533 2000 ——
1550 1984 1572 2006 in
1586 1984 1667 2007 mundi
1684 1991 1781 2013 vespera
1793 1985 1923 2008 incarnatus
1934 1985 1984 2008 dies
1996 1986 2025 2008 fa-

1455 2026 1506 2046 ctus
1518 2026 1552 2046 est
1561 2026 1583 2046 et
1593 2023 1637 2046 sibi
1649 2024 1773 2046 duodecim
1786 2025 1854 2047 horas
1864 2024 1887 2047 in
1899 2025 2024 2048 duodecim

1456 2063 1572 2091 Apostolis
1589 2064 1707 2091 copulavit
1725 2063 1769 2086 409
1787 2064 1800 2086 6
1817 2077 1849 2080 —
1866 2064 1972 2086 homines
1993 2064 2023 2087 ad

1455 2109 1524 2125 suum
1541 2103 1704 2130 discipulatum
1717 2103 1841 2131 recipiens,
1853 2104 1931 2131 plures
1943 2109 2024 2131 corpo-

1455 2142 1497 2163 rali
1514 2142 1636 2164 vocatione
1648 2142 1798 2169 praevenisse
1814 2142 1908 2170 legitur;
1925 2142 2022 2170 quidam

1456 2180 1532 2208 ipsum
1551 2181 1700 2208 corporaliter
1726 2183 1898 2208 praevenerunt
1921 2187 1946 2203 se
1971 2181 2021 2203 eius

1455 2220 1571 2242 consortio
1588 2221 1706 2243 offerendo
1721 2220 1765 2242 397
1784 2221 1796 2242 2

1502 2272 1532 2276 -
1557 2259 1702 2286 intendebat,
1731 2262 1755 2281 ut
1783 2259 1885 2287 Apostoli
1914 2262 2023 2282 ornarent

1455 2305 1548 2321 mensas
1565 2299 1717 2321 saecularium
1734 2298 1800 2321 bonis
1818 2298 1929 2326 exemplis
1946 2301 1968 2322 et
1984 2305 2022 2321 au-

1455 2337 1599 2360 ctoritatibus
1617 2338 1707 2360 devotis
1725 2337 1770 2360 444
1788 2338 1817 2360 24

1503 2390 1532 2392 -
1549 2380 1583 2400 051
1601 2377 1710 2405 magister
1722 2376 1866 2400 humilitatis
1885 2378 1928 2399 112
1941 2377 1964 2400 7.
1980 2378 2020 2400 123

1456 2416 1484 2438 54
1502 2428 1532 2432 —-
1549 2416 1578 2438 ab
1591 2416 1720 2439 humilitate
1731 2417 1813 2439 sumsit
1829 2416 1918 2439 initium
1936 2416 1959 2438 in
1971 2422 2022 2439 con·

1454 2456 1584 2478 versatione
1600 2456 1630 2478 72
1649 2456 1662 2478 5
1680 2469 1710 2471 -
1728 2456 1757 2478 de
1769 2456 1886 2479 altitudine
1903 2456 1967 2478 sinus
1983 2462 2023 2484 pa-

1454 2495 1511 2517 terni
1529 2495 1557 2517 ad
1577 2498 1653 2517 nostra
1676 2495 1825 2523 despicabilia
1847 2495 1977 2523 descendit,
1997 2497 2022 2517 ut

1455 2538 1501 2557 tam
1518 2535 1623 2562 exemplo
1636 2540 1705 2563 quam
1724 2533 1796 2557 verbo
1809 2534 1921 2556 Dominus
1938 2536 1960 2556 et
1976 2534 2021 2556 Ma-

1455 2574 1525 2601 gister
1542 2574 1694 2595 humilitatem
1720 2573 1813 2595 doceret
1837 2573 1882 2595 519
1909 2574 1916 2595 1
1947 2586 1977 2590 -
1997 2579 2021 2596 50

1454 2612 1578 2635 exinanivit
1594 2615 1689 2640 propter
1706 2618 1748 2634 nos
1766 2612 1810 2634 279
1829 2613 1858 2634 22
1874 2624 1905 2628 -
1916 2611 2022 2640 praebuit

1455 2652 1559 2679 exempla
1576 2652 1741 2674 humiliationis
1758 2658 1805 2673 non
1822 2652 1897 2674 solum
1914 2651 2021 2679 spiritua-

1454 2691 1490 2719 lis,
1508 2691 1548 2713 sed
1566 2693 1589 2713 et
1606 2691 1731 2718 corporalis
1749 2691 1793 2713 298
1813 2691 1840 2713 12

1501 2743 1531 2746 —
1549 2730 1570 2752 in
1588 2736 1656 2752 cruce
1675 2730 1816 2752 humillimus
1834 2731 1905 2752 factus
1921 2732 1956 2752 est
1976 2730 2020 2752 193

1455 2769 1484 2791 54
1507 2782 1537 2786 -
1563 2770 1586 2791 111
1613 2770 1731 2792 Salvatore
1756 2772 1834 2791 nostro
1859 2769 1967 2791 crucifixo
1989 2769 2020 2791 nil

1455 2808 1508 2835 ruit,
1526 2809 1590 2837 quod
1612 2809 1741 2831 saeculares
1761 2808 1847 2836 glorias
1868 2810 1907 2830 aut
1926 2808 2020 2831 delicias

1453 2851 1544 2876 saperet
1562 2848 1607 2869 285
1626 2847 1654 2869 40

1500 2900 1531 2903 -
1543 2887 1659 2915 Quantum
1671 2887 1693 2908 in
1705 2893 1729 2909 se
1741 2886 1891 2908 humilitatem
1904 2892 2021 2909 commen-

1454 2926 1543 2949 daverit
1560 2926 1600 2948 195
1618 2926 1656 2948 58.
1667 2932 1702 2955 sq.
1718 2938 1749 2942 —
1760 2928 1872 2954 qnantum
1886 2925 2019 2947 humiliatus

1453 2965 1520 2988 fuerit
1538 2966 1577 2987 111
1608 2965 1630 2987 4.
1651 2965 1695 2987 195
1713 2965 1750 2987 59.
1768 2971 1803 2993 sq.
1824 2977 1855 2981 —-
1871 2971 1917 2987 non
1937 2964 2019 2992 legitur

1453 3005 1580 3033 equitasse,
1598 3005 1637 3027 sed
1656 3005 1758 3027 asinasse
1776 3004 1821 3026 444
1838 3004 1866 3026 23
