<?xml version="1.0" encoding="UTF-8"?>
<!DOCTYPE html PUBLIC "-//W3C//DTD XHTML 1.0 Transitional//EN"
    "http://www.w3.org/TR/xhtml1/DTD/xhtml1-transitional.dtd">
<html xmlns="http://www.w3.org/1999/xhtml" xml:lang="en" lang="en">
 <head>
  <title>
</title>
<meta http-equiv="Content-Type" content="text/html;charset=utf-8" />
  <meta name='ocr-system' content='tesseract 3.04.00' />
  <meta name='ocr-capabilities' content='ocr_page ocr_carea ocr_par ocr_line ocrx_word'/>
</head>
<body>
  <div class='ocr_page' id='page_1' title='image "./doctorisseraphic08bona_0071.png"; bbox 0 0 2133 3317; ppageno 0'>
   <div class='ocr_carea' id='block_1_1' title="bbox 781 221 1120 251">
    <p class='ocr_par' dir='ltr' id='par_1_1' title="bbox 781 221 1120 251">
     <span class='ocr_line' id='line_1_1' title="bbox 781 221 1120 251; baseline 0.006 -2"><span class='ocrx_word' id='word_1_1' title='bbox 781 221 1020 250; x_wconf 81' lang='lat' dir='ltr'>PROLEGOMENA</span> <span class='ocrx_word' id='word_1_2' title='bbox 1042 223 1070 251; x_wconf 88' lang='lat' dir='ltr'><em>C.</em></span> <span class='ocrx_word' id='word_1_3' title='bbox 1093 223 1120 251; x_wconf 87' lang='lat'><em>11.</em></span> 
     </span>
    </p>
   </div>
   <div class='ocr_carea' id='block_1_2' title="bbox 72 298 925 1730">
    <p class='ocr_par' dir='ltr' id='par_1_2' title="bbox 81 298 925 561">
     <span class='ocr_line' id='line_1_2' title="bbox 144 298 925 326; baseline -0.003 -3"><span class='ocrx_word' id='word_1_4' title='bbox 144 300 165 323; x_wconf 85' lang='lat'><em>5.</em></span> <span class='ocrx_word' id='word_1_5' title='bbox 182 299 302 323; x_wconf 83' lang='lat' dir='ltr'><em>Monachii</em></span> <span class='ocrx_word' id='word_1_6' title='bbox 323 300 344 321; x_wconf 92' lang='lat' dir='ltr'><em>in</em></span> <span class='ocrx_word' id='word_1_7' title='bbox 365 299 473 325; x_wconf 67' lang='lat' dir='ltr'><em>Bai-aria,</em></span> <span class='ocrx_word' id='word_1_8' title='bbox 497 298 636 322; x_wconf 76' lang='lat' dir='ltr'>bibliotheca</span> <span class='ocrx_word' id='word_1_9' title='bbox 657 299 742 326; x_wconf 83' lang='lat' dir='ltr'><em>Regia,</em></span> <span class='ocrx_word' id='word_1_10' title='bbox 765 299 816 321; x_wconf 91' lang='lat' dir='ltr'><em>cod.</em></span> <span class='ocrx_word' id='word_1_11' title='bbox 838 299 925 321; x_wconf 83' lang='grc'>18648.</span> 
     </span>
     <span class='ocr_line' id='line_1_3' title="bbox 82 345 923 375; baseline -0.001 -6"><span class='ocrx_word' id='word_1_12' title='bbox 82 349 152 370; x_wconf 87' lang='lat' dir='ltr'><em>chart.</em></span> <span class='ocrx_word' id='word_1_13' title='bbox 172 347 194 369; x_wconf 93' lang='lat' dir='ltr'><em>in</em></span> <span class='ocrx_word' id='word_1_14' title='bbox 213 346 234 369; x_wconf 85' lang='lat'><em>4.</em></span> <span class='ocrx_word' id='word_1_15' title='bbox 251 352 311 369; x_wconf 87' lang='lat' dir='ltr'><em>saec.</em></span> <span class='ocrx_word' id='word_1_16' title='bbox 324 346 375 369; x_wconf 83' lang='lat' dir='ltr'><em>XV.</em></span> <span class='ocrx_word' id='word_1_17' title='bbox 391 358 422 363; x_wconf 91' lang='lat'><em>-—</em></span> <span class='ocrx_word' id='word_1_18' title='bbox 440 346 485 369; x_wconf 87' lang='lat' dir='ltr'><em>Fol.</em></span> <span class='ocrx_word' id='word_1_19' title='bbox 506 347 524 368; x_wconf 97' lang='grc'><em>1.</em></span> <span class='ocrx_word' id='word_1_20' title='bbox 541 353 571 369; x_wconf 86' lang='lat' dir='ltr'><em>r.:</em></span> <span class='ocrx_word' id='word_1_21' title='bbox 589 345 673 375; x_wconf 76' lang='lat' dir='ltr'><em>Incipit</em></span> <span class='ocrx_word' id='word_1_22' title='bbox 688 347 805 369; x_wconf 85' lang='lat' dir='ltr'><em>tractatus</em></span> <span class='ocrx_word' id='word_1_23' title='bbox 823 345 858 369; x_wconf 77' lang='lat' dir='ltr'><em>uel</em></span> <span class='ocrx_word' id='word_1_24' title='bbox 873 352 923 369; x_wconf 85' lang='lat' dir='ltr'><em>ser-</em></span> 
     </span>
     <span class='ocr_line' id='line_1_4' title="bbox 81 392 923 423; baseline -0.001 -6"><span class='ocrx_word' id='word_1_25' title='bbox 81 400 120 418; x_wconf 88' lang='lat' dir='ltr'><em>mo</em></span> <span class='ocrx_word' id='word_1_26' title='bbox 136 393 231 417; x_wconf 82' lang='lat' dir='ltr'><em>devotus</em></span> <span class='ocrx_word' id='word_1_27' title='bbox 248 395 270 416; x_wconf 87' lang='lat' dir='ltr'><em>et</em></span> <span class='ocrx_word' id='word_1_28' title='bbox 286 393 351 416; x_wconf 82' lang='lat' dir='ltr'><em>utilis</em></span> <span class='ocrx_word' id='word_1_29' title='bbox 368 393 396 416; x_wconf 84' lang='lat' dir='ltr'><em>de</em></span> <span class='ocrx_word' id='word_1_30' title='bbox 409 393 521 423; x_wconf 74' lang='lat' dir='ltr'><em>passione.</em></span> <span class='ocrx_word' id='word_1_31' title='bbox 538 393 670 421; x_wconf 77' lang='lat' dir='ltr'><em>dominica,</em></span> <span class='ocrx_word' id='word_1_32' title='bbox 687 393 762 416; x_wconf 83' lang='lat' dir='ltr'><em>editus</em></span> <span class='ocrx_word' id='word_1_33' title='bbox 773 399 788 416; x_wconf 93' lang='lat' dir='ltr'><em>a</em></span> <span class='ocrx_word' id='word_1_34' title='bbox 804 392 923 416; x_wconf 76' lang='lat' dir='ltr'><em>cardinali</em></span> 
     </span>
     <span class='ocr_line' id='line_1_5' title="bbox 81 439 921 469; baseline -0.004 -5"><span class='ocrx_word' id='word_1_35' title='bbox 81 441 247 464; x_wconf 75' lang='lat' dir='ltr'><em>Bonaventnra</em></span> <span class='ocrx_word' id='word_1_36' title='bbox 264 446 337 469; x_wconf 73' lang='lat' dir='ltr'><em>super</em></span> <span class='ocrx_word' id='word_1_37' title='bbox 354 439 393 463; x_wconf 86' lang='lat' dir='ltr'><em>illo</em></span> <span class='ocrx_word' id='word_1_38' title='bbox 412 439 480 463; x_wconf 78' lang='lat' dir='ltr'><em>verbo</em></span> <span class='ocrx_word' id='word_1_39' title='bbox 498 439 625 463; x_wconf 83' lang='lat' dir='ltr'><em>Iohannis:</em></span> <span class='ocrx_word' id='word_1_40' title='bbox 644 440 694 469; x_wconf 72' lang='lat' dir='ltr'><em>Eyo</em></span> <span class='ocrx_word' id='word_1_41' title='bbox 715 446 768 462; x_wconf 76' lang='lat' dir='ltr'><em>suin</em></span> <span class='ocrx_word' id='word_1_42' title='bbox 786 439 839 463; x_wconf 73' lang='lat' dir='ltr'><em>ritis</em></span> <span class='ocrx_word' id='word_1_43' title='bbox 858 446 921 462; x_wconf 78' lang='lat' dir='ltr'><em>cera.</em></span> 
     </span>
     <span class='ocr_line' id='line_1_6' title="bbox 81 486 921 516; baseline -0.002 -6"><span class='ocrx_word' id='word_1_44' title='bbox 81 487 167 510; x_wconf 80' lang='lat' dir='ltr'><em>Desinit</em></span> <span class='ocrx_word' id='word_1_45' title='bbox 184 487 220 509; x_wconf 86' lang='grc'>101.</span> <span class='ocrx_word' id='word_1_46' title='bbox 243 487 276 509; x_wconf 93' lang='grc'><em>17.</em></span> <span class='ocrx_word' id='word_1_47' title='bbox 293 493 324 509; x_wconf 83' lang='lat' dir='ltr'><em>r.:</em></span> <span class='ocrx_word' id='word_1_48' title='bbox 345 486 475 509; x_wconf 80' lang='lat' dir='ltr'><em>Divinitatis</em></span> <span class='ocrx_word' id='word_1_49' title='bbox 493 487 531 509; x_wconf 84' lang='lat' dir='ltr'><em>tue</em></span> <span class='ocrx_word' id='word_1_50' title='bbox 548 486 677 516; x_wconf 73' lang='lat' dir='ltr'><em>imayinem</em></span> <span class='ocrx_word' id='word_1_51' title='bbox 688 486 855 516; x_wconf 76' lang='lat' dir='ltr'><em>reformemur.</em></span> <span class='ocrx_word' id='word_1_52' title='bbox 868 486 921 509; x_wconf 86' lang='lat' dir='ltr'><em>Pre-</em></span> 
     </span>
     <span class='ocr_line' id='line_1_7' title="bbox 81 531 784 561; baseline -0.003 -5"><span class='ocrx_word' id='word_1_53' title='bbox 81 534 156 556; x_wconf 79' lang='lat' dir='ltr'><em>stante</em></span> <span class='ocrx_word' id='word_1_54' title='bbox 171 532 271 555; x_wconf 83' lang='lat' dir='ltr'><em>Domino</em></span> <span class='ocrx_word' id='word_1_55' title='bbox 288 533 378 555; x_wconf 87' lang='lat' dir='ltr'><em>nostro.</em></span> <span class='ocrx_word' id='word_1_56' title='bbox 395 532 476 554; x_wconf 83' lang='lat' dir='ltr'><em>Amen.</em></span> <span class='ocrx_word' id='word_1_57' title='bbox 495 532 542 554; x_wconf 76' lang='lat' dir='ltr'><em>Deo</em></span> <span class='ocrx_word' id='word_1_58' title='bbox 559 531 659 561; x_wconf 65' lang='lat' dir='ltr'><em>gratias.</em></span> <span class='ocrx_word' id='word_1_59' title='bbox 677 531 740 559; x_wconf 84' lang='lat' dir='ltr'><em>Sign.</em></span> <span class='ocrx_word' id='word_1_60' title='bbox 758 532 784 554; x_wconf 93' lang='lat' dir='ltr'><em>D.</em></span> 
     </span>
    </p>

    <p class='ocr_par' dir='ltr' id='par_1_3' title="bbox 79 578 921 840">
     <span class='ocr_line' id='line_1_8' title="bbox 142 578 921 607; baseline -0.001 -5"><span class='ocrx_word' id='word_1_61' title='bbox 142 580 165 602; x_wconf 81' lang='grc'><em>6.</em></span> <span class='ocrx_word' id='word_1_62' title='bbox 181 579 279 607; x_wconf 81' lang='lat' dir='ltr'><em>Ibidem,</em></span> <span class='ocrx_word' id='word_1_63' title='bbox 297 579 349 601; x_wconf 79' lang='lat' dir='ltr'><em>cod.</em></span> <span class='ocrx_word' id='word_1_64' title='bbox 368 579 451 601; x_wconf 76' lang='grc'>18649.</span> <span class='ocrx_word' id='word_1_65' title='bbox 464 580 536 601; x_wconf 82' lang='lat' dir='ltr'><em>chart.</em></span> <span class='ocrx_word' id='word_1_66' title='bbox 553 579 574 601; x_wconf 93' lang='lat' dir='ltr'><em>in</em></span> <span class='ocrx_word' id='word_1_67' title='bbox 592 579 614 601; x_wconf 87' lang='lat'><em>4.</em></span> <span class='ocrx_word' id='word_1_68' title='bbox 631 584 691 601; x_wconf 85' lang='lat' dir='ltr'><em>saec.</em></span> <span class='ocrx_word' id='word_1_69' title='bbox 705 579 755 602; x_wconf 88' lang='lat' dir='ltr'><em>XV.</em></span> <span class='ocrx_word' id='word_1_70' title='bbox 773 591 801 594; x_wconf 88' lang='lat'><em>—-</em></span> <span class='ocrx_word' id='word_1_71' title='bbox 818 578 921 607; x_wconf 89' lang='lat' dir='ltr'><em>Opuscu-</em></span> 
     </span>
     <span class='ocr_line' id='line_1_9' title="bbox 80 624 919 654; baseline -0.001 -5"><span class='ocrx_word' id='word_1_72' title='bbox 80 627 126 649; x_wconf 89' lang='lat' dir='ltr'><em>lum</em></span> <span class='ocrx_word' id='word_1_73' title='bbox 143 626 222 654; x_wconf 77' lang='lat' dir='ltr'><em>incipit</em></span> <span class='ocrx_word' id='word_1_74' title='bbox 234 626 272 648; x_wconf 83' lang='lat' dir='ltr'><em>iol.</em></span> <span class='ocrx_word' id='word_1_75' title='bbox 289 626 341 648; x_wconf 85' lang='grc'>216.</span> <span class='ocrx_word' id='word_1_76' title='bbox 354 632 373 648; x_wconf 93' lang='lat' dir='ltr'><em>r.</em></span> <span class='ocrx_word' id='word_1_77' title='bbox 385 632 438 648; x_wconf 85' lang='lat' dir='ltr'><em>cum</em></span> <span class='ocrx_word' id='word_1_78' title='bbox 456 627 498 648; x_wconf 88' lang='lat' dir='ltr'><em>hac</em></span> <span class='ocrx_word' id='word_1_79' title='bbox 510 625 616 648; x_wconf 76' lang='lat' dir='ltr'>rubrica:</span> <span class='ocrx_word' id='word_1_80' title='bbox 635 626 760 649; x_wconf 82' lang='lat' dir='ltr'><em>Tractatus</em></span> <span class='ocrx_word' id='word_1_81' title='bbox 777 624 868 648; x_wconf 83' lang='lat' dir='ltr'><em>domini</em></span> <span class='ocrx_word' id='word_1_82' title='bbox 879 626 919 648; x_wconf 89' lang='lat' dir='ltr'><em>Bo-</em></span> 
     </span>
     <span class='ocr_line' id='line_1_10' title="bbox 79 671 918 701; baseline -0.001 -5"><span class='ocrx_word' id='word_1_83' title='bbox 79 674 209 696; x_wconf 79' lang='lat' dir='ltr'><em>naventure</em></span> <span class='ocrx_word' id='word_1_84' title='bbox 232 671 260 695; x_wconf 82' lang='lat' dir='ltr'><em>de</em></span> <span class='ocrx_word' id='word_1_85' title='bbox 273 672 385 701; x_wconf 81' lang='lat' dir='ltr'><em>passione</em></span> <span class='ocrx_word' id='word_1_86' title='bbox 410 671 505 695; x_wconf 82' lang='lat' dir='ltr'><em>Domini</em></span> <span class='ocrx_word' id='word_1_87' title='bbox 531 678 603 701; x_wconf 86' lang='lat' dir='ltr'><em>super</em></span> <span class='ocrx_word' id='word_1_88' title='bbox 628 671 669 695; x_wconf 87' lang='lat' dir='ltr'><em>itlo</em></span> <span class='ocrx_word' id='word_1_89' title='bbox 694 671 765 695; x_wconf 78' lang='lat' dir='ltr'><em>verbo</em></span> <span class='ocrx_word' id='word_1_90' title='bbox 789 671 918 695; x_wconf 83' lang='lat' dir='ltr'><em>Iohannis:</em></span> 
     </span>
     <span class='ocr_line' id='line_1_11' title="bbox 80 718 920 749; baseline -0.001 -7"><span class='ocrx_word' id='word_1_91' title='bbox 80 720 129 749; x_wconf 69' lang='lat' dir='ltr'><em>Epo</em></span> <span class='ocrx_word' id='word_1_92' title='bbox 145 725 199 742; x_wconf 81' lang='lat' dir='ltr'><em>sum</em></span> <span class='ocrx_word' id='word_1_93' title='bbox 216 718 268 742; x_wconf 80' lang='lat' dir='ltr'><em>vitis</em></span> <span class='ocrx_word' id='word_1_94' title='bbox 285 725 350 741; x_wconf 87' lang='lat' dir='ltr'><em>vera.</em></span> <span class='ocrx_word' id='word_1_95' title='bbox 367 719 452 741; x_wconf 75' lang='lat' dir='ltr'><em>Desinit</em></span> <span class='ocrx_word' id='word_1_96' title='bbox 468 719 504 741; x_wconf 82' lang='lat' dir='ltr'><em>rol.</em></span> <span class='ocrx_word' id='word_1_97' title='bbox 529 719 581 741; x_wconf 83' lang='lat'><em>243.</em></span> <span class='ocrx_word' id='word_1_98' title='bbox 599 725 617 741; x_wconf 95' lang='lat' dir='ltr'><em>r.</em></span> <span class='ocrx_word' id='word_1_99' title='bbox 639 721 664 741; x_wconf 87' lang='lat' dir='ltr'><em>ut</em></span> <span class='ocrx_word' id='word_1_100' title='bbox 681 719 703 741; x_wconf 91' lang='lat' dir='ltr'><em>in</em></span> <span class='ocrx_word' id='word_1_101' title='bbox 726 719 805 741; x_wconf 88' lang='lat' dir='ltr'><em>codice</em></span> <span class='ocrx_word' id='word_1_102' title='bbox 828 725 920 746; x_wconf 82' lang='lat' dir='ltr'><em>praece-</em></span> 
     </span>
     <span class='ocr_line' id='line_1_12' title="bbox 79 764 918 794; baseline 0 -6"><span class='ocrx_word' id='word_1_103' title='bbox 79 765 153 788; x_wconf 83' lang='lat' dir='ltr'>dente.</span> <span class='ocrx_word' id='word_1_104' title='bbox 170 765 257 787; x_wconf 85' lang='lat' dir='ltr'><em>Deinde</em></span> <span class='ocrx_word' id='word_1_105' title='bbox 273 765 316 787; x_wconf 88' lang='lat' dir='ltr'><em>alia</em></span> <span class='ocrx_word' id='word_1_106' title='bbox 333 771 415 787; x_wconf 82' lang='lat' dir='ltr'><em>manus</em></span> <span class='ocrx_word' id='word_1_107' title='bbox 437 765 541 788; x_wconf 84' lang='lat' dir='ltr'><em>eiusdem</em></span> <span class='ocrx_word' id='word_1_108' title='bbox 559 765 610 787; x_wconf 86' lang='lat' dir='ltr'><em>aevi</em></span> <span class='ocrx_word' id='word_1_109' title='bbox 628 765 728 787; x_wconf 90' lang='lat' dir='ltr'><em>addidit:</em></span> <span class='ocrx_word' id='word_1_110' title='bbox 753 764 856 794; x_wconf 67' lang='lat' dir='ltr'><em>Empticit</em></span> <span class='ocrx_word' id='word_1_111' title='bbox 872 767 918 788; x_wconf 85' lang='lat' dir='ltr'><em>tra·</em></span> 
     </span>
     <span class='ocr_line' id='line_1_13' title="bbox 79 811 568 840; baseline -0.004 -4"><span class='ocrx_word' id='word_1_112' title='bbox 79 813 155 836; x_wconf 81' lang='lat' dir='ltr'><em>clatus</em></span> <span class='ocrx_word' id='word_1_113' title='bbox 171 811 261 835; x_wconf 83' lang='lat' dir='ltr'><em>domini</em></span> <span class='ocrx_word' id='word_1_114' title='bbox 274 812 447 835; x_wconf 75' lang='lat' dir='ltr'><em>Bonauenture.</em></span> <span class='ocrx_word' id='word_1_115' title='bbox 465 812 527 840; x_wconf 77' lang='lat' dir='ltr'><em>sign.</em></span> <span class='ocrx_word' id='word_1_116' title='bbox 546 813 568 834; x_wconf 82' lang='grc' dir='ltr'><em>Ε.</em></span> 
     </span>
    </p>

    <p class='ocr_par' dir='ltr' id='par_1_4' title="bbox 77 858 920 1075">
     <span class='ocr_line' id='line_1_14' title="bbox 139 858 919 887; baseline 0 -6"><span class='ocrx_word' id='word_1_117' title='bbox 139 859 160 881; x_wconf 96' lang='lat'><em>7.</em></span> <span class='ocrx_word' id='word_1_118' title='bbox 184 858 341 887; x_wconf 85' lang='lat' dir='ltr'><em>Vindobonae‚</em></span> <span class='ocrx_word' id='word_1_119' title='bbox 364 858 501 881; x_wconf 77' lang='lat' dir='ltr'><em>bibliotheca</em></span> <span class='ocrx_word' id='word_1_120' title='bbox 519 859 630 887; x_wconf 89' lang='lat' dir='ltr'><em>Palatina,</em></span> <span class='ocrx_word' id='word_1_121' title='bbox 648 859 699 881; x_wconf 90' lang='lat' dir='ltr'><em>cod.</em></span> <span class='ocrx_word' id='word_1_122' title='bbox 717 859 785 881; x_wconf 83' lang='lat'><em>4¹78.</em></span> <span class='ocrx_word' id='word_1_123' title='bbox 808 860 880 882; x_wconf 86' lang='lat' dir='ltr'><em>chart.</em></span> <span class='ocrx_word' id='word_1_124' title='bbox 896 860 919 882; x_wconf 92' lang='lat' dir='ltr'><em>in</em></span> 
     </span>
     <span class='ocr_line' id='line_1_15' title="bbox 79 905 920 936; baseline 0 -7"><span class='ocrx_word' id='word_1_125' title='bbox 79 906 116 929; x_wconf 78' lang='lat' dir='ltr'><em>sol.</em></span> <span class='ocrx_word' id='word_1_126' title='bbox 132 911 191 928; x_wconf 86' lang='lat' dir='ltr'><em>saec.</em></span> <span class='ocrx_word' id='word_1_127' title='bbox 209 906 260 928; x_wconf 89' lang='lat' dir='ltr'><em>XV.</em></span> <span class='ocrx_word' id='word_1_128' title='bbox 277 919 306 922; x_wconf 90' lang='lat'><em>-—</em></span> <span class='ocrx_word' id='word_1_129' title='bbox 323 906 370 928; x_wconf 87' lang='lat' dir='ltr'><em>Fol.</em></span> <span class='ocrx_word' id='word_1_130' title='bbox 395 906 444 928; x_wconf 82' lang='grc'>121.</span> <span class='ocrx_word' id='word_1_131' title='bbox 465 913 487 928; x_wconf 87' lang='grc' dir='ltr'><em>ν.</em></span> <span class='ocrx_word' id='word_1_132' title='bbox 510 906 606 934; x_wconf 83' lang='lat' dir='ltr'><em>legitur:</em></span> <span class='ocrx_word' id='word_1_133' title='bbox 623 905 708 936; x_wconf 76' lang='lat' dir='ltr'><em>Incipit</em></span> <span class='ocrx_word' id='word_1_134' title='bbox 727 906 839 936; x_wconf 83' lang='lat' dir='ltr'><em>planctus</em></span> <span class='ocrx_word' id='word_1_135' title='bbox 856 907 920 929; x_wconf 86' lang='lat' dir='ltr'><em>Bone</em></span> 
     </span>
     <span class='ocr_line' id='line_1_16' title="bbox 81 951 917 982; baseline 0 -6"><span class='ocrx_word' id='word_1_136' title='bbox 81 953 182 976; x_wconf 73' lang='lat' dir='ltr'><em>venture</em></span> <span class='ocrx_word' id='word_1_137' title='bbox 204 951 231 975; x_wconf 88' lang='lat' dir='ltr'><em>de</em></span> <span class='ocrx_word' id='word_1_138' title='bbox 250 952 362 982; x_wconf 79' lang='lat' dir='ltr'><em>passione</em></span> <span class='ocrx_word' id='word_1_139' title='bbox 380 952 480 975; x_wconf 89' lang='lat' dir='ltr'><em>Domini.</em></span> <span class='ocrx_word' id='word_1_140' title='bbox 498 953 548 982; x_wconf 74' lang='lat' dir='ltr'><em>Eyo</em></span> <span class='ocrx_word' id='word_1_141' title='bbox 564 959 619 975; x_wconf 85' lang='lat' dir='ltr'><em>sum</em></span> <span class='ocrx_word' id='word_1_142' title='bbox 636 952 715 976; x_wconf 86' lang='lat' dir='ltr'><em>vitis...</em></span> <span class='ocrx_word' id='word_1_143' title='bbox 735 952 754 975; x_wconf 93' lang='grc'><em>0</em></span> <span class='ocrx_word' id='word_1_144' title='bbox 771 953 824 975; x_wconf 80' lang='lat' dir='ltr'><em>lesit</em></span> <span class='ocrx_word' id='word_1_145' title='bbox 841 952 917 981; x_wconf 83' lang='lat' dir='ltr'><em>mitis,</em></span> 
     </span>
     <span class='ocr_line' id='line_1_17' title="bbox 77 998 918 1029; baseline -0.001 -6"><span class='ocrx_word' id='word_1_146' title='bbox 77 999 135 1023; x_wconf 76' lang='lat' dir='ltr'><em>veni.</em></span> <span class='ocrx_word' id='word_1_147' title='bbox 154 998 240 1022; x_wconf 77' lang='lat' dir='ltr'><em>Desinit</em></span> <span class='ocrx_word' id='word_1_148' title='bbox 256 999 292 1021; x_wconf 83' lang='grc'>101.</span> <span class='ocrx_word' id='word_1_149' title='bbox 311 999 364 1021; x_wconf 87' lang='grc'>133.</span> <span class='ocrx_word' id='word_1_150' title='bbox 380 1005 399 1021; x_wconf 90' lang='lat' dir='ltr'><em>r.</em></span> <span class='ocrx_word' id='word_1_151' title='bbox 421 1005 475 1022; x_wconf 88' lang='lat' dir='ltr'><em>cum</em></span> <span class='ocrx_word' id='word_1_152' title='bbox 495 999 606 1027; x_wconf 81' lang='lat' dir='ltr'><em>editione,</em></span> <span class='ocrx_word' id='word_1_153' title='bbox 624 999 715 1022; x_wconf 89' lang='lat' dir='ltr'><em>addito:</em></span> <span class='ocrx_word' id='word_1_154' title='bbox 732 999 837 1029; x_wconf 74' lang='lat' dir='ltr'><em>Eacplicit</em></span> <span class='ocrx_word' id='word_1_155' title='bbox 850 999 918 1029; x_wconf 88' lang='lat' dir='ltr'><em>plan-</em></span> 
     </span>
     <span class='ocr_line' id='line_1_18' title="bbox 77 1045 736 1075; baseline -0.002 -6"><span class='ocrx_word' id='word_1_156' title='bbox 77 1047 128 1069; x_wconf 79' lang='lat' dir='ltr'><em>ctus</em></span> <span class='ocrx_word' id='word_1_157' title='bbox 144 1046 207 1069; x_wconf 87' lang='lat' dir='ltr'><em>Bone</em></span> <span class='ocrx_word' id='word_1_158' title='bbox 224 1047 321 1069; x_wconf 83' lang='lat' dir='ltr'><em>venture</em></span> <span class='ocrx_word' id='word_1_159' title='bbox 338 1045 366 1068; x_wconf 85' lang='lat' dir='ltr'><em>de</em></span> <span class='ocrx_word' id='word_1_160' title='bbox 379 1045 491 1075; x_wconf 79' lang='lat' dir='ltr'><em>passione</em></span> <span class='ocrx_word' id='word_1_161' title='bbox 510 1045 612 1069; x_wconf 82' lang='lat' dir='ltr'><em>Domini.</em></span> <span class='ocrx_word' id='word_1_162' title='bbox 630 1046 692 1074; x_wconf 84' lang='lat' dir='ltr'><em>Sign.</em></span> <span class='ocrx_word' id='word_1_163' title='bbox 710 1046 736 1068; x_wconf 83' lang='grc' dir='ltr'><em>Η.</em></span> 
     </span>
    </p>

    <p class='ocr_par' dir='ltr' id='par_1_5' title="bbox 76 1092 918 1307">
     <span class='ocr_line' id='line_1_19' title="bbox 140 1092 918 1120; baseline 0 -5"><span class='ocrx_word' id='word_1_164' title='bbox 140 1093 161 1114; x_wconf 82' lang='grc'><em>8.</em></span> <span class='ocrx_word' id='word_1_165' title='bbox 177 1092 283 1120; x_wconf 85' lang='lat' dir='ltr'><em>Zwettel,</em></span> <span class='ocrx_word' id='word_1_166' title='bbox 302 1092 438 1115; x_wconf 81' lang='lat' dir='ltr'><em>bibliotheca</em></span> <span class='ocrx_word' id='word_1_167' title='bbox 456 1093 598 1120; x_wconf 70' lang='lat' dir='ltr'><em>nonasterii,</em></span> <span class='ocrx_word' id='word_1_168' title='bbox 615 1093 667 1116; x_wconf 89' lang='lat' dir='ltr'><em>cod.</em></span> <span class='ocrx_word' id='word_1_169' title='bbox 683 1093 721 1115; x_wconf 88' lang='lat'><em>76.</em></span> <span class='ocrx_word' id='word_1_170' title='bbox 738 1093 837 1116; x_wconf 84' lang='lat' dir='ltr'><em>membr.</em></span> <span class='ocrx_word' id='word_1_171' title='bbox 857 1099 918 1116; x_wconf 89' lang='lat' dir='ltr'><em>saec.</em></span> 
     </span>
     <span class='ocr_line' id='line_1_20' title="bbox 76 1139 917 1167; baseline 0.001 -6"><span class='ocrx_word' id='word_1_172' title='bbox 76 1139 135 1162; x_wconf 88' lang='lat' dir='ltr'><em>XlV.</em></span> <span class='ocrx_word' id='word_1_173' title='bbox 152 1151 183 1155; x_wconf 97' lang='lat'><strong>—</strong></span> <span class='ocrx_word' id='word_1_174' title='bbox 199 1139 246 1161; x_wconf 84' lang='lat' dir='ltr'><em>Hoc</em></span> <span class='ocrx_word' id='word_1_175' title='bbox 271 1139 408 1166; x_wconf 90' lang='lat' dir='ltr'><em>opusculum</em></span> <span class='ocrx_word' id='word_1_176' title='bbox 426 1139 505 1167; x_wconf 91' lang='lat' dir='ltr'><em>incipit</em></span> <span class='ocrx_word' id='word_1_177' title='bbox 517 1140 554 1162; x_wconf 87' lang='grc'>101.</span> <span class='ocrx_word' id='word_1_178' title='bbox 575 1146 621 1162; x_wconf 86' lang='grc'>11011</span> <span class='ocrx_word' id='word_1_179' title='bbox 639 1142 758 1162; x_wconf 88' lang='lat' dir='ltr'><em>numerato</em></span> <span class='ocrx_word' id='word_1_180' title='bbox 775 1139 820 1162; x_wconf 92' lang='lat' dir='ltr'><em>sub</em></span> <span class='ocrx_word' id='word_1_181' title='bbox 837 1140 917 1163; x_wconf 86' lang='lat' dir='ltr'><em>titulo:</em></span> 
     </span>
     <span class='ocr_line' id='line_1_21' title="bbox 76 1185 918 1216; baseline 0.001 -8"><span class='ocrx_word' id='word_1_182' title='bbox 76 1185 188 1208; x_wconf 83' lang='lat' dir='ltr'><em>Planctus</em></span> <span class='ocrx_word' id='word_1_183' title='bbox 209 1185 371 1208; x_wconf 81' lang='lat' dir='ltr'><em>Boneventure</em></span> <span class='ocrx_word' id='word_1_184' title='bbox 392 1185 420 1208; x_wconf 75' lang='lat' dir='ltr'><em>cte</em></span> <span class='ocrx_word' id='word_1_185' title='bbox 433 1185 545 1215; x_wconf 78' lang='lat' dir='ltr'><em>passione</em></span> <span class='ocrx_word' id='word_1_186' title='bbox 568 1185 667 1209; x_wconf 83' lang='lat' dir='ltr'><em>Domini.</em></span> <span class='ocrx_word' id='word_1_187' title='bbox 687 1186 814 1216; x_wconf 74' lang='lat' dir='ltr'><em>I&#39;roloyus.</em></span> <span class='ocrx_word' id='word_1_188' title='bbox 832 1186 918 1209; x_wconf 84' lang='lat' dir='ltr'><em>Desinit</em></span> 
     </span>
     <span class='ocr_line' id='line_1_22' title="bbox 76 1232 916 1262; baseline 0.001 -8"><span class='ocrx_word' id='word_1_189' title='bbox 76 1235 101 1255; x_wconf 87' lang='lat' dir='ltr'><em>ut</em></span> <span class='ocrx_word' id='word_1_190' title='bbox 118 1232 139 1255; x_wconf 94' lang='lat' dir='ltr'><em>in</em></span> <span class='ocrx_word' id='word_1_191' title='bbox 161 1232 222 1255; x_wconf 86' lang='lat' dir='ltr'><em>edito</em></span> <span class='ocrx_word' id='word_1_192' title='bbox 242 1238 295 1254; x_wconf 89' lang='lat' dir='ltr'><em>cum</em></span> <span class='ocrx_word' id='word_1_193' title='bbox 317 1232 447 1255; x_wconf 87' lang='lat' dir='ltr'><em>additione:</em></span> <span class='ocrx_word' id='word_1_194' title='bbox 470 1232 575 1262; x_wconf 72' lang='lat' dir='ltr'><em>Eoeplz&#39;cit</em></span> <span class='ocrx_word' id='word_1_195' title='bbox 594 1232 705 1262; x_wconf 83' lang='lat' dir='ltr'><em>planctus</em></span> <span class='ocrx_word' id='word_1_196' title='bbox 728 1233 791 1256; x_wconf 84' lang='lat' dir='ltr'><em>Bone</em></span> <span class='ocrx_word' id='word_1_197' title='bbox 813 1234 916 1256; x_wconf 70' lang='lat' dir='ltr'><em>uenture.</em></span> 
     </span>
     <span class='ocr_line' id='line_1_23' title="bbox 77 1279 180 1307; baseline 0.01 -6"><span class='ocrx_word' id='word_1_198' title='bbox 77 1279 140 1307; x_wconf 85' lang='lat' dir='ltr'><em>Sign.</em></span> <span class='ocrx_word' id='word_1_199' title='bbox 156 1279 180 1302; x_wconf 91' lang='lat' dir='ltr'><em>F.</em></span> 
     </span>
    </p>

    <p class='ocr_par' dir='ltr' id='par_1_6' title="bbox 72 1325 916 1730">
     <span class='ocr_line' id='line_1_24' title="bbox 137 1325 916 1354; baseline 0.001 -6"><span class='ocrx_word' id='word_1_200' title='bbox 137 1327 182 1348; x_wconf 86' lang='lat' dir='ltr'><em>lam</em></span> <span class='ocrx_word' id='word_1_201' title='bbox 200 1332 270 1354; x_wconf 86' lang='lat' dir='ltr'><em>supra</em></span> <span class='ocrx_word' id='word_1_202' title='bbox 288 1325 317 1348; x_wconf 92' lang='lat' dir='ltr'><em>de</em></span> <span class='ocrx_word' id='word_1_203' title='bbox 341 1326 377 1348; x_wconf 89' lang='lat' dir='ltr'><em>his</em></span> <span class='ocrx_word' id='word_1_204' title='bbox 398 1325 518 1348; x_wconf 83' lang='lat' dir='ltr'><em>codicibus</em></span> <span class='ocrx_word' id='word_1_205' title='bbox 542 1326 606 1354; x_wconf 86' lang='lat' dir='ltr'><em>plura</em></span> <span class='ocrx_word' id='word_1_206' title='bbox 632 1326 740 1349; x_wconf 83' lang='lat' dir='ltr'><em>diximus.</em></span> <span class='ocrx_word' id='word_1_207' title='bbox 765 1327 916 1349; x_wconf 85' lang='lat' dir='ltr'><em>Solnmmodo</em></span> 
     </span>
     <span class='ocr_line' id='line_1_25' title="bbox 75 1373 914 1402; baseline 0.001 -7"><span class='ocrx_word' id='word_1_208' title='bbox 75 1373 143 1395; x_wconf 86' lang='lat' dir='ltr'><em>codd.</em></span> <span class='ocrx_word' id='word_1_209' title='bbox 162 1375 178 1395; x_wconf 80' lang='grc' dir='ltr'>Α</span> <span class='ocrx_word' id='word_1_210' title='bbox 190 1373 205 1394; x_wconf 87' lang='grc' dir='ltr'><strong>Β</strong></span> <span class='ocrx_word' id='word_1_211' title='bbox 222 1376 295 1395; x_wconf 89' lang='lat' dir='ltr'><em>totum</em></span> <span class='ocrx_word' id='word_1_212' title='bbox 312 1379 371 1401; x_wconf 89' lang='lat' dir='ltr'><em>opus</em></span> <span class='ocrx_word' id='word_1_213' title='bbox 388 1379 399 1395; x_wconf 88' lang='lat' dir='ltr'><em>a</em></span> <span class='ocrx_word' id='word_1_214' title='bbox 424 1373 507 1395; x_wconf 88' lang='lat' dir='ltr'><em>Bonelli</em></span> <span class='ocrx_word' id='word_1_215' title='bbox 532 1373 615 1395; x_wconf 88' lang='lat' dir='ltr'><em>iterum</em></span> <span class='ocrx_word' id='word_1_216' title='bbox 637 1373 724 1396; x_wconf 90' lang='lat' dir='ltr'><em>editum</em></span> <span class='ocrx_word' id='word_1_217' title='bbox 741 1373 869 1402; x_wconf 84' lang='lat' dir='ltr'><em>continent,</em></span> <span class='ocrx_word' id='word_1_218' title='bbox 892 1377 914 1396; x_wconf 90' lang='lat' dir='ltr'><em>et</em></span> 
     </span>
     <span class='ocr_line' id='line_1_26' title="bbox 75 1419 914 1448; baseline 0.002 -7"><span class='ocrx_word' id='word_1_219' title='bbox 75 1419 126 1442; x_wconf 91' lang='lat' dir='ltr'><em>ideo</em></span> <span class='ocrx_word' id='word_1_220' title='bbox 142 1419 208 1441; x_wconf 80' lang='lat' dir='ltr'><em>aliani</em></span> <span class='ocrx_word' id='word_1_221' title='bbox 227 1419 336 1442; x_wconf 76' lang='lat' dir='ltr'><em>familiam</em></span> <span class='ocrx_word' id='word_1_222' title='bbox 354 1422 536 1448; x_wconf 85' lang='lat' dir='ltr'><em>rep1·aesentant;</em></span> <span class='ocrx_word' id='word_1_223' title='bbox 555 1420 576 1442; x_wconf 94' lang='lat' dir='ltr'><em>hi</em></span> <span class='ocrx_word' id='word_1_224' title='bbox 599 1423 676 1442; x_wconf 88' lang='lat' dir='ltr'><em>tamen</em></span> <span class='ocrx_word' id='word_1_225' title='bbox 693 1420 759 1442; x_wconf 89' lang='lat' dir='ltr'><em>utiles</em></span> <span class='ocrx_word' id='word_1_226' title='bbox 776 1421 869 1443; x_wconf 85' lang='lat' dir='ltr'><em>suerunt</em></span> <span class='ocrx_word' id='word_1_227' title='bbox 885 1421 914 1443; x_wconf 90' lang='lat' dir='ltr'><em>ad</em></span> 
     </span>
     <span class='ocr_line' id='line_1_27' title="bbox 73 1466 914 1496; baseline 0 -7"><span class='ocrx_word' id='word_1_228' title='bbox 73 1466 217 1489; x_wconf 86' lang='lat' dir='ltr'><em>emendanda</em></span> <span class='ocrx_word' id='word_1_229' title='bbox 235 1469 267 1489; x_wconf 91' lang='lat' dir='ltr'><em>tot</em></span> <span class='ocrx_word' id='word_1_230' title='bbox 284 1466 440 1489; x_wconf 85' lang='lat' dir='ltr'><em>additamenta</em></span> <span class='ocrx_word' id='word_1_231' title='bbox 454 1469 528 1489; x_wconf 82' lang='lat' dir='ltr'><em>sumta</em></span> <span class='ocrx_word' id='word_1_232' title='bbox 547 1473 574 1489; x_wconf 84' lang='lat' dir='ltr'><em>ex</em></span> <span class='ocrx_word' id='word_1_233' title='bbox 591 1467 665 1489; x_wconf 88' lang='lat' dir='ltr'><em>editis.</em></span> <span class='ocrx_word' id='word_1_234' title='bbox 682 1467 753 1489; x_wconf 87' lang='lat' dir='ltr'><em>Etiam</em></span> <span class='ocrx_word' id='word_1_235' title='bbox 771 1467 849 1496; x_wconf 87' lang='lat' dir='ltr'><em>quoad</em></span> <span class='ocrx_word' id='word_1_236' title='bbox 863 1474 914 1489; x_wconf 88' lang='lat' dir='ltr'><em>eam</em></span> 
     </span>
     <span class='ocr_line' id='line_1_28' title="bbox 73 1513 914 1542; baseline 0.001 -7"><span class='ocrx_word' id='word_1_237' title='bbox 73 1516 174 1542; x_wconf 82' lang='lat' dir='ltr'><em>partem,</em></span> <span class='ocrx_word' id='word_1_238' title='bbox 191 1519 251 1542; x_wconf 89' lang='lat' dir='ltr'><em>quae</em></span> <span class='ocrx_word' id='word_1_239' title='bbox 273 1514 371 1541; x_wconf 80' lang='lat' dir='ltr'><em>genuina</em></span> <span class='ocrx_word' id='word_1_240' title='bbox 396 1516 441 1540; x_wconf 87' lang='lat' dir='ltr'><em>est,</em></span> <span class='ocrx_word' id='word_1_241' title='bbox 459 1519 506 1536; x_wconf 93' lang='lat' dir='ltr'><em>non</em></span> <span class='ocrx_word' id='word_1_242' title='bbox 523 1519 575 1536; x_wconf 86' lang='lat' dir='ltr'><em>raro</em></span> <span class='ocrx_word' id='word_1_243' title='bbox 596 1513 703 1536; x_wconf 89' lang='lat' dir='ltr'><em>lectiones</em></span> <span class='ocrx_word' id='word_1_244' title='bbox 726 1513 799 1536; x_wconf 88' lang='lat' dir='ltr'><em>bonas</em></span> <span class='ocrx_word' id='word_1_245' title='bbox 817 1514 914 1536; x_wconf 90' lang='lat' dir='ltr'><em>aliorum</em></span> 
     </span>
     <span class='ocr_line' id='line_1_29' title="bbox 73 1560 913 1589; baseline 0 -7"><span class='ocrx_word' id='word_1_246' title='bbox 73 1560 178 1583; x_wconf 87' lang='lat' dir='ltr'><em>codicum</em></span> <span class='ocrx_word' id='word_1_247' title='bbox 196 1560 367 1582; x_wconf 80' lang='lat' dir='ltr'><em>confirmarunt.</em></span> <span class='ocrx_word' id='word_1_248' title='bbox 380 1560 424 1583; x_wconf 88' lang='lat' dir='ltr'><em>Sed</em></span> <span class='ocrx_word' id='word_1_249' title='bbox 438 1560 582 1582; x_wconf 80' lang='lat' dir='ltr'><em>manifestum</em></span> <span class='ocrx_word' id='word_1_250' title='bbox 600 1563 646 1588; x_wconf 90' lang='lat' dir='ltr'><em>est,</em></span> <span class='ocrx_word' id='word_1_251' title='bbox 658 1560 737 1589; x_wconf 85' lang='lat' dir='ltr'><em>quoad</em></span> <span class='ocrx_word' id='word_1_252' title='bbox 749 1561 807 1583; x_wconf 86' lang='lat' dir='ltr'><em>hanc</em></span> <span class='ocrx_word' id='word_1_253' title='bbox 824 1563 913 1588; x_wconf 89' lang='lat' dir='ltr'><em>partem</em></span> 
     </span>
     <span class='ocr_line' id='line_1_30' title="bbox 73 1607 913 1637; baseline 0 -7"><span class='ocrx_word' id='word_1_254' title='bbox 73 1607 186 1636; x_wconf 84' lang='lat' dir='ltr'><em>legitimos</em></span> <span class='ocrx_word' id='word_1_255' title='bbox 203 1610 271 1630; x_wconf 88' lang='lat' dir='ltr'><em>testes</em></span> <span class='ocrx_word' id='word_1_256' title='bbox 287 1614 338 1630; x_wconf 88' lang='lat' dir='ltr'><em>esse</em></span> <span class='ocrx_word' id='word_1_257' title='bbox 360 1608 409 1630; x_wconf 88' lang='lat' dir='ltr'><em>illos</em></span> <span class='ocrx_word' id='word_1_258' title='bbox 426 1613 464 1630; x_wconf 84' lang='lat' dir='ltr'><em>sex</em></span> <span class='ocrx_word' id='word_1_259' title='bbox 487 1607 578 1630; x_wconf 85' lang='lat' dir='ltr'><em>codices</em></span> <span class='ocrx_word' id='word_1_260' title='bbox 595 1608 700 1636; x_wconf 83' lang='lat' dir='ltr'><em>collatos,</em></span> <span class='ocrx_word' id='word_1_261' title='bbox 723 1608 762 1637; x_wconf 91' lang='lat' dir='ltr'><em>qui</em></span> <span class='ocrx_word' id='word_1_262' title='bbox 784 1608 913 1630; x_wconf 80' lang='lat' dir='ltr'><em>distinctam</em></span> 
     </span>
     <span class='ocr_line' id='line_1_31' title="bbox 73 1654 916 1682; baseline 0 -5"><span class='ocrx_word' id='word_1_263' title='bbox 73 1655 181 1677; x_wconf 80' lang='lat' dir='ltr'><em>familiam</em></span> <span class='ocrx_word' id='word_1_264' title='bbox 206 1657 415 1682; x_wconf 79' lang='lat' dir='ltr'><em>repraesentantes,</em></span> <span class='ocrx_word' id='word_1_265' title='bbox 437 1654 505 1676; x_wconf 82' lang='lat' dir='ltr'><em>valde</em></span> <span class='ocrx_word' id='word_1_266' title='bbox 529 1654 587 1676; x_wconf 91' lang='lat' dir='ltr'><em>inter</em></span> <span class='ocrx_word' id='word_1_267' title='bbox 608 1660 632 1676; x_wconf 89' lang='lat' dir='ltr'><em>se</em></span> <span class='ocrx_word' id='word_1_268' title='bbox 649 1655 797 1677; x_wconf 82' lang='lat' dir='ltr'><em>conveniunt.</em></span> <span class='ocrx_word' id='word_1_269' title='bbox 815 1655 916 1677; x_wconf 86' lang='lat' dir='ltr'><em>Plerum-</em></span> 
     </span>
     <span class='ocr_line' id='line_1_32' title="bbox 72 1701 725 1730; baseline -0.002 -6"><span class='ocrx_word' id='word_1_270' title='bbox 72 1707 118 1730; x_wconf 84' lang='lat' dir='ltr'><em>que</em></span> <span class='ocrx_word' id='word_1_271' title='bbox 135 1701 194 1724; x_wconf 89' lang='lat' dir='ltr'><em>duos</em></span> <span class='ocrx_word' id='word_1_272' title='bbox 211 1701 351 1730; x_wconf 76' lang='lat' dir='ltr'><em>antiquiores</em></span> <span class='ocrx_word' id='word_1_273' title='bbox 363 1701 431 1724; x_wconf 88' lang='lat' dir='ltr'><em>codd.</em></span> <span class='ocrx_word' id='word_1_274' title='bbox 448 1701 465 1724; x_wconf 91' lang='lat' dir='ltr'>C</span> <span class='ocrx_word' id='word_1_275' title='bbox 479 1704 501 1723; x_wconf 90' lang='lat' dir='ltr'><em>et</em></span> <span class='ocrx_word' id='word_1_276' title='bbox 518 1701 533 1723; x_wconf 86' lang='lat' dir='ltr'>F</span> <span class='ocrx_word' id='word_1_277' title='bbox 548 1701 618 1724; x_wconf 89' lang='lat' dir='ltr'><em>secuti</em></span> <span class='ocrx_word' id='word_1_278' title='bbox 636 1708 725 1724; x_wconf 88' lang='lat' dir='ltr'><em>sumus.</em></span> 
     </span>
    </p>
   </div>
   <div class='ocr_carea' id='block_1_3' title="bbox 286 1793 700 1818">
    <p class='ocr_par' dir='ltr' id='par_1_7' title="bbox 286 1793 700 1818">
     <span class='ocr_line' id='line_1_33' title="bbox 286 1793 700 1818; baseline 0 -1"><span class='ocrx_word' id='word_1_279' title='bbox 286 1794 316 1818; x_wconf 89' lang='lat'><em>11.</em></span> <span class='ocrx_word' id='word_1_280' title='bbox 334 1794 424 1818; x_wconf 76' lang='lat' dir='ltr'><em>Codices</em></span> <span class='ocrx_word' id='word_1_281' title='bbox 441 1801 455 1817; x_wconf 81' lang='lat' dir='ltr'><em>a.</em></span> <span class='ocrx_word' id='word_1_282' title='bbox 471 1793 535 1817; x_wconf 83' lang='lat' dir='ltr'><em>nobis</em></span> <span class='ocrx_word' id='word_1_283' title='bbox 551 1801 593 1817; x_wconf 84' lang='lat' dir='ltr'><em>non</em></span> <span class='ocrx_word' id='word_1_284' title='bbox 612 1793 700 1817; x_wconf 72' lang='lat' dir='ltr'><em>collati.</em></span> 
     </span>
    </p>
   </div>
   <div class='ocr_carea' id='block_1_4' title="bbox 69 1887 913 2431">
    <p class='ocr_par' dir='ltr' id='par_1_8' title="bbox 70 1887 913 2149">
     <span class='ocr_line' id='line_1_34' title="bbox 134 1887 913 1916; baseline -0.001 -5"><span class='ocrx_word' id='word_1_285' title='bbox 134 1888 155 1910; x_wconf 88' lang='grc'><em>9.</em></span> <span class='ocrx_word' id='word_1_286' title='bbox 175 1887 280 1916; x_wconf 82' lang='lat' dir='ltr'><em>Giessae,</em></span> <span class='ocrx_word' id='word_1_287' title='bbox 300 1887 438 1910; x_wconf 79' lang='lat' dir='ltr'><em>bibliotheca</em></span> <span class='ocrx_word' id='word_1_288' title='bbox 463 1887 632 1915; x_wconf 85' lang='lat' dir='ltr'><em>Universitatis,</em></span> <span class='ocrx_word' id='word_1_289' title='bbox 650 1888 767 1910; x_wconf 61' lang='grc'>0011575.</span> <span class='ocrx_word' id='word_1_290' title='bbox 783 1888 878 1911; x_wconf 89' lang='lat' dir='ltr'><em>miscell.</em></span> <span class='ocrx_word' id='word_1_291' title='bbox 890 1888 913 1910; x_wconf 90' lang='lat' dir='ltr'><em>in</em></span> 
     </span>
     <span class='ocr_line' id='line_1_35' title="bbox 72 1934 911 1962; baseline 0 -5"><span class='ocrx_word' id='word_1_292' title='bbox 72 1935 94 1957; x_wconf 86' lang='lat'><em>4.</em></span> <span class='ocrx_word' id='word_1_293' title='bbox 109 1941 169 1957; x_wconf 86' lang='lat' dir='ltr'><em>saec.</em></span> <span class='ocrx_word' id='word_1_294' title='bbox 187 1935 238 1957; x_wconf 80' lang='lat' dir='ltr'><em>XV.</em></span> <span class='ocrx_word' id='word_1_295' title='bbox 249 1947 280 1950; x_wconf 81' lang='lat'>—</span> <span class='ocrx_word' id='word_1_296' title='bbox 299 1935 442 1962; x_wconf 84' lang='lat' dir='ltr'><em>opusculum</em></span> <span class='ocrx_word' id='word_1_297' title='bbox 459 1934 538 1962; x_wconf 84' lang='lat' dir='ltr'><em>incipit</em></span> <span class='ocrx_word' id='word_1_298' title='bbox 554 1934 591 1957; x_wconf 85' lang='grc'>101.</span> <span class='ocrx_word' id='word_1_299' title='bbox 609 1935 646 1956; x_wconf 84' lang='lat'><em>80.</em></span> <span class='ocrx_word' id='word_1_300' title='bbox 663 1941 681 1956; x_wconf 84' lang='lat' dir='ltr'><em>r.</em></span> <span class='ocrx_word' id='word_1_301' title='bbox 698 1934 747 1957; x_wconf 88' lang='lat' dir='ltr'><em>sine</em></span> <span class='ocrx_word' id='word_1_302' title='bbox 765 1934 842 1957; x_wconf 85' lang='lat' dir='ltr'><em>titulo:</em></span> <span class='ocrx_word' id='word_1_303' title='bbox 859 1935 911 1958; x_wconf 83' lang='lat' dir='ltr'><em>Iesu</em></span> 
     </span>
     <span class='ocr_line' id='line_1_36' title="bbox 71 1980 913 2010; baseline 0 -6"><span class='ocrx_word' id='word_1_304' title='bbox 71 1980 180 2010; x_wconf 73' lang='lat' dir='ltr'><em>benique,</em></span> <span class='ocrx_word' id='word_1_305' title='bbox 194 1980 245 2004; x_wconf 73' lang='lat' dir='ltr'><em>vitis</em></span> <span class='ocrx_word' id='word_1_306' title='bbox 257 1986 325 2008; x_wconf 82' lang='lat' dir='ltr'><em>vera,</em></span> <span class='ocrx_word' id='word_1_307' title='bbox 343 1980 435 2009; x_wconf 76' lang='lat' dir='ltr'><em>liqnum</em></span> <span class='ocrx_word' id='word_1_308' title='bbox 452 1980 496 2003; x_wconf 83' lang='lat' dir='ltr'><em>vite</em></span> <span class='ocrx_word' id='word_1_309' title='bbox 508 1983 550 2002; x_wconf 87' lang='lat' dir='ltr'><em>etc.</em></span> <span class='ocrx_word' id='word_1_310' title='bbox 563 1980 648 2003; x_wconf 81' lang='lat' dir='ltr'><em>Desinit</em></span> <span class='ocrx_word' id='word_1_311' title='bbox 661 1981 696 2002; x_wconf 84' lang='lat' dir='ltr'><em>tol.</em></span> <span class='ocrx_word' id='word_1_312' title='bbox 713 1981 762 2003; x_wconf 90' lang='grc'>103.</span> <span class='ocrx_word' id='word_1_313' title='bbox 774 1987 810 2003; x_wconf 87' lang='lat' dir='ltr'><em>v.:</em></span> <span class='ocrx_word' id='word_1_314' title='bbox 821 1982 847 2003; x_wconf 83' lang='lat' dir='ltr'><em>nt</em></span> <span class='ocrx_word' id='word_1_315' title='bbox 859 1987 913 2004; x_wconf 87' lang='lat' dir='ltr'><em>con-</em></span> 
     </span>
     <span class='ocr_line' id='line_1_37' title="bbox 70 2026 912 2057; baseline -0.001 -6"><span class='ocrx_word' id='word_1_316' title='bbox 70 2027 170 2057; x_wconf 82' lang='lat' dir='ltr'><em>formati</em></span> <span class='ocrx_word' id='word_1_317' title='bbox 184 2027 285 2057; x_wconf 70' lang='lat' dir='ltr'><em>imayini</em></span> <span class='ocrx_word' id='word_1_318' title='bbox 293 2026 413 2057; x_wconf 78' lang='lat' dir='ltr'><em>passionis</em></span> <span class='ocrx_word' id='word_1_319' title='bbox 425 2028 475 2055; x_wconf 89' lang='lat' dir='ltr'><em>tue,</em></span> <span class='ocrx_word' id='word_1_320' title='bbox 487 2026 519 2050; x_wconf 87' lang='lat' dir='ltr'><em>ad</em></span> <span class='ocrx_word' id='word_1_321' title='bbox 529 2033 582 2050; x_wconf 85' lang='lat' dir='ltr'><em>eam</em></span> <span class='ocrx_word' id='word_1_322' title='bbox 594 2033 698 2057; x_wconf 80' lang='lat' dir='ltr'><em>quoque,</em></span> <span class='ocrx_word' id='word_1_323' title='bbox 710 2033 782 2057; x_wconf 83' lang='lat' dir='ltr'><em>quam</em></span> <span class='ocrx_word' id='word_1_324' title='bbox 790 2027 912 2057; x_wconf 87' lang='lat' dir='ltr'><em>peccando</em></span> 
     </span>
     <span class='ocr_line' id='line_1_38' title="bbox 70 2073 912 2103; baseline -0.002 -5"><span class='ocrx_word' id='word_1_325' title='bbox 70 2074 206 2102; x_wconf 84' lang='lat' dir='ltr'><em>amisimus,</em></span> <span class='ocrx_word' id='word_1_326' title='bbox 223 2076 261 2098; x_wconf 84' lang='lat' dir='ltr'><em>tue</em></span> <span class='ocrx_word' id='word_1_327' title='bbox 272 2073 406 2097; x_wconf 76' lang='lat' dir='ltr'><em>Divinitatts</em></span> <span class='ocrx_word' id='word_1_328' title='bbox 418 2073 545 2103; x_wconf 75' lang='lat' dir='ltr'><em>imaqinem</em></span> <span class='ocrx_word' id='word_1_329' title='bbox 557 2074 724 2103; x_wconf 76' lang='lat' dir='ltr'><em>reformemur.</em></span> <span class='ocrx_word' id='word_1_330' title='bbox 738 2074 795 2097; x_wconf 82' lang='lat' dir='ltr'><em>Vide</em></span> <span class='ocrx_word' id='word_1_331' title='bbox 806 2074 912 2097; x_wconf 84' lang='lat' dir='ltr'><em>editionis</em></span> 
     </span>
     <span class='ocr_line' id='line_1_39' title="bbox 71 2120 254 2149; baseline 0 -6"><span class='ocrx_word' id='word_1_332' title='bbox 71 2126 121 2149; x_wconf 85' lang='lat' dir='ltr'><em>cap.</em></span> <span class='ocrx_word' id='word_1_333' title='bbox 139 2120 177 2143; x_wconf 82' lang='lat'><em>24.</em></span> <span class='ocrx_word' id='word_1_334' title='bbox 193 2127 215 2143; x_wconf 92' lang='lat' dir='ltr'><em>n.</em></span> <span class='ocrx_word' id='word_1_335' title='bbox 233 2121 254 2143; x_wconf 98' lang='lat'><em>4.</em></span> 
     </span>
    </p>

    <p class='ocr_par' dir='ltr' id='par_1_9' title="bbox 69 2167 912 2431">
     <span class='ocr_line' id='line_1_40' title="bbox 136 2167 911 2197; baseline 0.001 -8"><span class='ocrx_word' id='word_1_336' title='bbox 136 2167 169 2190; x_wconf 86' lang='grc'><em>10.</em></span> <span class='ocrx_word' id='word_1_337' title='bbox 188 2167 331 2197; x_wconf 75' lang='lat' dir='ltr'><em>Hamburyi,</em></span> <span class='ocrx_word' id='word_1_338' title='bbox 344 2167 481 2190; x_wconf 83' lang='lat' dir='ltr'><em>bibliotheca</em></span> <span class='ocrx_word' id='word_1_339' title='bbox 494 2167 607 2194; x_wconf 75' lang='lat' dir='ltr'><em>Civitatis,</em></span> <span class='ocrx_word' id='word_1_340' title='bbox 619 2168 712 2190; x_wconf 82' lang='lat' dir='ltr'><em>Gefflen.</em></span> <span class='ocrx_word' id='word_1_341' title='bbox 726 2167 830 2190; x_wconf 89' lang='lat' dir='ltr'><em>biblioth.</em></span> <span class='ocrx_word' id='word_1_342' title='bbox 845 2168 870 2190; x_wconf 92' lang='lat' dir='ltr'><em>N.</em></span> <span class='ocrx_word' id='word_1_343' title='bbox 885 2167 911 2196; x_wconf 87' lang='lat'><em>7,</em></span> 
     </span>
     <span class='ocr_line' id='line_1_41' title="bbox 70 2204 911 2242; baseline -0.001 -5"><span class='ocrx_word' id='word_1_344' title='bbox 70 2214 140 2237; x_wconf 85' lang='lat' dir='ltr'><em>modo</em></span> <span class='ocrx_word' id='word_1_345' title='bbox 157 2214 256 2242; x_wconf 85' lang='lat' dir='ltr'><em>theolog.</em></span> <span class='ocrx_word' id='word_1_346' title='bbox 274 2215 334 2237; x_wconf 88' lang='grc' dir='ltr'>ΧΧΙ.</span> <span class='ocrx_word' id='word_1_347' title='bbox 352 2215 404 2237; x_wconf 83' lang='lat' dir='ltr'><em>cod.</em></span> <span class='ocrx_word' id='word_1_348' title='bbox 429 2204 500 2237; x_wconf 77' lang='lat' dir='ltr'><em>chart.</em></span> <span class='ocrx_word' id='word_1_349' title='bbox 523 2214 545 2236; x_wconf 92' lang='lat' dir='ltr'><em>in</em></span> <span class='ocrx_word' id='word_1_350' title='bbox 563 2215 599 2236; x_wconf 83' lang='lat' dir='ltr'><em>sol.</em></span> <span class='ocrx_word' id='word_1_351' title='bbox 617 2220 677 2236; x_wconf 89' lang='lat' dir='ltr'><em>saec.</em></span> <span class='ocrx_word' id='word_1_352' title='bbox 695 2214 745 2237; x_wconf 88' lang='lat' dir='ltr'><em>XV.</em></span> <span class='ocrx_word' id='word_1_353' title='bbox 762 2226 793 2230; x_wconf 97' lang='lat'><strong>—</strong></span> <span class='ocrx_word' id='word_1_354' title='bbox 810 2214 855 2236; x_wconf 85' lang='lat' dir='ltr'><em>Fol.</em></span> <span class='ocrx_word' id='word_1_355' title='bbox 877 2214 911 2236; x_wconf 88' lang='grc'><em>13.</em></span> 
     </span>
     <span class='ocr_line' id='line_1_42' title="bbox 69 2260 911 2291; baseline 0 -8"><span class='ocrx_word' id='word_1_356' title='bbox 69 2267 105 2283; x_wconf 49' lang='lat' dir='ltr'><em>va</em></span> <span class='ocrx_word' id='word_1_357' title='bbox 122 2260 205 2290; x_wconf 78' lang='lat' dir='ltr'><em>Incipit</em></span> <span class='ocrx_word' id='word_1_358' title='bbox 219 2260 331 2290; x_wconf 78' lang='lat' dir='ltr'><em>planctus</em></span> <span class='ocrx_word' id='word_1_359' title='bbox 347 2261 433 2291; x_wconf 66' lang='lat' dir='ltr'><em>lintris</em></span> <span class='ocrx_word' id='word_1_360' title='bbox 444 2261 609 2284; x_wconf 82' lang='lat' dir='ltr'><em>Bonaventure</em></span> <span class='ocrx_word' id='word_1_361' title='bbox 621 2260 750 2284; x_wconf 83' lang='lat' dir='ltr'><em>cardinalis</em></span> <span class='ocrx_word' id='word_1_362' title='bbox 763 2260 790 2283; x_wconf 83' lang='lat' dir='ltr'><em>de</em></span> <span class='ocrx_word' id='word_1_363' title='bbox 799 2260 911 2290; x_wconf 82' lang='lat' dir='ltr'><em>passione</em></span> 
     </span>
     <span class='ocr_line' id='line_1_43' title="bbox 71 2306 912 2337; baseline 0 -7"><span class='ocrx_word' id='word_1_364' title='bbox 71 2306 113 2330; x_wconf 84' lang='lat' dir='ltr'><em>Dei</em></span> <span class='ocrx_word' id='word_1_365' title='bbox 127 2308 150 2330; x_wconf 87' lang='lat' dir='ltr'><em>et</em></span> <span class='ocrx_word' id='word_1_366' title='bbox 164 2306 310 2337; x_wconf 86' lang='lat' dir='ltr'><em>comparatio</em></span> <span class='ocrx_word' id='word_1_367' title='bbox 327 2307 371 2330; x_wconf 80' lang='lat' dir='ltr'><em>Xti</em></span> <span class='ocrx_word' id='word_1_368' title='bbox 384 2307 451 2336; x_wconf 85' lang='lat' dir='ltr'><em>passi</em></span> <span class='ocrx_word' id='word_1_369' title='bbox 461 2306 493 2330; x_wconf 85' lang='lat' dir='ltr'><em>ad</em></span> <span class='ocrx_word' id='word_1_370' title='bbox 509 2307 578 2330; x_wconf 82' lang='lat' dir='ltr'><em>vitem</em></span> <span class='ocrx_word' id='word_1_371' title='bbox 595 2307 620 2330; x_wconf 89' lang='lat' dir='ltr'><em>in</em></span> <span class='ocrx_word' id='word_1_372' title='bbox 635 2306 793 2330; x_wconf 78' lang='lat' dir='ltr'><em>eoeterioribus</em></span> <span class='ocrx_word' id='word_1_373' title='bbox 807 2306 912 2330; x_wconf 81' lang='lat' dir='ltr'><em>acciden-</em></span> 
     </span>
     <span class='ocr_line' id='line_1_44' title="bbox 70 2353 911 2384; baseline 0 -7"><span class='ocrx_word' id='word_1_374' title='bbox 70 2353 108 2377; x_wconf 85' lang='lat' dir='ltr'><em>tiis</em></span> <span class='ocrx_word' id='word_1_375' title='bbox 119 2355 142 2377; x_wconf 83' lang='lat' dir='ltr'><em>et</em></span> <span class='ocrx_word' id='word_1_376' title='bbox 152 2354 176 2377; x_wconf 86' lang='lat' dir='ltr'><em>in</em></span> <span class='ocrx_word' id='word_1_377' title='bbox 193 2353 344 2378; x_wconf 87' lang='lat' dir='ltr'><em>interioribus</em></span> <span class='ocrx_word' id='word_1_378' title='bbox 357 2353 543 2384; x_wconf 84' lang='lat' dir='ltr'><em>proprietatibus</em></span> <span class='ocrx_word' id='word_1_379' title='bbox 558 2353 736 2384; x_wconf 84' lang='lat' dir='ltr'><em>pulcherrima,</em></span> <span class='ocrx_word' id='word_1_380' title='bbox 754 2355 776 2377; x_wconf 88' lang='lat' dir='ltr'><em>et</em></span> <span class='ocrx_word' id='word_1_381' title='bbox 795 2360 871 2384; x_wconf 82' lang='lat' dir='ltr'><em>quare</em></span> <span class='ocrx_word' id='word_1_382' title='bbox 887 2354 911 2377; x_wconf 87' lang='lat' dir='ltr'><em>in</em></span> 
     </span>
     <span class='ocr_line' id='line_1_45' title="bbox 70 2400 910 2431; baseline 0 -7"><span class='ocrx_word' id='word_1_383' title='bbox 70 2400 198 2430; x_wconf 64' lang='lat' dir='ltr'><em>Evangelio</em></span> <span class='ocrx_word' id='word_1_384' title='bbox 214 2400 270 2424; x_wconf 86' lang='lat' dir='ltr'><em>dicit</em></span> <span class='ocrx_word' id='word_1_385' title='bbox 291 2400 420 2424; x_wconf 84' lang='lat' dir='ltr'><em>Dominus:</em></span> <span class='ocrx_word' id='word_1_386' title='bbox 439 2401 488 2431; x_wconf 76' lang='lat' dir='ltr'><em>Eyo</em></span> <span class='ocrx_word' id='word_1_387' title='bbox 511 2407 565 2424; x_wconf 84' lang='lat' dir='ltr'><em>sum</em></span> <span class='ocrx_word' id='word_1_388' title='bbox 587 2401 640 2424; x_wconf 85' lang='lat' dir='ltr'><em>vitis</em></span> <span class='ocrx_word' id='word_1_389' title='bbox 662 2407 726 2424; x_wconf 79' lang='lat' dir='ltr'><em>vera.</em></span> <span class='ocrx_word' id='word_1_390' title='bbox 744 2400 862 2431; x_wconf 63' lang='lat' dir='ltr'><em>Prologus</em></span> <span class='ocrx_word' id='word_1_391' title='bbox 885 2401 910 2423; x_wconf 86' lang='lat' dir='ltr'><em>in</em></span> 
     </span>
    </p>
   </div>
   <div class='ocr_carea' id='block_1_5' title="bbox 1757 224 1823 253">
    <p class='ocr_par' dir='ltr' id='par_1_10' title="bbox 1757 224 1823 253">
     <span class='ocr_line' id='line_1_46' title="bbox 1757 224 1823 253; baseline 0.015 -1"><span class='ocrx_word' id='word_1_392' title='bbox 1757 224 1823 253; x_wconf 84' lang='lat' dir='ltr'><em>LXV</em></span> 
     </span>
    </p>
   </div>
   <div class='ocr_carea' id='block_1_6' title="bbox 967 299 1823 2431">
    <p class='ocr_par' dir='ltr' id='par_1_11' title="bbox 977 299 1823 657">
     <span class='ocr_line' id='line_1_47' title="bbox 979 299 1822 331; baseline 0.002 -9"><span class='ocrx_word' id='word_1_393' title='bbox 979 299 1079 322; x_wconf 78' lang='lat' dir='ltr'><em>eundem</em></span> <span class='ocrx_word' id='word_1_394' title='bbox 1096 301 1233 323; x_wconf 81' lang='lat' dir='ltr'><em>tractatum.</em></span> <span class='ocrx_word' id='word_1_395' title='bbox 1252 301 1337 323; x_wconf 83' lang='lat' dir='ltr'><em>Desinit</em></span> <span class='ocrx_word' id='word_1_396' title='bbox 1355 301 1391 323; x_wconf 82' lang='lat' dir='ltr'><em>iol.</em></span> <span class='ocrx_word' id='word_1_397' title='bbox 1409 302 1446 323; x_wconf 85' lang='lat'><em>22.</em></span> <span class='ocrx_word' id='word_1_398' title='bbox 1462 307 1498 323; x_wconf 87' lang='lat' dir='ltr'><em>v.:</em></span> <span class='ocrx_word' id='word_1_399' title='bbox 1521 300 1655 324; x_wconf 75' lang='lat' dir='ltr'><em>Divinitatis</em></span> <span class='ocrx_word' id='word_1_400' title='bbox 1677 303 1716 324; x_wconf 80' lang='lat' dir='ltr'><em>tae</em></span> <span class='ocrx_word' id='word_1_401' title='bbox 1738 301 1822 331; x_wconf 72' lang='lat' dir='ltr'><em>imayi-</em></span> 
     </span>
     <span class='ocr_line' id='line_1_48' title="bbox 979 347 1823 378; baseline 0.004 -9"><span class='ocrx_word' id='word_1_402' title='bbox 979 352 1033 369; x_wconf 81' lang='lat' dir='ltr'><em>nem</em></span> <span class='ocrx_word' id='word_1_403' title='bbox 1049 347 1220 376; x_wconf 81' lang='lat' dir='ltr'><em>reformemur.</em></span> <span class='ocrx_word' id='word_1_404' title='bbox 1233 348 1355 371; x_wconf 78' lang='lat' dir='ltr'><em>Prestante</em></span> <span class='ocrx_word' id='word_1_405' title='bbox 1374 348 1399 371; x_wconf 91' lang='lat' dir='ltr'><em>D.</em></span> <span class='ocrx_word' id='word_1_406' title='bbox 1417 348 1445 371; x_wconf 89' lang='lat' dir='ltr'><em>N.</em></span> <span class='ocrx_word' id='word_1_407' title='bbox 1464 349 1481 370; x_wconf 90' lang='lat' dir='ltr'><em>I.</em></span> <span class='ocrx_word' id='word_1_408' title='bbox 1498 348 1561 376; x_wconf 82' lang='lat' dir='ltr'><em>Xto,</em></span> <span class='ocrx_word' id='word_1_409' title='bbox 1580 348 1622 378; x_wconf 82' lang='lat' dir='ltr'><em>qui</em></span> <span class='ocrx_word' id='word_1_410' title='bbox 1637 354 1693 371; x_wconf 86' lang='lat' dir='ltr'><em>cum</em></span> <span class='ocrx_word' id='word_1_411' title='bbox 1714 349 1785 372; x_wconf 81' lang='lat' dir='ltr'><em>Patre</em></span> <span class='ocrx_word' id='word_1_412' title='bbox 1801 350 1823 372; x_wconf 84' lang='lat' dir='ltr'><em>et</em></span> 
     </span>
     <span class='ocr_line' id='line_1_49' title="bbox 979 393 1821 426; baseline 0.004 -11"><span class='ocrx_word' id='word_1_413' title='bbox 979 393 1070 422; x_wconf 77' lang='lat' dir='ltr'><em>Spiritu</em></span> <span class='ocrx_word' id='word_1_414' title='bbox 1088 396 1169 417; x_wconf 86' lang='lat' dir='ltr'><em>sancto</em></span> <span class='ocrx_word' id='word_1_415' title='bbox 1187 394 1212 417; x_wconf 86' lang='lat' dir='ltr'><em>in</em></span> <span class='ocrx_word' id='word_1_416' title='bbox 1236 395 1326 418; x_wconf 82' lang='lat' dir='ltr'><em>unitate</em></span> <span class='ocrx_word' id='word_1_417' title='bbox 1344 394 1399 418; x_wconf 83' lang='lat' dir='ltr'><em>vivit</em></span> <span class='ocrx_word' id='word_1_418' title='bbox 1420 396 1442 418; x_wconf 88' lang='lat' dir='ltr'><em>et</em></span> <span class='ocrx_word' id='word_1_419' title='bbox 1457 396 1543 424; x_wconf 74' lang='lat' dir='ltr'><em>reynat</em></span> <span class='ocrx_word' id='word_1_420' title='bbox 1560 402 1605 424; x_wconf 84' lang='lat' dir='ltr'><em>per</em></span> <span class='ocrx_word' id='word_1_421' title='bbox 1626 395 1718 426; x_wconf 81' lang='lat' dir='ltr'><em>infinita</em></span> <span class='ocrx_word' id='word_1_422' title='bbox 1740 395 1821 419; x_wconf 85' lang='lat' dir='ltr'><em>secuta</em></span> 
     </span>
     <span class='ocr_line' id='line_1_50' title="bbox 978 439 1823 471; baseline 0.005 -10"><span class='ocrx_word' id='word_1_423' title='bbox 978 439 1121 462; x_wconf 75' lang='lat' dir='ltr'><em>seculorum.</em></span> <span class='ocrx_word' id='word_1_424' title='bbox 1140 442 1221 464; x_wconf 74' lang='lat' dir='ltr'><em>Anien.</em></span> <span class='ocrx_word' id='word_1_425' title='bbox 1238 441 1343 471; x_wconf 78' lang='lat' dir='ltr'><em>Eaplicit</em></span> <span class='ocrx_word' id='word_1_426' title='bbox 1358 441 1497 465; x_wconf 73' lang='lat' dir='ltr'><em>dulcissima</em></span> <span class='ocrx_word' id='word_1_427' title='bbox 1514 441 1632 465; x_wconf 84' lang='lat' dir='ltr'><em>meditatio</em></span> <span class='ocrx_word' id='word_1_428' title='bbox 1651 441 1779 465; x_wconf 86' lang='lat' dir='ltr'><em>lacrimosa</em></span> <span class='ocrx_word' id='word_1_429' title='bbox 1800 444 1823 465; x_wconf 82' lang='lat' dir='ltr'><em>et</em></span> 
     </span>
     <span class='ocr_line' id='line_1_51' title="bbox 978 487 1821 518; baseline 0.002 -9"><span class='ocrx_word' id='word_1_430' title='bbox 978 492 1103 515; x_wconf 81' lang='lat' dir='ltr'><em>amorosa,</em></span> <span class='ocrx_word' id='word_1_431' title='bbox 1120 487 1199 510; x_wconf 83' lang='lat' dir='ltr'><em>cordis</em></span> <span class='ocrx_word' id='word_1_432' title='bbox 1221 488 1385 517; x_wconf 72' lang='lat' dir='ltr'><em>compunctiva</em></span> <span class='ocrx_word' id='word_1_433' title='bbox 1409 488 1436 511; x_wconf 87' lang='lat' dir='ltr'><em>de</em></span> <span class='ocrx_word' id='word_1_434' title='bbox 1459 488 1569 518; x_wconf 81' lang='lat' dir='ltr'><em>passione</em></span> <span class='ocrx_word' id='word_1_435' title='bbox 1590 488 1645 517; x_wconf 77' lang='lat' dir='ltr'><em>Xti,</em></span> <span class='ocrx_word' id='word_1_436' title='bbox 1664 495 1710 518; x_wconf 79' lang='lat' dir='ltr'><em>per</em></span> <span class='ocrx_word' id='word_1_437' title='bbox 1734 495 1821 512; x_wconf 82' lang='lat' dir='ltr'><em>manus</em></span> 
     </span>
     <span class='ocr_line' id='line_1_52' title="bbox 977 532 1821 565; baseline 0.004 -10"><span class='ocrx_word' id='word_1_438' title='bbox 977 532 1063 562; x_wconf 86' lang='lat' dir='ltr'><em>fratris</em></span> <span class='ocrx_word' id='word_1_439' title='bbox 1082 533 1193 557; x_wconf 76' lang='lat' dir='ltr'><em>Iohannis</em></span> <span class='ocrx_word' id='word_1_440' title='bbox 1215 534 1323 558; x_wconf 83' lang='lat' dir='ltr'><em>Sartoris</em></span> <span class='ocrx_word' id='word_1_441' title='bbox 1345 534 1372 557; x_wconf 75' lang='lat' dir='ltr'><em>{ie</em></span> <span class='ocrx_word' id='word_1_442' title='bbox 1388 537 1502 558; x_wconf 78' lang='lat' dir='ltr'><em>conuentu</em></span> <span class='ocrx_word' id='word_1_443' title='bbox 1524 535 1686 563; x_wconf 82' lang='lat' dir='ltr'><em>Halbcrstadi,</em></span> <span class='ocrx_word' id='word_1_444' title='bbox 1701 542 1747 565; x_wconf 88' lang='lat' dir='ltr'><em>pro</em></span> <span class='ocrx_word' id='word_1_445' title='bbox 1765 537 1821 559; x_wconf 83' lang='lat' dir='ltr'><em>tunc</em></span> 
     </span>
     <span class='ocr_line' id='line_1_53' title="bbox 978 578 1821 611; baseline 0.004 -9"><span class='ocrx_word' id='word_1_446' title='bbox 978 578 1071 603; x_wconf 79' lang='lat' dir='ltr'><em>lectoris</em></span> <span class='ocrx_word' id='word_1_447' title='bbox 1088 580 1225 603; x_wconf 80' lang='lat' dir='ltr'><em>secundarii</em></span> <span class='ocrx_word' id='word_1_448' title='bbox 1240 581 1264 604; x_wconf 86' lang='lat' dir='ltr'><em>in</em></span> <span class='ocrx_word' id='word_1_449' title='bbox 1282 581 1409 611; x_wconf 74' lang='lat' dir='ltr'><em>Hamborq.</em></span> <span class='ocrx_word' id='word_1_450' title='bbox 1427 584 1495 605; x_wconf 86' lang='lat' dir='ltr'><em>Anno</em></span> <span class='ocrx_word' id='word_1_451' title='bbox 1515 582 1608 605; x_wconf 84' lang='lat' dir='ltr'><em>Domini</em></span> <span class='ocrx_word' id='word_1_452' title='bbox 1624 580 1766 610; x_wconf 69' lang='grc'>10000041,</span> <span class='ocrx_word' id='word_1_453' title='bbox 1783 582 1821 605; x_wconf 84' lang='lat' dir='ltr'><em>do—</em></span> 
     </span>
     <span class='ocr_line' id='line_1_54' title="bbox 977 625 1548 657; baseline 0.005 -9"><span class='ocrx_word' id='word_1_454' title='bbox 977 625 1065 649; x_wconf 85' lang='lat' dir='ltr'><em>minica</em></span> <span class='ocrx_word' id='word_1_455' title='bbox 1081 626 1185 650; x_wconf 81' lang='lat' dir='ltr'><em>secunda</em></span> <span class='ocrx_word' id='word_1_456' title='bbox 1198 629 1253 656; x_wconf 86' lang='lat' dir='ltr'><em>post</em></span> <span class='ocrx_word' id='word_1_457' title='bbox 1270 627 1427 657; x_wconf 80' lang='lat' dir='ltr'><em>Epiphaniam</em></span> <span class='ocrx_word' id='word_1_458' title='bbox 1447 628 1548 651; x_wconf 84' lang='lat' dir='ltr'><em>Domini.</em></span> 
     </span>
    </p>

    <p class='ocr_par' dir='ltr' id='par_1_12' title="bbox 975 673 1820 932">
     <span class='ocr_line' id='line_1_55' title="bbox 1042 673 1820 702; baseline 0.004 -8"><span class='ocrx_word' id='word_1_459' title='bbox 1042 673 1049 694; x_wconf 88' lang='grc'><em>1</em></span> <span class='ocrx_word' id='word_1_460' title='bbox 1057 673 1078 695; x_wconf 84' lang='lat' dir='ltr'><em>i.</em></span> <span class='ocrx_word' id='word_1_461' title='bbox 1094 673 1203 701; x_wconf 70' lang='lat' dir='ltr'><em>Metlelci,</em></span> <span class='ocrx_word' id='word_1_462' title='bbox 1221 673 1357 697; x_wconf 84' lang='lat' dir='ltr'><em>bibliotheca</em></span> <span class='ocrx_word' id='word_1_463' title='bbox 1376 675 1516 702; x_wconf 78' lang='lat' dir='ltr'><em>Monasterii,</em></span> <span class='ocrx_word' id='word_1_464' title='bbox 1541 675 1592 697; x_wconf 82' lang='lat' dir='ltr'><em>cod.</em></span> <span class='ocrx_word' id='word_1_465' title='bbox 1612 676 1637 697; x_wconf 92' lang='lat' dir='ltr'><em>D.</em></span> <span class='ocrx_word' id='word_1_466' title='bbox 1662 676 1699 697; x_wconf 85' lang='lat'><em>32.</em></span> <span class='ocrx_word' id='word_1_467' title='bbox 1721 675 1820 697; x_wconf 90' lang='lat' dir='ltr'><em>membr.</em></span> 
     </span>
     <span class='ocr_line' id='line_1_56' title="bbox 977 719 1820 750; baseline 0.004 -9"><span class='ocrx_word' id='word_1_468' title='bbox 977 719 1000 741; x_wconf 89' lang='lat' dir='ltr'><em>in</em></span> <span class='ocrx_word' id='word_1_469' title='bbox 1017 719 1039 742; x_wconf 83' lang='lat'><em>4.</em></span> <span class='ocrx_word' id='word_1_470' title='bbox 1056 726 1115 742; x_wconf 87' lang='lat' dir='ltr'><em>saec.</em></span> <span class='ocrx_word' id='word_1_471' title='bbox 1142 721 1193 743; x_wconf 88' lang='lat' dir='ltr'><em>XV.</em></span> <span class='ocrx_word' id='word_1_472' title='bbox 1209 734 1240 737; x_wconf 92' lang='lat'>—</span> <span class='ocrx_word' id='word_1_473' title='bbox 1256 721 1355 743; x_wconf 75' lang='lat' dir='ltr'><em>Rubrica</em></span> <span class='ocrx_word' id='word_1_474' title='bbox 1374 722 1479 750; x_wconf 83' lang='lat' dir='ltr'><em>opusculi</em></span> <span class='ocrx_word' id='word_1_475' title='bbox 1502 725 1536 745; x_wconf 87' lang='lat' dir='ltr'><em>est</em></span> <span class='ocrx_word' id='word_1_476' title='bbox 1553 723 1588 744; x_wconf 89' lang='grc'>101.</span> <span class='ocrx_word' id='word_1_477' title='bbox 1614 722 1666 745; x_wconf 84' lang='grc'>155.</span> <span class='ocrx_word' id='word_1_478' title='bbox 1683 728 1701 744; x_wconf 88' lang='lat' dir='ltr'><em>r.</em></span> <span class='ocrx_word' id='word_1_479' title='bbox 1719 722 1754 744; x_wconf 88' lang='lat' dir='ltr'><em>his</em></span> <span class='ocrx_word' id='word_1_480' title='bbox 1771 729 1820 744; x_wconf 89' lang='lat' dir='ltr'><em>ver-</em></span> 
     </span>
     <span class='ocr_line' id='line_1_57' title="bbox 977 766 1816 798; baseline 0.004 -9"><span class='ocrx_word' id='word_1_481' title='bbox 977 766 1023 789; x_wconf 83' lang='lat' dir='ltr'><em>bis:</em></span> <span class='ocrx_word' id='word_1_482' title='bbox 1042 766 1125 796; x_wconf 77' lang='lat' dir='ltr'><em>Incipit</em></span> <span class='ocrx_word' id='word_1_483' title='bbox 1142 768 1257 791; x_wconf 83' lang='lat' dir='ltr'><em>tractatus</em></span> <span class='ocrx_word' id='word_1_484' title='bbox 1276 767 1311 791; x_wconf 78' lang='lat' dir='ltr'><em>oeI</em></span> <span class='ocrx_word' id='word_1_485' title='bbox 1326 774 1405 791; x_wconf 76' lang='lat' dir='ltr'><em>sermo</em></span> <span class='ocrx_word' id='word_1_486' title='bbox 1422 768 1518 792; x_wconf 75' lang='lat' dir='ltr'><em>(leuatus</em></span> <span class='ocrx_word' id='word_1_487' title='bbox 1535 770 1557 792; x_wconf 81' lang='lat' dir='ltr'><em>et</em></span> <span class='ocrx_word' id='word_1_488' title='bbox 1576 768 1641 792; x_wconf 81' lang='lat' dir='ltr'><em>utilis</em></span> <span class='ocrx_word' id='word_1_489' title='bbox 1664 768 1691 792; x_wconf 82' lang='lat' dir='ltr'><em>de</em></span> <span class='ocrx_word' id='word_1_490' title='bbox 1705 769 1816 798; x_wconf 80' lang='lat' dir='ltr'><em>passione</em></span> 
     </span>
     <span class='ocr_line' id='line_1_58' title="bbox 976 813 1818 845; baseline 0.005 -10"><span class='ocrx_word' id='word_1_491' title='bbox 976 813 1107 841; x_wconf 82' lang='lat' dir='ltr'><em>dominica,</em></span> <span class='ocrx_word' id='word_1_492' title='bbox 1125 813 1200 837; x_wconf 78' lang='lat' dir='ltr'><em>editus</em></span> <span class='ocrx_word' id='word_1_493' title='bbox 1217 821 1232 837; x_wconf 88' lang='lat' dir='ltr'><em>a</em></span> <span class='ocrx_word' id='word_1_494' title='bbox 1262 814 1382 837; x_wconf 79' lang='lat' dir='ltr'><em>cardinali</em></span> <span class='ocrx_word' id='word_1_495' title='bbox 1402 816 1570 839; x_wconf 79' lang='lat' dir='ltr'><em>Bonaventura</em></span> <span class='ocrx_word' id='word_1_496' title='bbox 1591 822 1663 845; x_wconf 84' lang='lat' dir='ltr'><em>super</em></span> <span class='ocrx_word' id='word_1_497' title='bbox 1686 815 1726 839; x_wconf 88' lang='lat' dir='ltr'><em>illo</em></span> <span class='ocrx_word' id='word_1_498' title='bbox 1749 816 1818 839; x_wconf 70' lang='lat' dir='ltr'><em>verbo</em></span> 
     </span>
     <span class='ocr_line' id='line_1_59' title="bbox 976 860 1818 892; baseline 0.004 -9"><span class='ocrx_word' id='word_1_499' title='bbox 976 860 1102 884; x_wconf 84' lang='lat' dir='ltr'><em>Iohannis:</em></span> <span class='ocrx_word' id='word_1_500' title='bbox 1122 861 1171 890; x_wconf 73' lang='lat' dir='ltr'><em>Eyo</em></span> <span class='ocrx_word' id='word_1_501' title='bbox 1187 867 1241 884; x_wconf 85' lang='lat' dir='ltr'><em>sum</em></span> <span class='ocrx_word' id='word_1_502' title='bbox 1258 861 1311 884; x_wconf 79' lang='lat' dir='ltr'><em>vitis</em></span> <span class='ocrx_word' id='word_1_503' title='bbox 1328 868 1392 885; x_wconf 77' lang='lat' dir='ltr'><em>vera.</em></span> <span class='ocrx_word' id='word_1_504' title='bbox 1411 863 1496 885; x_wconf 77' lang='lat' dir='ltr'><em>Desinit</em></span> <span class='ocrx_word' id='word_1_505' title='bbox 1514 864 1551 886; x_wconf 91' lang='grc'>101.</span> <span class='ocrx_word' id='word_1_506' title='bbox 1578 864 1585 885; x_wconf 84' lang='lat' dir='ltr'><em>i</em></span> <span class='ocrx_word' id='word_1_507' title='bbox 1593 864 1629 885; x_wconf 83' lang='lat'><em>69.</em></span> <span class='ocrx_word' id='word_1_508' title='bbox 1647 870 1682 886; x_wconf 81' lang='lat' dir='ltr'><em>v.:</em></span> <span class='ocrx_word' id='word_1_509' title='bbox 1707 863 1818 892; x_wconf 87' lang='lat' dir='ltr'><em>reforme-</em></span> 
     </span>
     <span class='ocr_line' id='line_1_60' title="bbox 975 907 1503 932; baseline 0.004 -3"><span class='ocrx_word' id='word_1_510' title='bbox 975 912 1038 929; x_wconf 85' lang='lat' dir='ltr'><em>mur.</em></span> <span class='ocrx_word' id='word_1_511' title='bbox 1058 907 1179 930; x_wconf 84' lang='lat' dir='ltr'><em>Prestanle</em></span> <span class='ocrx_word' id='word_1_512' title='bbox 1196 908 1296 931; x_wconf 85' lang='lat' dir='ltr'><em>Domino</em></span> <span class='ocrx_word' id='word_1_513' title='bbox 1313 910 1402 931; x_wconf 84' lang='lat' dir='ltr'><em>nostro.</em></span> <span class='ocrx_word' id='word_1_514' title='bbox 1421 910 1503 932; x_wconf 75' lang='lat' dir='ltr'><em>Amen.</em></span> 
     </span>
    </p>

    <p class='ocr_par' dir='ltr' id='par_1_13' title="bbox 972 953 1818 1358">
     <span class='ocr_line' id='line_1_61' title="bbox 1042 953 1818 982; baseline 0.001 -7"><span class='ocrx_word' id='word_1_515' title='bbox 1042 954 1075 975; x_wconf 88' lang='grc'><em>12.</em></span> <span class='ocrx_word' id='word_1_516' title='bbox 1095 953 1196 977; x_wconf 81' lang='lat' dir='ltr'><em>Traiecti</em></span> <span class='ocrx_word' id='word_1_517' title='bbox 1211 954 1240 976; x_wconf 87' lang='lat' dir='ltr'><em>ad</em></span> <span class='ocrx_word' id='word_1_518' title='bbox 1257 955 1375 982; x_wconf 84' lang='lat' dir='ltr'><em>Rhenum,</em></span> <span class='ocrx_word' id='word_1_519' title='bbox 1388 955 1524 978; x_wconf 83' lang='lat' dir='ltr'><em>bibliotheca</em></span> <span class='ocrx_word' id='word_1_520' title='bbox 1542 956 1693 982; x_wconf 70' lang='lat' dir='ltr'><em>Academiae,</em></span> <span class='ocrx_word' id='word_1_521' title='bbox 1716 955 1767 977; x_wconf 79' lang='lat' dir='ltr'><em>cod.</em></span> <span class='ocrx_word' id='word_1_522' title='bbox 1780 955 1818 977; x_wconf 79' lang='lat'><em>78.</em></span> 
     </span>
     <span class='ocr_line' id='line_1_62' title="bbox 975 1000 1816 1024; baseline 0 -2"><span class='ocrx_word' id='word_1_523' title='bbox 975 1000 1033 1022; x_wconf 83' lang='lat' dir='ltr'><em>inter</em></span> <span class='ocrx_word' id='word_1_524' title='bbox 1050 1001 1072 1022; x_wconf 77' lang='lat' dir='ltr'><em>S.</em></span> <span class='ocrx_word' id='word_1_525' title='bbox 1091 1001 1113 1022; x_wconf 88' lang='lat' dir='ltr'><em>E.</em></span> <span class='ocrx_word' id='word_1_526' title='bbox 1132 1000 1229 1023; x_wconf 85' lang='lat' dir='ltr'><em>membr.</em></span> <span class='ocrx_word' id='word_1_527' title='bbox 1248 1001 1268 1023; x_wconf 92' lang='lat' dir='ltr'><em>in</em></span> <span class='ocrx_word' id='word_1_528' title='bbox 1287 1002 1322 1023; x_wconf 84' lang='lat' dir='ltr'><em>sol.</em></span> <span class='ocrx_word' id='word_1_529' title='bbox 1340 1007 1399 1023; x_wconf 79' lang='lat' dir='ltr'><em>saec.</em></span> <span class='ocrx_word' id='word_1_530' title='bbox 1418 1002 1476 1023; x_wconf 69' lang='lat' dir='ltr'><em>xtv.</em></span> <span class='ocrx_word' id='word_1_531' title='bbox 1495 1002 1604 1024; x_wconf 80' lang='lat' dir='ltr'><em>exeuntis.</em></span> <span class='ocrx_word' id='word_1_532' title='bbox 1616 1014 1647 1017; x_wconf 85' lang='lat'><strong>—</strong></span> <span class='ocrx_word' id='word_1_533' title='bbox 1659 1001 1719 1023; x_wconf 87' lang='lat' dir='ltr'><em>Folio</em></span> <span class='ocrx_word' id='word_1_534' title='bbox 1737 1008 1754 1023; x_wconf 90' lang='lat' dir='ltr'><em>r.</em></span> <span class='ocrx_word' id='word_1_535' title='bbox 1773 1007 1816 1023; x_wconf 90' lang='lat' dir='ltr'><em>non</em></span> 
     </span>
     <span class='ocr_line' id='line_1_63' title="bbox 974 1047 1816 1078; baseline 0 -9"><span class='ocrx_word' id='word_1_536' title='bbox 974 1050 1109 1069; x_wconf 88' lang='lat' dir='ltr'><em>numerato:</em></span> <span class='ocrx_word' id='word_1_537' title='bbox 1127 1047 1209 1076; x_wconf 81' lang='lat' dir='ltr'><em>Incipit</em></span> <span class='ocrx_word' id='word_1_538' title='bbox 1229 1047 1299 1075; x_wconf 83' lang='lat' dir='ltr'><em>liber,</em></span> <span class='ocrx_word' id='word_1_539' title='bbox 1317 1048 1359 1077; x_wconf 86' lang='lat' dir='ltr'><em>qui</em></span> <span class='ocrx_word' id='word_1_540' title='bbox 1375 1048 1526 1071; x_wconf 82' lang='lat' dir='ltr'><em>intitulatur:</em></span> <span class='ocrx_word' id='word_1_541' title='bbox 1547 1048 1594 1078; x_wconf 78' lang='lat' dir='ltr'><em>Eyo</em></span> <span class='ocrx_word' id='word_1_542' title='bbox 1606 1054 1660 1071; x_wconf 89' lang='lat' dir='ltr'><em>sum</em></span> <span class='ocrx_word' id='word_1_543' title='bbox 1678 1047 1730 1071; x_wconf 73' lang='lat' dir='ltr'><em>vitis</em></span> <span class='ocrx_word' id='word_1_544' title='bbox 1746 1053 1816 1075; x_wconf 77' lang='lat' dir='ltr'><em>vera,</em></span> 
     </span>
     <span class='ocr_line' id='line_1_64' title="bbox 974 1093 1816 1124; baseline 0 -8"><span class='ocrx_word' id='word_1_545' title='bbox 974 1095 996 1116; x_wconf 87' lang='lat' dir='ltr'><em>et</em></span> <span class='ocrx_word' id='word_1_546' title='bbox 1012 1093 1141 1117; x_wconf 78' lang='lat' dir='ltr'><em>ascribitur</em></span> <span class='ocrx_word' id='word_1_547' title='bbox 1158 1093 1223 1117; x_wconf 82' lang='lat' dir='ltr'><em>beato</em></span> <span class='ocrx_word' id='word_1_548' title='bbox 1241 1094 1371 1117; x_wconf 83' lang='lat' dir='ltr'><em>Bernardo.</em></span> <span class='ocrx_word' id='word_1_549' title='bbox 1389 1094 1514 1124; x_wconf 62' lang='lat' dir='ltr'><em>Prologus.</em></span> <span class='ocrx_word' id='word_1_550' title='bbox 1527 1095 1612 1117; x_wconf 87' lang='lat' dir='ltr'><em>Desinit</em></span> <span class='ocrx_word' id='word_1_551' title='bbox 1630 1095 1666 1117; x_wconf 80' lang='grc'>101.</span> <span class='ocrx_word' id='word_1_552' title='bbox 1684 1094 1763 1116; x_wconf 88' lang='lat' dir='ltr'><em>ultimo</em></span> <span class='ocrx_word' id='word_1_553' title='bbox 1781 1100 1816 1116; x_wconf 87' lang='lat' dir='ltr'><em>v.:</em></span> 
     </span>
     <span class='ocr_line' id='line_1_65' title="bbox 974 1140 1818 1171; baseline 0 -8"><span class='ocrx_word' id='word_1_554' title='bbox 974 1140 1046 1163; x_wconf 81' lang='lat' dir='ltr'><em>Cuius</em></span> <span class='ocrx_word' id='word_1_555' title='bbox 1063 1140 1154 1163; x_wconf 84' lang='lat' dir='ltr'><em>nomini</em></span> <span class='ocrx_word' id='word_1_556' title='bbox 1167 1141 1315 1170; x_wconf 87' lang='lat' dir='ltr'><em>principium</em></span> <span class='ocrx_word' id='word_1_557' title='bbox 1342 1141 1451 1170; x_wconf 84' lang='lat' dir='ltr'><em>opusculi</em></span> <span class='ocrx_word' id='word_1_558' title='bbox 1474 1141 1545 1164; x_wconf 80' lang='lat' dir='ltr'><em>huius</em></span> <span class='ocrx_word' id='word_1_559' title='bbox 1569 1141 1720 1165; x_wconf 69' lang='lat' dir='ltr'><em>sacravimus</em></span> <span class='ocrx_word' id='word_1_560' title='bbox 1736 1140 1818 1171; x_wconf 78' lang='lat' dir='ltr'><em>finem-</em></span> 
     </span>
     <span class='ocr_line' id='line_1_66' title="bbox 974 1186 1815 1217; baseline 0 -8"><span class='ocrx_word' id='word_1_561' title='bbox 974 1193 1018 1217; x_wconf 85' lang='lat' dir='ltr'><em>que</em></span> <span class='ocrx_word' id='word_1_562' title='bbox 1034 1193 1157 1211; x_wconf 79' lang='lat' dir='ltr'><em>sacremus</em></span> <span class='ocrx_word' id='word_1_563' title='bbox 1175 1187 1262 1217; x_wconf 84' lang='lat' dir='ltr'><em>optimo</em></span> <span class='ocrx_word' id='word_1_564' title='bbox 1279 1189 1302 1210; x_wconf 76' lang='lat' dir='ltr'><em>et</em></span> <span class='ocrx_word' id='word_1_565' title='bbox 1317 1187 1454 1210; x_wconf 82' lang='lat' dir='ltr'><em>dulcissimo</em></span> <span class='ocrx_word' id='word_1_566' title='bbox 1477 1188 1536 1211; x_wconf 84' lang='lat' dir='ltr'><em>Iesu.</em></span> <span class='ocrx_word' id='word_1_567' title='bbox 1555 1187 1623 1215; x_wconf 82' lang='lat' dir='ltr'><em>Quod</em></span> <span class='ocrx_word' id='word_1_568' title='bbox 1646 1190 1688 1210; x_wconf 92' lang='lat' dir='ltr'><em>etc.</em></span> <span class='ocrx_word' id='word_1_569' title='bbox 1710 1186 1815 1216; x_wconf 71' lang='lat' dir='ltr'><em>Eoeplicit</em></span> 
     </span>
     <span class='ocr_line' id='line_1_67' title="bbox 974 1233 1816 1264; baseline -0.001 -7"><span class='ocrx_word' id='word_1_570' title='bbox 974 1234 1044 1263; x_wconf 80' lang='lat' dir='ltr'><em>liber,</em></span> <span class='ocrx_word' id='word_1_571' title='bbox 1062 1234 1104 1264; x_wconf 81' lang='lat' dir='ltr'><em>qui</em></span> <span class='ocrx_word' id='word_1_572' title='bbox 1121 1236 1234 1258; x_wconf 75' lang='lat' dir='ltr'><em>uocatur:</em></span> <span class='ocrx_word' id='word_1_573' title='bbox 1254 1235 1303 1264; x_wconf 73' lang='lat' dir='ltr'><em>qu</em></span> <span class='ocrx_word' id='word_1_574' title='bbox 1328 1240 1382 1257; x_wconf 82' lang='lat' dir='ltr'><em>sum</em></span> <span class='ocrx_word' id='word_1_575' title='bbox 1399 1234 1451 1257; x_wconf 84' lang='lat' dir='ltr'><em>vitis</em></span> <span class='ocrx_word' id='word_1_576' title='bbox 1475 1240 1545 1262; x_wconf 83' lang='lat' dir='ltr'><em>vera,</em></span> <span class='ocrx_word' id='word_1_577' title='bbox 1565 1234 1593 1257; x_wconf 83' lang='lat' dir='ltr'><em>de</em></span> <span class='ocrx_word' id='word_1_578' title='bbox 1609 1233 1745 1257; x_wconf 81' lang='lat' dir='ltr'><em>dulcissimo</em></span> <span class='ocrx_word' id='word_1_579' title='bbox 1764 1234 1816 1256; x_wconf 84' lang='lat' dir='ltr'><em>Iesu</em></span> 
     </span>
     <span class='ocr_line' id='line_1_68' title="bbox 972 1279 1815 1309; baseline -0.002 -5"><span class='ocrx_word' id='word_1_580' title='bbox 972 1281 1028 1304; x_wconf 75' lang='lat' dir='ltr'><em>Xto.</em></span> <span class='ocrx_word' id='word_1_581' title='bbox 1046 1281 1094 1303; x_wconf 81' lang='lat' dir='ltr'><em>Alia</em></span> <span class='ocrx_word' id='word_1_582' title='bbox 1113 1287 1195 1303; x_wconf 82' lang='lat' dir='ltr'><em>manus</em></span> <span class='ocrx_word' id='word_1_583' title='bbox 1211 1287 1271 1303; x_wconf 86' lang='lat' dir='ltr'><em>saec.</em></span> <span class='ocrx_word' id='word_1_584' title='bbox 1290 1281 1340 1303; x_wconf 80' lang='lat' dir='ltr'><em>XV.</em></span> <span class='ocrx_word' id='word_1_585' title='bbox 1358 1281 1458 1303; x_wconf 82' lang='lat' dir='ltr'><em>addidit:</em></span> <span class='ocrx_word' id='word_1_586' title='bbox 1477 1281 1524 1309; x_wconf 84' lang='lat' dir='ltr'><em>Qui</em></span> <span class='ocrx_word' id='word_1_587' title='bbox 1539 1280 1586 1304; x_wconf 88' lang='lat' dir='ltr'><em>alio</em></span> <span class='ocrx_word' id='word_1_588' title='bbox 1601 1281 1695 1303; x_wconf 81' lang='lat' dir='ltr'><em>nomine</em></span> <span class='ocrx_word' id='word_1_589' title='bbox 1712 1279 1815 1303; x_wconf 80' lang='lat' dir='ltr'><em>intitula-</em></span> 
     </span>
     <span class='ocr_line' id='line_1_69' title="bbox 973 1327 1327 1358; baseline 0 -8"><span class='ocrx_word' id='word_1_590' title='bbox 973 1330 1020 1351; x_wconf 87' lang='lat' dir='ltr'><em>tur.</em></span> <span class='ocrx_word' id='word_1_591' title='bbox 1038 1327 1121 1351; x_wconf 85' lang='lat' dir='ltr'><em>Flores</em></span> <span class='ocrx_word' id='word_1_592' title='bbox 1138 1327 1250 1358; x_wconf 70' lang='lat' dir='ltr'><em>crucifioei</em></span> <span class='ocrx_word' id='word_1_593' title='bbox 1267 1329 1327 1351; x_wconf 83' lang='lat' dir='ltr'><em>Iesu.</em></span> 
     </span>
    </p>

    <p class='ocr_par' dir='ltr' id='par_1_14' title="bbox 971 1373 1816 1684">
     <span class='ocr_line' id='line_1_70' title="bbox 1039 1373 1812 1402; baseline -0.001 -6"><span class='ocrx_word' id='word_1_594' title='bbox 1039 1375 1071 1396; x_wconf 86' lang='grc'><em>13,</em></span> <span class='ocrx_word' id='word_1_595' title='bbox 1089 1373 1188 1402; x_wconf 75' lang='lat' dir='ltr'><em>Ibidem,</em></span> <span class='ocrx_word' id='word_1_596' title='bbox 1206 1374 1258 1396; x_wconf 88' lang='lat' dir='ltr'><em>cod.</em></span> <span class='ocrx_word' id='word_1_597' title='bbox 1276 1374 1327 1396; x_wconf 82' lang='lat'><em>224.</em></span> <span class='ocrx_word' id='word_1_598' title='bbox 1347 1375 1384 1396; x_wconf 92' lang='lat' dir='ltr'><em>int.</em></span> <span class='ocrx_word' id='word_1_599' title='bbox 1402 1375 1425 1397; x_wconf 86' lang='lat' dir='ltr'><em>S.</em></span> <span class='ocrx_word' id='word_1_600' title='bbox 1448 1375 1470 1396; x_wconf 83' lang='lat' dir='ltr'><em>E.</em></span> <span class='ocrx_word' id='word_1_601' title='bbox 1488 1373 1587 1396; x_wconf 89' lang='lat' dir='ltr'><em>membr.</em></span> <span class='ocrx_word' id='word_1_602' title='bbox 1605 1374 1627 1396; x_wconf 91' lang='lat' dir='ltr'><em>in</em></span> <span class='ocrx_word' id='word_1_603' title='bbox 1646 1374 1666 1396; x_wconf 78' lang='grc'>4.</span> <span class='ocrx_word' id='word_1_604' title='bbox 1684 1380 1742 1396; x_wconf 86' lang='lat' dir='ltr'><em>saec.</em></span> <span class='ocrx_word' id='word_1_605' title='bbox 1762 1374 1812 1396; x_wconf 75' lang='lat' dir='ltr'><em>XV.</em></span> 
     </span>
     <span class='ocr_line' id='line_1_71' title="bbox 972 1420 1816 1450; baseline 0 -7"><span class='ocrx_word' id='word_1_606' title='bbox 972 1433 1002 1438; x_wconf 91' lang='lat'><em>—-</em></span> <span class='ocrx_word' id='word_1_607' title='bbox 1020 1421 1100 1449; x_wconf 87' lang='lat' dir='ltr'><em>incipit</em></span> <span class='ocrx_word' id='word_1_608' title='bbox 1116 1421 1153 1443; x_wconf 79' lang='lat' dir='ltr'><em>iol.</em></span> <span class='ocrx_word' id='word_1_609' title='bbox 1172 1422 1192 1443; x_wconf 89' lang='lat'><em>3.</em></span> <span class='ocrx_word' id='word_1_610' title='bbox 1205 1427 1223 1443; x_wconf 89' lang='lat' dir='ltr'><em>r.</em></span> <span class='ocrx_word' id='word_1_611' title='bbox 1237 1427 1290 1443; x_wconf 90' lang='lat' dir='ltr'><em>cum</em></span> <span class='ocrx_word' id='word_1_612' title='bbox 1307 1421 1411 1444; x_wconf 82' lang='lat' dir='ltr'><em>rubrica:</em></span> <span class='ocrx_word' id='word_1_613' title='bbox 1429 1421 1546 1450; x_wconf 72' lang='lat' dir='ltr'><em>Proloyus</em></span> <span class='ocrx_word' id='word_1_614' title='bbox 1564 1420 1740 1450; x_wconf 78' lang='lat' dir='ltr'><em>deprecatorias</em></span> <span class='ocrx_word' id='word_1_615' title='bbox 1755 1420 1816 1443; x_wconf 73' lang='lat' dir='ltr'><em>beati</em></span> 
     </span>
     <span class='ocr_line' id='line_1_72' title="bbox 971 1467 1813 1497; baseline 0 -7"><span class='ocrx_word' id='word_1_616' title='bbox 971 1467 1091 1490; x_wconf 83' lang='lat' dir='ltr'><em>Beruardi</em></span> <span class='ocrx_word' id='word_1_617' title='bbox 1101 1467 1191 1490; x_wconf 88' lang='lat' dir='ltr'><em>abbatis</em></span> <span class='ocrx_word' id='word_1_618' title='bbox 1207 1474 1280 1497; x_wconf 84' lang='lat' dir='ltr'><em>saper</em></span> <span class='ocrx_word' id='word_1_619' title='bbox 1291 1467 1367 1490; x_wconf 67' lang='lat' dir='ltr'><em>verbis</em></span> <span class='ocrx_word' id='word_1_620' title='bbox 1384 1467 1538 1497; x_wconf 60' lang='lat' dir='ltr'><em>evangelicis:</em></span> <span class='ocrx_word' id='word_1_621' title='bbox 1554 1467 1603 1497; x_wconf 72' lang='lat' dir='ltr'><em>qu</em></span> <span class='ocrx_word' id='word_1_622' title='bbox 1614 1473 1669 1490; x_wconf 85' lang='lat' dir='ltr'><em>sum</em></span> <span class='ocrx_word' id='word_1_623' title='bbox 1683 1467 1736 1490; x_wconf 81' lang='lat' dir='ltr'><em>vitis</em></span> <span class='ocrx_word' id='word_1_624' title='bbox 1748 1473 1813 1490; x_wconf 77' lang='lat' dir='ltr'><em>vera.</em></span> 
     </span>
     <span class='ocr_line' id='line_1_73' title="bbox 972 1513 1813 1543; baseline -0.001 -6"><span class='ocrx_word' id='word_1_625' title='bbox 972 1514 1040 1537; x_wconf 81' lang='lat' dir='ltr'><em>Iheszt</em></span> <span class='ocrx_word' id='word_1_626' title='bbox 1058 1513 1154 1543; x_wconf 69' lang='lat' dir='ltr'><em>benique</em></span> <span class='ocrx_word' id='word_1_627' title='bbox 1171 1517 1213 1536; x_wconf 86' lang='lat' dir='ltr'><em>etc.</em></span> <span class='ocrx_word' id='word_1_628' title='bbox 1231 1514 1317 1536; x_wconf 86' lang='lat' dir='ltr'><em>Desinit</em></span> <span class='ocrx_word' id='word_1_629' title='bbox 1335 1515 1373 1536; x_wconf 83' lang='lat' dir='ltr'><em>sol.</em></span> <span class='ocrx_word' id='word_1_630' title='bbox 1389 1514 1427 1536; x_wconf 77' lang='lat'><em>59.</em></span> <span class='ocrx_word' id='word_1_631' title='bbox 1449 1521 1483 1536; x_wconf 81' lang='lat' dir='ltr'><em>v.:</em></span> <span class='ocrx_word' id='word_1_632' title='bbox 1504 1513 1589 1543; x_wconf 64' lang='lat' dir='ltr'><em>iupiter</em></span> <span class='ocrx_word' id='word_1_633' title='bbox 1606 1519 1651 1543; x_wconf 86' lang='lat' dir='ltr'><em>per</em></span> <span class='ocrx_word' id='word_1_634' title='bbox 1673 1513 1813 1536; x_wconf 83' lang='lat' dir='ltr'><em>hamilitatis</em></span> 
     </span>
     <span class='ocr_line' id='line_1_74' title="bbox 971 1560 1814 1589; baseline -0.002 -6"><span class='ocrx_word' id='word_1_635' title='bbox 971 1560 1103 1583; x_wconf 85' lang='lat' dir='ltr'><em>custodiam</em></span> <span class='ocrx_word' id='word_1_636' title='bbox 1120 1566 1292 1584; x_wconf 81' lang='lat' dir='ltr'><em>conservemus.</em></span> <span class='ocrx_word' id='word_1_637' title='bbox 1310 1561 1384 1583; x_wconf 80' lang='lat' dir='ltr'><em>Amen</em></span> <span class='ocrx_word' id='word_1_638' title='bbox 1402 1560 1452 1589; x_wconf 79' lang='lat' dir='ltr'><em>(cir.</em></span> <span class='ocrx_word' id='word_1_639' title='bbox 1478 1560 1533 1582; x_wconf 79' lang='lat' dir='ltr'><em>inira</em></span> <span class='ocrx_word' id='word_1_640' title='bbox 1560 1566 1613 1588; x_wconf 83' lang='lat' dir='ltr'><em>pag.</em></span> <span class='ocrx_word' id='word_1_641' title='bbox 1639 1560 1693 1588; x_wconf 79' lang='lat'><em>159,</em></span> <span class='ocrx_word' id='word_1_642' title='bbox 1715 1562 1767 1582; x_wconf 85' lang='lat' dir='ltr'><em>nota</em></span> <span class='ocrx_word' id='word_1_643' title='bbox 1791 1560 1814 1581; x_wconf 86' lang='lat'><em>6.</em></span> 
     </span>
     <span class='ocr_line' id='line_1_75' title="bbox 971 1606 1812 1636; baseline -0.001 -6"><span class='ocrx_word' id='word_1_644' title='bbox 971 1610 993 1630; x_wconf 87' lang='lat' dir='ltr'><em>et</em></span> <span class='ocrx_word' id='word_1_645' title='bbox 1010 1614 1063 1636; x_wconf 82' lang='lat' dir='ltr'><em>pag.</em></span> <span class='ocrx_word' id='word_1_646' title='bbox 1082 1608 1139 1634; x_wconf 85' lang='lat'><em>222,</em></span> <span class='ocrx_word' id='word_1_647' title='bbox 1157 1614 1179 1629; x_wconf 95' lang='lat' dir='ltr'><em>n.</em></span> <span class='ocrx_word' id='word_1_648' title='bbox 1201 1608 1267 1634; x_wconf 64' lang='lat'><em>155).</em></span> <span class='ocrx_word' id='word_1_649' title='bbox 1285 1607 1390 1636; x_wconf 71' lang='lat' dir='ltr'><em>Eoeplz&#39;cit</em></span> <span class='ocrx_word' id='word_1_650' title='bbox 1406 1608 1522 1630; x_wconf 80' lang='lat' dir='ltr'><em>tractatus</em></span> <span class='ocrx_word' id='word_1_651' title='bbox 1539 1606 1567 1629; x_wconf 77' lang='lat' dir='ltr'><em>de</em></span> <span class='ocrx_word' id='word_1_652' title='bbox 1576 1606 1763 1636; x_wconf 83' lang='lat' dir='ltr'><em>proprietatibus</em></span> <span class='ocrx_word' id='word_1_653' title='bbox 1782 1606 1812 1629; x_wconf 84' lang='lat' dir='ltr'><em>vi·</em></span> 
     </span>
     <span class='ocr_line' id='line_1_76' title="bbox 971 1653 1291 1684; baseline -0.006 -6"><span class='ocrx_word' id='word_1_654' title='bbox 971 1655 1000 1678; x_wconf 84' lang='lat' dir='ltr'><em>tis</em></span> <span class='ocrx_word' id='word_1_655' title='bbox 1016 1655 1064 1677; x_wconf 72' lang='lat' dir='ltr'><em>siue</em></span> <span class='ocrx_word' id='word_1_656' title='bbox 1081 1654 1152 1684; x_wconf 75' lang='lat' dir='ltr'><em>flores</em></span> <span class='ocrx_word' id='word_1_657' title='bbox 1170 1653 1291 1684; x_wconf 72' lang='lat' dir='ltr'><em>Crucifioei.</em></span> 
     </span>
    </p>

    <p class='ocr_par' dir='ltr' id='par_1_15' title="bbox 970 1699 1813 1910">
     <span class='ocr_line' id='line_1_77' title="bbox 1036 1699 1813 1728; baseline -0.001 -5"><span class='ocrx_word' id='word_1_658' title='bbox 1036 1701 1071 1723; x_wconf 83' lang='grc'><em>14.</em></span> <span class='ocrx_word' id='word_1_659' title='bbox 1092 1700 1252 1728; x_wconf 80' lang='lat' dir='ltr'><em>Vindobonae,</em></span> <span class='ocrx_word' id='word_1_660' title='bbox 1270 1700 1407 1723; x_wconf 85' lang='lat' dir='ltr'><em>bibliotheca</em></span> <span class='ocrx_word' id='word_1_661' title='bbox 1425 1700 1530 1728; x_wconf 83' lang='lat' dir='ltr'><em>Palatina,</em></span> <span class='ocrx_word' id='word_1_662' title='bbox 1548 1700 1599 1723; x_wconf 81' lang='lat' dir='ltr'><em>eod.</em></span> <span class='ocrx_word' id='word_1_663' title='bbox 1617 1699 1685 1722; x_wconf 75' lang='lat'><em>4444.</em></span> <span class='ocrx_word' id='word_1_664' title='bbox 1705 1701 1776 1722; x_wconf 85' lang='lat' dir='ltr'><em>chart.</em></span> <span class='ocrx_word' id='word_1_665' title='bbox 1791 1700 1813 1721; x_wconf 94' lang='lat' dir='ltr'><em>in</em></span> 
     </span>
     <span class='ocr_line' id='line_1_78' title="bbox 971 1746 1813 1776; baseline -0.001 -6"><span class='ocrx_word' id='word_1_666' title='bbox 971 1748 1009 1770; x_wconf 85' lang='lat' dir='ltr'><em>sol.</em></span> <span class='ocrx_word' id='word_1_667' title='bbox 1026 1754 1085 1770; x_wconf 87' lang='lat' dir='ltr'><em>saec.</em></span> <span class='ocrx_word' id='word_1_668' title='bbox 1104 1748 1155 1770; x_wconf 87' lang='lat' dir='ltr'><em>XV.</em></span> <span class='ocrx_word' id='word_1_669' title='bbox 1171 1760 1202 1764; x_wconf 96' lang='lat'>—</span> <span class='ocrx_word' id='word_1_670' title='bbox 1219 1748 1264 1770; x_wconf 88' lang='lat' dir='ltr'><em>Fol.</em></span> <span class='ocrx_word' id='word_1_671' title='bbox 1283 1747 1336 1770; x_wconf 80' lang='grc'>245,</span> <span class='ocrx_word' id='word_1_672' title='bbox 1352 1752 1384 1769; x_wconf 87' lang='grc'>1·.;</span> <span class='ocrx_word' id='word_1_673' title='bbox 1402 1746 1485 1776; x_wconf 84' lang='lat' dir='ltr'><em>Incipit</em></span> <span class='ocrx_word' id='word_1_674' title='bbox 1500 1746 1610 1776; x_wconf 86' lang='lat' dir='ltr'><em>planctus</em></span> <span class='ocrx_word' id='word_1_675' title='bbox 1629 1747 1691 1769; x_wconf 78' lang='lat' dir='ltr'><em>Bone</em></span> <span class='ocrx_word' id='word_1_676' title='bbox 1712 1747 1813 1769; x_wconf 81' lang='lat' dir='ltr'><em>Venture</em></span> 
     </span>
     <span class='ocr_line' id='line_1_79' title="bbox 970 1793 1812 1824; baseline -0.001 -7"><span class='ocrx_word' id='word_1_677' title='bbox 970 1794 997 1817; x_wconf 89' lang='lat' dir='ltr'><em>de</em></span> <span class='ocrx_word' id='word_1_678' title='bbox 1005 1793 1117 1824; x_wconf 81' lang='lat' dir='ltr'><em>passione</em></span> <span class='ocrx_word' id='word_1_679' title='bbox 1132 1793 1232 1817; x_wconf 84' lang='lat' dir='ltr'><em>Domini.</em></span> <span class='ocrx_word' id='word_1_680' title='bbox 1245 1794 1329 1816; x_wconf 89' lang='lat' dir='ltr'><em>Desinit</em></span> <span class='ocrx_word' id='word_1_681' title='bbox 1341 1794 1377 1816; x_wconf 89' lang='grc'>101.</span> <span class='ocrx_word' id='word_1_682' title='bbox 1389 1793 1442 1816; x_wconf 81' lang='lat'><em>254.</em></span> <span class='ocrx_word' id='word_1_683' title='bbox 1454 1800 1484 1816; x_wconf 92' lang='lat'><em>1·.:</em></span> <span class='ocrx_word' id='word_1_684' title='bbox 1496 1793 1624 1823; x_wconf 70' lang='lat' dir='ltr'><em>imayinem</em></span> <span class='ocrx_word' id='word_1_685' title='bbox 1641 1793 1812 1823; x_wconf 80' lang='lat' dir='ltr'><em>reformemur,</em></span> 
     </span>
     <span class='ocr_line' id='line_1_80' title="bbox 970 1839 1812 1870; baseline -0.001 -7"><span class='ocrx_word' id='word_1_686' title='bbox 970 1841 1012 1870; x_wconf 85' lang='lat' dir='ltr'><em>qui</em></span> <span class='ocrx_word' id='word_1_687' title='bbox 1026 1840 1085 1864; x_wconf 80' lang='lat' dir='ltr'><em>vivis</em></span> <span class='ocrx_word' id='word_1_688' title='bbox 1097 1842 1119 1864; x_wconf 85' lang='lat' dir='ltr'><em>et</em></span> <span class='ocrx_word' id='word_1_689' title='bbox 1130 1847 1225 1870; x_wconf 74' lang='lat' dir='ltr'><em>reynas.</em></span> <span class='ocrx_word' id='word_1_690' title='bbox 1238 1840 1342 1870; x_wconf 64' lang='lat' dir='ltr'><em>Explicit</em></span> <span class='ocrx_word' id='word_1_691' title='bbox 1350 1840 1463 1870; x_wconf 81' lang='lat' dir='ltr'><em>planctus</em></span> <span class='ocrx_word' id='word_1_692' title='bbox 1475 1840 1538 1863; x_wconf 83' lang='lat' dir='ltr'><em>Bone</em></span> <span class='ocrx_word' id='word_1_693' title='bbox 1554 1840 1654 1863; x_wconf 79' lang='lat' dir='ltr'><em>Venture</em></span> <span class='ocrx_word' id='word_1_694' title='bbox 1665 1839 1693 1863; x_wconf 87' lang='lat' dir='ltr'><em>de</em></span> <span class='ocrx_word' id='word_1_695' title='bbox 1701 1839 1812 1869; x_wconf 84' lang='lat' dir='ltr'><em>passione</em></span> 
     </span>
     <span class='ocr_line' id='line_1_81' title="bbox 970 1887 1072 1910; baseline 0 0"><span class='ocrx_word' id='word_1_696' title='bbox 970 1887 1072 1910; x_wconf 88' lang='lat' dir='ltr'><em>Domini.</em></span> 
     </span>
    </p>

    <p class='ocr_par' dir='ltr' id='par_1_16' title="bbox 968 1933 1812 2150">
     <span class='ocr_line' id='line_1_82' title="bbox 1033 1933 1812 1962; baseline 0 -6"><span class='ocrx_word' id='word_1_697' title='bbox 1033 1933 1069 1956; x_wconf 84' lang='grc'><em>15.</em></span> <span class='ocrx_word' id='word_1_698' title='bbox 1087 1933 1186 1962; x_wconf 81' lang='lat' dir='ltr'><em>Ibidem,</em></span> <span class='ocrx_word' id='word_1_699' title='bbox 1209 1934 1261 1956; x_wconf 86' lang='lat' dir='ltr'><em>cod.</em></span> <span class='ocrx_word' id='word_1_700' title='bbox 1279 1934 1348 1956; x_wconf 85' lang='grc'>4362.</span> <span class='ocrx_word' id='word_1_701' title='bbox 1365 1935 1435 1956; x_wconf 85' lang='lat' dir='ltr'><em>chart.</em></span> <span class='ocrx_word' id='word_1_702' title='bbox 1453 1934 1476 1956; x_wconf 92' lang='lat' dir='ltr'><em>in</em></span> <span class='ocrx_word' id='word_1_703' title='bbox 1498 1934 1534 1956; x_wconf 82' lang='grc'>101.</span> <span class='ocrx_word' id='word_1_704' title='bbox 1553 1940 1612 1956; x_wconf 87' lang='lat' dir='ltr'><em>saec.</em></span> <span class='ocrx_word' id='word_1_705' title='bbox 1629 1934 1680 1956; x_wconf 83' lang='lat' dir='ltr'><em>XV.</em></span> <span class='ocrx_word' id='word_1_706' title='bbox 1698 1936 1750 1956; x_wconf 91' lang='lat' dir='ltr'><em>ante</em></span> <span class='ocrx_word' id='word_1_707' title='bbox 1763 1940 1812 1956; x_wconf 89' lang='lat' dir='ltr'><em>me-</em></span> 
     </span>
     <span class='ocr_line' id='line_1_83' title="bbox 969 1980 1810 2010; baseline -0.001 -7"><span class='ocrx_word' id='word_1_708' title='bbox 969 1981 1041 2003; x_wconf 88' lang='lat' dir='ltr'><em>dium.</em></span> <span class='ocrx_word' id='word_1_709' title='bbox 1059 1993 1089 1997; x_wconf 97' lang='lat'><strong>—</strong></span> <span class='ocrx_word' id='word_1_710' title='bbox 1107 1981 1154 2003; x_wconf 87' lang='lat' dir='ltr'><em>Hoc</em></span> <span class='ocrx_word' id='word_1_711' title='bbox 1170 1987 1230 2008; x_wconf 87' lang='lat' dir='ltr'><em>opus</em></span> <span class='ocrx_word' id='word_1_712' title='bbox 1255 1981 1333 2009; x_wconf 89' lang='lat' dir='ltr'><em>incipit</em></span> <span class='ocrx_word' id='word_1_713' title='bbox 1351 1981 1386 2003; x_wconf 82' lang='lat' dir='ltr'><em>iol.</em></span> <span class='ocrx_word' id='word_1_714' title='bbox 1409 1981 1462 2003; x_wconf 83' lang='grc'>231.</span> <span class='ocrx_word' id='word_1_715' title='bbox 1479 1987 1502 2002; x_wconf 79' lang='lat' dir='ltr'><em>v.</em></span> <span class='ocrx_word' id='word_1_716' title='bbox 1519 1980 1568 2003; x_wconf 88' lang='lat' dir='ltr'><em>sine</em></span> <span class='ocrx_word' id='word_1_717' title='bbox 1593 1980 1638 2002; x_wconf 92' lang='lat' dir='ltr'><em>ullo</em></span> <span class='ocrx_word' id='word_1_718' title='bbox 1660 1980 1736 2003; x_wconf 88' lang='lat' dir='ltr'><em>titulo:</em></span> <span class='ocrx_word' id='word_1_719' title='bbox 1761 1980 1810 2010; x_wconf 68' lang='lat' dir='ltr'><em>Epo</em></span> 
     </span>
     <span class='ocr_line' id='line_1_84' title="bbox 968 2025 1811 2055; baseline 0 -6"><span class='ocrx_word' id='word_1_720' title='bbox 968 2033 1022 2050; x_wconf 87' lang='lat' dir='ltr'><em>sum</em></span> <span class='ocrx_word' id='word_1_721' title='bbox 1041 2026 1092 2050; x_wconf 82' lang='lat' dir='ltr'><em>vitis</em></span> <span class='ocrx_word' id='word_1_722' title='bbox 1109 2033 1165 2050; x_wconf 74' lang='lat' dir='ltr'><em>vera</em></span> <span class='ocrx_word' id='word_1_723' title='bbox 1177 2030 1220 2049; x_wconf 84' lang='lat' dir='ltr'><em>etc.</em></span> <span class='ocrx_word' id='word_1_724' title='bbox 1238 2026 1257 2050; x_wconf 94' lang='lat' dir='ltr'><em>O</em></span> <span class='ocrx_word' id='word_1_725' title='bbox 1274 2027 1327 2050; x_wconf 84' lang='lat' dir='ltr'><em>lesu</em></span> <span class='ocrx_word' id='word_1_726' title='bbox 1339 2026 1413 2054; x_wconf 80' lang='lat' dir='ltr'><em>mitis,</em></span> <span class='ocrx_word' id='word_1_727' title='bbox 1425 2026 1489 2055; x_wconf 81' lang='lat' dir='ltr'><em>veni,</em></span> <span class='ocrx_word' id='word_1_728' title='bbox 1503 2025 1595 2055; x_wconf 59' lang='lat' dir='ltr'><em>Itanum</em></span> <span class='ocrx_word' id='word_1_729' title='bbox 1606 2029 1648 2049; x_wconf 89' lang='lat' dir='ltr'><em>etc.</em></span> <span class='ocrx_word' id='word_1_730' title='bbox 1662 2027 1746 2049; x_wconf 83' lang='lat' dir='ltr'><em>Desinit</em></span> <span class='ocrx_word' id='word_1_731' title='bbox 1757 2033 1811 2049; x_wconf 89' lang='lat' dir='ltr'><em>cum</em></span> 
     </span>
     <span class='ocr_line' id='line_1_85' title="bbox 968 2062 1811 2103; baseline 0.001 -8"><span class='ocrx_word' id='word_1_732' title='bbox 968 2073 1068 2095; x_wconf 89' lang='lat' dir='ltr'><em>editione</em></span> <span class='ocrx_word' id='word_1_733' title='bbox 1086 2074 1123 2095; x_wconf 93' lang='grc'>101.</span> <span class='ocrx_word' id='word_1_734' title='bbox 1140 2073 1193 2095; x_wconf 82' lang='lat'><em>249.</em></span> <span class='ocrx_word' id='word_1_735' title='bbox 1210 2079 1233 2095; x_wconf 89' lang='lat' dir='ltr'><em>v.</em></span> <span class='ocrx_word' id='word_1_736' title='bbox 1250 2077 1272 2096; x_wconf 91' lang='lat' dir='ltr'><em>et</em></span> <span class='ocrx_word' id='word_1_737' title='bbox 1291 2062 1418 2096; x_wconf 82' lang='lat' dir='ltr'><em>additione:</em></span> <span class='ocrx_word' id='word_1_738' title='bbox 1436 2073 1539 2103; x_wconf 70' lang='lat' dir='ltr'><em>Explicit</em></span> <span class='ocrx_word' id='word_1_739' title='bbox 1560 2073 1671 2103; x_wconf 83' lang='lat' dir='ltr'><em>planctus</em></span> <span class='ocrx_word' id='word_1_740' title='bbox 1693 2073 1811 2096; x_wconf 82' lang='lat' dir='ltr'><em>Boneven-</em></span> 
     </span>
     <span class='ocr_line' id='line_1_86' title="bbox 968 2119 1435 2150; baseline -0.002 -7"><span class='ocrx_word' id='word_1_741' title='bbox 968 2122 1021 2144; x_wconf 85' lang='lat' dir='ltr'><em>ture</em></span> <span class='ocrx_word' id='word_1_742' title='bbox 1037 2119 1064 2143; x_wconf 86' lang='lat' dir='ltr'><em>de</em></span> <span class='ocrx_word' id='word_1_743' title='bbox 1079 2120 1191 2150; x_wconf 82' lang='lat' dir='ltr'><em>passione</em></span> <span class='ocrx_word' id='word_1_744' title='bbox 1208 2120 1303 2143; x_wconf 85' lang='lat' dir='ltr'><em>Domini</em></span> <span class='ocrx_word' id='word_1_745' title='bbox 1319 2121 1372 2143; x_wconf 82' lang='lat' dir='ltr'><em>Iesu</em></span> <span class='ocrx_word' id='word_1_746' title='bbox 1385 2120 1435 2143; x_wconf 74' lang='lat' dir='ltr'><em>Xti.</em></span> 
     </span>
    </p>

    <p class='ocr_par' dir='ltr' id='par_1_17' title="bbox 967 2166 1809 2431">
     <span class='ocr_line' id='line_1_87' title="bbox 1032 2166 1808 2195; baseline -0.001 -6"><span class='ocrx_word' id='word_1_747' title='bbox 1032 2167 1069 2189; x_wconf 85' lang='grc'><em>16.</em></span> <span class='ocrx_word' id='word_1_748' title='bbox 1086 2166 1184 2195; x_wconf 82' lang='lat' dir='ltr'><em>Ibidem,</em></span> <span class='ocrx_word' id='word_1_749' title='bbox 1201 2166 1253 2189; x_wconf 89' lang='lat' dir='ltr'><em>cod.</em></span> <span class='ocrx_word' id='word_1_750' title='bbox 1272 2166 1340 2189; x_wconf 72' lang='lat'><em>4487.</em></span> <span class='ocrx_word' id='word_1_751' title='bbox 1351 2167 1421 2189; x_wconf 88' lang='lat' dir='ltr'><em>chart.</em></span> <span class='ocrx_word' id='word_1_752' title='bbox 1439 2167 1461 2188; x_wconf 90' lang='lat' dir='ltr'><em>in</em></span> <span class='ocrx_word' id='word_1_753' title='bbox 1479 2166 1501 2189; x_wconf 88' lang='lat'><em>4.</em></span> <span class='ocrx_word' id='word_1_754' title='bbox 1517 2172 1578 2189; x_wconf 89' lang='lat' dir='ltr'><em>saec.</em></span> <span class='ocrx_word' id='word_1_755' title='bbox 1596 2167 1645 2188; x_wconf 88' lang='lat' dir='ltr'><em>XV.</em></span> <span class='ocrx_word' id='word_1_756' title='bbox 1658 2179 1688 2182; x_wconf 89' lang='lat'><strong>—</strong></span> <span class='ocrx_word' id='word_1_757' title='bbox 1700 2167 1753 2189; x_wconf 87' lang='lat' dir='ltr'><em>Post</em></span> <span class='ocrx_word' id='word_1_758' title='bbox 1767 2166 1808 2189; x_wconf 89' lang='lat' dir='ltr'><em>alia</em></span> 
     </span>
     <span class='ocr_line' id='line_1_88' title="bbox 967 2212 1809 2242; baseline -0.001 -6"><span class='ocrx_word' id='word_1_759' title='bbox 967 2214 1080 2242; x_wconf 88' lang='lat' dir='ltr'><em>opuscula</em></span> <span class='ocrx_word' id='word_1_760' title='bbox 1102 2214 1173 2236; x_wconf 88' lang='lat' dir='ltr'><em>sancti</em></span> <span class='ocrx_word' id='word_1_761' title='bbox 1194 2213 1263 2235; x_wconf 85' lang='lat' dir='ltr'><em>nostri</em></span> <span class='ocrx_word' id='word_1_762' title='bbox 1281 2213 1386 2236; x_wconf 85' lang='lat' dir='ltr'><em>Doctoris</em></span> <span class='ocrx_word' id='word_1_763' title='bbox 1407 2213 1444 2235; x_wconf 88' lang='grc'>101.</span> <span class='ocrx_word' id='word_1_764' title='bbox 1464 2213 1517 2235; x_wconf 90' lang='grc'>273.</span> <span class='ocrx_word' id='word_1_765' title='bbox 1535 2219 1553 2235; x_wconf 94' lang='lat' dir='ltr'><em>r.</em></span> <span class='ocrx_word' id='word_1_766' title='bbox 1570 2216 1603 2235; x_wconf 89' lang='lat' dir='ltr'><em>est</em></span> <span class='ocrx_word' id='word_1_767' title='bbox 1620 2212 1711 2235; x_wconf 86' lang='lat' dir='ltr'><em>rubrica</em></span> <span class='ocrx_word' id='word_1_768' title='bbox 1729 2213 1809 2236; x_wconf 88' lang='lat' dir='ltr'><em>huius:</em></span> 
     </span>
     <span class='ocr_line' id='line_1_89' title="bbox 968 2259 1809 2290; baseline -0.001 -7"><span class='ocrx_word' id='word_1_769' title='bbox 968 2260 1051 2290; x_wconf 85' lang='lat' dir='ltr'><em>Incipit</em></span> <span class='ocrx_word' id='word_1_770' title='bbox 1066 2260 1127 2283; x_wconf 86' lang='lat' dir='ltr'><em>alter</em></span> <span class='ocrx_word' id='word_1_771' title='bbox 1144 2261 1260 2283; x_wconf 80' lang='lat' dir='ltr'><em>tractatus</em></span> <span class='ocrx_word' id='word_1_772' title='bbox 1277 2259 1380 2282; x_wconf 80' lang='lat' dir='ltr'><em>eiusdem</em></span> <span class='ocrx_word' id='word_1_773' title='bbox 1397 2260 1557 2283; x_wconf 76' lang='lat' dir='ltr'><em>Boneuenture</em></span> <span class='ocrx_word' id='word_1_774' title='bbox 1579 2259 1606 2283; x_wconf 87' lang='lat' dir='ltr'><em>de</em></span> <span class='ocrx_word' id='word_1_775' title='bbox 1624 2259 1738 2289; x_wconf 88' lang='lat' dir='ltr'><em>passione</em></span> <span class='ocrx_word' id='word_1_776' title='bbox 1759 2259 1809 2283; x_wconf 82' lang='lat' dir='ltr'><em>Xti.</em></span> 
     </span>
     <span class='ocr_line' id='line_1_90' title="bbox 967 2306 1808 2336; baseline -0.002 -6"><span class='ocrx_word' id='word_1_777' title='bbox 967 2307 997 2330; x_wconf 88' lang='lat' dir='ltr'><em>El</em></span> <span class='ocrx_word' id='word_1_778' title='bbox 1008 2307 1065 2330; x_wconf 84' lang='lat' dir='ltr'><em>solet</em></span> <span class='ocrx_word' id='word_1_779' title='bbox 1076 2306 1196 2330; x_wconf 83' lang='lat' dir='ltr'><em>intitulari</em></span> <span class='ocrx_word' id='word_1_780' title='bbox 1203 2306 1316 2336; x_wconf 83' lang='lat' dir='ltr'><em>planctus</em></span> <span class='ocrx_word' id='word_1_781' title='bbox 1326 2307 1493 2330; x_wconf 79' lang='lat' dir='ltr'><em>Boneventare.</em></span> <span class='ocrx_word' id='word_1_782' title='bbox 1503 2307 1554 2336; x_wconf 68' lang='lat' dir='ltr'><em>Eya</em></span> <span class='ocrx_word' id='word_1_783' title='bbox 1565 2312 1620 2330; x_wconf 87' lang='lat' dir='ltr'><em>sum</em></span> <span class='ocrx_word' id='word_1_784' title='bbox 1632 2306 1685 2330; x_wconf 81' lang='lat' dir='ltr'><em>vitis</em></span> <span class='ocrx_word' id='word_1_785' title='bbox 1697 2312 1753 2329; x_wconf 77' lang='lat' dir='ltr'><em>vera</em></span> <span class='ocrx_word' id='word_1_786' title='bbox 1765 2308 1808 2329; x_wconf 86' lang='lat' dir='ltr'><em>etc.</em></span> 
     </span>
     <span class='ocr_line' id='line_1_91' title="bbox 967 2353 1807 2382; baseline -0.001 -5"><span class='ocrx_word' id='word_1_787' title='bbox 967 2355 1020 2378; x_wconf 82' lang='lat' dir='ltr'><em>Iesu</em></span> <span class='ocrx_word' id='word_1_788' title='bbox 1037 2354 1111 2382; x_wconf 86' lang='lat' dir='ltr'><em>mitis,</em></span> <span class='ocrx_word' id='word_1_789' title='bbox 1128 2353 1188 2377; x_wconf 83' lang='lat' dir='ltr'><em>veni.</em></span> <span class='ocrx_word' id='word_1_790' title='bbox 1206 2354 1291 2376; x_wconf 83' lang='lat' dir='ltr'><em>Desinit</em></span> <span class='ocrx_word' id='word_1_791' title='bbox 1308 2354 1345 2376; x_wconf 88' lang='grc'>101.</span> <span class='ocrx_word' id='word_1_792' title='bbox 1362 2354 1414 2376; x_wconf 81' lang='grc'>289.</span> <span class='ocrx_word' id='word_1_793' title='bbox 1428 2360 1450 2376; x_wconf 87' lang='lat' dir='ltr'><em>v.</em></span> <span class='ocrx_word' id='word_1_794' title='bbox 1462 2354 1521 2376; x_wconf 86' lang='lat' dir='ltr'><em>sicut</em></span> <span class='ocrx_word' id='word_1_795' title='bbox 1537 2354 1558 2376; x_wconf 93' lang='lat' dir='ltr'><em>in</em></span> <span class='ocrx_word' id='word_1_796' title='bbox 1574 2354 1685 2382; x_wconf 78' lang='lat' dir='ltr'><em>editione3</em></span> <span class='ocrx_word' id='word_1_797' title='bbox 1702 2354 1807 2377; x_wconf 86' lang='lat' dir='ltr'><em>additur:</em></span> 
     </span>
     <span class='ocr_line' id='line_1_92' title="bbox 967 2399 1668 2431; baseline -0.001 -7"><span class='ocrx_word' id='word_1_798' title='bbox 967 2401 1071 2431; x_wconf 71' lang='lat' dir='ltr'><em>Ezptz‘cz&#39;t</em></span> <span class='ocrx_word' id='word_1_799' title='bbox 1085 2400 1198 2430; x_wconf 84' lang='lat' dir='ltr'><em>planctus</em></span> <span class='ocrx_word' id='word_1_800' title='bbox 1215 2401 1379 2423; x_wconf 80' lang='lat' dir='ltr'><em>Bonaventure</em></span> <span class='ocrx_word' id='word_1_801' title='bbox 1396 2399 1423 2423; x_wconf 83' lang='lat' dir='ltr'><em>de</em></span> <span class='ocrx_word' id='word_1_802' title='bbox 1439 2399 1549 2429; x_wconf 81' lang='lat' dir='ltr'><em>passione</em></span> <span class='ocrx_word' id='word_1_803' title='bbox 1567 2400 1668 2423; x_wconf 86' lang='lat' dir='ltr'><em>Domini.</em></span> 
     </span>
    </p>
   </div>
   <div class='ocr_carea' id='block_1_7' title="bbox 886 2493 989 2517">
    <p class='ocr_par' dir='ltr' id='par_1_18' title="bbox 886 2493 989 2517">
     <span class='ocr_line' id='line_1_93' title="bbox 886 2493 989 2517; baseline 0 -1"><span class='ocrx_word' id='word_1_804' title='bbox 886 2493 947 2517; x_wconf 73' lang='lat' dir='ltr'><em>CAP.</em></span> <span class='ocrx_word' id='word_1_805' title='bbox 965 2494 989 2517; x_wconf 85' lang='lat' dir='ltr'><em>lt.</em></span> 
     </span>
    </p>
   </div>
   <div class='ocr_carea' id='block_1_8' title="bbox 373 2577 1495 2618">
    <p class='ocr_par' dir='ltr' id='par_1_19' title="bbox 373 2577 1495 2618">
     <span class='ocr_line' id='line_1_94' title="bbox 373 2577 1495 2618; baseline -0.001 -10"><span class='ocrx_word' id='word_1_806' title='bbox 373 2579 411 2609; x_wconf 85' lang='lat' dir='ltr'><em>De</em></span> <span class='ocrx_word' id='word_1_807' title='bbox 431 2578 560 2617; x_wconf 87' lang='lat' dir='ltr'><em>genuinis</em></span> <span class='ocrx_word' id='word_1_808' title='bbox 574 2578 708 2617; x_wconf 86' lang='lat' dir='ltr'><em>operibus,</em></span> <span class='ocrx_word' id='word_1_809' title='bbox 723 2586 794 2618; x_wconf 85' lang='lat' dir='ltr'><em>quae</em></span> <span class='ocrx_word' id='word_1_810' title='bbox 808 2578 844 2608; x_wconf 88' lang='lat' dir='ltr'><em>ad</em></span> <span class='ocrx_word' id='word_1_811' title='bbox 864 2586 908 2608; x_wconf 81' lang='lat' dir='ltr'><em>res</em></span> <span class='ocrx_word' id='word_1_812' title='bbox 928 2578 1037 2609; x_wconf 88' lang='lat' dir='ltr'><em>Ordinis</em></span> <span class='ocrx_word' id='word_1_813' title='bbox 1051 2578 1184 2608; x_wconf 80' lang='lat' dir='ltr'><em>Fratrum</em></span> <span class='ocrx_word' id='word_1_814' title='bbox 1204 2578 1338 2608; x_wconf 82' lang='lat' dir='ltr'><em>Minorum</em></span> <span class='ocrx_word' id='word_1_815' title='bbox 1359 2577 1495 2616; x_wconf 77' lang='lat' dir='ltr'><em>spectant.</em></span> 
     </span>
    </p>
   </div>
   <div class='ocr_carea' id='block_1_9' title="bbox 69 2679 908 2989">
    <p class='ocr_par' dir='ltr' id='par_1_20' title="bbox 69 2679 908 2989">
     <span class='ocr_line' id='line_1_95' title="bbox 130 2679 908 2709; baseline 0.003 -8"><span class='ocrx_word' id='word_1_816' title='bbox 130 2679 170 2702; x_wconf 82' lang='lat' dir='ltr'><em>His</em></span> <span class='ocrx_word' id='word_1_817' title='bbox 186 2679 297 2707; x_wconf 83' lang='lat' dir='ltr'><em>operibus</em></span> <span class='ocrx_word' id='word_1_818' title='bbox 317 2680 393 2707; x_wconf 84' lang='lat' dir='ltr'><em>primo</em></span> <span class='ocrx_word' id='word_1_819' title='bbox 414 2680 464 2703; x_wconf 88' lang='lat' dir='ltr'><em>loco</em></span> <span class='ocrx_word' id='word_1_820' title='bbox 486 2680 659 2703; x_wconf 86' lang='lat' dir='ltr'><em>adnumeranda</em></span> <span class='ocrx_word' id='word_1_821' title='bbox 677 2684 711 2703; x_wconf 89' lang='lat' dir='ltr'><em>est</em></span> <span class='ocrx_word' id='word_1_822' title='bbox 734 2681 768 2703; x_wconf 86' lang='lat' dir='ltr'><em>illa</em></span> <span class='ocrx_word' id='word_1_823' title='bbox 792 2681 908 2709; x_wconf 87' lang='lat' dir='ltr'><em>praeclara</em></span> 
     </span>
     <span class='ocr_line' id='line_1_96' title="bbox 71 2724 908 2756; baseline 0.001 -7"><span class='ocrx_word' id='word_1_824' title='bbox 71 2724 179 2753; x_wconf 80' lang='lat' dir='ltr'><em>Quaestio</em></span> <span class='ocrx_word' id='word_1_825' title='bbox 191 2726 220 2749; x_wconf 90' lang='lat' dir='ltr'><em>de</em></span> <span class='ocrx_word' id='word_1_826' title='bbox 231 2727 385 2756; x_wconf 82' lang='lat' dir='ltr'><em>Paupertate,</em></span> <span class='ocrx_word' id='word_1_827' title='bbox 402 2733 472 2756; x_wconf 85' lang='lat' dir='ltr'><em>quam</em></span> <span class='ocrx_word' id='word_1_828' title='bbox 486 2727 506 2750; x_wconf 90' lang='grc'><em>111</em></span> <span class='ocrx_word' id='word_1_829' title='bbox 520 2730 582 2750; x_wconf 87' lang='lat' dir='ltr'><em>tomo</em></span> <span class='ocrx_word' id='word_1_830' title='bbox 594 2728 622 2750; x_wconf 94' lang='lat' dir='ltr'><em>V.</em></span> <span class='ocrx_word' id='word_1_831' title='bbox 634 2730 725 2750; x_wconf 90' lang='lat' dir='ltr'><em>nostrae</em></span> <span class='ocrx_word' id='word_1_832' title='bbox 737 2727 843 2750; x_wconf 85' lang='lat' dir='ltr'><em>editionis</em></span> <span class='ocrx_word' id='word_1_833' title='bbox 855 2733 908 2755; x_wconf 82' lang='lat' dir='ltr'><em>pag.</em></span> 
     </span>
     <span class='ocr_line' id='line_1_97' title="bbox 70 2772 908 2803; baseline 0.002 -9"><span class='ocrx_word' id='word_1_834' title='bbox 70 2772 114 2794; x_wconf 78' lang='grc'><em>124</em></span> <span class='ocrx_word' id='word_1_835' title='bbox 130 2779 196 2802; x_wconf 82' lang='lat' dir='ltr'><em>seqq.</em></span> <span class='ocrx_word' id='word_1_836' title='bbox 211 2773 394 2801; x_wconf 83' lang='lat' dir='ltr'><em>publicavimus,</em></span> <span class='ocrx_word' id='word_1_837' title='bbox 411 2776 433 2796; x_wconf 86' lang='lat' dir='ltr'><em>et</em></span> <span class='ocrx_word' id='word_1_838' title='bbox 450 2774 479 2796; x_wconf 92' lang='lat' dir='ltr'><em>de</em></span> <span class='ocrx_word' id='word_1_839' title='bbox 495 2780 541 2803; x_wconf 88' lang='lat' dir='ltr'><em>qua</em></span> <span class='ocrx_word' id='word_1_840' title='bbox 559 2774 580 2796; x_wconf 97' lang='lat' dir='ltr'><em>in</em></span> <span class='ocrx_word' id='word_1_841' title='bbox 599 2774 770 2802; x_wconf 80' lang='lat' dir='ltr'><em>Prolegomenis</em></span> <span class='ocrx_word' id='word_1_842' title='bbox 787 2774 850 2796; x_wconf 88' lang='lat' dir='ltr'><em>istius</em></span> <span class='ocrx_word' id='word_1_843' title='bbox 867 2779 908 2796; x_wconf 83' lang='lat' dir='ltr'><em>vo-</em></span> 
     </span>
     <span class='ocr_line' id='line_1_98' title="bbox 69 2819 908 2849; baseline 0.002 -8"><span class='ocrx_word' id='word_1_844' title='bbox 69 2819 160 2842; x_wconf 90' lang='lat' dir='ltr'><em>luminis</em></span> <span class='ocrx_word' id='word_1_845' title='bbox 184 2825 203 2842; x_wconf 91' lang='grc'><em>0.</em></span> <span class='ocrx_word' id='word_1_846' title='bbox 229 2821 252 2842; x_wconf 94' lang='grc' dir='ltr'><em>ΙΙ.</em></span> <span class='ocrx_word' id='word_1_847' title='bbox 274 2820 325 2848; x_wconf 72' lang='lat' dir='ltr'><em>Si.</em></span> <span class='ocrx_word' id='word_1_848' title='bbox 342 2826 407 2849; x_wconf 88' lang='lat' dir='ltr'><em>seqq.</em></span> <span class='ocrx_word' id='word_1_849' title='bbox 430 2820 512 2843; x_wconf 79' lang='lat' dir='ltr'><em>diffuse</em></span> <span class='ocrx_word' id='word_1_850' title='bbox 536 2820 647 2843; x_wconf 87' lang='lat' dir='ltr'><em>rationem</em></span> <span class='ocrx_word' id='word_1_851' title='bbox 672 2820 824 2843; x_wconf 82' lang='lat' dir='ltr'><em>reddidimus.</em></span> <span class='ocrx_word' id='word_1_852' title='bbox 847 2821 908 2843; x_wconf 86' lang='lat' dir='ltr'><em>Haec</em></span> 
     </span>
     <span class='ocr_line' id='line_1_99' title="bbox 69 2865 908 2896; baseline 0.002 -8"><span class='ocrx_word' id='word_1_853' title='bbox 69 2865 174 2894; x_wconf 84' lang='lat' dir='ltr'><em>Quaestio</em></span> <span class='ocrx_word' id='word_1_854' title='bbox 191 2869 239 2889; x_wconf 89' lang='lat' dir='ltr'><em>erat</em></span> <span class='ocrx_word' id='word_1_855' title='bbox 255 2867 370 2895; x_wconf 79' lang='lat' dir='ltr'><em>disputata</em></span> <span class='ocrx_word' id='word_1_856' title='bbox 382 2868 403 2890; x_wconf 92' lang='lat' dir='ltr'><em>in</em></span> <span class='ocrx_word' id='word_1_857' title='bbox 415 2867 499 2890; x_wconf 84' lang='lat' dir='ltr'><em>scholis</em></span> <span class='ocrx_word' id='word_1_858' title='bbox 515 2870 537 2890; x_wconf 88' lang='lat' dir='ltr'><em>et</em></span> <span class='ocrx_word' id='word_1_859' title='bbox 553 2868 637 2890; x_wconf 89' lang='lat' dir='ltr'><em>deinde</em></span> <span class='ocrx_word' id='word_1_860' title='bbox 649 2867 763 2896; x_wconf 86' lang='lat' dir='ltr'><em>publicata</em></span> <span class='ocrx_word' id='word_1_861' title='bbox 775 2871 852 2890; x_wconf 90' lang='lat' dir='ltr'><em>contra</em></span> <span class='ocrx_word' id='word_1_862' title='bbox 864 2868 908 2890; x_wconf 87' lang='lat' dir='ltr'><em>Gu-</em></span> 
     </span>
     <span class='ocr_line' id='line_1_100' title="bbox 69 2912 908 2943; baseline 0.001 -8"><span class='ocrx_word' id='word_1_863' title='bbox 69 2912 168 2936; x_wconf 80' lang='lat' dir='ltr'><em>lielmum</em></span> <span class='ocrx_word' id='word_1_864' title='bbox 186 2919 198 2935; x_wconf 88' lang='lat' dir='ltr'><em>a</em></span> <span class='ocrx_word' id='word_1_865' title='bbox 215 2914 239 2936; x_wconf 81' lang='lat' dir='ltr'><em>S.</em></span> <span class='ocrx_word' id='word_1_866' title='bbox 255 2914 347 2941; x_wconf 84' lang='lat' dir='ltr'><em>Amore,</em></span> <span class='ocrx_word' id='word_1_867' title='bbox 363 2914 402 2943; x_wconf 85' lang='lat' dir='ltr'><em>qui</em></span> <span class='ocrx_word' id='word_1_868' title='bbox 421 2914 444 2936; x_wconf 89' lang='lat' dir='ltr'><em>in</em></span> <span class='ocrx_word' id='word_1_869' title='bbox 462 2920 546 2942; x_wconf 84' lang='lat' dir='ltr'><em>magna</em></span> <span class='ocrx_word' id='word_1_870' title='bbox 570 2915 607 2936; x_wconf 89' lang='lat' dir='ltr'><em>illa</em></span> <span class='ocrx_word' id='word_1_871' title='bbox 629 2914 678 2943; x_wconf 81' lang='lat' dir='ltr'><em>tite,</em></span> <span class='ocrx_word' id='word_1_872' title='bbox 701 2920 772 2943; x_wconf 90' lang='lat' dir='ltr'><em>quam</em></span> <span class='ocrx_word' id='word_1_873' title='bbox 794 2915 908 2937; x_wconf 85' lang='lat' dir='ltr'><em>Universi-</em></span> 
     </span>
     <span class='ocr_line' id='line_1_101' title="bbox 69 2959 907 2989; baseline 0.002 -7"><span class='ocrx_word' id='word_1_874' title='bbox 69 2962 102 2982; x_wconf 74' lang='lat' dir='ltr'><em>tas</em></span> <span class='ocrx_word' id='word_1_875' title='bbox 119 2959 250 2983; x_wconf 73' lang='lat' dir='ltr'><em>parisiensis</em></span> <span class='ocrx_word' id='word_1_876' title='bbox 266 2960 314 2988; x_wconf 81' lang='lat' dir='ltr'><em>egit</em></span> <span class='ocrx_word' id='word_1_877' title='bbox 329 2963 407 2983; x_wconf 89' lang='lat' dir='ltr'><em>contra</em></span> <span class='ocrx_word' id='word_1_878' title='bbox 424 2961 589 2989; x_wconf 57' lang='lat' dir='ltr'><em>Mendfflantae,</em></span> <span class='ocrx_word' id='word_1_879' title='bbox 603 2961 643 2984; x_wconf 87' lang='lat' dir='ltr'><em>suit</em></span> <span class='ocrx_word' id='word_1_880' title='bbox 660 2961 829 2989; x_wconf 81' lang='lat' dir='ltr'><em>antesignanus.</em></span> <span class='ocrx_word' id='word_1_881' title='bbox 842 2961 907 2984; x_wconf 90' lang='lat' dir='ltr'><em>Obie-</em></span> 
     </span>
    </p>
   </div>
   <div class='ocr_carea' id='block_1_10' title="bbox 160 3036 477 3061">
    <p class='ocr_par' dir='ltr' id='par_1_21' title="bbox 160 3036 477 3061">
     <span class='ocr_line' id='line_1_102' title="bbox 160 3036 477 3061; baseline 0.003 -2"><span class='ocrx_word' id='word_1_882' title='bbox 160 3036 187 3060; x_wconf 92' lang='lat' dir='ltr'><em>S.</em></span> <span class='ocrx_word' id='word_1_883' title='bbox 198 3037 290 3061; x_wconf 88' lang='lat' dir='ltr'><em>Bonav.</em></span> <span class='ocrx_word' id='word_1_884' title='bbox 300 3050 330 3054; x_wconf 97' lang='lat'><strong>—</strong></span> <span class='ocrx_word' id='word_1_885' title='bbox 342 3038 412 3060; x_wconf 87' lang='lat' dir='ltr'><em>Tom.</em></span> <span class='ocrx_word' id='word_1_886' title='bbox 422 3039 477 3061; x_wconf 89' lang='lat' dir='ltr'><em>Vllt.</em></span> 
     </span>
    </p>
   </div>
   <div class='ocr_carea' id='block_1_11' title="bbox 964 2680 1807 2990">
    <p class='ocr_par' dir='ltr' id='par_1_22' title="bbox 964 2680 1807 2990">
     <span class='ocr_line' id='line_1_103' title="bbox 965 2680 1806 2709; baseline 0.001 -7"><span class='ocrx_word' id='word_1_887' title='bbox 965 2680 1051 2703; x_wconf 90' lang='lat' dir='ltr'><em>ctiones</em></span> <span class='ocrx_word' id='word_1_888' title='bbox 1068 2680 1172 2703; x_wconf 85' lang='lat' dir='ltr'><em>eiusdem</em></span> <span class='ocrx_word' id='word_1_889' title='bbox 1189 2683 1267 2702; x_wconf 86' lang='lat' dir='ltr'><em>contra</em></span> <span class='ocrx_word' id='word_1_890' title='bbox 1285 2681 1344 2702; x_wconf 89' lang='lat' dir='ltr'><em>hanc</em></span> <span class='ocrx_word' id='word_1_891' title='bbox 1362 2681 1537 2703; x_wconf 81' lang='lat' dir='ltr'><em>Bonaventurae</em></span> <span class='ocrx_word' id='word_1_892' title='bbox 1554 2681 1715 2709; x_wconf 83' lang='lat' dir='ltr'><em>Quaestionem</em></span> <span class='ocrx_word' id='word_1_893' title='bbox 1728 2681 1806 2709; x_wconf 86' lang='lat' dir='ltr'><em>dispu-</em></span> 
     </span>
     <span class='ocr_line' id='line_1_104' title="bbox 965 2727 1806 2756; baseline 0.001 -7"><span class='ocrx_word' id='word_1_894' title='bbox 965 2730 1034 2750; x_wconf 88' lang='lat' dir='ltr'><em>tatam</em></span> <span class='ocrx_word' id='word_1_895' title='bbox 1060 2729 1124 2749; x_wconf 86' lang='lat' dir='ltr'><em>antea</em></span> <span class='ocrx_word' id='word_1_896' title='bbox 1150 2733 1195 2749; x_wconf 91' lang='lat' dir='ltr'><em>non</em></span> <span class='ocrx_word' id='word_1_897' title='bbox 1212 2730 1277 2749; x_wconf 84' lang='lat' dir='ltr'><em>notas</em></span> <span class='ocrx_word' id='word_1_898' title='bbox 1294 2733 1321 2749; x_wconf 82' lang='lat' dir='ltr'><em>ex</em></span> <span class='ocrx_word' id='word_1_899' title='bbox 1345 2727 1447 2756; x_wconf 84' lang='lat' dir='ltr'><em>quodam</em></span> <span class='ocrx_word' id='word_1_900' title='bbox 1473 2727 1553 2750; x_wconf 91' lang='lat' dir='ltr'><em>codice</em></span> <span class='ocrx_word' id='word_1_901' title='bbox 1576 2727 1728 2750; x_wconf 86' lang='lat' dir='ltr'><em>bibliothecae</em></span> <span class='ocrx_word' id='word_1_902' title='bbox 1747 2728 1806 2750; x_wconf 90' lang='lat' dir='ltr'><em>Lau-</em></span> 
     </span>
     <span class='ocr_line' id='line_1_105' title="bbox 964 2773 1806 2803; baseline 0.001 -7"><span class='ocrx_word' id='word_1_903' title='bbox 964 2774 1079 2796; x_wconf 87' lang='lat' dir='ltr'><em>rentianac</em></span> <span class='ocrx_word' id='word_1_904' title='bbox 1102 2774 1245 2801; x_wconf 83' lang='lat' dir='ltr'><em>(Florentiae)</em></span> <span class='ocrx_word' id='word_1_905' title='bbox 1264 2773 1435 2802; x_wconf 78' lang='lat' dir='ltr'><em>publicavimus</em></span> <span class='ocrx_word' id='word_1_906' title='bbox 1452 2774 1515 2803; x_wconf 87' lang='lat' dir='ltr'><em>(vide</em></span> <span class='ocrx_word' id='word_1_907' title='bbox 1541 2775 1669 2802; x_wconf 80' lang='lat' dir='ltr'><em>Prolegom.</em></span> <span class='ocrx_word' id='word_1_908' title='bbox 1687 2781 1741 2803; x_wconf 82' lang='lat' dir='ltr'><em>pag.</em></span> <span class='ocrx_word' id='word_1_909' title='bbox 1759 2775 1806 2797; x_wconf 89' lang='lat' dir='ltr'><em>Vll.</em></span> 
     </span>
     <span class='ocr_line' id='line_1_106' title="bbox 964 2820 1805 2849; baseline 0.002 -7"><span class='ocrx_word' id='word_1_910' title='bbox 964 2820 1047 2849; x_wconf 80' lang='lat' dir='ltr'><em>seqq).</em></span> <span class='ocrx_word' id='word_1_911' title='bbox 1064 2820 1126 2843; x_wconf 89' lang='lat' dir='ltr'><em>Licet</em></span> <span class='ocrx_word' id='word_1_912' title='bbox 1143 2820 1179 2842; x_wconf 91' lang='lat' dir='ltr'><em>illa</em></span> <span class='ocrx_word' id='word_1_913' title='bbox 1203 2821 1310 2849; x_wconf 87' lang='lat' dir='ltr'><em>Quaestio</em></span> <span class='ocrx_word' id='word_1_914' title='bbox 1327 2820 1357 2843; x_wconf 86' lang='lat' dir='ltr'><em>de</em></span> <span class='ocrx_word' id='word_1_915' title='bbox 1379 2823 1514 2848; x_wconf 84' lang='lat' dir='ltr'><em>paupertate</em></span> <span class='ocrx_word' id='word_1_916' title='bbox 1536 2821 1664 2844; x_wconf 88' lang='lat' dir='ltr'><em>secundum</em></span> <span class='ocrx_word' id='word_1_917' title='bbox 1685 2821 1805 2844; x_wconf 86' lang='lat' dir='ltr'><em>materiam</em></span> 
     </span>
     <span class='ocr_line' id='line_1_107' title="bbox 964 2867 1807 2897; baseline 0.002 -8"><span class='ocrx_word' id='word_1_918' title='bbox 964 2870 1052 2896; x_wconf 78' lang='lat' dir='ltr'><em>spectet</em></span> <span class='ocrx_word' id='word_1_919' title='bbox 1068 2867 1167 2890; x_wconf 89' lang='lat' dir='ltr'><em>adhunc</em></span> <span class='ocrx_word' id='word_1_920' title='bbox 1182 2870 1283 2895; x_wconf 86' lang='lat' dir='ltr'><em>tomum,</em></span> <span class='ocrx_word' id='word_1_921' title='bbox 1299 2868 1416 2890; x_wconf 86' lang='lat' dir='ltr'><em>notuimus</em></span> <span class='ocrx_word' id='word_1_922' title='bbox 1433 2871 1509 2891; x_wconf 84' lang='lat' dir='ltr'><em>tamen</em></span> <span class='ocrx_word' id='word_1_923' title='bbox 1523 2874 1574 2891; x_wconf 86' lang='lat' dir='ltr'><em>eam</em></span> <span class='ocrx_word' id='word_1_924' title='bbox 1588 2875 1695 2897; x_wconf 85' lang='lat' dir='ltr'><em>separare</em></span> <span class='ocrx_word' id='word_1_925' title='bbox 1712 2869 1741 2891; x_wconf 90' lang='lat' dir='ltr'><em>ab</em></span> <span class='ocrx_word' id='word_1_926' title='bbox 1757 2869 1807 2892; x_wconf 90' lang='lat' dir='ltr'><em>aliis</em></span> 
     </span>
     <span class='ocr_line' id='line_1_108' title="bbox 964 2913 1806 2944; baseline 0.002 -8"><span class='ocrx_word' id='word_1_927' title='bbox 964 2914 1007 2937; x_wconf 89' lang='lat' dir='ltr'><em>illis</em></span> <span class='ocrx_word' id='word_1_928' title='bbox 1018 2913 1196 2942; x_wconf 86' lang='lat' dir='ltr'><em>Quaestionibus</em></span> <span class='ocrx_word' id='word_1_929' title='bbox 1212 2914 1334 2942; x_wconf 83' lang='lat' dir='ltr'><em>disputatis</em></span> <span class='ocrx_word' id='word_1_930' title='bbox 1350 2915 1380 2937; x_wconf 89' lang='lat' dir='ltr'><em>ad</em></span> <span class='ocrx_word' id='word_1_931' title='bbox 1396 2915 1502 2944; x_wconf 90' lang='lat' dir='ltr'><em>quintum</em></span> <span class='ocrx_word' id='word_1_932' title='bbox 1521 2918 1608 2938; x_wconf 90' lang='lat' dir='ltr'><em>tomum</em></span> <span class='ocrx_word' id='word_1_933' title='bbox 1627 2915 1806 2944; x_wconf 88' lang='lat' dir='ltr'><em>pertinentibus,</em></span> 
     </span>
     <span class='ocr_line' id='line_1_109' title="bbox 964 2960 1789 2990; baseline 0.002 -8"><span class='ocrx_word' id='word_1_934' title='bbox 964 2961 1098 2988; x_wconf 86' lang='lat' dir='ltr'><em>praesertim</em></span> <span class='ocrx_word' id='word_1_935' title='bbox 1116 2960 1146 2983; x_wconf 90' lang='lat' dir='ltr'><em>de</em></span> <span class='ocrx_word' id='word_1_936' title='bbox 1163 2960 1302 2983; x_wconf 77' lang='lat' dir='ltr'><em>Persectione</em></span> <span class='ocrx_word' id='word_1_937' title='bbox 1314 2961 1460 2989; x_wconf 83' lang='lat' dir='ltr'><em>evangelica,</em></span> <span class='ocrx_word' id='word_1_938' title='bbox 1476 2962 1543 2984; x_wconf 87' lang='lat' dir='ltr'><em>cuius</em></span> <span class='ocrx_word' id='word_1_939' title='bbox 1560 2965 1649 2990; x_wconf 85' lang='lat' dir='ltr'><em>partem</em></span> <span class='ocrx_word' id='word_1_940' title='bbox 1666 2962 1789 2985; x_wconf 87' lang='lat' dir='ltr'><em>constituit.</em></span> 
     </span>
    </p>
   </div>
   <div class='ocr_carea' id='block_1_12' title="bbox 1681 3042 1709 3064">
    <p class='ocr_par' dir='ltr' id='par_1_23' title="bbox 1681 3042 1709 3064">
     <span class='ocr_line' id='line_1_110' title="bbox 1681 3042 1709 3064; baseline -0.036 0"><span class='ocrx_word' id='word_1_941' title='bbox 1681 3042 1709 3064; x_wconf 82' lang='lat' dir='ltr'><em>iX</em></span> 
     </span>
    </p>
   </div>
  </div>
 </body>
</html>
