<?xml version="1.0" encoding="UTF-8"?>
<!DOCTYPE html PUBLIC "-//W3C//DTD XHTML 1.0 Transitional//EN"
    "http://www.w3.org/TR/xhtml1/DTD/xhtml1-transitional.dtd">
<html xmlns="http://www.w3.org/1999/xhtml" xml:lang="en" lang="en">
 <head>
  <title>
</title>
<meta http-equiv="Content-Type" content="text/html;charset=utf-8" />
  <meta name='ocr-system' content='tesseract 3.04.00' />
  <meta name='ocr-capabilities' content='ocr_page ocr_carea ocr_par ocr_line ocrx_word'/>
</head>
<body>
  <div class='ocr_page' id='page_1' title='image "./doctorisseraphic08bona_0239.png"; bbox 0 0 2133 3317; ppageno 0'>
   <div class='ocr_carea' id='block_1_1' title="bbox 0 1838 92 1882">
    <p class='ocr_par' dir='ltr' id='par_1_1' title="bbox 0 1838 92 1882">
     <span class='ocr_line' id='line_1_1' title="bbox 0 1838 92 1858; baseline 0 0"><span class='ocrx_word' id='word_1_1' title='bbox 0 1838 16 1858; x_wconf 76' lang='lat' dir='ltr'>ld</span> <span class='ocrx_word' id='word_1_2' title='bbox 26 1838 92 1858; x_wconf 72' lang='lat' dir='ltr'>doceat</span> 
     </span>
     <span class='ocr_line' id='line_1_2' title="bbox 0 1862 86 1882; baseline 0 -1"><span class='ocrx_word' id='word_1_3' title='bbox 0 1867 2 1881; x_wconf 63' lang='lat'>¹.</span> <span class='ocrx_word' id='word_1_4' title='bbox 7 1862 86 1882; x_wconf 79' lang='lat' dir='ltr'>Domini.</span> 
     </span>
    </p>
   </div>
   <div class='ocr_carea' id='block_1_2' title="bbox 772 366 1171 402">
    <p class='ocr_par' dir='ltr' id='par_1_2' title="bbox 772 366 1171 402">
     <span class='ocr_line' id='line_1_3' title="bbox 772 366 1171 402; baseline -0.003 0"><span class='ocrx_word' id='word_1_5' title='bbox 772 366 1079 402; x_wconf 81' lang='lat' dir='ltr'>OPUSCULUM</span> <span class='ocrx_word' id='word_1_6' title='bbox 1105 366 1171 401; x_wconf 87' lang='lat' dir='ltr'>VI.</span> 
     </span>
    </p>
   </div>
   <div class='ocr_carea' id='block_1_3' title="bbox 369 492 1569 560">
    <p class='ocr_par' dir='ltr' id='par_1_3' title="bbox 369 492 1569 560">
     <span class='ocr_line' id='line_1_4' title="bbox 369 492 1569 560; baseline -0.005 0"><span class='ocrx_word' id='word_1_7' title='bbox 369 496 506 560; x_wconf 87' lang='lat' dir='ltr'>DE</span> <span class='ocrx_word' id='word_1_8' title='bbox 546 492 1223 558; x_wconf 82' lang='lat' dir='ltr'>PERFECTIONE</span> <span class='ocrx_word' id='word_1_9' title='bbox 1264 493 1569 555; x_wconf 87' lang='lat' dir='ltr'>VITAE</span> 
     </span>
    </p>
   </div>
   <div class='ocr_carea' id='block_1_4' title="bbox 748 649 1193 695">
    <p class='ocr_par' dir='ltr' id='par_1_4' title="bbox 748 649 1193 695">
     <span class='ocr_line' id='line_1_5' title="bbox 748 649 1193 695; baseline -0.004 0"><span class='ocrx_word' id='word_1_10' title='bbox 748 652 840 695; x_wconf 92' lang='lat' dir='ltr'>AD</span> <span class='ocrx_word' id='word_1_11' title='bbox 882 649 1193 695; x_wconf 77' lang='lat' dir='ltr'>SORORES</span> 
     </span>
    </p>
   </div>
   <div class='ocr_carea' id='block_1_5' title="bbox 859 770 1086 795">
    <p class='ocr_par' dir='ltr' id='par_1_5' title="bbox 859 770 1086 795">
     <span class='ocr_line' id='line_1_6' title="bbox 859 770 1086 795; baseline -0.009 -2"><span class='ocrx_word' id='word_1_12' title='bbox 859 770 1086 795; x_wconf 50' lang='grc' dir='ltr'>μὴ’)ὲὸῗὲξκῦεέκ*</span> 
     </span>
    </p>
   </div>
   <div class='ocr_carea' id='block_1_6' title="bbox 874 1122 1077 1151">
    <p class='ocr_par' dir='ltr' id='par_1_6' title="bbox 874 1122 1077 1151">
     <span class='ocr_line' id='line_1_7' title="bbox 874 1122 1077 1151; baseline -0.005 0"><span class='ocrx_word' id='word_1_13' title='bbox 874 1122 1046 1151; x_wconf 83' lang='lat' dir='ltr'>PROLOGUS</span> <span class='ocrx_word' id='word_1_14' title='bbox 1058 1122 1077 1150; x_wconf 86' lang='lat'>¹.</span> 
     </span>
    </p>
   </div>
   <div class='ocr_carea' id='block_1_7' title="bbox 186 1221 948 1261">
    <p class='ocr_par' dir='ltr' id='par_1_7' title="bbox 186 1221 948 1261">
     <span class='ocr_line' id='line_1_8' title="bbox 186 1221 948 1261; baseline -0.004 -9"><span class='ocrx_word' id='word_1_15' title='bbox 186 1226 210 1253; x_wconf 75' lang='lat'>1.</span> <span class='ocrx_word' id='word_1_16' title='bbox 234 1225 343 1252; x_wconf 80' lang='lat' dir='ltr'><em>Beatus</em></span> <span class='ocrx_word' id='word_1_17' title='bbox 364 1222 461 1257; x_wconf 81' lang='lat' dir='ltr'>homo,</span> <span class='ocrx_word' id='word_1_18' title='bbox 483 1231 566 1261; x_wconf 85' lang='lat' dir='ltr'>quem</span> <span class='ocrx_word' id='word_1_19' title='bbox 581 1225 613 1250; x_wconf 84' lang='lat' dir='ltr'>tu</span> <span class='ocrx_word' id='word_1_20' title='bbox 631 1221 790 1256; x_wconf 81' lang='lat' dir='ltr'>erudieris,</span> <span class='ocrx_word' id='word_1_21' title='bbox 814 1221 948 1255; x_wconf 74' lang='lat' dir='ltr'>Domine,</span> 
     </span>
    </p>
   </div>
   <div class='ocr_carea' id='block_1_8' title="bbox 0 1268 949 1330">
    <p class='ocr_par' dir='ltr' id='par_1_8' title="bbox 0 1268 949 1330">
     <span class='ocr_line' id='line_1_9' title="bbox 0 1268 949 1330; baseline -0.005 -29"><span class='ocrx_word' id='word_1_22' title='bbox 0 1286 90 1330; x_wconf 58' lang='lat' dir='ltr'>ffisa-</span> <span class='ocrx_word' id='word_1_23' title='bbox 105 1274 131 1300; x_wconf 70' lang='grc' dir='ltr'>ει</span> <span class='ocrx_word' id='word_1_24' title='bbox 150 1271 184 1300; x_wconf 81' lang='lat' dir='ltr'>de</span> <span class='ocrx_word' id='word_1_25' title='bbox 205 1270 262 1308; x_wconf 75' lang='lat' dir='ltr'>leqe</span> <span class='ocrx_word' id='word_1_26' title='bbox 283 1273 336 1298; x_wconf 78' lang='lat' dir='ltr'>tuci.</span> <span class='ocrx_word' id='word_1_27' title='bbox 349 1269 483 1298; x_wconf 75' lang='lat' dir='ltr'><em>docueris</em></span> <span class='ocrx_word' id='word_1_28' title='bbox 504 1277 570 1297; x_wconf 85' lang='lat' dir='ltr'>eum</span> <span class='ocrx_word' id='word_1_29' title='bbox 582 1268 601 1297; x_wconf 84' lang='lat'>².</span> <span class='ocrx_word' id='word_1_30' title='bbox 624 1269 763 1297; x_wconf 81' lang='lat' dir='ltr'>Neminem</span> <span class='ocrx_word' id='word_1_31' title='bbox 786 1268 891 1297; x_wconf 90' lang='lat' dir='ltr'>censeri</span> <span class='ocrx_word' id='word_1_32' title='bbox 907 1276 949 1297; x_wconf 83' lang='lat' dir='ltr'>sa-</span> 
     </span>
    </p>
   </div>
   <div class='ocr_carea' id='block_1_9' title="bbox 105 1315 951 2006">
    <p class='ocr_par' dir='ltr' id='par_1_9' title="bbox 105 1315 951 2006">
     <span class='ocr_line' id='line_1_10' title="bbox 107 1315 949 1356; baseline -0.005 -9"><span class='ocrx_word' id='word_1_33' title='bbox 107 1318 227 1356; x_wconf 87' lang='lat' dir='ltr'>pientem</span> <span class='ocrx_word' id='word_1_34' title='bbox 249 1317 349 1351; x_wconf 86' lang='lat' dir='ltr'>fateor,</span> <span class='ocrx_word' id='word_1_35' title='bbox 370 1316 422 1345; x_wconf 90' lang='lat' dir='ltr'>nisi</span> <span class='ocrx_word' id='word_1_36' title='bbox 443 1324 507 1345; x_wconf 90' lang='lat' dir='ltr'>eum</span> <span class='ocrx_word' id='word_1_37' title='bbox 523 1316 627 1350; x_wconf 87' lang='lat' dir='ltr'>solum,</span> <span class='ocrx_word' id='word_1_38' title='bbox 649 1323 731 1352; x_wconf 86' lang='lat' dir='ltr'>quem</span> <span class='ocrx_word' id='word_1_39' title='bbox 747 1315 866 1352; x_wconf 79' lang='lat' dir='ltr'><strong>Spiritus</strong></span> <span class='ocrx_word' id='word_1_40' title='bbox 887 1322 949 1343; x_wconf 80' lang='lat' dir='ltr'>san-</span> 
     </span>
     <span class='ocr_line' id='line_1_11' title="bbox 106 1361 948 1398; baseline -0.006 -4"><span class='ocrx_word' id='word_1_41' title='bbox 106 1365 142 1394; x_wconf 92' lang='lat' dir='ltr'>cti</span> <span class='ocrx_word' id='word_1_42' title='bbox 163 1364 288 1393; x_wconf 81' lang='lat' dir='ltr'>docuerit</span> <span class='ocrx_word' id='word_1_43' title='bbox 309 1363 411 1392; x_wconf 83' lang='lat' dir='ltr'>unctio.</span> <span class='ocrx_word' id='word_1_44' title='bbox 434 1362 480 1391; x_wconf 89' lang='lat' dir='ltr'>Ille</span> <span class='ocrx_word' id='word_1_45' title='bbox 500 1362 588 1396; x_wconf 91' lang='lat' dir='ltr'>enim,</span> <span class='ocrx_word' id='word_1_46' title='bbox 610 1364 679 1390; x_wconf 90' lang='lat' dir='ltr'>teste</span> <span class='ocrx_word' id='word_1_47' title='bbox 694 1361 779 1390; x_wconf 83' lang='lat' dir='ltr'>David</span> <span class='ocrx_word' id='word_1_48' title='bbox 799 1361 948 1398; x_wconf 85' lang='lat' dir='ltr'>propheta,</span> 
     </span>
     <span class='ocr_line' id='line_1_12' title="bbox 105 1408 949 1444; baseline -0.006 -4"><span class='ocrx_word' id='word_1_49' title='bbox 105 1411 181 1440; x_wconf 92' lang='lat' dir='ltr'>solus</span> <span class='ocrx_word' id='word_1_50' title='bbox 195 1418 260 1440; x_wconf 86' lang='lat' dir='ltr'>vere</span> <span class='ocrx_word' id='word_1_51' title='bbox 274 1410 372 1438; x_wconf 82' lang='lat' dir='ltr'>beatus</span> <span class='ocrx_word' id='word_1_52' title='bbox 392 1411 446 1443; x_wconf 87' lang='lat' dir='ltr'>est,</span> <span class='ocrx_word' id='word_1_53' title='bbox 461 1408 537 1437; x_wconf 92' lang='lat' dir='ltr'>solus</span> <span class='ocrx_word' id='word_1_54' title='bbox 558 1415 623 1436; x_wconf 92' lang='lat' dir='ltr'>vere</span> <span class='ocrx_word' id='word_1_55' title='bbox 638 1408 759 1444; x_wconf 83' lang='lat' dir='ltr'>sapiens,</span> <span class='ocrx_word' id='word_1_56' title='bbox 778 1408 858 1436; x_wconf 86' lang='lat' dir='ltr'>cuius</span> <span class='ocrx_word' id='word_1_57' title='bbox 874 1415 949 1436; x_wconf 88' lang='lat' dir='ltr'>men-</span> 
     </span>
     <span class='ocr_line' id='line_1_13' title="bbox 107 1454 950 1491; baseline -0.006 -4"><span class='ocrx_word' id='word_1_58' title='bbox 107 1460 161 1487; x_wconf 89' lang='lat' dir='ltr'>tem</span> <span class='ocrx_word' id='word_1_59' title='bbox 182 1457 315 1486; x_wconf 85' lang='lat' dir='ltr'>Dominus</span> <span class='ocrx_word' id='word_1_60' title='bbox 336 1456 483 1490; x_wconf 79' lang='lat' dir='ltr'>erudierit,</span> <span class='ocrx_word' id='word_1_61' title='bbox 504 1455 585 1483; x_wconf 88' lang='lat' dir='ltr'>cuius</span> <span class='ocrx_word' id='word_1_62' title='bbox 605 1454 729 1483; x_wconf 85' lang='lat' dir='ltr'>animum</span> <span class='ocrx_word' id='word_1_63' title='bbox 758 1454 792 1483; x_wconf 91' lang='lat' dir='ltr'>de</span> <span class='ocrx_word' id='word_1_64' title='bbox 813 1454 872 1491; x_wconf 85' lang='lat' dir='ltr'>lege</span> <span class='ocrx_word' id='word_1_65' title='bbox 899 1462 950 1483; x_wconf 75' lang='lat' dir='ltr'>sua</span> 
     </span>
     <span class='ocr_line' id='line_1_14' title="bbox 105 1500 949 1534; baseline -0.005 -2"><span class='ocrx_word' id='word_1_66' title='bbox 105 1503 238 1532; x_wconf 82' lang='lat' dir='ltr'>docuerit.</span> <span class='ocrx_word' id='word_1_67' title='bbox 261 1503 318 1531; x_wconf 75' lang='lat' dir='ltr'>Lex</span> <span class='ocrx_word' id='word_1_68' title='bbox 339 1501 411 1531; x_wconf 88' lang='lat' dir='ltr'>enim</span> <span class='ocrx_word' id='word_1_69' title='bbox 436 1501 572 1530; x_wconf 76' lang='lat' dir='ltr'>Domini³</span> <span class='ocrx_word' id='word_1_70' title='bbox 594 1500 651 1529; x_wconf 85' lang='lat' dir='ltr'>sola</span> <span class='ocrx_word' id='word_1_71' title='bbox 668 1502 710 1529; x_wconf 88' lang='lat' dir='ltr'>est</span> <span class='ocrx_word' id='word_1_72' title='bbox 740 1500 949 1534; x_wconf 79' lang='lat' dir='ltr'>immaculata,</span> 
     </span>
     <span class='ocr_line' id='line_1_15' title="bbox 105 1547 949 1586; baseline -0.005 -7"><span class='ocrx_word' id='word_1_73' title='bbox 105 1550 163 1579; x_wconf 86' lang='lat' dir='ltr'>sola</span> <span class='ocrx_word' id='word_1_74' title='bbox 189 1548 456 1586; x_wconf 90' lang='lat' dir='ltr'>irreprehensibilis,</span> <span class='ocrx_word' id='word_1_75' title='bbox 485 1548 543 1576; x_wconf 84' lang='lat' dir='ltr'>sola</span> <span class='ocrx_word' id='word_1_76' title='bbox 572 1550 738 1576; x_wconf 74' lang='lat' dir='ltr'>convertens</span> <span class='ocrx_word' id='word_1_77' title='bbox 768 1547 887 1576; x_wconf 76' lang='lat' dir='ltr'>animas</span> <span class='ocrx_word' id='word_1_78' title='bbox 915 1547 949 1575; x_wconf 81' lang='lat' dir='ltr'>ad</span> 
     </span>
     <span class='ocr_line' id='line_1_16' title="bbox 106 1593 949 1631; baseline -0.004 -6"><span class='ocrx_word' id='word_1_79' title='bbox 106 1596 231 1626; x_wconf 86' lang='lat' dir='ltr'>salutem.</span> <span class='ocrx_word' id='word_1_80' title='bbox 260 1595 347 1624; x_wconf 88' lang='lat' dir='ltr'>Huius</span> <span class='ocrx_word' id='word_1_81' title='bbox 374 1597 467 1624; x_wconf 83' lang='lat' dir='ltr'>autem</span> <span class='ocrx_word' id='word_1_82' title='bbox 494 1594 562 1631; x_wconf 82' lang='lat' dir='ltr'>legis</span> <span class='ocrx_word' id='word_1_83' title='bbox 589 1594 715 1622; x_wconf 84' lang='lat' dir='ltr'>doctrina</span> <span class='ocrx_word' id='word_1_84' title='bbox 741 1594 799 1623; x_wconf 89' lang='lat' dir='ltr'>sive</span> <span class='ocrx_word' id='word_1_85' title='bbox 830 1593 949 1622; x_wconf 84' lang='lat' dir='ltr'>eruditio</span> 
     </span>
     <span class='ocr_line' id='line_1_17' title="bbox 106 1640 950 1679; baseline -0.005 -7"><span class='ocrx_word' id='word_1_86' title='bbox 106 1651 161 1672; x_wconf 91' lang='lat' dir='ltr'>non</span> <span class='ocrx_word' id='word_1_87' title='bbox 182 1645 290 1671; x_wconf 82' lang='lat' dir='ltr'>tantum</span> <span class='ocrx_word' id='word_1_88' title='bbox 314 1641 381 1670; x_wconf 88' lang='lat' dir='ltr'>foris</span> <span class='ocrx_word' id='word_1_89' title='bbox 401 1641 560 1679; x_wconf 83' lang='lat' dir='ltr'>quaerenda</span> <span class='ocrx_word' id='word_1_90' title='bbox 588 1643 629 1669; x_wconf 87' lang='lat' dir='ltr'>est</span> <span class='ocrx_word' id='word_1_91' title='bbox 649 1640 677 1668; x_wconf 92' lang='lat' dir='ltr'>in</span> <span class='ocrx_word' id='word_1_92' title='bbox 698 1640 805 1675; x_wconf 81' lang='lat' dir='ltr'>littera,</span> <span class='ocrx_word' id='word_1_93' title='bbox 834 1640 881 1669; x_wconf 90' lang='lat' dir='ltr'>sed</span> <span class='ocrx_word' id='word_1_94' title='bbox 902 1648 950 1677; x_wconf 87' lang='lat' dir='ltr'>po-</span> 
     </span>
     <span class='ocr_line' id='line_1_18' title="bbox 106 1686 951 1726; baseline -0.004 -8"><span class='ocrx_word' id='word_1_95' title='bbox 106 1689 162 1718; x_wconf 89' lang='lat' dir='ltr'>tius</span> <span class='ocrx_word' id='word_1_96' title='bbox 182 1697 232 1726; x_wconf 87' lang='lat' dir='ltr'>per</span> <span class='ocrx_word' id='word_1_97' title='bbox 253 1689 366 1717; x_wconf 80' lang='lat' dir='ltr'>devotae</span> <span class='ocrx_word' id='word_1_98' title='bbox 387 1687 487 1716; x_wconf 89' lang='lat' dir='ltr'>mentis</span> <span class='ocrx_word' id='word_1_99' title='bbox 507 1687 645 1716; x_wconf 78' lang='lat' dir='ltr'>affectum.</span> <span class='ocrx_word' id='word_1_100' title='bbox 669 1687 715 1715; x_wconf 86' lang='lat' dir='ltr'>Est</span> <span class='ocrx_word' id='word_1_101' title='bbox 735 1690 827 1716; x_wconf 82' lang='lat' dir='ltr'>autem</span> <span class='ocrx_word' id='word_1_102' title='bbox 845 1686 951 1716; x_wconf 81' lang='lat' dir='ltr'>deside-</span> 
     </span>
     <span class='ocr_line' id='line_1_19' title="bbox 105 1733 951 1773; baseline -0.004 -8"><span class='ocrx_word' id='word_1_103' title='bbox 105 1736 192 1765; x_wconf 88' lang='lat' dir='ltr'>randa</span> <span class='ocrx_word' id='word_1_104' title='bbox 212 1735 241 1764; x_wconf 93' lang='lat' dir='ltr'>in</span> <span class='ocrx_word' id='word_1_105' title='bbox 260 1735 369 1773; x_wconf 73' lang='lat' dir='ltr'>spiritu</span> <span class='ocrx_word' id='word_1_106' title='bbox 395 1738 421 1763; x_wconf 81' lang='lat' dir='ltr'>ec</span> <span class='ocrx_word' id='word_1_107' title='bbox 440 1734 548 1763; x_wconf 75' lang='lat' dir='ltr'>virtute</span> <span class='ocrx_word' id='word_1_108' title='bbox 559 1735 581 1768; x_wconf 69' lang='lat'>⁴,</span> <span class='ocrx_word' id='word_1_109' title='bbox 603 1736 635 1762; x_wconf 90' lang='lat' dir='ltr'>ut</span> <span class='ocrx_word' id='word_1_110' title='bbox 663 1733 708 1762; x_wconf 92' lang='lat' dir='ltr'>ille</span> <span class='ocrx_word' id='word_1_111' title='bbox 729 1733 855 1762; x_wconf 85' lang='lat' dir='ltr'>videlicet</span> <span class='ocrx_word' id='word_1_112' title='bbox 876 1733 951 1762; x_wconf 89' lang='lat' dir='ltr'>intus</span> 
     </span>
     <span class='ocr_line' id='line_1_20' title="bbox 106 1780 950 1820; baseline -0.004 -9"><span class='ocrx_word' id='word_1_113' title='bbox 106 1782 214 1817; x_wconf 82' lang='lat' dir='ltr'>doceat,</span> <span class='ocrx_word' id='word_1_114' title='bbox 236 1782 283 1820; x_wconf 90' lang='lat' dir='ltr'>qui</span> <span class='ocrx_word' id='word_1_115' title='bbox 305 1782 381 1811; x_wconf 90' lang='lat' dir='ltr'>solus</span> <span class='ocrx_word' id='word_1_116' title='bbox 402 1781 477 1810; x_wconf 91' lang='lat' dir='ltr'>novit</span> <span class='ocrx_word' id='word_1_117' title='bbox 498 1781 666 1809; x_wconf 83' lang='lat' dir='ltr'>exteriorem</span> <span class='ocrx_word' id='word_1_118' title='bbox 688 1780 755 1817; x_wconf 87' lang='lat' dir='ltr'>legis</span> <span class='ocrx_word' id='word_1_119' title='bbox 775 1780 950 1817; x_wconf 78' lang='lat' dir='ltr'>asperitatem</span> 
     </span>
     <span class='ocr_line' id='line_1_21' title="bbox 107 1827 949 1857; baseline -0.004 0"><span class='ocrx_word' id='word_1_120' title='bbox 107 1829 136 1857; x_wconf 90' lang='lat' dir='ltr'>in</span> <span class='ocrx_word' id='word_1_121' title='bbox 162 1829 322 1857; x_wconf 90' lang='lat' dir='ltr'>interiorem</span> <span class='ocrx_word' id='word_1_122' title='bbox 343 1827 516 1857; x_wconf 87' lang='lat' dir='ltr'>dulcedinem</span> <span class='ocrx_word' id='word_1_123' title='bbox 544 1829 724 1856; x_wconf 78' lang='lat' dir='ltr'>commutare.</span> <span class='ocrx_word' id='word_1_124' title='bbox 747 1827 831 1855; x_wconf 84' lang='lat' dir='ltr'>Docet</span> <span class='ocrx_word' id='word_1_125' title='bbox 858 1829 949 1855; x_wconf 82' lang='lat' dir='ltr'>autem</span> 
     </span>
     <span class='ocr_line' id='line_1_22' title="bbox 107 1872 951 1912; baseline -0.004 -8"><span class='ocrx_word' id='word_1_126' title='bbox 107 1876 154 1905; x_wconf 83' lang='lat' dir='ltr'>lex</span> <span class='ocrx_word' id='word_1_127' title='bbox 175 1875 295 1909; x_wconf 89' lang='lat' dir='ltr'>Domini,</span> <span class='ocrx_word' id='word_1_128' title='bbox 317 1874 383 1912; x_wconf 81' lang='lat' dir='ltr'>quid</span> <span class='ocrx_word' id='word_1_129' title='bbox 405 1874 565 1911; x_wconf 73' lang='lat' dir='ltr'>agyeudum,</span> <span class='ocrx_word' id='word_1_130' title='bbox 587 1873 653 1911; x_wconf 91' lang='lat' dir='ltr'>quid</span> <span class='ocrx_word' id='word_1_131' title='bbox 674 1872 862 1910; x_wconf 75' lang='lat' dir='ltr'>fuyiendum,</span> <span class='ocrx_word' id='word_1_132' title='bbox 885 1873 951 1910; x_wconf 87' lang='lat' dir='ltr'>quid</span> 
     </span>
     <span class='ocr_line' id='line_1_23' title="bbox 108 1920 950 1959; baseline -0.004 -8"><span class='ocrx_word' id='word_1_133' title='bbox 108 1922 302 1956; x_wconf 73' lang='lat' dir='ltr'>credendum,</span> <span class='ocrx_word' id='word_1_134' title='bbox 331 1921 398 1959; x_wconf 89' lang='lat' dir='ltr'>quid</span> <span class='ocrx_word' id='word_1_135' title='bbox 419 1921 583 1955; x_wconf 73' lang='lat' dir='ltr'>orandum,</span> <span class='ocrx_word' id='word_1_136' title='bbox 613 1920 679 1958; x_wconf 85' lang='lat' dir='ltr'>quid</span> <span class='ocrx_word' id='word_1_137' title='bbox 707 1920 950 1954; x_wconf 78' lang='lat' dir='ltr'>desiderandum,</span> 
     </span>
     <span class='ocr_line' id='line_1_24' title="bbox 109 1967 951 2006; baseline -0.004 -8"><span class='ocrx_word' id='word_1_138' title='bbox 109 1968 175 2006; x_wconf 90' lang='lat' dir='ltr'>quid</span> <span class='ocrx_word' id='word_1_139' title='bbox 204 1968 383 2002; x_wconf 75' lang='lat' dir='ltr'>timeudum;</span> <span class='ocrx_word' id='word_1_140' title='bbox 411 1968 489 1996; x_wconf 85' lang='lat' dir='ltr'>docet</span> <span class='ocrx_word' id='word_1_141' title='bbox 517 1975 576 1996; x_wconf 88' lang='lat' dir='ltr'>esse</span> <span class='ocrx_word' id='word_1_142' title='bbox 597 1967 805 1996; x_wconf 84' lang='lat' dir='ltr'>immaculatum</span> <span class='ocrx_word' id='word_1_143' title='bbox 833 1970 860 1995; x_wconf 88' lang='lat' dir='ltr'>et</span> <span class='ocrx_word' id='word_1_144' title='bbox 881 1967 951 1995; x_wconf 87' lang='lat' dir='ltr'>irre-</span> 
     </span>
    </p>
   </div>
   <div class='ocr_carea' id='block_1_10' title="bbox 1006 1219 1849 1304">
    <p class='ocr_par' dir='ltr' id='par_1_10' title="bbox 1006 1219 1849 1304">
     <span class='ocr_line' id='line_1_25' title="bbox 1006 1219 1849 1257; baseline 0 -9"><span class='ocrx_word' id='word_1_145' title='bbox 1006 1220 1235 1257; x_wconf 86' lang='lat' dir='ltr'>prehensibilem;</span> <span class='ocrx_word' id='word_1_146' title='bbox 1257 1219 1336 1248; x_wconf 83' lang='lat' dir='ltr'>docet</span> <span class='ocrx_word' id='word_1_147' title='bbox 1357 1227 1469 1249; x_wconf 83' lang='lat' dir='ltr'>servare</span> <span class='ocrx_word' id='word_1_148' title='bbox 1490 1219 1638 1256; x_wconf 83' lang='lat' dir='ltr'>promissa,</span> <span class='ocrx_word' id='word_1_149' title='bbox 1659 1219 1761 1248; x_wconf 86' lang='lat' dir='ltr'>deflere</span> <span class='ocrx_word' id='word_1_150' title='bbox 1776 1227 1849 1248; x_wconf 88' lang='lat' dir='ltr'>com-</span> 
     </span>
     <span class='ocr_line' id='line_1_26' title="bbox 1006 1266 1848 1304; baseline -0.001 -9"><span class='ocrx_word' id='word_1_151' title='bbox 1006 1267 1106 1300; x_wconf 81' lang='lat' dir='ltr'>missa;</span> <span class='ocrx_word' id='word_1_152' title='bbox 1128 1266 1208 1295; x_wconf 87' lang='lat' dir='ltr'>docet</span> <span class='ocrx_word' id='word_1_153' title='bbox 1228 1266 1366 1295; x_wconf 86' lang='lat' dir='ltr'>mundana</span> <span class='ocrx_word' id='word_1_154' title='bbox 1380 1269 1571 1301; x_wconf 83' lang='lat' dir='ltr'>contemnere,</span> <span class='ocrx_word' id='word_1_155' title='bbox 1593 1266 1714 1295; x_wconf 82' lang='lat' dir='ltr'>carnalia</span> <span class='ocrx_word' id='word_1_156' title='bbox 1734 1274 1848 1304; x_wconf 89' lang='lat' dir='ltr'>respue-</span> 
     </span>
    </p>
   </div>
   <div class='ocr_carea' id='block_1_11' title="bbox 996 1313 1848 1356">
    <p class='ocr_par' dir='ltr' id='par_1_11' title="bbox 996 1313 1848 1356">
     <span class='ocr_line' id='line_1_27' title="bbox 996 1313 1848 1356; baseline -0.001 -14"><span class='ocrx_word' id='word_1_157' title='bbox 996 1322 1052 1356; x_wconf 34' lang='lat' dir='ltr'>¹re;</span> <span class='ocrx_word' id='word_1_158' title='bbox 1074 1314 1152 1342; x_wconf 83' lang='lat' dir='ltr'>docet</span> <span class='ocrx_word' id='word_1_159' title='bbox 1173 1313 1292 1350; x_wconf 87' lang='lat' dir='ltr'>denique</span> <span class='ocrx_word' id='word_1_160' title='bbox 1307 1316 1395 1342; x_wconf 89' lang='lat' dir='ltr'>totum</span> <span class='ocrx_word' id='word_1_161' title='bbox 1417 1321 1477 1347; x_wconf 86' lang='lat' dir='ltr'>cor,</span> <span class='ocrx_word' id='word_1_162' title='bbox 1499 1316 1583 1342; x_wconf 80' lang='lat' dir='ltr'>totam</span> <span class='ocrx_word' id='word_1_163' title='bbox 1605 1313 1741 1348; x_wconf 84' lang='lat' dir='ltr'>animam,</span> <span class='ocrx_word' id='word_1_164' title='bbox 1764 1316 1848 1342; x_wconf 85' lang='lat' dir='ltr'>totam</span> 
     </span>
    </p>
   </div>
   <div class='ocr_carea' id='block_1_12' title="bbox 1006 1359 1851 1677">
    <p class='ocr_par' dir='ltr' id='par_1_12' title="bbox 1006 1359 1851 1677">
     <span class='ocr_line' id='line_1_28' title="bbox 1006 1359 1850 1389; baseline 0 -1"><span class='ocrx_word' id='word_1_165' title='bbox 1006 1363 1126 1389; x_wconf 86' lang='lat' dir='ltr'>mentem</span> <span class='ocrx_word' id='word_1_166' title='bbox 1148 1360 1176 1388; x_wconf 91' lang='lat' dir='ltr'>in</span> <span class='ocrx_word' id='word_1_167' title='bbox 1204 1360 1292 1388; x_wconf 90' lang='lat' dir='ltr'>solum</span> <span class='ocrx_word' id='word_1_168' title='bbox 1321 1362 1482 1388; x_wconf 86' lang='lat' dir='ltr'>convertere</span> <span class='ocrx_word' id='word_1_169' title='bbox 1502 1359 1591 1388; x_wconf 86' lang='lat' dir='ltr'>lesum</span> <span class='ocrx_word' id='word_1_170' title='bbox 1613 1359 1754 1388; x_wconf 86' lang='lat' dir='ltr'>Christum</span> <span class='ocrx_word' id='word_1_171' title='bbox 1767 1359 1786 1388; x_wconf 88' lang='lat'>⁵.</span> <span class='ocrx_word' id='word_1_172' title='bbox 1813 1359 1850 1388; x_wconf 82' lang='lat' dir='ltr'>Ad</span> 
     </span>
     <span class='ocr_line' id='line_1_29' title="bbox 1006 1406 1851 1443; baseline -0.001 -8"><span class='ocrx_word' id='word_1_173' title='bbox 1006 1407 1091 1435; x_wconf 89' lang='lat' dir='ltr'>huius</span> <span class='ocrx_word' id='word_1_174' title='bbox 1111 1406 1252 1435; x_wconf 85' lang='lat' dir='ltr'>doctrinae</span> <span class='ocrx_word' id='word_1_175' title='bbox 1273 1406 1504 1443; x_wconf 82' lang='lat' dir='ltr'>comparationem</span> <span class='ocrx_word' id='word_1_176' title='bbox 1524 1406 1614 1435; x_wconf 89' lang='lat' dir='ltr'>omnis</span> <span class='ocrx_word' id='word_1_177' title='bbox 1642 1406 1781 1435; x_wconf 86' lang='lat' dir='ltr'>mundana</span> <span class='ocrx_word' id='word_1_178' title='bbox 1808 1414 1851 1435; x_wconf 85' lang='lat' dir='ltr'>sa-</span> 
     </span>
     <span class='ocr_line' id='line_1_30' title="bbox 1007 1453 1850 1491; baseline -0.002 -9"><span class='ocrx_word' id='word_1_179' title='bbox 1007 1454 1108 1491; x_wconf 81' lang='lat' dir='ltr'>pientia</span> <span class='ocrx_word' id='word_1_180' title='bbox 1129 1454 1213 1482; x_wconf 82' lang='lat' dir='ltr'>stulta</span> <span class='ocrx_word' id='word_1_181' title='bbox 1234 1456 1275 1482; x_wconf 90' lang='lat' dir='ltr'>est</span> <span class='ocrx_word' id='word_1_182' title='bbox 1295 1457 1322 1482; x_wconf 87' lang='lat' dir='ltr'>et</span> <span class='ocrx_word' id='word_1_183' title='bbox 1342 1453 1425 1482; x_wconf 64' lang='lat' dir='ltr'>fatua</span> <span class='ocrx_word' id='word_1_184' title='bbox 1442 1453 1635 1482; x_wconf 74' lang='lat' dir='ltr'>Bernardus⁶:</span> <span class='ocrx_word' id='word_1_185' title='bbox 1662 1464 1676 1478; x_wconf 88' lang='lat'><em>«</em></span> <span class='ocrx_word' id='word_1_186' title='bbox 1691 1453 1768 1481; x_wconf 82' lang='lat' dir='ltr'>Dicat</span> <span class='ocrx_word' id='word_1_187' title='bbox 1789 1453 1850 1490; x_wconf 89' lang='lat' dir='ltr'>qui-</span> 
     </span>
     <span class='ocr_line' id='line_1_31' title="bbox 1007 1499 1850 1537; baseline -0.001 -9"><span class='ocrx_word' id='word_1_188' title='bbox 1007 1508 1127 1537; x_wconf 85' lang='lat' dir='ltr'>cumque</span> <span class='ocrx_word' id='word_1_189' title='bbox 1147 1500 1222 1534; x_wconf 87' lang='lat' dir='ltr'>vult,</span> <span class='ocrx_word' id='word_1_190' title='bbox 1244 1507 1294 1537; x_wconf 85' lang='lat' dir='ltr'>ego</span> <span class='ocrx_word' id='word_1_191' title='bbox 1322 1508 1376 1528; x_wconf 88' lang='lat' dir='ltr'>non</span> <span class='ocrx_word' id='word_1_192' title='bbox 1397 1499 1486 1528; x_wconf 82' lang='lat' dir='ltr'>dicam</span> <span class='ocrx_word' id='word_1_193' title='bbox 1515 1500 1679 1536; x_wconf 81' lang='lat' dir='ltr'>sapientem,</span> <span class='ocrx_word' id='word_1_194' title='bbox 1701 1499 1766 1528; x_wconf 90' lang='lat' dir='ltr'>dum</span> <span class='ocrx_word' id='word_1_195' title='bbox 1795 1507 1850 1528; x_wconf 93' lang='lat' dir='ltr'>non</span> 
     </span>
     <span class='ocr_line' id='line_1_32' title="bbox 1007 1546 1851 1584; baseline 0 -10"><span class='ocrx_word' id='word_1_196' title='bbox 1007 1546 1113 1575; x_wconf 86' lang='lat' dir='ltr'>timebit</span> <span class='ocrx_word' id='word_1_197' title='bbox 1133 1554 1224 1584; x_wconf 87' lang='lat' dir='ltr'>neque</span> <span class='ocrx_word' id='word_1_198' title='bbox 1250 1546 1344 1584; x_wconf 82' lang='lat' dir='ltr'>diliget</span> <span class='ocrx_word' id='word_1_199' title='bbox 1372 1547 1460 1575; x_wconf 88' lang='lat' dir='ltr'>Deum</span> <span class='ocrx_word' id='word_1_200' title='bbox 1475 1558 1501 1574; x_wconf 67' lang='grc' dir='ltr'>ι».</span> <span class='ocrx_word' id='word_1_201' title='bbox 1524 1547 1575 1583; x_wconf 91' lang='lat' dir='ltr'>Qui</span> <span class='ocrx_word' id='word_1_202' title='bbox 1598 1546 1683 1575; x_wconf 92' lang='lat' dir='ltr'>huius</span> <span class='ocrx_word' id='word_1_203' title='bbox 1710 1546 1851 1575; x_wconf 83' lang='lat' dir='ltr'>doctrinae</span> 
     </span>
     <span class='ocr_line' id='line_1_33' title="bbox 1007 1593 1851 1628; baseline 0.001 -7"><span class='ocrx_word' id='word_1_204' title='bbox 1007 1593 1116 1622; x_wconf 77' lang='lat' dir='ltr'>auditor</span> <span class='ocrx_word' id='word_1_205' title='bbox 1138 1602 1192 1622; x_wconf 89' lang='lat' dir='ltr'>non</span> <span class='ocrx_word' id='word_1_206' title='bbox 1220 1593 1385 1628; x_wconf 86' lang='lat' dir='ltr'>obliviosus,</span> <span class='ocrx_word' id='word_1_207' title='bbox 1407 1593 1455 1622; x_wconf 88' lang='lat' dir='ltr'>sed</span> <span class='ocrx_word' id='word_1_208' title='bbox 1475 1593 1562 1623; x_wconf 83' lang='lat' dir='ltr'>factor</span> <span class='ocrx_word' id='word_1_209' title='bbox 1590 1593 1675 1622; x_wconf 85' lang='lat' dir='ltr'>fuerit</span> <span class='ocrx_word' id='word_1_210' title='bbox 1695 1593 1851 1628; x_wconf 83' lang='lat' dir='ltr'>studiosus,</span> 
     </span>
     <span class='ocr_line' id='line_1_34' title="bbox 1007 1640 1850 1677; baseline 0.001 -9"><span class='ocrx_word' id='word_1_211' title='bbox 1007 1640 1052 1669; x_wconf 87' lang='lat' dir='ltr'>hic</span> <span class='ocrx_word' id='word_1_212' title='bbox 1073 1648 1139 1669; x_wconf 85' lang='lat' dir='ltr'>vere</span> <span class='ocrx_word' id='word_1_213' title='bbox 1160 1640 1268 1677; x_wconf 82' lang='lat' dir='ltr'>sapiens</span> <span class='ocrx_word' id='word_1_214' title='bbox 1288 1640 1357 1674; x_wconf 88' lang='lat' dir='ltr'>erit,</span> <span class='ocrx_word' id='word_1_215' title='bbox 1379 1640 1423 1669; x_wconf 87' lang='lat' dir='ltr'>hic</span> <span class='ocrx_word' id='word_1_216' title='bbox 1445 1648 1510 1670; x_wconf 91' lang='lat' dir='ltr'>vere</span> <span class='ocrx_word' id='word_1_217' title='bbox 1531 1641 1636 1669; x_wconf 82' lang='lat' dir='ltr'>beatus.</span> <span class='ocrx_word' id='word_1_218' title='bbox 1660 1641 1768 1669; x_wconf 78' lang='lat' dir='ltr'>Beatus</span> <span class='ocrx_word' id='word_1_219' title='bbox 1783 1649 1850 1677; x_wconf 70' lang='lat' dir='ltr'>erqo</span> 
     </span>
    </p>
   </div>
   <div class='ocr_carea' id='block_1_13' title="bbox 1008 1685 1853 1762">
    <p class='ocr_par' dir='ltr' id='par_1_13' title="bbox 1008 1685 1853 1762">
     <span class='ocr_line' id='line_1_35' title="bbox 1008 1685 1853 1725; baseline 0.001 -10"><span class='ocrx_word' id='word_1_220' title='bbox 1008 1685 1090 1715; x_wconf 81' lang='lat' dir='ltr'>homo</span> <span class='ocrx_word' id='word_1_221' title='bbox 1111 1691 1168 1721; x_wconf 77' lang='lat' dir='ltr'>cst,</span> <span class='ocrx_word' id='word_1_222' title='bbox 1188 1696 1272 1725; x_wconf 81' lang='lat' dir='ltr'>quem</span> <span class='ocrx_word' id='word_1_223' title='bbox 1300 1691 1330 1716; x_wconf 82' lang='lat' dir='ltr'>tu</span> <span class='ocrx_word' id='word_1_224' title='bbox 1352 1687 1514 1722; x_wconf 79' lang='lat' dir='ltr'>erudieris,</span> <span class='ocrx_word' id='word_1_225' title='bbox 1538 1687 1673 1721; x_wconf 76' lang='lat' dir='ltr'>Domine,</span> <span class='ocrx_word' id='word_1_226' title='bbox 1695 1690 1721 1716; x_wconf 84' lang='lat' dir='ltr'>et</span> <span class='ocrx_word' id='word_1_227' title='bbox 1740 1687 1774 1716; x_wconf 81' lang='lat' dir='ltr'>de</span> <span class='ocrx_word' id='word_1_228' title='bbox 1795 1687 1853 1724; x_wconf 74' lang='lat' dir='ltr'>leye</span> 
     </span>
     <span class='ocr_line' id='line_1_36' title="bbox 1008 1733 1310 1762; baseline 0.003 -1"><span class='ocrx_word' id='word_1_229' title='bbox 1008 1736 1060 1762; x_wconf 78' lang='lat' dir='ltr'>tua</span> <span class='ocrx_word' id='word_1_230' title='bbox 1081 1733 1215 1762; x_wconf 74' lang='lat' dir='ltr'>docueris</span> <span class='ocrx_word' id='word_1_231' title='bbox 1235 1743 1310 1762; x_wconf 81' lang='lat' dir='ltr'>eum.</span> 
     </span>
    </p>
   </div>
   <div class='ocr_carea' id='block_1_14' title="bbox 1008 1781 1998 1864">
    <p class='ocr_par' dir='ltr' id='par_1_14' title="bbox 1008 1781 1998 1864">
     <span class='ocr_line' id='line_1_37' title="bbox 1087 1781 1998 1818; baseline -0.002 -9"><span class='ocrx_word' id='word_1_232' title='bbox 1087 1782 1112 1809; x_wconf 87' lang='grc'><strong>2.</strong></span> <span class='ocrx_word' id='word_1_233' title='bbox 1136 1781 1177 1809; x_wconf 94' lang='lat' dir='ltr'>Tu</span> <span class='ocrx_word' id='word_1_234' title='bbox 1198 1781 1306 1818; x_wconf 84' lang='lat' dir='ltr'>itaque,</span> <span class='ocrx_word' id='word_1_235' title='bbox 1335 1781 1391 1810; x_wconf 89' lang='lat' dir='ltr'>Deo</span> <span class='ocrx_word' id='word_1_236' title='bbox 1411 1781 1524 1816; x_wconf 83' lang='lat' dir='ltr'>devota,</span> <span class='ocrx_word' id='word_1_237' title='bbox 1546 1781 1644 1810; x_wconf 82' lang='lat' dir='ltr'>dilecta</span> <span class='ocrx_word' id='word_1_238' title='bbox 1668 1781 1753 1816; x_wconf 89' lang='lat' dir='ltr'>mihi,</span> <span class='ocrx_word' id='word_1_239' title='bbox 1775 1789 1852 1810; x_wconf 89' lang='lat' dir='ltr'>reve-</span> <span class='ocrx_word' id='word_1_240' title='bbox 1865 1788 1942 1815; x_wconf 43' lang='lat' dir='ltr'>occas-10</span> <span class='ocrx_word' id='word_1_241' title='bbox 1952 1788 1998 1808; x_wconf 62' lang='lat' dir='ltr'>mri-</span> 
     </span>
     <span class='ocr_line' id='line_1_38' title="bbox 1008 1812 1997 1864; baseline -0.002 -9"><span class='ocrx_word' id='word_1_242' title='bbox 1008 1827 1093 1856; x_wconf 87' lang='lat' dir='ltr'>renda</span> <span class='ocrx_word' id='word_1_243' title='bbox 1113 1830 1201 1856; x_wconf 84' lang='lat' dir='ltr'>mater</span> <span class='ocrx_word' id='word_1_244' title='bbox 1213 1827 1233 1861; x_wconf 88' lang='lat'>⁷,</span> <span class='ocrx_word' id='word_1_245' title='bbox 1249 1827 1349 1864; x_wconf 81' lang='lat' dir='ltr'>rogasti</span> <span class='ocrx_word' id='word_1_246' title='bbox 1372 1835 1432 1862; x_wconf 84' lang='lat' dir='ltr'>me,</span> <span class='ocrx_word' id='word_1_247' title='bbox 1455 1831 1486 1856; x_wconf 89' lang='lat' dir='ltr'>ut</span> <span class='ocrx_word' id='word_1_248' title='bbox 1503 1828 1536 1856; x_wconf 91' lang='lat' dir='ltr'>de</span> <span class='ocrx_word' id='word_1_249' title='bbox 1557 1827 1647 1857; x_wconf 88' lang='lat' dir='ltr'>cordis</span> <span class='ocrx_word' id='word_1_250' title='bbox 1662 1828 1714 1856; x_wconf 87' lang='lat' dir='ltr'>mei</span> <span class='ocrx_word' id='word_1_251' title='bbox 1737 1828 1852 1864; x_wconf 82' lang='lat' dir='ltr'>penuria</span> <span class='ocrx_word' id='word_1_252' title='bbox 1868 1812 1997 1859; x_wconf 55' lang='lat' dir='ltr'>gssssgfflffi.⁰‘</span> 
     </span>
    </p>
   </div>
   <div class='ocr_carea' id='block_1_15' title="bbox 1007 1873 1853 2004">
    <p class='ocr_par' dir='ltr' id='par_1_15' title="bbox 1007 1873 1853 2004">
     <span class='ocr_line' id='line_1_39' title="bbox 1007 1873 1852 1912; baseline 0.001 -10"><span class='ocrx_word' id='word_1_253' title='bbox 1007 1873 1111 1910; x_wconf 82' lang='lat' dir='ltr'>aliquid</span> <span class='ocrx_word' id='word_1_254' title='bbox 1132 1873 1258 1902; x_wconf 81' lang='lat' dir='ltr'>dictando</span> <span class='ocrx_word' id='word_1_255' title='bbox 1279 1874 1444 1909; x_wconf 85' lang='lat' dir='ltr'>scriberem,</span> <span class='ocrx_word' id='word_1_256' title='bbox 1460 1874 1486 1902; x_wconf 90' lang='lat' dir='ltr'>in</span> <span class='ocrx_word' id='word_1_257' title='bbox 1502 1883 1558 1912; x_wconf 89' lang='lat' dir='ltr'>quo</span> <span class='ocrx_word' id='word_1_258' title='bbox 1573 1877 1651 1903; x_wconf 89' lang='lat' dir='ltr'>tuum</span> <span class='ocrx_word' id='word_1_259' title='bbox 1667 1875 1791 1903; x_wconf 87' lang='lat' dir='ltr'>animum</span> <span class='ocrx_word' id='word_1_260' title='bbox 1805 1874 1852 1903; x_wconf 91' lang='lat' dir='ltr'>de-</span> 
     </span>
     <span class='ocr_line' id='line_1_40' title="bbox 1009 1920 1852 1957; baseline 0.002 -9"><span class='ocrx_word' id='word_1_261' title='bbox 1009 1920 1125 1948; x_wconf 88' lang='lat' dir='ltr'>votionis</span> <span class='ocrx_word' id='word_1_262' title='bbox 1146 1920 1234 1957; x_wconf 83' lang='lat' dir='ltr'>gratia</span> <span class='ocrx_word' id='word_1_263' title='bbox 1254 1921 1345 1949; x_wconf 79' lang='lat' dir='ltr'>valeas</span> <span class='ocrx_word' id='word_1_264' title='bbox 1366 1929 1416 1957; x_wconf 89' lang='lat' dir='ltr'>pro</span> <span class='ocrx_word' id='word_1_265' title='bbox 1438 1923 1561 1957; x_wconf 88' lang='lat' dir='ltr'>tempore</span> <span class='ocrx_word' id='word_1_266' title='bbox 1575 1921 1695 1950; x_wconf 88' lang='lat' dir='ltr'>erudire.</span> <span class='ocrx_word' id='word_1_267' title='bbox 1712 1921 1763 1950; x_wconf 88' lang='lat' dir='ltr'>Sed</span> <span class='ocrx_word' id='word_1_268' title='bbox 1777 1924 1852 1950; x_wconf 87' lang='lat' dir='ltr'>certe</span> 
     </span>
     <span class='ocr_line' id='line_1_41' title="bbox 1008 1966 1853 2004; baseline 0.002 -9"><span class='ocrx_word' id='word_1_269' title='bbox 1008 1966 1107 2001; x_wconf 84' lang='lat' dir='ltr'>fateor,</span> <span class='ocrx_word' id='word_1_270' title='bbox 1136 1975 1187 2004; x_wconf 91' lang='lat' dir='ltr'>pro</span> <span class='ocrx_word' id='word_1_271' title='bbox 1218 1967 1411 1996; x_wconf 83' lang='lat' dir='ltr'>insufficientia</span> <span class='ocrx_word' id='word_1_272' title='bbox 1439 1976 1499 1996; x_wconf 84' lang='lat' dir='ltr'>mea</span> <span class='ocrx_word' id='word_1_273' title='bbox 1519 1968 1678 1997; x_wconf 88' lang='lat' dir='ltr'>huiusmodi</span> <span class='ocrx_word' id='word_1_274' title='bbox 1699 1968 1853 1997; x_wconf 86' lang='lat' dir='ltr'>eruditione</span> 
     </span>
    </p>
   </div>
   <div class='ocr_carea' id='block_1_16' title="bbox 720 2076 1235 2082">
    <p class='ocr_par' dir='ltr' id='par_1_16' title="bbox 720 2076 1235 2082">
     <span class='ocr_line' id='line_1_42' title="bbox 720 2076 1235 2082; baseline 0 0"><span class='ocrx_word' id='word_1_275' title='bbox 720 2076 1235 2082; x_wconf 95' lang='lat' dir='ltr'> </span> 
     </span>
    </p>
   </div>
   <div class='ocr_carea' id='block_1_17' title="bbox 82 2155 959 3001">
    <p class='ocr_par' dir='ltr' id='par_1_17' title="bbox 82 2155 955 2296">
     <span class='ocr_line' id='line_1_43' title="bbox 173 2155 955 2185; baseline 0 -7"><span class='ocrx_word' id='word_1_276' title='bbox 173 2155 181 2169; x_wconf 85' lang='lat'>²</span> <span class='ocrx_word' id='word_1_277' title='bbox 200 2156 271 2179; x_wconf 88' lang='lat' dir='ltr'>Codd.</span> <span class='ocrx_word' id='word_1_278' title='bbox 290 2155 332 2178; x_wconf 86' lang='lat' dir='ltr'>BC</span> <span class='ocrx_word' id='word_1_279' title='bbox 350 2155 433 2185; x_wconf 77' lang='lat' dir='ltr'>Incipit</span> <span class='ocrx_word' id='word_1_280' title='bbox 446 2155 564 2185; x_wconf 72' lang='lat' dir='ltr'>proloyus</span> <span class='ocrx_word' id='word_1_281' title='bbox 581 2155 606 2178; x_wconf 78' lang='lat' dir='ltr'>in</span> <span class='ocrx_word' id='word_1_282' title='bbox 623 2156 753 2178; x_wconf 81' lang='lat' dir='ltr'>tractatum</span> <span class='ocrx_word' id='word_1_283' title='bbox 775 2155 955 2179; x_wconf 77' lang='lat' dir='ltr'>Bonavemurae</span> 
     </span>
     <span class='ocr_line' id='line_1_44' title="bbox 111 2194 955 2225; baseline -0.001 -6"><span class='ocrx_word' id='word_1_284' title='bbox 111 2194 139 2219; x_wconf 80' lang='lat' dir='ltr'>cle</span> <span class='ocrx_word' id='word_1_285' title='bbox 152 2195 260 2225; x_wconf 84' lang='lat' dir='ltr'>prosectu</span> <span class='ocrx_word' id='word_1_286' title='bbox 278 2194 338 2218; x_wconf 80' lang='lat' dir='ltr'>vitae</span> <span class='ocrx_word' id='word_1_287' title='bbox 353 2194 493 2225; x_wconf 50' lang='lat' dir='ltr'>religiosam</span> <span class='ocrx_word' id='word_1_288' title='bbox 510 2195 526 2217; x_wconf 91' lang='lat' dir='ltr'>E</span> <span class='ocrx_word' id='word_1_289' title='bbox 543 2194 657 2224; x_wconf 76' lang='lat' dir='ltr'>Sequitur</span> <span class='ocrx_word' id='word_1_290' title='bbox 670 2194 787 2224; x_wconf 69' lang='lat' dir='ltr'>proloqus</span> <span class='ocrx_word' id='word_1_291' title='bbox 809 2194 833 2218; x_wconf 80' lang='lat' dir='ltr'>iu</span> <span class='ocrx_word' id='word_1_292' title='bbox 856 2201 955 2224; x_wconf 82' lang='lat' dir='ltr'>opuscu—</span> 
     </span>
     <span class='ocr_line' id='line_1_45' title="bbox 82 2233 955 2264; baseline -0.001 -7"><span class='ocrx_word' id='word_1_293' title='bbox 82 2239 85 2241; x_wconf 69' lang='grc'><strong><em>’</em></strong></span> <span class='ocrx_word' id='word_1_294' title='bbox 112 2234 162 2257; x_wconf 83' lang='lat' dir='ltr'>lum</span> <span class='ocrx_word' id='word_1_295' title='bbox 179 2234 256 2257; x_wconf 77' lang='lat' dir='ltr'>sancti</span> <span class='ocrx_word' id='word_1_296' title='bbox 272 2235 465 2262; x_wconf 68' lang='lat' dir='ltr'>Bonavemurae,</span> <span class='ocrx_word' id='word_1_297' title='bbox 484 2233 592 2257; x_wconf 82' lang='lat' dir='ltr'>Doctoris</span> <span class='ocrx_word' id='word_1_298' title='bbox 608 2233 727 2263; x_wconf 76' lang='lat' dir='ltr'>seraphici</span> <span class='ocrx_word' id='word_1_299' title='bbox 737 2233 765 2256; x_wconf 82' lang='lat' dir='ltr'>de</span> <span class='ocrx_word' id='word_1_300' title='bbox 774 2233 881 2264; x_wconf 78' lang='lat' dir='ltr'>profectu</span> <span class='ocrx_word' id='word_1_301' title='bbox 894 2233 955 2257; x_wconf 80' lang='lat' dir='ltr'>vitae</span> 
     </span>
     <span class='ocr_line' id='line_1_46' title="bbox 111 2272 336 2296; baseline 0 0"><span class='ocrx_word' id='word_1_302' title='bbox 111 2272 144 2296; x_wconf 85' lang='lat' dir='ltr'>acl</span> <span class='ocrx_word' id='word_1_303' title='bbox 158 2279 254 2296; x_wconf 72' lang='lat' dir='ltr'>sorores</span> <span class='ocrx_word' id='word_1_304' title='bbox 270 2279 336 2296; x_wconf 77' lang='lat' dir='ltr'>suas.</span> 
     </span>
    </p>

    <p class='ocr_par' dir='ltr' id='par_1_18' title="bbox 113 2311 955 2452">
     <span class='ocr_line' id='line_1_47' title="bbox 175 2311 955 2341; baseline 0 -7"><span class='ocrx_word' id='word_1_305' title='bbox 175 2311 184 2324; x_wconf 86' lang='lat'><em>²</em></span> <span class='ocrx_word' id='word_1_306' title='bbox 202 2312 283 2334; x_wconf 81' lang='lat' dir='ltr'>Psalm.</span> <span class='ocrx_word' id='word_1_307' title='bbox 301 2312 343 2339; x_wconf 81' lang='lat'>93,</span> <span class='ocrx_word' id='word_1_308' title='bbox 361 2312 398 2334; x_wconf 74' lang='lat'>112.</span> <span class='ocrx_word' id='word_1_309' title='bbox 414 2324 445 2327; x_wconf 87' lang='lat'>——</span> <span class='ocrx_word' id='word_1_310' title='bbox 463 2311 565 2334; x_wconf 84' lang='lat' dir='ltr'>Subinde</span> <span class='ocrx_word' id='word_1_311' title='bbox 582 2311 703 2339; x_wconf 84' lang='lat' dir='ltr'>respicitur</span> <span class='ocrx_word' id='word_1_312' title='bbox 715 2312 730 2334; x_wconf 96' lang='lat' dir='ltr'>l.</span> <span class='ocrx_word' id='word_1_313' title='bbox 744 2312 804 2334; x_wconf 87' lang='lat' dir='ltr'>ioan.</span> <span class='ocrx_word' id='word_1_314' title='bbox 816 2313 842 2341; x_wconf 73' lang='lat'>2,</span> <span class='ocrx_word' id='word_1_315' title='bbox 854 2312 896 2334; x_wconf 79' lang='lat'>20:</span> <span class='ocrx_word' id='word_1_316' title='bbox 909 2312 955 2334; x_wconf 85' lang='lat' dir='ltr'>Sed</span> 
     </span>
     <span class='ocr_line' id='line_1_48' title="bbox 113 2350 955 2379; baseline 0 -5"><span class='ocrx_word' id='word_1_317' title='bbox 113 2357 156 2374; x_wconf 89' lang='lat' dir='ltr'>vos</span> <span class='ocrx_word' id='word_1_318' title='bbox 172 2351 302 2374; x_wconf 85' lang='lat' dir='ltr'>unctionem</span> <span class='ocrx_word' id='word_1_319' title='bbox 320 2350 409 2373; x_wconf 87' lang='lat' dir='ltr'>habetis</span> <span class='ocrx_word' id='word_1_320' title='bbox 425 2356 438 2372; x_wconf 92' lang='lat' dir='ltr'>a</span> <span class='ocrx_word' id='word_1_321' title='bbox 450 2351 533 2373; x_wconf 86' lang='lat' dir='ltr'>Sancto</span> <span class='ocrx_word' id='word_1_322' title='bbox 545 2353 567 2373; x_wconf 90' lang='lat' dir='ltr'>et</span> <span class='ocrx_word' id='word_1_323' title='bbox 578 2351 649 2373; x_wconf 83' lang='lat' dir='ltr'>nostis</span> <span class='ocrx_word' id='word_1_324' title='bbox 660 2351 749 2379; x_wconf 86' lang='lat' dir='ltr'>omnia;</span> <span class='ocrx_word' id='word_1_325' title='bbox 761 2352 802 2373; x_wconf 79' lang='lat' dir='ltr'>cir.</span> <span class='ocrx_word' id='word_1_326' title='bbox 813 2350 870 2373; x_wconf 88' lang='lat' dir='ltr'>ibid.</span> <span class='ocrx_word' id='word_1_327' title='bbox 883 2357 905 2373; x_wconf 91' lang='lat' dir='ltr'>v.</span> <span class='ocrx_word' id='word_1_328' title='bbox 918 2351 955 2374; x_wconf 91' lang='grc'><strong>27.</strong></span> 
     </span>
     <span class='ocr_line' id='line_1_49' title="bbox 113 2389 955 2419; baseline 0.001 -7"><span class='ocrx_word' id='word_1_329' title='bbox 113 2403 144 2406; x_wconf 93' lang='grc'>-</span> <span class='ocrx_word' id='word_1_330' title='bbox 160 2390 254 2413; x_wconf 82' lang='lat' dir='ltr'>luserius</span> <span class='ocrx_word' id='word_1_331' title='bbox 271 2390 316 2412; x_wconf 78' lang='lat' dir='ltr'>tide</span> <span class='ocrx_word' id='word_1_332' title='bbox 333 2389 349 2411; x_wconf 88' lang='lat' dir='ltr'>B</span> <span class='ocrx_word' id='word_1_333' title='bbox 359 2389 375 2411; x_wconf 95' lang='lat' dir='ltr'>C</span> <span class='ocrx_word' id='word_1_334' title='bbox 386 2389 404 2411; x_wconf 94' lang='lat' dir='ltr'>D</span> <span class='ocrx_word' id='word_1_335' title='bbox 420 2389 581 2417; x_wconf 80' lang='lat' dir='ltr'>supplevimus</span> <span class='ocrx_word' id='word_1_336' title='bbox 596 2389 665 2412; x_wconf 74' lang='lat' dir='ltr'>cuius</span> <span class='ocrx_word' id='word_1_337' title='bbox 681 2389 790 2412; x_wconf 76' lang='lat' dir='ltr'>animum</span> <span class='ocrx_word' id='word_1_338' title='bbox 806 2389 834 2412; x_wconf 86' lang='lat' dir='ltr'>de</span> <span class='ocrx_word' id='word_1_339' title='bbox 851 2389 900 2419; x_wconf 74' lang='lat' dir='ltr'>leye</span> <span class='ocrx_word' id='word_1_340' title='bbox 910 2396 955 2413; x_wconf 78' lang='lat' dir='ltr'>sua</span> 
     </span>
     <span class='ocr_line' id='line_1_50' title="bbox 113 2427 227 2452; baseline 0 -1"><span class='ocrx_word' id='word_1_341' title='bbox 113 2427 227 2452; x_wconf 79' lang='lat' dir='ltr'>docuerit.</span> 
     </span>
    </p>

    <p class='ocr_par' dir='ltr' id='par_1_19' title="bbox 176 2465 482 2493">
     <span class='ocr_line' id='line_1_51' title="bbox 176 2465 482 2493; baseline 0 -5"><span class='ocrx_word' id='word_1_342' title='bbox 176 2465 186 2479; x_wconf 73' lang='lat'>³</span> <span class='ocrx_word' id='word_1_343' title='bbox 203 2467 231 2489; x_wconf 91' lang='lat' dir='ltr'>Ut</span> <span class='ocrx_word' id='word_1_344' title='bbox 247 2466 330 2489; x_wconf 83' lang='lat' dir='ltr'>dicitur</span> <span class='ocrx_word' id='word_1_345' title='bbox 347 2467 382 2489; x_wconf 69' lang='grc' dir='ltr'>ΡΞ.</span> <span class='ocrx_word' id='word_1_346' title='bbox 400 2467 442 2493; x_wconf 71' lang='lat'>118,</span> <span class='ocrx_word' id='word_1_347' title='bbox 460 2466 482 2489; x_wconf 90' lang='lat'>8.</span> 
     </span>
    </p>

    <p class='ocr_par' dir='ltr' id='par_1_20' title="bbox 115 2505 959 2963">
     <span class='ocr_line' id='line_1_52' title="bbox 176 2505 956 2534; baseline -0.001 -6"><span class='ocrx_word' id='word_1_348' title='bbox 176 2505 186 2517; x_wconf 87' lang='lat'>⁴</span> <span class='ocrx_word' id='word_1_349' title='bbox 203 2505 332 2533; x_wconf 85' lang='lat' dir='ltr'>Respicitur</span> <span class='ocrx_word' id='word_1_350' title='bbox 349 2506 362 2527; x_wconf 96' lang='grc'>1.</span> <span class='ocrx_word' id='word_1_351' title='bbox 382 2506 463 2527; x_wconf 82' lang='lat' dir='ltr'>Thess.</span> <span class='ocrx_word' id='word_1_352' title='bbox 481 2506 488 2527; x_wconf 60' lang='lat'>&gt;1</span> <span class='ocrx_word' id='word_1_353' title='bbox 500 2523 505 2533; x_wconf 87' lang='lat'>‚</span> <span class='ocrx_word' id='word_1_354' title='bbox 522 2506 547 2528; x_wconf 81' lang='lat'>5:</span> <span class='ocrx_word' id='word_1_355' title='bbox 561 2505 617 2534; x_wconf 82' lang='lat' dir='ltr'>Quia</span> <span class='ocrx_word' id='word_1_356' title='bbox 634 2505 783 2533; x_wconf 84' lang='lat' dir='ltr'>Evangelium</span> <span class='ocrx_word' id='word_1_357' title='bbox 795 2508 898 2527; x_wconf 88' lang='lat' dir='ltr'>nostrum</span> <span class='ocrx_word' id='word_1_358' title='bbox 911 2511 956 2528; x_wconf 90' lang='lat' dir='ltr'>non</span> 
     </span>
     <span class='ocr_line' id='line_1_53' title="bbox 116 2544 956 2572; baseline -0.001 -5"><span class='ocrx_word' id='word_1_359' title='bbox 116 2545 156 2567; x_wconf 81' lang='lat' dir='ltr'>suit</span> <span class='ocrx_word' id='word_1_360' title='bbox 173 2545 202 2567; x_wconf 83' lang='lat' dir='ltr'>ad</span> <span class='ocrx_word' id='word_1_361' title='bbox 220 2552 262 2567; x_wconf 85' lang='lat' dir='ltr'>vos</span> <span class='ocrx_word' id='word_1_362' title='bbox 280 2545 301 2567; x_wconf 79' lang='lat' dir='ltr'>in</span> <span class='ocrx_word' id='word_1_363' title='bbox 319 2551 425 2567; x_wconf 81' lang='lat' dir='ltr'>sermone</span> <span class='ocrx_word' id='word_1_364' title='bbox 443 2548 543 2571; x_wconf 80' lang='lat' dir='ltr'>tantum,</span> <span class='ocrx_word' id='word_1_365' title='bbox 561 2545 601 2567; x_wconf 80' lang='lat' dir='ltr'>sed</span> <span class='ocrx_word' id='word_1_366' title='bbox 618 2548 640 2567; x_wconf 89' lang='lat' dir='ltr'>ct</span> <span class='ocrx_word' id='word_1_367' title='bbox 657 2545 679 2566; x_wconf 91' lang='lat' dir='ltr'>in</span> <span class='ocrx_word' id='word_1_368' title='bbox 697 2544 781 2566; x_wconf 68' lang='lat' dir='ltr'>vii-tute</span> <span class='ocrx_word' id='word_1_369' title='bbox 798 2548 819 2567; x_wconf 86' lang='lat' dir='ltr'>et</span> <span class='ocrx_word' id='word_1_370' title='bbox 836 2545 857 2566; x_wconf 92' lang='lat' dir='ltr'>in</span> <span class='ocrx_word' id='word_1_371' title='bbox 871 2544 956 2572; x_wconf 81' lang='lat' dir='ltr'>Spiritu</span> 
     </span>
     <span class='ocr_line' id='line_1_54' title="bbox 115 2583 957 2612; baseline -0.001 -6"><span class='ocrx_word' id='word_1_372' title='bbox 115 2587 202 2607; x_wconf 85' lang='lat' dir='ltr'>sancto.</span> <span class='ocrx_word' id='word_1_373' title='bbox 212 2596 243 2600; x_wconf 98' lang='lat'><strong>—</strong></span> <span class='ocrx_word' id='word_1_374' title='bbox 255 2585 363 2612; x_wconf 67' lang='lat' dir='ltr'>August,</span> <span class='ocrx_word' id='word_1_375' title='bbox 380 2584 401 2606; x_wconf 92' lang='lat' dir='ltr'>in</span> <span class='ocrx_word' id='word_1_376' title='bbox 420 2585 434 2607; x_wconf 85' lang='lat' dir='ltr'>l.</span> <span class='ocrx_word' id='word_1_377' title='bbox 452 2586 511 2607; x_wconf 88' lang='lat' dir='ltr'>loan.</span> <span class='ocrx_word' id='word_1_378' title='bbox 530 2587 556 2606; x_wconf 90' lang='lat' dir='ltr'>tr.</span> <span class='ocrx_word' id='word_1_379' title='bbox 569 2584 590 2606; x_wconf 84' lang='lat'>3.</span> <span class='ocrx_word' id='word_1_380' title='bbox 603 2590 624 2606; x_wconf 91' lang='lat' dir='ltr'>n.</span> <span class='ocrx_word' id='word_1_381' title='bbox 638 2584 679 2606; x_wconf 49' lang='grc' dir='ltr'>Ἰ13;</span> <span class='ocrx_word' id='word_1_382' title='bbox 692 2583 762 2605; x_wconf 85' lang='lat' dir='ltr'>Nolite</span> <span class='ocrx_word' id='word_1_383' title='bbox 774 2587 867 2612; x_wconf 85' lang='lat' dir='ltr'>putare,</span> <span class='ocrx_word' id='word_1_384' title='bbox 878 2590 957 2612; x_wconf 87' lang='lat' dir='ltr'>quem—</span> 
     </span>
     <span class='ocr_line' id='line_1_55' title="bbox 115 2622 957 2652; baseline -0.001 -7"><span class='ocrx_word' id='word_1_385' title='bbox 115 2629 186 2652; x_wconf 83' lang='lat' dir='ltr'>quam</span> <span class='ocrx_word' id='word_1_386' title='bbox 203 2623 290 2651; x_wconf 88' lang='lat' dir='ltr'>aliquid</span> <span class='ocrx_word' id='word_1_387' title='bbox 306 2623 394 2645; x_wconf 82' lang='lat' dir='ltr'>discere</span> <span class='ocrx_word' id='word_1_388' title='bbox 411 2622 441 2645; x_wconf 86' lang='lat' dir='ltr'>ab</span> <span class='ocrx_word' id='word_1_389' title='bbox 458 2623 558 2645; x_wconf 85' lang='lat' dir='ltr'>homine.</span> <span class='ocrx_word' id='word_1_390' title='bbox 570 2623 700 2645; x_wconf 84' lang='lat' dir='ltr'>Admonere</span> <span class='ocrx_word' id='word_1_391' title='bbox 712 2628 837 2650; x_wconf 87' lang='lat' dir='ltr'>possumus</span> <span class='ocrx_word' id='word_1_392' title='bbox 848 2628 889 2650; x_wconf 86' lang='lat' dir='ltr'>per</span> <span class='ocrx_word' id='word_1_393' title='bbox 901 2625 957 2644; x_wconf 88' lang='lat' dir='ltr'>stre-</span> 
     </span>
     <span class='ocr_line' id='line_1_56' title="bbox 115 2659 957 2690; baseline -0.002 -6"><span class='ocrx_word' id='word_1_394' title='bbox 115 2661 189 2689; x_wconf 85' lang='lat' dir='ltr'>pitum</span> <span class='ocrx_word' id='word_1_395' title='bbox 208 2661 273 2684; x_wconf 90' lang='lat' dir='ltr'>vocis</span> <span class='ocrx_word' id='word_1_396' title='bbox 289 2664 392 2688; x_wconf 59' lang='lat' dir='ltr'>nostram</span> <span class='ocrx_word' id='word_1_397' title='bbox 409 2662 427 2684; x_wconf 88' lang='lat' dir='ltr'>si</span> <span class='ocrx_word' id='word_1_398' title='bbox 445 2668 490 2684; x_wconf 91' lang='lat' dir='ltr'>non</span> <span class='ocrx_word' id='word_1_399' title='bbox 507 2661 535 2683; x_wconf 90' lang='lat' dir='ltr'>sit</span> <span class='ocrx_word' id='word_1_400' title='bbox 552 2660 615 2684; x_wconf 81' lang='lat' dir='ltr'>intus</span> <span class='ocrx_word' id='word_1_401' title='bbox 627 2660 669 2690; x_wconf 85' lang='lat' dir='ltr'>quz&#39;</span> <span class='ocrx_word' id='word_1_402' title='bbox 679 2659 771 2688; x_wconf 74' lang='lat' dir='ltr'>doceat,</span> <span class='ocrx_word' id='word_1_403' title='bbox 784 2660 857 2683; x_wconf 89' lang='lat' dir='ltr'>inanis</span> <span class='ocrx_word' id='word_1_404' title='bbox 868 2661 957 2683; x_wconf 86' lang='lat' dir='ltr'>sststre-</span> 
     </span>
     <span class='ocr_line' id='line_1_57' title="bbox 116 2699 957 2729; baseline -0.001 -7"><span class='ocrx_word' id='word_1_405' title='bbox 116 2700 179 2728; x_wconf 84' lang='lat' dir='ltr'>pitus</span> <span class='ocrx_word' id='word_1_406' title='bbox 195 2704 295 2723; x_wconf 86' lang='lat' dir='ltr'>noster...</span> <span class='ocrx_word' id='word_1_407' title='bbox 312 2700 427 2729; x_wconf 87' lang='lat' dir='ltr'>Quantum</span> <span class='ocrx_word' id='word_1_408' title='bbox 444 2700 473 2722; x_wconf 86' lang='lat' dir='ltr'>ad</span> <span class='ocrx_word' id='word_1_409' title='bbox 491 2706 528 2722; x_wconf 87' lang='lat' dir='ltr'>me</span> <span class='ocrx_word' id='word_1_410' title='bbox 545 2700 653 2728; x_wconf 81' lang='lat' dir='ltr'>pertinet,</span> <span class='ocrx_word' id='word_1_411' title='bbox 671 2699 780 2722; x_wconf 89' lang='lat' dir='ltr'>omnibus</span> <span class='ocrx_word' id='word_1_412' title='bbox 792 2700 881 2722; x_wconf 88' lang='lat' dir='ltr'>locutus</span> <span class='ocrx_word' id='word_1_413' title='bbox 892 2705 957 2726; x_wconf 85' lang='lat' dir='ltr'>sum,</span> 
     </span>
     <span class='ocr_line' id='line_1_58' title="bbox 116 2738 958 2767; baseline -0.001 -6"><span class='ocrx_word' id='word_1_414' title='bbox 116 2739 157 2761; x_wconf 87' lang='lat' dir='ltr'>sed</span> <span class='ocrx_word' id='word_1_415' title='bbox 173 2738 259 2767; x_wconf 87' lang='lat' dir='ltr'>quibus</span> <span class='ocrx_word' id='word_1_416' title='bbox 275 2739 352 2762; x_wconf 84' lang='lat' dir='ltr'>unctio</span> <span class='ocrx_word' id='word_1_417' title='bbox 369 2739 404 2761; x_wconf 89' lang='lat' dir='ltr'>illa</span> <span class='ocrx_word' id='word_1_418' title='bbox 421 2739 482 2761; x_wconf 84' lang='lat' dir='ltr'>intus</span> <span class='ocrx_word' id='word_1_419' title='bbox 499 2745 543 2761; x_wconf 90' lang='lat' dir='ltr'>non</span> <span class='ocrx_word' id='word_1_420' title='bbox 561 2739 673 2767; x_wconf 83' lang='lat' dir='ltr'>loquitur,</span> <span class='ocrx_word' id='word_1_421' title='bbox 685 2744 744 2767; x_wconf 89' lang='lat' dir='ltr'>quos</span> <span class='ocrx_word' id='word_1_422' title='bbox 756 2738 854 2766; x_wconf 83' lang='lat' dir='ltr'>Spiritus</span> <span class='ocrx_word' id='word_1_423' title='bbox 865 2741 958 2760; x_wconf 87' lang='lat' dir='ltr'>sanctus</span> 
     </span>
     <span class='ocr_line' id='line_1_59' title="bbox 117 2777 958 2805; baseline -0.001 -5"><span class='ocrx_word' id='word_1_424' title='bbox 117 2777 177 2800; x_wconf 90' lang='lat' dir='ltr'>intus</span> <span class='ocrx_word' id='word_1_425' title='bbox 193 2783 239 2799; x_wconf 89' lang='lat' dir='ltr'>non</span> <span class='ocrx_word' id='word_1_426' title='bbox 255 2778 335 2804; x_wconf 75' lang='lat' dir='ltr'>docet,</span> <span class='ocrx_word' id='word_1_427' title='bbox 353 2778 436 2800; x_wconf 89' lang='lat' dir='ltr'>indocti</span> <span class='ocrx_word' id='word_1_428' title='bbox 453 2778 559 2800; x_wconf 87' lang='lat' dir='ltr'>redeunt.</span> <span class='ocrx_word' id='word_1_429' title='bbox 576 2777 702 2805; x_wconf 82' lang='lat' dir='ltr'>lliagisteria</span> <span class='ocrx_word' id='word_1_430' title='bbox 722 2777 847 2800; x_wconf 81' lang='lat' dir='ltr'>roi-insecus</span> <span class='ocrx_word' id='word_1_431' title='bbox 868 2777 958 2799; x_wconf 86' lang='lat' dir='ltr'>adiuto-</span> 
     </span>
     <span class='ocr_line' id='line_1_60' title="bbox 117 2815 958 2845; baseline 0 -7"><span class='ocrx_word' id='word_1_432' title='bbox 117 2816 149 2838; x_wconf 89' lang='lat' dir='ltr'>ria</span> <span class='ocrx_word' id='word_1_433' title='bbox 167 2817 281 2845; x_wconf 78' lang='lat' dir='ltr'>quaedam</span> <span class='ocrx_word' id='word_1_434' title='bbox 298 2819 352 2839; x_wconf 88' lang='lat' dir='ltr'>sunt</span> <span class='ocrx_word' id='word_1_435' title='bbox 368 2819 390 2839; x_wconf 87' lang='lat' dir='ltr'>et</span> <span class='ocrx_word' id='word_1_436' title='bbox 407 2816 574 2839; x_wconf 90' lang='lat' dir='ltr'>admonitiones</span> <span class='ocrx_word' id='word_1_437' title='bbox 580 2825 586 2843; x_wconf 79' lang='lat'>3</span> <span class='ocrx_word' id='word_1_438' title='bbox 603 2816 735 2839; x_wconf 79' lang='lat' dir='ltr'>cathedram</span> <span class='ocrx_word' id='word_1_439' title='bbox 762 2816 785 2838; x_wconf 91' lang='lat' dir='ltr'>in</span> <span class='ocrx_word' id='word_1_440' title='bbox 806 2816 869 2838; x_wconf 87' lang='lat' dir='ltr'>caelo</span> <span class='ocrx_word' id='word_1_441' title='bbox 890 2815 958 2838; x_wconf 85' lang='lat' dir='ltr'>habet</span> 
     </span>
     <span class='ocr_line' id='line_1_61' title="bbox 117 2854 958 2884; baseline 0 -7"><span class='ocrx_word' id='word_1_442' title='bbox 117 2855 157 2884; x_wconf 88' lang='lat' dir='ltr'>qui</span> <span class='ocrx_word' id='word_1_443' title='bbox 175 2855 243 2878; x_wconf 86' lang='lat' dir='ltr'>corda</span> <span class='ocrx_word' id='word_1_444' title='bbox 261 2855 328 2878; x_wconf 87' lang='lat' dir='ltr'>docet</span> <span class='ocrx_word' id='word_1_445' title='bbox 344 2858 386 2878; x_wconf 88' lang='lat' dir='ltr'>etc.</span> <span class='ocrx_word' id='word_1_446' title='bbox 404 2854 449 2877; x_wconf 76' lang='lat' dir='ltr'>Cir.</span> <span class='ocrx_word' id='word_1_447' title='bbox 466 2858 522 2878; x_wconf 91' lang='lat' dir='ltr'>tom.</span> <span class='ocrx_word' id='word_1_448' title='bbox 540 2856 566 2877; x_wconf 93' lang='lat' dir='ltr'>V.</span> <span class='ocrx_word' id='word_1_449' title='bbox 584 2861 638 2883; x_wconf 79' lang='lat' dir='ltr'>pag.</span> <span class='ocrx_word' id='word_1_450' title='bbox 656 2854 713 2883; x_wconf 70' lang='lat'>324,</span> <span class='ocrx_word' id='word_1_451' title='bbox 729 2857 781 2877; x_wconf 87' lang='lat' dir='ltr'>nota</span> <span class='ocrx_word' id='word_1_452' title='bbox 799 2856 820 2877; x_wconf 84' lang='lat'>2.</span> <span class='ocrx_word' id='word_1_453' title='bbox 838 2867 869 2871; x_wconf 97' lang='lat'><strong>—</strong></span> <span class='ocrx_word' id='word_1_454' title='bbox 885 2854 958 2877; x_wconf 89' lang='lat' dir='ltr'>Codd.</span> 
     </span>
     <span class='ocr_line' id='line_1_62' title="bbox 118 2893 959 2922; baseline 0 -6"><span class='ocrx_word' id='word_1_455' title='bbox 118 2894 135 2916; x_wconf 89' lang='lat' dir='ltr'>B</span> <span class='ocrx_word' id='word_1_456' title='bbox 146 2893 163 2917; x_wconf 93' lang='lat' dir='ltr'>C</span> <span class='ocrx_word' id='word_1_457' title='bbox 181 2895 239 2916; x_wconf 87' lang='lat' dir='ltr'>hanc</span> <span class='ocrx_word' id='word_1_458' title='bbox 256 2894 436 2922; x_wconf 83' lang='lat' dir='ltr'>propositionem</span> <span class='ocrx_word' id='word_1_459' title='bbox 453 2900 507 2917; x_wconf 85' lang='lat' dir='ltr'>cum</span> <span class='ocrx_word' id='word_1_460' title='bbox 525 2894 675 2922; x_wconf 86' lang='lat' dir='ltr'>praecedente</span> <span class='ocrx_word' id='word_1_461' title='bbox 692 2894 836 2922; x_wconf 87' lang='lat' dir='ltr'>coniungunt</span> <span class='ocrx_word' id='word_1_462' title='bbox 858 2895 959 2922; x_wconf 84' lang='lat' dir='ltr'>legentes</span> 
     </span>
     <span class='ocr_line' id='line_1_63' title="bbox 117 2932 930 2963; baseline -0.001 -7"><span class='ocrx_word' id='word_1_463' title='bbox 117 2932 159 2956; x_wconf 79' lang='lat' dir='ltr'>sed</span> <span class='ocrx_word' id='word_1_464' title='bbox 171 2933 251 2963; x_wconf 78' lang='lat' dir='ltr'>potius</span> <span class='ocrx_word' id='word_1_465' title='bbox 266 2939 310 2962; x_wconf 79' lang='lat' dir='ltr'>per</span> <span class='ocrx_word' id='word_1_466' title='bbox 326 2933 421 2956; x_wconf 81' lang='lat' dir='ltr'>devotae</span> <span class='ocrx_word' id='word_1_467' title='bbox 437 2933 520 2956; x_wconf 80' lang='lat' dir='ltr'>mentis</span> <span class='ocrx_word' id='word_1_468' title='bbox 536 2933 647 2963; x_wconf 79' lang='lat' dir='ltr'>affectum</span> <span class='ocrx_word' id='word_1_469' title='bbox 664 2934 699 2956; x_wconf 79' lang='lat' dir='ltr'>est</span> <span class='ocrx_word' id='word_1_470' title='bbox 714 2932 871 2956; x_wconf 82' lang='lat' dir='ltr'>desideranda</span> <span class='ocrx_word' id='word_1_471' title='bbox 887 2936 930 2956; x_wconf 85' lang='lat' dir='ltr'>etc.</span> 
     </span>
    </p>

    <p class='ocr_par' dir='ltr' id='par_1_21' title="bbox 181 2971 959 3001">
     <span class='ocr_line' id='line_1_64' title="bbox 181 2971 959 3001; baseline 0 -7"><span class='ocrx_word' id='word_1_472' title='bbox 181 2971 190 2984; x_wconf 84' lang='lat'>⁵</span> <span class='ocrx_word' id='word_1_473' title='bbox 207 2973 283 2995; x_wconf 85' lang='lat' dir='ltr'>Mattli.</span> <span class='ocrx_word' id='word_1_474' title='bbox 300 2973 342 3001; x_wconf 81' lang='grc'>22,</span> <span class='ocrx_word' id='word_1_475' title='bbox 360 2972 402 2995; x_wconf 89' lang='lat'>37:</span> <span class='ocrx_word' id='word_1_476' title='bbox 419 2972 504 3000; x_wconf 81' lang='lat' dir='ltr'>Diliges</span> <span class='ocrx_word' id='word_1_477' title='bbox 529 2972 652 2994; x_wconf 85' lang='lat' dir='ltr'>Dominum</span> <span class='ocrx_word' id='word_1_478' title='bbox 679 2972 750 2994; x_wconf 87' lang='lat' dir='ltr'>Deum</span> <span class='ocrx_word' id='word_1_479' title='bbox 776 2973 841 2994; x_wconf 87' lang='lat' dir='ltr'>tuum</span> <span class='ocrx_word' id='word_1_480' title='bbox 864 2978 890 2994; x_wconf 89' lang='lat' dir='ltr'>ex</span> <span class='ocrx_word' id='word_1_481' title='bbox 913 2974 959 2994; x_wconf 89' lang='lat' dir='ltr'>toto</span> 
     </span>
    </p>
   </div>
   <div class='ocr_carea' id='block_1_18' title="bbox 982 2155 988 2944">
    <p class='ocr_par' dir='ltr' id='par_1_22' title="bbox 982 2155 988 2944">
     <span class='ocr_line' id='line_1_65' title="bbox 982 2155 988 2944; baseline 0 0"><span class='ocrx_word' id='word_1_482' title='bbox 982 2155 988 2944; x_wconf 95' lang='lat' dir='ltr'> </span> 
     </span>
    </p>
   </div>
   <div class='ocr_carea' id='block_1_19' title="bbox 1010 2155 1856 3000">
    <p class='ocr_par' dir='ltr' id='par_1_23' title="bbox 1010 2155 1855 2223">
     <span class='ocr_line' id='line_1_66' title="bbox 1011 2155 1855 2178; baseline 0 0"><span class='ocrx_word' id='word_1_483' title='bbox 1011 2155 1081 2178; x_wconf 85' lang='lat' dir='ltr'>corde</span> <span class='ocrx_word' id='word_1_484' title='bbox 1098 2158 1136 2178; x_wconf 91' lang='lat' dir='ltr'>tuo</span> <span class='ocrx_word' id='word_1_485' title='bbox 1153 2158 1175 2178; x_wconf 89' lang='lat' dir='ltr'>et</span> <span class='ocrx_word' id='word_1_486' title='bbox 1192 2156 1214 2178; x_wconf 90' lang='lat' dir='ltr'>in</span> <span class='ocrx_word' id='word_1_487' title='bbox 1232 2158 1277 2178; x_wconf 83' lang='lat' dir='ltr'>tota</span> <span class='ocrx_word' id='word_1_488' title='bbox 1298 2156 1374 2178; x_wconf 85' lang='lat' dir='ltr'>anima</span> <span class='ocrx_word' id='word_1_489' title='bbox 1397 2158 1434 2178; x_wconf 89' lang='lat' dir='ltr'>tua</span> <span class='ocrx_word' id='word_1_490' title='bbox 1457 2158 1479 2178; x_wconf 85' lang='lat' dir='ltr'>et</span> <span class='ocrx_word' id='word_1_491' title='bbox 1501 2156 1523 2178; x_wconf 94' lang='lat' dir='ltr'>in</span> <span class='ocrx_word' id='word_1_492' title='bbox 1545 2158 1590 2178; x_wconf 89' lang='lat' dir='ltr'>tota</span> <span class='ocrx_word' id='word_1_493' title='bbox 1613 2158 1689 2178; x_wconf 82' lang='lat' dir='ltr'>mente</span> <span class='ocrx_word' id='word_1_494' title='bbox 1712 2159 1757 2178; x_wconf 91' lang='lat' dir='ltr'>tua.</span> <span class='ocrx_word' id='word_1_495' title='bbox 1774 2169 1805 2172; x_wconf 91' lang='lat'>—</span> <span class='ocrx_word' id='word_1_496' title='bbox 1822 2156 1855 2178; x_wconf 87' lang='lat' dir='ltr'>De</span> 
     </span>
     <span class='ocr_line' id='line_1_67' title="bbox 1010 2193 1854 2223; baseline 0.001 -7"><span class='ocrx_word' id='word_1_497' title='bbox 1010 2193 1134 2217; x_wconf 66' lang='lat' dir='ltr'>mundana</span> <span class='ocrx_word' id='word_1_498' title='bbox 1151 2194 1261 2222; x_wconf 83' lang='lat' dir='ltr'>sapientia</span> <span class='ocrx_word' id='word_1_499' title='bbox 1278 2195 1318 2217; x_wconf 78' lang='lat' dir='ltr'>cl&#39;r.</span> <span class='ocrx_word' id='word_1_500' title='bbox 1332 2194 1373 2217; x_wconf 89' lang='lat' dir='ltr'>lac.</span> <span class='ocrx_word' id='word_1_501' title='bbox 1386 2195 1410 2223; x_wconf 83' lang='grc'>3,</span> <span class='ocrx_word' id='word_1_502' title='bbox 1424 2195 1460 2217; x_wconf 69' lang='lat'>43.</span> <span class='ocrx_word' id='word_1_503' title='bbox 1472 2200 1520 2223; x_wconf 87' lang='lat' dir='ltr'>seq.</span> <span class='ocrx_word' id='word_1_504' title='bbox 1532 2197 1553 2217; x_wconf 85' lang='lat' dir='ltr'>et</span> <span class='ocrx_word' id='word_1_505' title='bbox 1566 2201 1636 2222; x_wconf 87' lang='lat' dir='ltr'>supra</span> <span class='ocrx_word' id='word_1_506' title='bbox 1648 2201 1702 2223; x_wconf 83' lang='lat' dir='ltr'>pag.</span> <span class='ocrx_word' id='word_1_507' title='bbox 1715 2195 1756 2222; x_wconf 75' lang='lat'>46,</span> <span class='ocrx_word' id='word_1_508' title='bbox 1769 2198 1820 2217; x_wconf 87' lang='lat' dir='ltr'>nola</span> <span class='ocrx_word' id='word_1_509' title='bbox 1831 2194 1854 2217; x_wconf 88' lang='grc'>7.</span> 
     </span>
    </p>

    <p class='ocr_par' dir='ltr' id='par_1_24' title="bbox 1011 2233 1855 2533">
     <span class='ocr_line' id='line_1_68' title="bbox 1073 2233 1855 2262; baseline 0.001 -6"><span class='ocrx_word' id='word_1_510' title='bbox 1073 2233 1083 2247; x_wconf 75' lang='lat'><strong>⁶</strong></span> <span class='ocrx_word' id='word_1_511' title='bbox 1101 2235 1173 2256; x_wconf 88' lang='lat' dir='ltr'>Serm.</span> <span class='ocrx_word' id='word_1_512' title='bbox 1190 2233 1228 2256; x_wconf 85' lang='lat'>73.</span> <span class='ocrx_word' id='word_1_513' title='bbox 1245 2234 1275 2256; x_wconf 88' lang='lat' dir='ltr'>de</span> <span class='ocrx_word' id='word_1_514' title='bbox 1298 2234 1399 2256; x_wconf 83' lang='lat' dir='ltr'>Diversis</span> <span class='ocrx_word' id='word_1_515' title='bbox 1425 2233 1489 2262; x_wconf 83' lang='lat' dir='ltr'>(alias</span> <span class='ocrx_word' id='word_1_516' title='bbox 1514 2233 1552 2256; x_wconf 80' lang='lat'>36.</span> <span class='ocrx_word' id='word_1_517' title='bbox 1576 2240 1603 2256; x_wconf 88' lang='lat' dir='ltr'>ex</span> <span class='ocrx_word' id='word_1_518' title='bbox 1627 2234 1729 2261; x_wconf 82' lang='lat' dir='ltr'>Parvis):</span> <span class='ocrx_word' id='word_1_519' title='bbox 1757 2234 1855 2257; x_wconf 66' lang='lat' dir='ltr'>«Discat</span> 
     </span>
     <span class='ocr_line' id='line_1_69' title="bbox 1011 2272 1855 2302; baseline 0 -7"><span class='ocrx_word' id='word_1_520' title='bbox 1011 2275 1124 2302; x_wconf 88' lang='lat' dir='ltr'>quantum</span> <span class='ocrx_word' id='word_1_521' title='bbox 1141 2273 1203 2299; x_wconf 87' lang='lat' dir='ltr'>vult,</span> <span class='ocrx_word' id='word_1_522' title='bbox 1220 2279 1265 2300; x_wconf 79' lang='lat' dir='ltr'>ego</span> <span class='ocrx_word' id='word_1_523' title='bbox 1281 2272 1409 2300; x_wconf 79' lang='lat' dir='ltr'>sapientem</span> <span class='ocrx_word' id='word_1_524' title='bbox 1426 2278 1474 2295; x_wconf 88' lang='lat' dir='ltr'>non</span> <span class='ocrx_word' id='word_1_525' title='bbox 1490 2273 1600 2301; x_wconf 74' lang='lat' dir='ltr'>dixerim,</span> <span class='ocrx_word' id='word_1_526' title='bbox 1621 2273 1678 2295; x_wconf 92' lang='lat' dir='ltr'>dum</span> <span class='ocrx_word' id='word_1_527' title='bbox 1701 2279 1743 2295; x_wconf 88' lang='lat' dir='ltr'>nec</span> <span class='ocrx_word' id='word_1_528' title='bbox 1766 2272 1855 2295; x_wconf 87' lang='lat' dir='ltr'>timebit</span> 
     </span>
     <span class='ocr_line' id='line_1_70' title="bbox 1011 2311 1854 2340; baseline 0 -6"><span class='ocrx_word' id='word_1_529' title='bbox 1011 2318 1053 2335; x_wconf 88' lang='lat' dir='ltr'>nec</span> <span class='ocrx_word' id='word_1_530' title='bbox 1069 2312 1149 2340; x_wconf 84' lang='lat' dir='ltr'>diliget</span> <span class='ocrx_word' id='word_1_531' title='bbox 1166 2312 1239 2334; x_wconf 86' lang='lat' dir='ltr'>Deum</span> <span class='ocrx_word' id='word_1_532' title='bbox 1252 2320 1274 2334; x_wconf 77' lang='lat' dir='ltr'>n.</span> <span class='ocrx_word' id='word_1_533' title='bbox 1291 2312 1334 2334; x_wconf 86' lang='lat' dir='ltr'>Pro</span> <span class='ocrx_word' id='word_1_534' title='bbox 1352 2311 1419 2334; x_wconf 74' lang='lat' dir='ltr'>Dicat</span> <span class='ocrx_word' id='word_1_535' title='bbox 1435 2311 1452 2334; x_wconf 96' lang='lat' dir='ltr'>C</span> <span class='ocrx_word' id='word_1_536' title='bbox 1469 2318 1523 2334; x_wconf 89' lang='lat' dir='ltr'>cum</span> <span class='ocrx_word' id='word_1_537' title='bbox 1545 2314 1605 2334; x_wconf 86' lang='lat' dir='ltr'>textu</span> <span class='ocrx_word' id='word_1_538' title='bbox 1629 2311 1733 2339; x_wconf 84' lang='lat' dir='ltr'>originali</span> <span class='ocrx_word' id='word_1_539' title='bbox 1755 2311 1854 2340; x_wconf 75' lang='lat' dir='ltr'>Discus,-</span> 
     </span>
     <span class='ocr_line' id='line_1_71' title="bbox 1011 2349 1853 2378; baseline -0.001 -5"><span class='ocrx_word' id='word_1_540' title='bbox 1011 2351 1029 2373; x_wconf 89' lang='lat' dir='ltr'>B</span> <span class='ocrx_word' id='word_1_541' title='bbox 1046 2351 1098 2373; x_wconf 92' lang='lat' dir='ltr'>voci</span> <span class='ocrx_word' id='word_1_542' title='bbox 1115 2350 1254 2373; x_wconf 67' lang='lat' dir='ltr'>Bernartius</span> <span class='ocrx_word' id='word_1_543' title='bbox 1277 2350 1383 2378; x_wconf 79' lang='lat' dir='ltr'>praefigit</span> <span class='ocrx_word' id='word_1_544' title='bbox 1406 2349 1524 2378; x_wconf 76' lang='lat' dir='ltr'>Quoniam</span> <span class='ocrx_word' id='word_1_545' title='bbox 1541 2349 1596 2373; x_wconf 78' lang='lat' dir='ltr'>dicii</span> <span class='ocrx_word' id='word_1_546' title='bbox 1613 2349 1699 2373; x_wconf 80' lang='lat' dir='ltr'>beatus.</span> <span class='ocrx_word' id='word_1_547' title='bbox 1718 2363 1748 2366; x_wconf 90' lang='lat'>—</span> <span class='ocrx_word' id='word_1_548' title='bbox 1766 2351 1788 2372; x_wconf 93' lang='lat' dir='ltr'>ln</span> <span class='ocrx_word' id='word_1_549' title='bbox 1806 2356 1853 2378; x_wconf 87' lang='lat' dir='ltr'>seq.</span> 
     </span>
     <span class='ocr_line' id='line_1_72' title="bbox 1012 2389 1855 2418; baseline -0.001 -6"><span class='ocrx_word' id='word_1_550' title='bbox 1012 2389 1170 2417; x_wconf 83' lang='lat' dir='ltr'>propositione</span> <span class='ocrx_word' id='word_1_551' title='bbox 1185 2389 1306 2417; x_wconf 84' lang='lat' dir='ltr'>respicitur</span> <span class='ocrx_word' id='word_1_552' title='bbox 1323 2390 1365 2411; x_wconf 86' lang='lat' dir='ltr'>lac.</span> <span class='ocrx_word' id='word_1_553' title='bbox 1387 2389 1408 2416; x_wconf 87' lang='grc' dir='ltr'>Ι,</span> <span class='ocrx_word' id='word_1_554' title='bbox 1426 2390 1463 2411; x_wconf 88' lang='grc'>22.</span> <span class='ocrx_word' id='word_1_555' title='bbox 1480 2395 1558 2418; x_wconf 88' lang='lat' dir='ltr'>seqq.:</span> <span class='ocrx_word' id='word_1_556' title='bbox 1575 2390 1650 2411; x_wconf 86' lang='lat' dir='ltr'>Estote</span> <span class='ocrx_word' id='word_1_557' title='bbox 1666 2391 1742 2411; x_wconf 87' lang='lat' dir='ltr'>autem</span> <span class='ocrx_word' id='word_1_558' title='bbox 1759 2390 1855 2411; x_wconf 52' lang='lat' dir='ltr'>tactor&amp;</span> 
     </span>
     <span class='ocr_line' id='line_1_73' title="bbox 1013 2427 1855 2456; baseline 0 -6"><span class='ocrx_word' id='word_1_559' title='bbox 1013 2427 1077 2450; x_wconf 84' lang='lat' dir='ltr'>verbi</span> <span class='ocrx_word' id='word_1_560' title='bbox 1094 2431 1116 2450; x_wconf 89' lang='lat' dir='ltr'>et</span> <span class='ocrx_word' id='word_1_561' title='bbox 1132 2434 1179 2450; x_wconf 90' lang='lat' dir='ltr'>non</span> <span class='ocrx_word' id='word_1_562' title='bbox 1195 2428 1312 2450; x_wconf 83' lang='lat' dir='ltr'>auditores</span> <span class='ocrx_word' id='word_1_563' title='bbox 1328 2431 1440 2450; x_wconf 89' lang='lat' dir='ltr'>tantum...</span> <span class='ocrx_word' id='word_1_564' title='bbox 1457 2428 1501 2456; x_wconf 85' lang='lat' dir='ltr'>Qui</span> <span class='ocrx_word' id='word_1_565' title='bbox 1523 2431 1598 2450; x_wconf 86' lang='lat' dir='ltr'>autem</span> <span class='ocrx_word' id='word_1_566' title='bbox 1623 2428 1763 2455; x_wconf 82' lang='lat' dir='ltr'>perspexerit</span> <span class='ocrx_word' id='word_1_567' title='bbox 1785 2428 1805 2449; x_wconf 91' lang='lat' dir='ltr'>in</span> <span class='ocrx_word' id='word_1_568' title='bbox 1824 2428 1855 2450; x_wconf 89' lang='lat' dir='ltr'>le-</span> 
     </span>
     <span class='ocr_line' id='line_1_74' title="bbox 1013 2466 1855 2495; baseline -0.001 -6"><span class='ocrx_word' id='word_1_569' title='bbox 1013 2473 1066 2495; x_wconf 78' lang='lat' dir='ltr'>gem</span> <span class='ocrx_word' id='word_1_570' title='bbox 1084 2468 1208 2494; x_wconf 82' lang='lat' dir='ltr'>perfectam</span> <span class='ocrx_word' id='word_1_571' title='bbox 1226 2470 1247 2489; x_wconf 86' lang='lat' dir='ltr'>et</span> <span class='ocrx_word' id='word_1_572' title='bbox 1263 2467 1416 2495; x_wconf 84' lang='lat' dir='ltr'>permanserit</span> <span class='ocrx_word' id='word_1_573' title='bbox 1433 2467 1454 2488; x_wconf 89' lang='lat' dir='ltr'>in</span> <span class='ocrx_word' id='word_1_574' title='bbox 1471 2473 1509 2494; x_wconf 83' lang='lat' dir='ltr'>ea,</span> <span class='ocrx_word' id='word_1_575' title='bbox 1527 2473 1573 2489; x_wconf 89' lang='lat' dir='ltr'>non</span> <span class='ocrx_word' id='word_1_576' title='bbox 1585 2467 1675 2489; x_wconf 87' lang='lat' dir='ltr'>auditor</span> <span class='ocrx_word' id='word_1_577' title='bbox 1687 2466 1814 2489; x_wconf 82' lang='lat' dir='ltr'>obliviosus</span> <span class='ocrx_word' id='word_1_578' title='bbox 1826 2467 1855 2488; x_wconf 81' lang='lat' dir='ltr'>fa-</span> 
     </span>
     <span class='ocr_line' id='line_1_75' title="bbox 1013 2505 1718 2533; baseline 0 -6"><span class='ocrx_word' id='word_1_579' title='bbox 1013 2508 1074 2533; x_wconf 78' lang='lat' dir='ltr'>ctus,</span> <span class='ocrx_word' id='word_1_580' title='bbox 1092 2505 1133 2527; x_wconf 89' lang='lat' dir='ltr'>sed</span> <span class='ocrx_word' id='word_1_581' title='bbox 1151 2507 1221 2527; x_wconf 81' lang='lat' dir='ltr'>factor</span> <span class='ocrx_word' id='word_1_582' title='bbox 1237 2506 1326 2533; x_wconf 82' lang='lat' dir='ltr'>operis,</span> <span class='ocrx_word' id='word_1_583' title='bbox 1344 2506 1379 2528; x_wconf 87' lang='lat' dir='ltr'>hic</span> <span class='ocrx_word' id='word_1_584' title='bbox 1398 2506 1477 2528; x_wconf 86' lang='lat' dir='ltr'>beatus</span> <span class='ocrx_word' id='word_1_585' title='bbox 1494 2506 1516 2527; x_wconf 91' lang='lat' dir='ltr'>in</span> <span class='ocrx_word' id='word_1_586' title='bbox 1534 2507 1593 2527; x_wconf 82' lang='lat' dir='ltr'>sacto</span> <span class='ocrx_word' id='word_1_587' title='bbox 1610 2512 1652 2528; x_wconf 85' lang='lat' dir='ltr'>suo</span> <span class='ocrx_word' id='word_1_588' title='bbox 1669 2505 1718 2527; x_wconf 87' lang='lat' dir='ltr'>erit.</span> 
     </span>
    </p>

    <p class='ocr_par' dir='ltr' id='par_1_25' title="bbox 1014 2543 1856 3000">
     <span class='ocr_line' id='line_1_76' title="bbox 1077 2543 1855 2572; baseline 0 -6"><span class='ocrx_word' id='word_1_589' title='bbox 1077 2543 1085 2556; x_wconf 94' lang='lat'>⁷</span> <span class='ocrx_word' id='word_1_590' title='bbox 1104 2544 1137 2566; x_wconf 92' lang='lat' dir='ltr'>Du</span> <span class='ocrx_word' id='word_1_591' title='bbox 1150 2544 1238 2572; x_wconf 84' lang='lat' dir='ltr'>Cange:</span> <span class='ocrx_word' id='word_1_592' title='bbox 1250 2545 1339 2572; x_wconf 71' lang='lat' dir='ltr'>Mater,</span> <span class='ocrx_word' id='word_1_593' title='bbox 1351 2544 1479 2571; x_wconf 81' lang='lat' dir='ltr'>abbatissa,</span> <span class='ocrx_word' id='word_1_594' title='bbox 1492 2545 1682 2566; x_wconf 82' lang='lat' dir='ltr'>monasteriorum</span> <span class='ocrx_word' id='word_1_595' title='bbox 1695 2544 1855 2566; x_wconf 85' lang='lat' dir='ltr'>sanctimonia-</span> 
     </span>
     <span class='ocr_line' id='line_1_77' title="bbox 1014 2583 1854 2612; baseline 0.001 -8"><span class='ocrx_word' id='word_1_596' title='bbox 1014 2583 1068 2605; x_wconf 86' lang='lat' dir='ltr'>lium</span> <span class='ocrx_word' id='word_1_597' title='bbox 1082 2584 1203 2611; x_wconf 77' lang='lat' dir='ltr'>praefecta,</span> <span class='ocrx_word' id='word_1_598' title='bbox 1215 2583 1277 2611; x_wconf 84' lang='lat' dir='ltr'>apud</span> <span class='ocrx_word' id='word_1_599' title='bbox 1287 2584 1379 2606; x_wconf 86' lang='lat' dir='ltr'>Hieron.</span> <span class='ocrx_word' id='word_1_600' title='bbox 1389 2584 1409 2605; x_wconf 94' lang='lat' dir='ltr'>in</span> <span class='ocrx_word' id='word_1_601' title='bbox 1422 2584 1490 2611; x_wconf 82' lang='lat' dir='ltr'>Epist.</span> <span class='ocrx_word' id='word_1_602' title='bbox 1500 2584 1529 2605; x_wconf 87' lang='lat' dir='ltr'>ad</span> <span class='ocrx_word' id='word_1_603' title='bbox 1541 2583 1689 2606; x_wconf 76' lang='lat' dir='ltr'>Sabinianum</span> <span class='ocrx_word' id='word_1_604' title='bbox 1703 2583 1750 2612; x_wconf 83' lang='lat' dir='ltr'>[ed.</span> <span class='ocrx_word' id='word_1_605' title='bbox 1760 2584 1854 2606; x_wconf 83' lang='lat' dir='ltr'>Maurin.</span> 
     </span>
     <span class='ocr_line' id='line_1_78' title="bbox 1015 2622 1855 2651; baseline 0 -7"><span class='ocrx_word' id='word_1_606' title='bbox 1015 2622 1084 2650; x_wconf 86' lang='lat' dir='ltr'>Epist.</span> <span class='ocrx_word' id='word_1_607' title='bbox 1102 2622 1154 2645; x_wconf 71' lang='lat'>447.</span> <span class='ocrx_word' id='word_1_608' title='bbox 1171 2623 1226 2644; x_wconf 87' lang='lat' dir='ltr'>alias</span> <span class='ocrx_word' id='word_1_609' title='bbox 1244 2622 1280 2644; x_wconf 72' lang='lat'>48.</span> <span class='ocrx_word' id='word_1_610' title='bbox 1297 2629 1320 2644; x_wconf 90' lang='lat' dir='ltr'>n.</span> <span class='ocrx_word' id='word_1_611' title='bbox 1337 2622 1382 2651; x_wconf 84' lang='lat'>5.],</span> <span class='ocrx_word' id='word_1_612' title='bbox 1399 2623 1536 2650; x_wconf 76' lang='lat' dir='ltr'>Gregorium</span> <span class='ocrx_word' id='word_1_613' title='bbox 1557 2623 1653 2650; x_wconf 81' lang='lat' dir='ltr'>Registr.</span> <span class='ocrx_word' id='word_1_614' title='bbox 1671 2622 1710 2644; x_wconf 89' lang='lat' dir='ltr'>lib.</span> <span class='ocrx_word' id='word_1_615' title='bbox 1727 2622 1750 2644; x_wconf 89' lang='lat'>7.</span> <span class='ocrx_word' id='word_1_616' title='bbox 1768 2622 1814 2645; x_wconf 91' lang='lat' dir='ltr'>lnd.</span> <span class='ocrx_word' id='word_1_617' title='bbox 1833 2623 1855 2645; x_wconf 87' lang='grc'><strong>2,</strong></span> 
     </span>
     <span class='ocr_line' id='line_1_79' title="bbox 1014 2661 1854 2691; baseline 0 -7"><span class='ocrx_word' id='word_1_618' title='bbox 1014 2661 1082 2689; x_wconf 85' lang='lat' dir='ltr'>Epist.</span> <span class='ocrx_word' id='word_1_619' title='bbox 1100 2662 1137 2683; x_wconf 76' lang='lat'>28.</span> <span class='ocrx_word' id='word_1_620' title='bbox 1155 2661 1202 2690; x_wconf 87' lang='lat' dir='ltr'>[ed.</span> <span class='ocrx_word' id='word_1_621' title='bbox 1219 2662 1313 2683; x_wconf 88' lang='lat' dir='ltr'>Maurin.</span> <span class='ocrx_word' id='word_1_622' title='bbox 1331 2661 1401 2689; x_wconf 84' lang='lat' dir='ltr'>Epist.</span> <span class='ocrx_word' id='word_1_623' title='bbox 1419 2661 1458 2684; x_wconf 88' lang='lat' dir='ltr'>lib.</span> <span class='ocrx_word' id='word_1_624' title='bbox 1475 2662 1495 2683; x_wconf 84' lang='lat'>9.</span> <span class='ocrx_word' id='word_1_625' title='bbox 1515 2661 1561 2684; x_wconf 91' lang='lat' dir='ltr'>lnd.</span> <span class='ocrx_word' id='word_1_626' title='bbox 1579 2662 1600 2683; x_wconf 87' lang='grc'>2.</span> <span class='ocrx_word' id='word_1_627' title='bbox 1614 2661 1683 2689; x_wconf 89' lang='lat' dir='ltr'>Epist.</span> <span class='ocrx_word' id='word_1_628' title='bbox 1695 2661 1742 2691; x_wconf 84' lang='grc'><strong>29.]</strong></span> <span class='ocrx_word' id='word_1_629' title='bbox 1755 2664 1797 2684; x_wconf 87' lang='lat' dir='ltr'>etc.</span> <span class='ocrx_word' id='word_1_630' title='bbox 1809 2661 1854 2684; x_wconf 76' lang='lat' dir='ltr'>Cir.</span> 
     </span>
     <span class='ocr_line' id='line_1_80' title="bbox 1014 2700 1854 2728; baseline 0 -6"><span class='ocrx_word' id='word_1_631' title='bbox 1014 2700 1133 2728; x_wconf 79' lang='lat' dir='ltr'>Adelger.‚</span> <span class='ocrx_word' id='word_1_632' title='bbox 1150 2700 1281 2722; x_wconf 80' lang='lat' dir='ltr'>Admonitio</span> <span class='ocrx_word' id='word_1_633' title='bbox 1297 2700 1327 2722; x_wconf 86' lang='lat' dir='ltr'>ad</span> <span class='ocrx_word' id='word_1_634' title='bbox 1344 2700 1501 2722; x_wconf 84' lang='lat' dir='ltr'>Nonsuindam</span> <span class='ocrx_word' id='word_1_635' title='bbox 1519 2701 1630 2722; x_wconf 84' lang='lat' dir='ltr'>reclusam</span> <span class='ocrx_word' id='word_1_636' title='bbox 1655 2700 1750 2728; x_wconf 80' lang='lat' dir='ltr'>(Migne,</span> <span class='ocrx_word' id='word_1_637' title='bbox 1773 2700 1854 2723; x_wconf 85' lang='lat' dir='ltr'>Patrol.</span> 
     </span>
     <span class='ocr_line' id='line_1_81' title="bbox 1014 2738 1855 2767; baseline 0.001 -6"><span class='ocrx_word' id='word_1_638' title='bbox 1014 2739 1062 2761; x_wconf 89' lang='lat' dir='ltr'>Lat.</span> <span class='ocrx_word' id='word_1_639' title='bbox 1078 2741 1133 2761; x_wconf 89' lang='lat' dir='ltr'>tom.</span> <span class='ocrx_word' id='word_1_640' title='bbox 1152 2739 1204 2761; x_wconf 69' lang='lat'>434.</span> <span class='ocrx_word' id='word_1_641' title='bbox 1220 2739 1262 2761; x_wconf 88' lang='lat' dir='ltr'>col.</span> <span class='ocrx_word' id='word_1_642' title='bbox 1281 2739 1326 2761; x_wconf 79' lang='lat'>915</span> <span class='ocrx_word' id='word_1_643' title='bbox 1343 2739 1430 2767; x_wconf 68' lang='lat' dir='ltr'>seqq),</span> <span class='ocrx_word' id='word_1_644' title='bbox 1448 2738 1487 2761; x_wconf 92' lang='lat' dir='ltr'>ubi</span> <span class='ocrx_word' id='word_1_645' title='bbox 1504 2742 1625 2761; x_wconf 89' lang='lat' dir='ltr'>recurrunt</span> <span class='ocrx_word' id='word_1_646' title='bbox 1641 2738 1855 2762; x_wconf 75' lang='lat' dir='ltr'>carissimamater</span> 
     </span>
     <span class='ocr_line' id='line_1_82' title="bbox 1016 2777 1856 2808; baseline 0.001 -8"><span class='ocrx_word' id='word_1_647' title='bbox 1016 2778 1047 2806; x_wconf 91' lang='lat' dir='ltr'>(in</span> <span class='ocrx_word' id='word_1_648' title='bbox 1063 2778 1183 2807; x_wconf 78' lang='lat' dir='ltr'>Prologo)‚</span> <span class='ocrx_word' id='word_1_649' title='bbox 1199 2777 1350 2801; x_wconf 73' lang='lat' dir='ltr'>sanctissima</span> <span class='ocrx_word' id='word_1_650' title='bbox 1366 2779 1442 2800; x_wconf 73' lang='lat' dir='ltr'>winter</span> <span class='ocrx_word' id='word_1_651' title='bbox 1459 2778 1488 2806; x_wconf 90' lang='lat' dir='ltr'>(c.</span> <span class='ocrx_word' id='word_1_652' title='bbox 1507 2779 1528 2800; x_wconf 82' lang='lat'>2.</span> <span class='ocrx_word' id='word_1_653' title='bbox 1545 2780 1568 2800; x_wconf 86' lang='lat' dir='ltr'>et</span> <span class='ocrx_word' id='word_1_654' title='bbox 1583 2784 1603 2801; x_wconf 90' lang='lat' dir='ltr'>c.</span> <span class='ocrx_word' id='word_1_655' title='bbox 1615 2778 1636 2800; x_wconf 90' lang='lat'>7.</span> <span class='ocrx_word' id='word_1_656' title='bbox 1654 2785 1674 2801; x_wconf 87' lang='lat' dir='ltr'>c.</span> <span class='ocrx_word' id='word_1_657' title='bbox 1687 2779 1723 2800; x_wconf 82' lang='lat' dir='ltr'>ll.</span> <span class='ocrx_word' id='word_1_658' title='bbox 1737 2779 1801 2808; x_wconf 84' lang='lat' dir='ltr'>etc.);</span> <span class='ocrx_word' id='word_1_659' title='bbox 1813 2779 1856 2801; x_wconf 80' lang='lat' dir='ltr'>An-</span> 
     </span>
     <span class='ocr_line' id='line_1_83' title="bbox 1015 2816 1856 2845; baseline 0.001 -7"><span class='ocrx_word' id='word_1_660' title='bbox 1015 2817 1090 2845; x_wconf 63' lang='lat' dir='ltr'>seim.y</span> <span class='ocrx_word' id='word_1_661' title='bbox 1114 2817 1184 2845; x_wconf 87' lang='lat' dir='ltr'>Epist.</span> <span class='ocrx_word' id='word_1_662' title='bbox 1206 2816 1244 2839; x_wconf 90' lang='lat' dir='ltr'>lib.</span> <span class='ocrx_word' id='word_1_663' title='bbox 1266 2817 1299 2839; x_wconf 90' lang='lat' dir='ltr'>lll.</span> <span class='ocrx_word' id='word_1_664' title='bbox 1321 2817 1388 2844; x_wconf 88' lang='lat' dir='ltr'>epist.</span> <span class='ocrx_word' id='word_1_665' title='bbox 1406 2816 1458 2838; x_wconf 73' lang='grc'><strong>125.</strong></span> <span class='ocrx_word' id='word_1_666' title='bbox 1475 2829 1506 2833; x_wconf 94' lang='grc'><strong>-</strong></span> <span class='ocrx_word' id='word_1_667' title='bbox 1522 2816 1594 2840; x_wconf 88' lang='lat' dir='ltr'>Codd.</span> <span class='ocrx_word' id='word_1_668' title='bbox 1612 2817 1629 2839; x_wconf 91' lang='lat' dir='ltr'>B</span> <span class='ocrx_word' id='word_1_669' title='bbox 1641 2817 1657 2840; x_wconf 94' lang='lat' dir='ltr'>C</span> <span class='ocrx_word' id='word_1_670' title='bbox 1675 2817 1711 2840; x_wconf 81' lang='lat' dir='ltr'>hic</span> <span class='ocrx_word' id='word_1_671' title='bbox 1729 2819 1750 2840; x_wconf 84' lang='lat' dir='ltr'>et</span> <span class='ocrx_word' id='word_1_672' title='bbox 1767 2823 1808 2845; x_wconf 85' lang='lat' dir='ltr'>per</span> <span class='ocrx_word' id='word_1_673' title='bbox 1826 2820 1856 2839; x_wconf 91' lang='lat' dir='ltr'>to—</span> 
     </span>
     <span class='ocr_line' id='line_1_84' title="bbox 1015 2856 1856 2884; baseline 0.001 -7"><span class='ocrx_word' id='word_1_674' title='bbox 1015 2859 1063 2878; x_wconf 86' lang='lat' dir='ltr'>tum</span> <span class='ocrx_word' id='word_1_675' title='bbox 1081 2856 1219 2883; x_wconf 84' lang='lat' dir='ltr'>opusculum</span> <span class='ocrx_word' id='word_1_676' title='bbox 1236 2858 1331 2878; x_wconf 87' lang='lat' dir='ltr'>utuntur</span> <span class='ocrx_word' id='word_1_677' title='bbox 1348 2861 1406 2878; x_wconf 85' lang='lat' dir='ltr'>voce</span> <span class='ocrx_word' id='word_1_678' title='bbox 1422 2856 1514 2884; x_wconf 79' lang='lat' dir='ltr'>mater;</span> <span class='ocrx_word' id='word_1_679' title='bbox 1530 2861 1601 2884; x_wconf 85' lang='lat' dir='ltr'>saepe</span> <span class='ocrx_word' id='word_1_680' title='bbox 1621 2862 1674 2878; x_wconf 83' lang='lat' dir='ltr'>cum</span> <span class='ocrx_word' id='word_1_681' title='bbox 1698 2856 1753 2884; x_wconf 86' lang='lat' dir='ltr'>ipsis</span> <span class='ocrx_word' id='word_1_682' title='bbox 1775 2862 1856 2879; x_wconf 89' lang='lat' dir='ltr'>conve-</span> 
     </span>
     <span class='ocr_line' id='line_1_85' title="bbox 1015 2894 1855 2922; baseline 0.001 -6"><span class='ocrx_word' id='word_1_683' title='bbox 1015 2894 1082 2916; x_wconf 87' lang='lat' dir='ltr'>niunt</span> <span class='ocrx_word' id='word_1_684' title='bbox 1097 2894 1156 2921; x_wconf 84' lang='lat' dir='ltr'>FD,</span> <span class='ocrx_word' id='word_1_685' title='bbox 1174 2894 1245 2916; x_wconf 92' lang='lat' dir='ltr'>immo</span> <span class='ocrx_word' id='word_1_686' title='bbox 1261 2894 1330 2916; x_wconf 87' lang='lat' dir='ltr'>ctiam</span> <span class='ocrx_word' id='word_1_687' title='bbox 1348 2894 1395 2922; x_wconf 88' lang='lat' dir='ltr'>ipsa</span> <span class='ocrx_word' id='word_1_688' title='bbox 1415 2894 1466 2917; x_wconf 90' lang='lat' dir='ltr'>Vat.</span> <span class='ocrx_word' id='word_1_689' title='bbox 1487 2900 1507 2917; x_wconf 83' lang='lat' dir='ltr'>c.</span> <span class='ocrx_word' id='word_1_690' title='bbox 1531 2895 1552 2916; x_wconf 86' lang='lat'>6.</span> <span class='ocrx_word' id='word_1_691' title='bbox 1577 2901 1600 2917; x_wconf 92' lang='lat' dir='ltr'>n.</span> <span class='ocrx_word' id='word_1_692' title='bbox 1626 2895 1662 2917; x_wconf 75' lang='lat' dir='ltr'>il.</span> <span class='ocrx_word' id='word_1_693' title='bbox 1688 2895 1749 2917; x_wconf 86' lang='lat' dir='ltr'>idem</span> <span class='ocrx_word' id='word_1_694' title='bbox 1774 2894 1855 2922; x_wconf 83' lang='lat' dir='ltr'>habet,</span> 
     </span>
     <span class='ocr_line' id='line_1_86' title="bbox 1015 2933 1856 2963; baseline 0.001 -8"><span class='ocrx_word' id='word_1_695' title='bbox 1015 2933 1071 2956; x_wconf 88' lang='lat' dir='ltr'>dum</span> <span class='ocrx_word' id='word_1_696' title='bbox 1089 2933 1137 2955; x_wconf 84' lang='lat' dir='ltr'>aliis</span> <span class='ocrx_word' id='word_1_697' title='bbox 1154 2933 1175 2955; x_wconf 84' lang='lat' dir='ltr'>iu</span> <span class='ocrx_word' id='word_1_698' title='bbox 1192 2933 1247 2955; x_wconf 91' lang='lat' dir='ltr'>locis</span> <span class='ocrx_word' id='word_1_699' title='bbox 1263 2933 1379 2956; x_wconf 89' lang='lat' dir='ltr'>substituit</span> <span class='ocrx_word' id='word_1_700' title='bbox 1395 2938 1473 2956; x_wconf 66' lang='lat' dir='ltr'>soror.</span> <span class='ocrx_word' id='word_1_701' title='bbox 1489 2933 1620 2956; x_wconf 80' lang='lat' dir='ltr'>Praedictos</span> <span class='ocrx_word' id='word_1_702' title='bbox 1641 2934 1710 2956; x_wconf 87' lang='lat' dir='ltr'>codd.</span> <span class='ocrx_word' id='word_1_703' title='bbox 1731 2940 1856 2963; x_wconf 83' lang='lat' dir='ltr'>sequemur</span> 
     </span>
     <span class='ocr_line' id='line_1_87' title="bbox 1015 2971 1422 3000; baseline 0.005 -6"><span class='ocrx_word' id='word_1_704' title='bbox 1015 2971 1175 2994; x_wconf 86' lang='lat' dir='ltr'>substituendo</span> <span class='ocrx_word' id='word_1_705' title='bbox 1192 2973 1268 2995; x_wconf 79' lang='lat' dir='ltr'>mater</span> <span class='ocrx_word' id='word_1_706' title='bbox 1285 2978 1327 3000; x_wconf 86' lang='lat' dir='ltr'>pro</span> <span class='ocrx_word' id='word_1_707' title='bbox 1343 2978 1422 2996; x_wconf 79' lang='lat' dir='ltr'>soror.</span> 
     </span>
    </p>
   </div>
  </div>
 </body>
</html>
