2133 3317
223 215 278 243 730

474 253 528 275 PAU

270 306 298 309 —
316 295 351 315 est
366 293 541 315 fundamentum
554 292 691 314 christianae
703 292 792 319 religio-

223 333 257 355 nis
275 332 319 355 304
338 333 367 354 29
385 344 415 348 -
433 334 466 354 851
479 332 567 353 initium
580 335 602 354 et
614 331 790 354 fundamentum

227 372 371 401 perfectionis
393 371 540 399 evangelicae
563 371 608 392 272
627 371 649 392 3.
667 371 711 393 288
730 371 742 392 6
760 383 791 387 -

226 416 258 434 851
276 412 349 433 virtus
367 411 395 433 ad
414 411 562 438 perfectionis
584 410 737 438 integritatem
756 417 791 432 ne-

224 450 322 472 cessaria
345 450 385 471 112
405 450 412 470 1
435 461 465 465 -
482 452 516 471 851
534 449 603 471 totius
619 449 744 476 spiritualis
757 455 791 471 ae-

225 489 294 511 dificii
312 488 451 516 primarium
464 488 639 510 fundamentum
654 488 697 510 450
710 487 733 510 b.
747 488 790 510 489

225 528 232 549 l
255 540 285 544 —-
302 528 365 550 cadit
382 527 426 550 sub
444 530 499 549 voto
522 530 631 556 tanquam
656 528 792 549 fundamen-

225 570 272 589 tum
292 567 439 594 persectionis
457 566 501 588 246
521 567 541 588 9.
559 573 594 595 sq.
612 579 642 582 —
660 567 734 594 magis
752 567 792 589 du-

223 606 253 628 cit
270 606 298 628 ad
311 606 475 634 perfectionem
488 612 559 634 quam
573 606 657 634 aliquid
671 606 731 628 aliud
746 606 786 628 501

225 646 237 667 8
255 658 285 662 ·-
302 648 336 668 est
352 645 487 667 humilitatis
499 646 625 667 fomentum
638 648 660 667 et
672 645 792 673 perfectio-

225 685 260 707 nis
276 685 340 707 radix
360 685 404 707 523
425 686 432 706 1
454 697 485 701 -
502 685 525 706 111
543 687 603 707 tanto
626 685 720 707 maioris
742 691 791 712 per-

227 724 331 746 fectionis
347 727 406 746 statu
431 724 561 751 constituit,
583 727 670 753 quanto
693 727 792 747 vovetur

224 763 346 786 sublimitts
364 764 409 786 250
428 764 456 786 20
474 776 505 780 —
522 767 556 786 est
578 764 688 786 virtutum
712 764 791 792 regina

225 802 270 825 523
290 803 297 824 1
319 816 349 819 ——
366 805 400 825 est
419 803 457 824 via
475 803 580 830 specialis
597 803 677 825 salutis
693 802 748 826 ibid.
761 816 790 819 —

224 844 257 864 est
274 842 391 870 consulta,
409 842 462 870 quia
480 843 502 864 in
520 848 546 864 ea
564 842 667 864 consistit
683 842 791 870 perfectio

224 881 270 903 295
288 882 301 903 3
318 894 350 897 -
367 881 410 910 Qui
434 881 483 903 vult
507 888 557 903 esse
583 882 697 909 perfectus
722 881 792 904 debet

225 921 303 943 onmia
320 921 424 943 vendere
442 921 486 942 276
506 921 533 942 13
551 933 582 937 -
599 927 644 949 qua
662 921 740 943 omnia
757 927 792 943 re—

224 961 367 989 linquuntur,
386 963 420 983 est
438 961 536 988 perfecta
555 961 600 983 293
620 961 656 982 21.
675 960 720 982 295
733 961 745 982 3
762 973 788 976 »-

225 1001 246 1022 ln
264 1003 401 1028 paupertate
419 1006 460 1028 per
477 1006 501 1022 se
527 1003 561 1022 est
587 1000 658 1022 maior
680 1001 791 1028 perfectio

224 1045 295 1068 quam
313 1040 335 1061 in
354 1039 506 1067 amplitudine
523 1039 676 1067 possessionis
698 1040 744 1061 294
762 1041 791 1062 22

224 1091 254 1095 —-
280 1079 379 1106 Spiritus
405 1079 547 1106 paupertatis
573 1079 708 1106 temporalia
734 1078 792 1101 bene

223 1119 410 1140 administrantes
436 1118 489 1140 facit
514 1119 628 1146 perfectos
651 1119 696 1140 293
714 1119 739 1140 21
761 1132 792 1134 -

225 1158 341 1185 Refugere
370 1160 530 1185 paupertatem
560 1163 607 1179 non
633 1160 708 1185 potest
733 1160 792 1180 stare

224 1203 277 1219 cum
296 1197 430 1225 evangelica
448 1197 588 1225 perfectione
605 1197 649 1219 238
669 1197 681 1218 8
694 1209 724 1213 —
736 1197 793 1224 fugi-

224 1238 261 1259 tur
278 1236 308 1258 ab
324 1236 488 1264 insipientibus
506 1236 550 1258 302
569 1237 598 1259 24
617 1249 647 1253 -
664 1237 792 1259 maximum

224 1275 312 1298 bonum
330 1278 364 1298 est
382 1276 427 1298 299
441 1276 477 1298 15.
490 1282 525 1305 sq.
536 1288 568 1292 —
580 1276 723 1304 Paupertatis
735 1275 792 1297 mira

225 1315 357 1343 pulcritudo
375 1315 420 1337 302
440 1315 469 1337 24
487 1327 518 1331 -
535 1318 569 1338 est
586 1321 686 1343 magnae
698 1316 793 1343 opulen-

224 1355 268 1376 tiae
286 1357 308 1376 et
325 1355 419 1377 lionoris
431 1354 460 1377 ib.
474 1354 503 1377 25
516 1367 546 1371 -
558 1355 666 1377 altissima
680 1358 793 1377 transcen-

225 1394 258 1416 dit
275 1394 396 1416 cacumina
414 1394 519 1416 omnium
537 1395 699 1422 temporalium
717 1394 793 1421 digni-

225 1436 297 1456 tatum
317 1433 360 1455 442
384 1434 408 1455 ts
427 1446 457 1450 —
474 1436 508 1456 est
525 1434 617 1456 Ordinis
629 1434 791 1462 praerogativa

224 1472 330 1495 sublimis
349 1472 388 1495 471
412 1473 425 1495 4-
442 1486 473 1490 -—
490 1476 524 1495 est
539 1475 661 1496 thesaurus
673 1473 793 1496 abscondi-

226 1514 261 1534 tus
280 1512 324 1534 303
343 1513 371 1534 26
390 1525 420 1529 —
438 1513 566 1535 voluntaria
585 1516 606 1535 et
619 1513 743 1541 penuriosa
756 1513 793 1535 de-

225 1551 330 1579 signatur
348 1558 389 1579 per
407 1552 556 1580 margaritam
575 1552 619 1574 302
639 1552 666 1574 23
687 1565 715 1568 —
733 1552 793 1574 desi-

227 1593 311 1619 gnatur
328 1597 370 1619 per
388 1591 511 1613 duodecim
530 1592 668 1619 margaritas
686 1592 707 1613 in
720 1592 793 1619 portis

226 1630 349 1652 Ierusalem
366 1629 420 1653 ibid.
434 1643 464 1647 —
476 1631 609 1658 evangelica
622 1634 656 1653 est
668 1631 793 1658 margarita

226 1670 326 1697 pretiosa
335 1687 340 1697 ‚
354 1676 395 1697 pro
408 1676 454 1698 qua
467 1670 564 1692 emenda
578 1670 727 1692 distrahenda
739 1672 793 1692 sunt

224 1709 302 1731 omnia
328 1709 372 1731 298
401 1709 428 1731 13
447 1721 477 1725 --
496 1709 636 1737 Paupertatis
661 1709 794 1737 pretiositas

224 1751 258 1770 est
273 1748 447 1771 inaestimabilis
459 1748 504 1770 514
517 1749 530 1769 7
545 1762 572 1764 -
585 1749 732 1771 Horrendum
747 1755 792 1771 588-

226 1788 261 1810 1115
278 1790 322 1815 cst⁷
340 1789 399 1810 hanc
417 1788 567 1816 margaritam
585 1789 720 1810 conculcare
739 1787 792 1810 ibid.

225 1840 256 1844 —
274 1827 337 1850 Dicta
356 1827 463 1850 notabilia
482 1828 505 1849 S.
522 1828 636 1850 Francisci
654 1828 683 1850 de
695 1834 793 1855 pauper-

225 1870 271 1890 tate
288 1868 332 1890 523
352 1867 373 1889 1.
391 1873 442 1896 sqq.
460 1879 490 1883 —
508 1867 652 1894 Paupertatis
664 1867 794 1895 pretiositas

225 1909 259 1929 est
276 1913 361 1934 magna
379 1909 401 1928 et
420 1906 608 1934 incomparabilis
625 1907 689 1928 omni
712 1907 795 1934 pretio-

227 1946 286 1968 sitati
310 1949 414 1968 terrenae
438 1946 483 1968 302
508 1946 536 1968 23
554 1958 585 1962 -
603 1946 727 1974 Quomodo
745 1952 795 1974 pre-

226 1986 313 2008 tiositas
330 1985 473 2013 paupertatis
490 1985 600 2013 cognosci
618 1985 691 2013 possit
708 1984 738 2008 ib.
756 1986 793 2008 26.

226 2025 271 2047 303
290 2025 319 2046 27
338 2037 368 2040 —-
384 2025 517 2052 Pauperum
530 2025 601 2047 hostis
614 2025 658 2047 236
672 2025 685 2047 4
697 2037 728 2041 -
740 2025 795 2047 Pau·

226 2064 320 2092 pertatis
345 2067 522 2092 oppugnatores
547 2064 686 2091 Vigilantius
707 2066 729 2086 et
746 2064 795 2087 eius

225 2103 354 2131 discipulus
372 2104 416 2125 286
439 2104 497 2124 1--
515 2110 526 2125 a
545 2103 637 2131 cupidis
659 2102 703 2125 sub
726 2103 795 2131 pieta-

227 2143 256 2165 tis
273 2143 350 2170 specie
368 2143 522 2170 impugnatur
539 2143 583 2164 288
603 2143 615 2164 6
628 2155 659 2159 -
670 2143 796 2170 Religioso-

225 2187 277 2204 rum
304 2182 486 2204 mendicantium
512 2182 647 2209 impugnata
671 2183 716 2204 235
734 2183 747 2203 2
764 2193 796 2198 -

226 2226 357 2249 pauperum
375 2220 458 2243 Christi
476 2221 537 2243 salsis
554 2220 753 2243 criminatIOnibus
766 2220 796 2242 in-

228 2261 312 2282 famata
339 2259 503 2282 abominabilis
528 2260 633 2282 redditur
658 2260 704 2282 234
728 2260 740 2281 3
764 2273 794 2276 —

226 2299 369 2327 Paupertatis
386 2299 483 2321 eximiae
504 2299 614 2327 perfectio
637 2299 731 2322 defensa
750 2300 795 2322 235

227 2339 240 2360 3
258 2351 289 2354 —
307 2340 384 2361 Status
402 2339 458 2360 nihil
477 2338 612 2361 habentium
631 2345 676 2361 non
693 2341 728 2361 est
740 2339 796 2367 peri-

227 2378 320 2400 culosus
336 2381 359 2400 et
381 2378 530 2406 imperfectus
547 2377 577 2401 ib.
595 2379 608 2399 2
626 2390 656 2394 -
675 2379 796 2406 Pauperta-

227 2420 273 2439 tem
291 2420 416 2439 extremam
435 2417 516 2440 sectari
539 2420 572 2440 est
594 2417 693 2446 licitum,
717 2418 796 2440 lauda-

228 2456 273 2478 bile
285 2459 307 2479 et
319 2458 447 2484 perfectum
462 2457 506 2479 277
521 2457 549 2478 116
561 2469 591 2473 -
604 2458 721 2485 Pauperes
733 2457 796 2479 Chri-

229 2495 268 2524 sti,
287 2496 326 2524 qui
344 2496 400 2518 nihil
418 2496 540 2524 possidere
564 2497 657 2525 volunt,
683 2502 728 2519 non
746 2502 796 2524 pos-

227 2538 280 2558 sunt
298 2535 343 2557 dici
361 2535 490 2563 imperfecti
503 2541 544 2557 nec
557 2536 708 2563 superstitiosi
722 2538 743 2558 et
755 2536 795 2557 im-

227 2575 258 2603 pii
277 2575 321 2597 286
345 2576 361 2597 1.
380 2575 420 2597 291
444 2575 481 2597 15.
499 2576 544 2597 212
567 2575 591 2596 19
609 2588 639 2591 —
652 2575 796 2603 Pauperibus

229 2615 285 2637 falso
302 2615 430 2642 imponitur
447 2615 534 2637 crimen
553 2615 733 2642 praesumtionis
751 2615 795 2637 236

229 2653 250 2676 4.
267 2660 301 2682 sq.
320 2666 351 2670 —
370 2654 503 2676 Perfectioni
522 2660 652 2682 pauperum
664 2660 796 2682 repugnare

228 2693 314 2721 impiae
332 2693 511 2721 praesumtionis
528 2696 562 2716 est
579 2693 623 2715 278
643 2694 670 2716 19
690 2706 717 2709 —-
730 2693 797 2716 Com-

228 2733 346 2755 mendatio
375 2733 518 2761 paupertatis
543 2733 661 2755 doctrinae
685 2733 797 2761 competit

229 2771 325 2801 Christi,
343 2775 365 2794 et
382 2773 451 2795 huius
470 2772 610 2795 contrarium
628 2773 747 2795 doctrinae
759 2779 797 2794 an-

229 2811 326 2833 tichristi
344 2812 388 2834 303
407 2812 436 2834 28
454 2824 484 2828 -
503 2812 562 2834 Laus
586 2812 728 2840 paupertatis
751 2818 795 2834 11011

230 2851 368 2873 adversatur
385 2851 522 2879 perfectioni
545 2851 682 2873 christianae
703 2857 746 2873 nec
763 2854 796 2873 est

228 2889 251 2912 in
270 2890 376 2912 iniuriam
395 2890 478 2913 Christi
490 2897 532 2913 nec
544 2891 712 2913 ecclesiasticae
724 2891 797 2918 digni-

229 2930 280 2953 tatis
298 2930 343 2952 235
362 2931 374 2952 3
392 2943 423 2947 -
444 2931 619 2954 Commendatio
641 2930 796 2958 spiritualium

230 2976 361 2998 pauperum
379 2973 413 2992 est
430 2970 534 2993 exaltatio
551 2973 573 2992 et
590 2970 738 2998 glorificatio,
750 2976 795 2992 non

230 3009 350 3038 depressio
368 3010 525 3037 praelatorum
543 3010 587 3032 236
607 3010 619 3031 3
637 3021 667 3026 --
685 3009 796 3033 Laudato-

919 212 1288 251 lNDtixggALPHABETICUS.

825 298 862 314 res
879 292 1022 320 paupertatis
1039 294 1155 314 extremae
1172 298 1219 314 non
1231 295 1284 315 sunt
1296 292 1393 315 imitato-

825 338 862 354 res
886 332 965 354 luliani
989 334 1108 359 apostatae
1133 331 1178 353 294
1197 332 1225 353 23
1243 344 1274 348 —
1293 332 1392 354 Vivendi

825 371 909 393 modus
931 371 953 393 in
979 375 1079 393 extrema
1105 373 1241 398 paupertate
1258 376 1271 392 a
1288 371 1391 392 Romana

825 410 922 432 Ecclesia
942 409 1085 438 approbatus
1103 412 1137 432 est
1154 410 1199 431 292
1218 410 1246 431 19

872 462 902 466 -
920 449 972 471 facit
989 449 1086 471 similem
1104 452 1126 471 et
1148 448 1308 476 propinquum
1331 448 1394 470 Chri-

825 491 860 511 sto
878 489 918 510 501
941 489 955 510 7
972 500 1003 504 -
1021 491 1055 510 851
1072 494 1132 515 opus
1149 487 1310 515 perfectionis,
1328 493 1393 509 sccu-

825 534 877 550 rum
895 530 918 550 et
935 527 1024 551 Christo
1042 527 1151 549 crucifixo
1169 528 1288 548 conforme
1306 526 1350 548 276
1366 526 1392 548 13

825 579 856 583 -
873 573 900 589 ea
919 568 948 589 ad
975 566 1122 595 perfectionis
1148 566 1237 593 attingit
1262 565 1393 593 fastigium,

826 613 872 635 qua
890 607 942 635 quis
960 606 1091 634 expressius
1108 608 1130 627 et
1146 605 1288 636 conformius
1306 605 1394 627 nudita-

826 649 872 668 tem
889 646 965 669 crucis
983 645 1128 673 amplectitur
1146 645 1191 667 280
1210 645 1238 666 23
1255 657 1286 660 -
1304 645 1326 666 111
1338 650 1393 671 pau-

826 689 915 714 pertate
937 686 972 707 vir
995 686 1111 713 perfectus
1136 684 1279 711 crucifigitur
1305 683 1393 706 mundo

826 725 871 748 247
891 726 919 747 10
931 737 962 741 -
974 724 1117 752 paupertatis
1129 727 1244 746 extremae
1257 725 1329 745 t'orma
1343 729 1394 745 con-

825 765 916 792 sulitur,
933 771 977 787 non
997 763 1138 792 praecipitur
1155 762 1200 785 279
1214 763 1251 785 20.
1264 763 1308 784 416
1323 763 1350 784 13
1363 774 1393 778 -

826 804 982 832 multipliciter
1004 803 1182 826 commendatur
1204 802 1245 824 114
1263 802 1277 823 7
1296 815 1324 817 —
1342 808 1394 824 eon-

825 844 906 866 sulitur
923 842 1032 865 omnibus
1052 841 1183 864 volentibus
1208 847 1260 863 eam
1286 841 1393 868 amplecti

827 883 871 905 416
891 883 919 905 14
942 895 972 898 -
1001 883 1129 910 praefertur
1155 881 1241 903 divitiis
1266 880 1394 903 secundum

825 923 958 950 exemplum
978 921 1060 944 Christi
1079 922 1124 943 296
1143 921 1164 942 8.
1182 920 1227 942 297
1245 921 1258 942 9
1271 932 1302 936 -
1314 926 1394 942 consu-

826 962 878 984 litur
900 960 1013 984 divitibus
1031 963 1142 989 tanquam
1159 960 1283 987 perfectior
1301 959 1346 981 249
1366 959 1393 980 17

826 1014 856 1018 --
874 1004 908 1023 851
925 1001 999 1023 virtus
1016 1000 1133 1022 adornans
1150 999 1301 1021 humilitatem
1324 998 1346 1020 in
1363 999 1394 1020 fu-

827 1040 912 1068 giendo
931 1040 1024 1062 divitias
1041 1039 1071 1061 72
1090 1039 1102 1060 8
1120 1051 1151 1054 -
1168 1039 1329 1066 Paupertatem
1348 1043 1395 1059 ser-

826 1086 882 1102 vare
899 1083 933 1102 est
951 1080 1106 1107 perfectorum
1119 1078 1164 1100 243
1179 1078 1206 1099 13
1218 1090 1249 1093 —
1261 1076 1393 1104 evangelica

826 1119 956 1142 voluntarie
974 1118 1099 1140 assumitur
1117 1120 1138 1139 et
1159 1117 1289 1139 voluntarie
1312 1117 1395 1144 perser-

827 1161 863 1181 tur
881 1158 925 1181 326
945 1158 973 1180 29
991 1170 1022 1174 -
1045 1157 1174 1179 voluntaria
1201 1155 1338 1178 laudabilior
1361 1158 1395 1177 est

827 1204 897 1227 quam
915 1200 993 1220 coacta
1011 1196 1064 1219 ibid.
1082 1208 1113 1212 -
1125 1202 1185 1224 quae
1197 1198 1231 1218 est
1244 1195 1346 1223 urgentis
1359 1200 1395 1216 ne-

827 1237 938 1260 cessitatis
965 1243 1011 1258 non
1034 1238 1068 1258 est
1091 1235 1237 1263 pet·t'ect'10nis
1261 1234 1306 1257 295
1325 1234 1338 1256 5
1364 1246 1395 1250 -

826 1276 1024 1305 apprehendenda
1043 1277 1076 1297 est
1094 1274 1145 1297 totis
1163 1274 1252 1296 viribus
1270 1273 1315 1296 490
1333 1274 1346 1295 3
1366 1286 1395 1288 —

827 1317 885 1338 Toto
903 1316 980 1338 studio
997 1317 1020 1337 et
1037 1317 1083 1336 toto
1095 1314 1216 1336 conamine
1228 1312 1394 1335 inhaerendum

827 1359 859 1378 est
878 1355 1008 1383 paupertati
1031 1354 1071 1376 114
1089 1354 1102 1375 9
1122 1366 1151 1369 -
1168 1353 1201 1375 Ad
1215 1353 1329 1381 perfectae
1342 1358 1396 1379 pau-

827 1395 922 1423 pertatis
940 1399 1044 1416 amorem
1063 1393 1168 1415 accendit
1185 1392 1315 1419 exemplum
1334 1390 1396 1413 Chri-

827 1435 855 1457 sti
877 1434 917 1456 113
937 1435 958 1456 2.
976 1440 1012 1462 sq.
1032 1432 1076 1454 114
1093 1433 1115 1454 9.
1133 1432 1178 1454 285
1198 1431 1226 1453 40
1244 1444 1274 1447 -
1287 1431 1320 1453 Ad
1334 1437 1396 1453 amo-

826 1480 876 1496 rem
894 1472 1039 1501 paupertatis
1057 1472 1185 1494 accendere
1203 1470 1271 1493 debet
1288 1470 1395 1493 divinum

827 1513 969 1541 promissum
994 1512 1038 1534 113
1062 1512 1083 1533 2.
1103 1511 1146 1533 1115
1166 1511 1193 1532 10
1213 1523 1241 1525 -
1259 1510 1394 1537 Exemplum

827 1554 852 1575 B.
871 1553 899 1575 V.
912 1553 939 1574 M.
951 1551 1025 1574 amori
1037 1551 1180 1579 paupertatis
1193 1551 1319 1572 fomentum
1332 1555 1396 1577 prae-

827 1592 865 1615 bet
883 1592 1002 1620 ipsiusque
1020 1591 1120 1613 declarat
1143 1590 1330 1618 praerogativam
1350 1588 1395 1611 315

831 1632 856 1653 17
874 1644 904 1647 —
923 1631 1012 1658 Sancti,
1030 1630 1070 1659 qui
1089 1629 1220 1652 communia
1233 1628 1396 1656 possederunt,

827 1674 954 1694 extremam
974 1671 1071 1692 formam
1090 1668 1233 1697 paupertatis
1254 1668 1396 1695 docuerunt,

827 1717 878 1733 eam
897 1710 918 1732 in
936 1710 985 1732 aliis
1003 1709 1109 1731 mirando
1127 1711 1149 1730 et
1171 1707 1328 1736 praedicando
1351 1707 1395 1729 277

829 1750 865 1772 Ἰ17.
883 1749 927 1772 278
948 1750 983 1771 18.
1002 1755 1036 1777 sq.
1054 1760 1085 1764 —-
1097 1748 1214 1776 Quantum
1228 1748 1249 1769 S.
1262 1746 1397 1769 Franciscus

827 1792 990 1817 paupertatem
1012 1788 1125 1810 amaverit
1142 1787 1186 1809 523
1207 1787 1227 1809 l.
1245 1793 1297 1815 sqq.
1314 1798 1344 1802 —
1362 1785 1397 1807 Ad

828 1835 933 1851 amorem
959 1827 1102 1856 paupertatis
1128 1826 1232 1849 habilitat
1254 1826 1365 1848 severitas
1383 1825 1396 1847 5

828 1869 841 1890 9
858 1881 890 1884 -
907 1868 942 1890 Α<1
960 1867 1089 1889 custodiam
1108 1865 1251 1894 paupertatis
1272 1865 1398 1887 altissimae

828 1908 889 1930 valet
902 1906 1040 1929 abstinentia
1052 1906 1097 1928 260
1110 1906 1122 1927 9
1134 1918 1163 1921 -
1174 1906 1224 1933 Quo
1235 1911 1304 1927 sensu
1314 1910 1397 1926 omnes

829 1953 944 1975 pauperes
962 1952 1012 1968 esse
1029 1945 1118 1973 possint
1135 1944 1179 1966 297
1199 1944 1211 1966 9
1229 1956 1260 1960 —-
1272 1943 1397 1971 Religioso-

828 1993 880 2009 rum
899 1985 998 2008 excludit
1014 1991 1083 2007 omne
1096 1984 1216 2012 proprium
1230 1989 1272 2011 pro
1287 1988 1398 2012 quacum-

828 2032 874 2055 que
884 2031 983 2054 persona
996 2025 1094 2052 privata,
1106 2026 1128 2046 et
1141 2026 1265 2051 paupertas
1277 2023 1332 2045 Ord.
1344 2023 1397 2044 111111.

828 2065 958 2093 etiam'pro
977 2067 1022 2087 tota
1040 2064 1163 2091 Religione
1181 2063 1224 2085 313
1244 2063 1257 2084 8
1275 2075 1306 2078 -
1323 2063 1398 2090 Regu-

829 2105 905 2127 lariter
923 2104 1030 2126 viventes
1047 2103 1102 2125 nihil
1126 2101 1211 2124 habere
1237 2101 1323 2124 debent
1348 2102 1398 2124 siue

828 2144 955 2171 superioris
972 2143 1062 2165 lieentia
1079 2142 1125 2164 284
1143 2142 1172 2164 37
1189 2154 1219 2157 —
1237 2141 1346 2168 ReligIOsi
1358 2140 1397 2162 ob-

829 2185 948 2205 servantes
960 2184 1121 2210 paupertatem
1131 2180 1240 2203 omnibus
1249 2180 1317 2202 bonis
1327 2179 1397 2201 abun-

829 2223 885 2245 dant
903 2221 947 2244 114
964 2221 977 2243 7
990 2233 1022 2237 -
1034 2220 1142 2248 Religiosi
1155 2222 1329 2242 contemnentes
1342 2225 1397 2246 pau—

829 2264 942 2289 pertatem
961 2260 1066 2282 omnium
1083 2259 1198 2281 bonorum
1216 2261 1285 2286 egent
1301 2257 1355 2281 ibid.
1368 2270 1396 2273 —

829 2301 847 2323 A
865 2300 1014 2328 professionis
1031 2299 1161 2321 excellentia
1177 2299 1238 2320 vitae
1250 2297 1396 2320 observantia

830 2346 874 2362 non
892 2339 962 2362 debet
980 2338 1115 2361 discordare
1132 2337 1177 2360 277
1197 2338 1234 2359 15.
1254 2337 1294 2359 471
1318 2337 1330 2358 4
1343 2349 1372 2352 —
1385 2342 1397 2358 a

829 2378 951 2407 Religiosis
969 2378 991 2400 in
1013 2376 1122 2400 omuibus
1139 2377 1216 2399 stricte
1233 2375 1348 2398 servanda
1366 2378 1399 2397 est

830 2418 874 2440 490
892 2419 914 2440 2.
931 2424 966 2446 sq.
984 2429 1015 2433 —
1038 2419 1073 2439 est
1095 2418 1242 2443 contemptus
1268 2415 1398 2437 affluentiae

829 2460 851 2480 et
869 2463 935 2479 amor
953 2456 1105 2485 penuriarum
1125 2456 1169 2478 329
1189 2455 1217 2477 40
1234 2467 1265 2471 -
1277 2455 1398 2482 Pauperta-

830 2497 859 2519 tis
877 2497 992 2524 perfectae
1009 2498 1043 2518 est
1059 2501 1129 2523 egere
1141 2494 1185 2516 277
1200 2494 1228 2516 15
1239 2506 1270 2510 -
1282 2494 1397 2516 Aerumna

829 2539 863 2558 est
880 2537 902 2558 in
922 2538 1058 2563 paupertate
1075 2534 1163 2556 ratione
1180 2534 1292 2562 penuriae
1309 2536 1399 2561 tempo-

829 2576 882 2598 ralis
905 2576 927 2597 in
952 2581 1050 2602 corpore
1073 2574 1117 2596 299
1138 2574 1165 2595 17
1185 2586 1213 2589 —
1231 2573 1398 2601 Quaecumque

832 2618 885 2637 sunt
903 2615 924 2637 in
943 2621 987 2637 usu
1005 2619 1115 2636 verorum
1128 2619 1259 2641 pauperum
1273 2612 1333 2634 iuxta
1345 2618 1399 2640 pau-

830 2654 923 2682 pertatis
941 2654 1047 2681 regulam
1067 2652 1220 2675 mensuranda
1234 2654 1286 2674 sunt
1301 2652 1346 2673 322
1359 2652 1396 2674 20.

831 2694 876 2716 405
902 2694 931 2716 24
949 2706 980 2709 -
998 2693 1112 2719 Parvitas,
1138 2692 1213 2714 vilitas
1239 2694 1260 2713 et
1285 2691 1399 2719 asperitas

830 2735 991 2761 paupertatem
1015 2732 1151 2754 altissimam
1173 2731 1305 2753 naturaliter
1322 2736 1399 2752 conse-

829 2775 933 2801 quuntur
952 2772 996 2794 422
1016 2772 1051 2794 t5.
1071 2771 1114 2793 493
1128 2770 1143 2793 1)
1155 2783 1185 2787 -
1198 2770 1307 2792 altissima
1320 2775 1399 2792 carere

830 2811 899 2834 debet
917 2811 1045 2839 affluentia,
1064 2810 1136 2838 gloria
1145 2827 1150 2837 ,
1162 2809 1296 2838 apparentia
1310 2812 1332 2831 et
1344 2815 1398 2831 con-

829 2851 940 2874 solatione
957 2851 980 2872 in
997 2856 1090 2873 summo
1108 2849 1152 2872 423
1169 2849 1195 2871 15
1207 2861 1237 2865 -
1250 2850 1345 2877 Magnae
1357 2849 1400 2871 dif-

830 2890 936 2913 ficultatis
955 2892 989 2912 est
1006 2890 1096 2917 ignotas
1113 2889 1220 2917 regiones
1243 2888 1292 2910 sine
1315 2888 1398 2916 stipen-

829 2931 874 2953 diis
891 2935 1018 2958 peragrare
1035 2929 1080 2951 315
1100 2928 1128 2950 14
1146 2941 1175 2944 -
1193 2931 1280 2957 quanto
1298 2930 1398 2950 vovetur

830 2970 908 2997 altius,
927 2971 989 2991 tanto
1007 2971 1030 2991 et
1046 2968 1130 2990 arctior
1155 2967 1224 2990 debet
1249 2973 1300 2989 esse
1321 2967 1397 2989 victus

831 3009 875 3030 406
893 3009 923 3031 26
941 3020 971 3024 -
990 3008 1150 3036 Paupertatem
1168 3005 1330 3035 profitentibus
1351 3011 1396 3028 car-

1684 254 1740 277 PAU

1425 299 1466 315 nes
1490 296 1543 315 sunt
1565 293 1673 315 vitandae
1694 293 1748 316 ibid.
1767 306 1795 309 —-
1812 293 1993 318 Constitutiones

1425 331 1598 354 observantiam
1615 333 1757 360 paupertatis
1769 337 1933 355 concernentes
1946 333 1991 356 452

1426 377 1453 398 a,
1472 371 1494 393 b.
1512 371 1557 393 465
1575 371 1590 393 b
1608 384 1638 387 —
1658 373 1716 394 Vere
1728 372 1872 400 pauperibus
1884 373 1991 395 solatium

1426 413 1460 432 est
1477 411 1599 438 penuriam
1617 411 1664 439 pati
1683 412 1727 433 326
1746 412 1774 433 28
1787 423 1818 428 —
1831 413 1853 434 ln
1866 412 1927 434 veris
1938 418 1994 440 pau-

1426 449 1522 476 peribus
1540 450 1681 473 mendicitati
1699 457 1813 473 annexum
1831 454 1865 473 est
1887 457 1939 473 cum
1958 457 1993 474 ex-

1427 489 1525 511 trinseco
1543 490 1646 512 cruciatu
1660 490 1808 512 intrinsecum
1821 490 1933 518 gaudium
1948 491 1992 513 300

1428 528 1464 549 19.
1482 528 1527 549 326
1545 528 1574 550 29
1586 541 1616 544 -
1629 529 1699 551 habet
1710 529 1787 551 omnia
1799 532 1821 552 et
1832 529 1935 552 abundat
1946 536 1993 552 non

1427 569 1540 595 quantum
1559 567 1589 589 ad
1606 568 1747 595 opulentiam
1765 575 1857 596 rerum,
1870 569 1911 591 sed
1922 575 1993 597 quan-

1427 608 1475 627 tum
1494 606 1524 628 ad
1541 607 1701 628 sufficientiam
1714 608 1797 629 mentis
1810 608 1853 630 ⁴283
1867 608 1895 629 33
1909 621 1939 623 -
1952 614 1993 630 vo—

1428 645 1525 667 luntaria
1543 646 1642 667 maxime
1660 646 1720 668 utilis
1732 649 1766 668 est
1777 647 1805 669 ad
1819 647 1992 674 perfruitionem

1428 684 1528 706 internae
1553 685 1701 707 iucunditatis
1727 686 1771 707 300
1799 686 1835 708 18.
1854 686 1893 708 301
1917 687 1945 708 20
1962 699 1992 702 -

1428 723 1501 746 Valde
1518 724 1609 746 difficile
1626 727 1667 752 est,
1693 724 1802 747 omnibus
1828 724 1953 752 abdicatis,
1971 725 1993 747 in

1428 763 1476 785 sola
1494 766 1630 790 paupertate
1647 764 1751 791 gaudere
1768 764 1813 786 310
1828 764 1855 785 17
1867 777 1897 780 -
1909 765 1928 786 Α
1940 770 1994 792 pau-

1427 802 1524 830 peribus
1541 802 1624 824 Christi
1641 803 1768 825 diffidentia
1781 803 1856 825 omnis
1868 803 1994 826 abscedere

1427 841 1497 863 debet
1514 841 1559 863 526
1578 842 1606 863 ts
1625 854 1654 858 --
1673 843 1788 870 Pauperes
1805 842 1887 864 Christi
1908 845 1993 871 quanto

1428 881 1503 908 magis
1521 881 1628 909 oppressi
1645 881 1741 908 tuerint,
1758 884 1820 904 tanto
1833 882 1908 909 magis
1920 888 1995 904 excre-

1427 923 1492 942 scent
1510 921 1554 942 316
1574 921 1581 941 1
1605 933 1634 936 -—
1654 921 1769 948 Pauperes
1791 921 1939 949 evangelicos
1959 927 1995 944 su-

1427 961 1527 981 stentare
1545 962 1579 981 est
1596 965 1656 987 opus
1673 960 1763 987 pietatis
1780 960 1937 988 permaximae
1949 961 1994 982 329

1429 998 1457 1020 40
1474 1010 1505 1014 -
1523 999 1586 1026 lpsos
1597 999 1761 1027 persequendo
1773 999 1907 1021 calumniari
1920 1000 1995 1022 scelus

1428 1041 1462 1060 est
1479 1043 1525 1059 non
1543 1043 1630 1065 parvae
1648 1038 1759 1066 perfidiae
1776 1037 1831 1061 ibid.
1843 1050 1873 1054 —
1886 1039 1948 1066 lpsos
1959 1045 1995 1061 su-

1428 1080 1529 1099 stentare
1547 1083 1594 1099 non
1611 1077 1706 1100 minoris
1723 1080 1757 1100 est
1774 1077 1849 1099 meriti
1871 1083 1942 1106 quam
1960 1084 1996 1100 ae-

1428 1116 1523 1138 dificare
1536 1116 1643 1139 basilicas
1656 1116 1710 1139 ibid.
1724 1129 1751 1132 -—
1764 1117 1831 1139 Aliud
1846 1120 1880 1139 est
1893 1117 1995 1139 medium

1429 1156 1540 1183 largitatis
1558 1156 1677 1184 politicae,
1696 1156 1756 1178 aliud
1776 1156 1917 1184 paupertatis
1929 1162 1996 1179 evan-

1429 1195 1516 1223 gelicae
1533 1196 1578 1217 322
1598 1196 1625 1217 18
1643 1208 1673 1211 -
1691 1196 1856 1218 Perfectionem
1875 1200 1996 1224 pauperta-

1429 1235 1456 1257 tis
1474 1238 1589 1257 extremae
1606 1242 1651 1257 non
1668 1238 1790 1263 oppugnat
1802 1235 1916 1258 affluentia
1929 1236 1998 1258 facul-

1429 1276 1501 1296 tatum
1520 1275 1632 1297 Ecclesiae
1650 1275 1694 1296 288
1712 1275 1725 1296 7
1744 1287 1774 1290 -
1787 1275 1918 1302 Pauperum
1930 1275 1996 1297 mise-

1428 1313 1476 1335 riae
1493 1313 1651 1336 sublevandae
1668 1316 1721 1336 sunt
1745 1313 1813 1336 bonis
1837 1313 1996 1336 ecclesiasticis

1428 1353 1534 1380 exemplo
1559 1352 1641 1375 Christi
1669 1353 1713 1375 284
1740 1354 1768 1374 38
1785 1366 1816 1369 —
1834 1353 1915 1378 Omnia
1933 1352 1996 1375 bona

1430 1393 1542 1415 Ecclesiae
1559 1395 1581 1415 et
1597 1399 1679 1415 omnes
1704 1393 1873 1420 superfluitates
1896 1392 1995 1415 divitum

1429 1435 1483 1454 sunt
1500 1438 1543 1454 una
1562 1438 1598 1454 res
1616 1431 1708 1459 publica
1722 1438 1853 1460 pauperum
1866 1431 1911 1454 424
1924 1432 1952 1453 23
1967 1444 1996 1447 —

1430 1471 1528 1498 Expedit
1545 1471 1653 1499 praelatis
1671 1471 1784 1493 Ecclesiae
1797 1470 1883 1493 habere
1895 1477 1997 1493 commu-

1429 1511 1467 1532 nia
1484 1516 1527 1538 pro
1545 1511 1711 1532 sustentatione
1724 1511 1881 1532 ministrorum
1894 1513 1916 1532 et
1927 1516 1997 1538 egen-

1432 1550 1489 1571 tium
1509 1549 1548 1571 421
1570 1550 1584 1571 7
1603 1562 1632 1565 -
1651 1550 1746 1577 Expedit
1763 1549 1812 1572 aliis
1829 1550 1858 1572 nil
1876 1549 1962 1572 habere
1974 1550 1997 1572 in

1430 1589 1525 1617 proprio
1546 1589 1582 1611 vel
1600 1589 1721 1611 communi
1739 1589 1783 1611 422
1801 1589 1814 1611 7
1832 1601 1864 1605 -
1881 1589 1997 1617 Pauperes

1430 1631 1483 1650 sunt
1509 1628 1547 1650 6111
1572 1629 1729 1656 praelatorum
1755 1629 1799 1650 236
1824 1628 1836 1650 4
1856 1641 1884 1644 -
1902 1628 1998 1651 Ratione

1431 1668 1577 1696 praelationis
1594 1668 1672 1696 quivis
1689 1668 1820 1695 Religiosus
1837 1674 1848 1690 a
1866 1670 1925 1690 statu
1942 1674 1997 1696 pau-

1431 1708 1526 1735 pertatis
1551 1707 1580 1729 ad
1610 1707 1805 1735 dispensationem
1834 1707 1997 1735 temporalium

1431 1749 1507 1775 potest
1531 1747 1617 1769 assumi
1644 1747 1688 1768 293
1707 1747 1731 1769 21
1752 1759 1783 1762 -
1799 1752 1847 1769 11011
1872 1747 1998 1774 parvipen-

1430 1786 1504 1809 denda
1523 1789 1557 1808 est
1569 1785 1612 1808 sub
1625 1786 1702 1814 specie
1715 1786 1839 1808 sanctitatis
1852 1786 1921 1808 officii
1933 1792 1997 1814 prae-

1430 1826 1542 1854 latorum,
1560 1825 1624 1854 quod
1641 1825 1758 1853 opulentia
1779 1825 1902 1848 comitatur
1920 1825 1964 1847 296
1983 1825 1996 1847 8

1430 1878 1460 1881 -
1478 1866 1555 1887 Status
1572 1871 1703 1893 pauperum
1720 1865 1774 1887 nihil
1786 1864 1920 1887 habentium
1933 1870 1998 1892 prae-

1432 1904 1541 1927 ferendus
1558 1907 1592 1927 est
1609 1905 1677 1926 statui
1690 1904 1826 1926 clericorum
1839 1904 1998 1926 ecclesiasticis

1430 1943 1543 1966 reditibus
1561 1944 1704 1966 affluentium
1722 1944 1768 1965 312
1786 1943 1799 1965 4

1477 1996 1506 1999 -
1524 1984 1622 2006 Effectus
1639 1986 1661 2006 et
1673 1984 1761 2005 fructus
1774 1982 1916 2011 paupertatis
1928 1988 1998 2005 evan-

1431 2023 1518 2051 gelicae
1543 2022 1589 2045 325
1614 2023 1650 2045 27.
1675 2029 1710 2051 sq.
1727 2035 1756 2039 —
1775 2022 1827 2045 Eius
1852 2023 1939 2044 fructus
1963 2024 1998 2044 est

1431 2062 1562 2090 multiplex,
1588 2062 1629 2085 sed
1655 2063 1758 2085 occultus
1782 2062 1826 2084 523
1845 2062 1853 2083 1
1875 2074 1906 2078 -
1923 2067 1996 2089 parvo

1432 2101 1510 2124 labore
1528 2108 1612 2129 magna
1630 2102 1733 2124 lucratur
1750 2102 1795 2123 300
1812 2101 1837 2122 17
1850 2113 1879 2116 -
1891 2100 1997 2122 penurio-

1430 2146 1470 2163 sae
1495 2141 1637 2168 paupertatis
1662 2143 1715 2162 sunt
1740 2139 1864 2162 duodecim
1891 2139 1997 2162 utilitates

1431 2180 1529 2202 eximiae
1546 2180 1591 2202 315
1610 2179 1638 2201 15
1655 2191 1686 2195 -
1703 2179 1812 2201 a1t1ssima
1830 2179 1905 2206 magis
1922 2179 1998 2201 elevat

1430 2219 1460 2241 ad
1477 2219 1550 2241 Deum
1568 2225 1639 2247 quam
1663 2219 1780 2246 possessio
1804 2218 1934 2240 communis
1951 2218 1995 2240 293

1430 2258 1459 2280 20
1477 2270 1508 2274 -
1525 2258 1657 2286 evangelica
1676 2258 1704 2280 ad
1723 2261 1814 2280 aeterna
1826 2258 1932 2285 spiritum
1944 2256 1997 2289 sub-

1430 2298 1491 2319 levat
1509 2298 1553 2319 322
1571 2298 1600 2319 20
1619 2309 1649 2313 —-
1666 2297 1688 2319 in
1707 2297 1775 2319 caelis
1793 2296 1929 2319 thesaurizat
1941 2296 1994 2319 ibid.

1431 2348 1461 2352 —
1479 2337 1595 2364 Pauperes
1620 2336 1706 2358 habent
1731 2335 1878 2358 tabernacula
1903 2336 1998 2364 propria

1432 2376 1455 2397 in
1472 2376 1541 2398 caelis
1559 2376 1604 2398 292
1624 2376 1652 2397 17
1669 2388 1700 2392 -
1718 2376 1740 2398 111
1754 2376 1857 2398 8118185115
1869 2375 1936 2403 regni
1948 2381 1998 2403 pos-

1431 2415 1558 2437 sessionem
1576 2415 1673 2437 intratur
1691 2421 1732 2443 per
1750 2415 1856 2443 spiritum
1874 2417 1999 2443 pauperta-

1432 2455 1459 2476 tis
1478 2455 1522 2477 449
1540 2454 1555 2477 b
1572 2467 1603 2471 —
1620 2455 1662 2476 Per
1679 2456 1840 2482 paupertatem
1854 2457 1998 2476 terrenorum

1432 2494 1566 2522 pervenitur
1584 2494 1613 2516 ad
1631 2494 1729 2521 gloriam
1748 2494 1871 2516 Beatorum
1885 2493 1928 2515 490
1942 2494 1955 2515 2
1967 2505 1998 2509 -

1432 2534 1548 2561 Pauperes
1559 2537 1612 2555 sunt
1623 2533 1691 2556 valde
1703 2533 1786 2555 divites
1798 2533 1843 2555 328
1856 2532 1885 2555 35
1897 2545 1928 2549 -
1940 2533 1998 2561 Qua-

1432 2573 1457 2595 lis
1475 2578 1563 2595 merces
1580 2579 1709 2601 pauperem
1727 2572 1861 2600 suscipienti
1883 2571 1997 2600 promissa

1432 2612 1461 2634 sit
1477 2611 1531 2634 ibid.
1548 2624 1579 2628 —
1597 2618 1643 2634 non
1662 2614 1696 2634 est
1708 2612 1807 2638 malum,
1820 2611 1861 2633 sed
1873 2611 1932 2633 nolle
1944 2617 1998 2639 pau-

1432 2657 1511 2679 perem
1529 2657 1578 2674 esse
1597 2651 1641 2673 300
1661 2652 1688 2673 18
1707 2663 1737 2666 —
1756 2651 1880 2678 penuriosa
1903 2650 1943 2673 dat
1964 2657 1997 2673 se-

1431 2691 1551 2713 curitatem
1568 2691 1593 2712 in
1610 2692 1654 2713 1108
1672 2690 1764 2712 saeculo
1782 2690 1837 2712 etin
1850 2691 1926 2712 futuro
1938 2689 1997 2712 iudi-

1431 2730 1492 2753 dicio
1509 2729 1562 2753 ibid.
1579 2742 1611 2746 -—
1628 2731 1789 2758 Paupertatem
1806 2729 1829 2751 in
1853 2729 1938 2751 iudicio
1962 2734 1997 2751 co-

1432 2770 1524 2792 mitatur
1541 2769 1624 2791 laetitia
1649 2769 1732 2790 mentis
1749 2768 1777 2791 ib.
1797 2768 1825 2790 19
1844 2781 1874 2784 -
1891 2767 1997 2795 Pauperi-

1432 2809 1476 2832 bus
1494 2808 1634 2837 promittitur
1651 2810 1753 2836 potestas
1771 2807 1891 2829 iudiciaria
1909 2807 1953 2829 328
1966 2807 1996 2830 35

1431 2861 1462 2865 --
1479 2849 1521 2870 Per
1538 2850 1700 2876 paupertatem
1724 2846 1866 2869 abscinditur
1889 2852 1997 2874 corpora-

1431 2888 1487 2910 lium
1505 2893 1582 2909 rerum
1601 2893 1666 2909 amor
1684 2889 1705 2908 et
1723 2886 1791 2908 timor
1809 2886 1853 2908 299
1871 2886 1895 2908 16
1908 2898 1938 2902 -
1951 2892 1996 2907 ma-

1429 2927 1491 2949 xime
1508 2927 1547 2949 dat
1558 2926 1667 2949 fiduciam
1680 2924 1733 2948 ibid.
1745 2937 1776 2941 —
1788 2927 1914 2947 amatorem
1926 2930 1995 2947 suum

1430 2966 1506 2988 reddit
1528 2964 1650 2987 amabilem
1674 2965 1721 2987 Deo
1743 2966 1764 2986 81
1781 2970 1889 2986 securum
1910 2963 1953 2985 115
1970 2963 1992 2985 9.

1431 3005 1475 3027 300
1494 3005 1522 3026 18
1540 3017 1571 3020 —
1587 3007 1725 3027 cunctorum
1744 3006 1778 3026 est
1795 3003 1861 3031 origo
1878 3003 1994 3025 bonorum
