2133 3317
5 303 89 326 amaea
111 296 223 331 peccato
249 292 375 330 originali
403 299 522 328 sponsus
550 294 617 320 tuus
643 290 788 325 liberavit,
815 290 956 327 agnoscis,

18 328 95 374 ⁶⁰⁸³per
110 348 185 370 nunc
205 340 270 374 tibi,
292 339 411 376 qualiter
433 346 482 375 per
496 338 617 367 divinam
639 337 843 366 miserationem
858 346 874 366 a
891 346 957 374 pee-

6 374 91 418 ιιᾞιιιῖσῖω
110 390 175 415 cato
196 385 309 414 actuali
328 385 444 414 liberata
457 384 511 418 sis,
532 383 683 413 ostendam.
699 400 736 406 —
750 383 887 412 Converte
907 383 957 419 igi-

110 436 158 462 tur
178 432 287 461 radium
308 431 546 468 contemplationis
567 430 601 459 ad
620 430 785 459 beneficium
813 429 956 466 iustifica-

6 421 61 441 *diam-

6 491 94 511 amavo-
111 479 198 508 timzis
218 481 246 507 et
265 478 409 507 considera
429 477 537 506 Domini
561 477 610 506 Dei
632 477 672 505 tui
692 476 843 514 gratiam,
872 484 955 512 quam

109 571 209 601 actuali
230 571 392 605 revocavit,
414 579 497 608 quam
519 571 638 600 dulciter
658 573 686 599 et
700 578 784 607 quam
805 569 956 598 amicabili-

109 623 151 648 ter
164 618 312 655 aliquando
327 626 376 654 per
387 618 548 647 interiorem
563 617 757 646 allocutionem
769 619 795 646 te
807 616 955 650 revocavit,

108 665 238 694 dicens¹z
264 665 428 699 Reum-lere,
456 667 613 698 revertere,
637 663 816 698 Sunamilz's,
844 663 871 692 id
898 666 955 697 est,

108 711 199 740 anima
219 719 269 748 per
290 713 433 748 peccatum
454 711 556 740 misera
577 711 681 740 effecta.

0 769 1 789 l
187 758 232 787 38.
249 759 396 787 Revertere
410 758 444 787 ad
458 766 511 792 me,
526 758 591 795 quia
606 766 656 795 ego
671 766 733 787 sum
747 761 862 786 crealor
877 760 955 791 tuus3

0 814 93 844 effipia
108 807 258 839 revertere,
279 805 345 841 quia
365 812 415 841 ego
436 812 497 833 sum
517 805 680 842 redemptor
701 808 782 838 tuus;
805 806 955 838 revertere,

92 851 174 889 'quia
187 859 237 888 ego
252 859 314 880 sum
329 851 493 880 consolator
515 854 598 886 tuus;
620 854 647 880 et
667 851 690 879 si
712 851 780 879 haec
795 850 901 879 modica
916 850 956 878 vi-

108 898 223 932 dentur,
245 900 386 927 revertere
400 898 507 932 ultimo,
523 898 588 935 quia
602 906 653 935 ego
673 906 735 926 sum
756 900 812 926 tam
834 897 956 926 liberalis

107 949 313 974 remunerator
324 948 398 974 tuus.
408 962 444 965 —
456 946 604 974 Revertere
614 945 700 982 igitur
711 945 745 974 ad
756 953 809 979 me,
821 953 872 981 ego
883 952 955 978 sum,

108 991 154 1029 qui
170 994 197 1020 te
211 994 266 1020 tam
282 991 411 1020 nobiliter
424 992 531 1020 creavi.
547 992 705 1026 Revertere,
717 999 767 1029 ego
781 999 853 1025 sum,
865 991 913 1028 qui
929 993 955 1020 te

108 1042 163 1067 tam
178 1038 394 1068 misericorditer
407 1046 458 1075 per
472 1041 591 1067 mortem
605 1047 695 1068 meam
710 1039 910 1068 amarissimam
921 1038 955 1067 de

107 1089 199 1114 morte
217 1089 336 1114 aelerna
357 1085 481 1114 liberavi
489 1086 508 1114 2.
525 1086 673 1115 Revertere
687 1086 721 1115 ad
736 1094 795 1121 me,
811 1094 861 1124 ego
875 1095 954 1122 sum,

107 1132 154 1169 qui
172 1134 199 1161 10
218 1132 298 1161 110015
318 1132 511 1169 spiritualibus
528 1136 556 1162 et
576 1133 768 1170 corporalibus
783 1136 838 1162 tam
860 1134 955 1163 multi-

107 1179 215 1216 pliciter
229 1179 330 1208 dicavi.
347 1180 494 1209 Revertere
508 1180 607 1209 ultimo
624 1180 658 1209 ad
672 1188 731 1215 me,
746 1189 762 1210 0
776 1181 883 1216 anima,
904 1189 954 1219 ego

107 1234 184 1260 sum,
206 1226 253 1263 qui
276 1229 303 1255 te
323 1226 377 1255 iam
400 1234 450 1263 per
467 1230 660 1264 praeparatam
674 1227 831 1257 felicitatem
848 1231 902 1257 tam
922 1229 955 1257 li-

0 1281 91 1326 ffluggur
107 1273 238 1302 heraliter
258 1273 456 1302 remunerem:
473 1290 509 1294 —
524 1274 688 1309 Revertere,
704 1275 832 1312 inquam,
854 1284 870 1304 a
890 1284 954 1312 pec-

73 1317 79 1324 ‘
108 1323 167 1349 cato
188 1320 376 1357 cogitationis,
398 1324 540 1350 revertere
560 1330 576 1350 a
596 1325 709 1358 peccato
730 1322 889 1357 locutionis,
910 1331 954 1352 re-

106 1369 217 1396 vertere
247 1375 263 1395 a
284 1371 396 1404 peccato
423 1367 550 1402 actionis,
572 1371 714 1397 revertere
735 1377 751 1397 a
779 1372 891 1406 peccato
912 1378 954 1399 as-

108 1413 291 1443 suefactionis.
314 1415 461 1443 Revertere
482 1414 515 1443 ad
536 1422 596 1449 me,
611 1423 628 1443 0
642 1415 748 1449 001010,
771 1418 797 1444 10
818 1424 882 1444 cum
897 1425 955 1445 ma-

107 1468 161 1497 gno
181 1460 318 1489 desiderio
332 1464 495 1498 exspectant
513 1461 620 1496 Sancti;
643 1465 797 1497 revertere,
818 1463 851 1491 ad
874 1466 953 1492 tuum

106 1507 256 1536 adventum
283 1508 426 1537 exsultant
446 1508 556 1546 Angeli3
584 1512 742 1544 revertere,
764 1513 791 1539 te
812 1513 955 1547 exspectat

107 1556 164 1583 tota
183 1555 262 1583 curia
279 1555 403 1584 caelestis
417 1555 545 1592 paradisi.
568 1555 590 1583 O
611 1556 715 1590 anima,
730 1559 885 1591 revertere,
907 1565 955 1586 vo-

107 1603 150 1630 cat
169 1603 196 1630 te
226 1602 358 1638 expansis
388 1602 415 1630 in
437 1610 521 1631 cruce
552 1603 680 1632 manibus
711 1603 786 1632 lesus
807 1604 953 1638 Christus3

106 1650 263 1683 revertere,
285 1651 365 1677 tuum
388 1649 508 1678 reditum
529 1650 716 1687 praestolatur
737 1651 822 1680 totius
836 1651 955 1680 Trinita-

108 1694 142 1724 tis
162 1695 287 1732 abyssus.
309 1695 332 1724 Ο
353 1696 457 1731 anima,
479 1697 547 1726 haec
563 1705 617 1726 vox
636 1697 728 1726 dilecti
744 1700 770 1727 te
784 1698 954 1733 invitantis,

107 1921 149 1943 pro
166 1918 188 1937 te
205 1914 278 1937 voluit
294 1914 397 1942 crucifigi
416 1914 469 1944 [cfr.
486 1915 608 1942 Bernard.,
624 1915 667 1937 loc.
684 1915 721 1938 cit.
738 1922 761 1938 0.
778 1915 830 1945 5.]?
847 1916 865 1939 Ο
883 1922 953 1945 quam

106 1953 207 1976 indebita
225 1954 354 1981 miseratio,
371 1960 384 1976 o
402 1960 473 1982 quam
490 1954 588 1982 gratuita
612 1954 728 1983 dignatio,
745 1961 816 1984 quam
838 1955 953 1984 inopinata

105 1992 210 2020 dileetio,
226 1999 297 2021 quam
314 1992 428 2020 stupenda
446 1993 558 2021 dulcedo,
576 1999 656 2021 regem
674 1994 759 2021 gloriae
777 2000 819 2022 pro
831 1994 954 2022 despectis-

105 2032 164 2055 simo
182 2032 310 2054 vermiculo
335 2031 394 2053 mori
411 2033 434 2053 et
450 2031 570 2059 cruciligi!
587 2031 605 2054 O
622 2038 692 2060 quam
719 2033 792 2055 dulcis
817 2033 917 2061 amicus,
939 2039 953 2055 o

105 2077 176 2100 quam
194 2070 257 2093 sortis
274 2070 405 2098 auxiliator,
422 2077 436 2093 ο
453 2076 524 2099 quam
542 2071 646 2098 prudens
663 2072 808 2094 consiliator!
825 2071 921 2095 Anima.
935 2072 952 2094 O

105 2111 187 2137 homo,
205 2110 276 2132 fateor
293 2112 315 2132 et
331 2115 387 2132 rere
403 2115 545 2138 recognosco
564 2110 634 2139 [quae
651 2114 779 2139 sequuntur
796 2113 849 2133 sunt
865 2117 890 2134 ex
902 2112 954 2134 Ber-

104 2149 191 2176 nardo,
209 2149 253 2171 loc.
270 2149 309 2171 cit.
325 2155 348 2171 n,
365 2149 396 2177 6.]
416 2157 428 2169 α
440 2149 458 2171 51
476 2151 553 2171 essent
574 2149 597 2171 in
619 2155 657 2172 me
676 2155 757 2172 omnes
775 2150 835 2172 vitae
852 2150 952 2173 filiorum

105 2188 193 2216 Adam,
210 2193 292 2211 omnes
309 2188 358 2210 dies
376 2188 460 2210 saeculi
477 2190 500 2210 et
520 2187 611 2211 labores
633 2189 738 2211 omnium
762 2190 895 2217 hominum,
912 2190 952 2218 qui

105 2230 170 2256 sunt,
183 2228 275 2250 suerunt
286 2229 308 2249 et
320 2230 400 2255 erunt,
412 2227 466 2249 nihil
479 2229 539 2249 esset
550 2227 578 2250 ad
591 2228 788 2256 comparationem
804 2228 875 2255 illius,
887 2230 951 2258 quod

105 2266 209 2294 Sponsus
226 2272 292 2288 meus
304 2271 347 2293 pro
364 2271 402 2288 me
418 2266 538 2294 sustinuit,
555 2266 618 2295 quod
636 2272 679 2294 pro
697 2267 797 2294 peccatis
814 2267 872 2289 meis
883 2268 952 2290 Filius

105 2305 146 2328 Dei
162 2305 274 2328 toleravit.
292 2304 349 2327 Cum
367 2310 424 2332 ergo
441 2305 559 2327 donavero
571 2306 591 2327 ei
603 2306 717 2335 quidquid
729 2312 781 2328 sum
799 2309 821 2329 et
837 2307 952 2336 quidquid

105 2349 200 2372 possum
209 2361 214 2371 ,
232 2349 307 2366 nonne
324 2343 367 2366 erit
383 2344 441 2366 sicut
458 2344 521 2366 510110
533 2344 563 2366 011
575 2344 645 2367 solem
655 2362 660 2372 ,
671 2345 730 2367 sicut
743 2346 800 2367 stilla
813 2345 841 2367 ad
855 2346 952 2368 ssuvium

105 2385 127 2405 et
143 2383 201 2406 sicut
219 2383 295 2411 pulvis
311 2382 341 2405 ad
358 2385 460 2405 montem
472 2383 499 2404 1²?
516 2383 576 2405 Haec
588 2383 725 2406 Bernartius.
738 2384 821 2407 Homo.
834 2384 852 2406 Ο
865 2385 952 2414 anima,

104 2422 158 2451 quia
175 2422 221 2445 iam
239 2422 373 2450 considero,
390 2422 454 2451 quod
471 2422 585 2450 depurato
606 2423 804 2451 contemplationis
825 2424 892 2446 oculo
909 2426 951 2447 ete.

167 2460 176 2474 ¹
193 2461 257 2484 Cant.
276 2462 301 2490 6,
320 2462 357 2484 112.
373 2474 404 2478 -
421 2462 533 2489 Superius
550 2461 647 2484 ACDE
664 2462 772 2485 omittunt
785 2463 897 2486 Converte
909 2463 953 2492 iqi-

105 2501 168 2523 tur...
186 2499 219 2523 acl
235 2499 370 2530 beneficium
388 2499 564 2530 iustificationis
581 2501 613 2527 et,
631 2500 738 2523 addendo
751 2500 825 2530 iyilur
836 2504 889 2529 post
901 2507 952 2525 con-

104 2538 191 2562 sidera.

167 2577 176 2590 ²¹
193 2577 265 2600 Codd.
279 2577 319 2600 AC
328 2578 390 2600 DEF
402 2578 461 2601 duas
475 2578 640 2606 praecedentes
657 2578 827 2607 propositiones
838 2579 952 2602 omittunt.

167 2616 176 2629 ³
193 2617 295 2639 Thomas
312 2617 341 2639 de
358 2617 477 2645 Hibernia,
495 2618 624 2645 llianipulus
636 2618 718 2640 [lorum
731 2617 775 2640 sub
787 2624 844 2641 voce
856 2618 950 2646 Passio,

104 2659 126 2678 et
142 2655 230 2679 Cornel.
249 2662 261 2678 0
279 2656 377 2684 Lapide,
395 2656 416 2678 in
434 2657 511 2679 lllatth.
529 2657 570 2684 27,
588 2657 624 2678 50.
647 2657 775 2685 Augustino
793 2657 832 2685 (de
845 2658 951 2685 Virginit.

104 2700 124 2717 c.
134 2694 170 2717 54.
180 2701 202 2717 n.
213 2694 259 2724 55.)
270 2694 373 2717 tribuunt
382 2695 440 2717 hanc
450 2695 586 2718 sententiam
597 2703 602 2717 :
617 2696 704 2723 inspice
712 2696 806 2718 vulnera
817 2696 938 2724 pendentis
946 2715 951 2725 ,

104 2734 240 2762 sanguinem
260 2734 388 2762 morientis,
405 2735 504 2762 pretium
517 2734 663 2761 redimentis,
675 2735 792 2757 cicatrices
802 2736 950 2763 resurgentis.

105 2771 182 2802 Caput
197 2771 265 2802 habel
281 2772 423 2796 inclinatum
440 2772 472 2796 ad
489 2773 660 2799 osculandum,
678 2779 719 2796 cor
736 2774 847 2803 apertum
859 2773 891 2796 atl
902 2774 951 2797 alili-

104 2811 220 2840 yenclnm,
241 2810 339 2834 brachia
363 2813 461 2835 emensa
485 2811 518 2834 all
541 2812 742 2841 amplescamlum,
765 2814 840 2835 tolum
862 2818 950 2842 corpus

104 2850 239 2879 expositum
255 2850 287 2872 all
302 2849 467 2874 redimendam
485 2851 550 2877 (haec
567 2851 728 2874 desiderantur
751 2851 773 2874 in
795 2851 832 2873 ed.
852 2858 949 2880 operum

104 2889 201 2917 August.
218 2895 229 2911 0
248 2889 356 2911 1110011015
373 2892 466 2917 011101ος
484 2891 524 2912 ct'r.
542 2890 667 2918 Manuale,
680 2890 739 2913 inter
750 2897 821 2918 opera
839 2891 948 2920 August.,

104 2934 124 2950 0.
141 2928 178 2950 23.
196 2928 219 2950 in
237 2928 299 2957 sine).

165 2966 175 2979 ⁴
193 2967 267 2989 Serm.
284 2967 321 2989 61.
335 2967 356 2989 10
371 2966 435 2990 Cant.
452 2974 474 2990 0.
493 2968 519 2990 3:
539 2976 550 2988 α
564 2968 677 2992 Columba
689 2974 742 2992 mea
754 2968 778 2991 in
789 2968 950 2998 foraminibus

102 3007 183 3034 petrae
201 3005 273 3034 [Cant.
292 3007 316 3034 2,
338 3006 408 3035 tt.]...
422 3007 482 3035 Quid
494 3013 540 3029 non
557 3007 611 3030 boni
629 3008 651 3030 in
669 3009 752 3036 petra?
770 3009 793 3030 10
811 3011 874 3036 petra
893 3008 950 3030 cxal-

196 3052 222 3076 S.
235 3053 327 3076 Bonae.
338 3065 368 3069 —
381 3054 450 3076 Tom.
460 3054 516 3076 Vlil.

109 528 223 562 paterne
254 532 304 561 pei
334 524 471 553 occultam
502 523 709 561 inspirationem
741 526 768 552 te
797 531 814 551 a
844 524 956 559 peccato
980 523 981 527 ’

670 213 866 242 OPUSCULUM
887 213 915 241 11.
938 212 1169 249 SOLlLOQUlUM.
1191 212 1260 240 CAP.
1282 212 1299 240 1.
1822 212 1856 241 41

1092 290 1138 319 39.
1164 290 1281 319 Δ1111101ίο
1312 297 1403 324 0000,
1434 297 1506 327 quae
1536 289 1621 318 suerit
1652 289 1862 327 lonqanimitas
1877 297 1996 321 Longanimi-

1012 337 1212 374 exspectantis
1235 336 1258 365 O
1279 339 1383 374 quanto
1402 339 1527 374 tempore
1548 339 1629 365 tuum
1650 336 1799 366 adventum
1814 345 1861 366 ex-

1013 383 1164 419 spectavit!
1190 383 1256 417 heu,
1277 386 1381 420 quanto
1403 386 1527 420 tempore
1559 386 1585 412 10
1604 383 1633 412 10
1665 383 1784 420 peccatis
1806 384 1861 413 tuis

1012 430 1153 458 toleravit!
1170 430 1192 458 O
1207 433 1275 467 quot
1296 434 1323 459 et
1337 433 1456 467 quantos
1477 433 1540 460 ante
1555 434 1631 459 tuam
1653 431 1860 460 conversionem

1012 476 1040 504 in
1060 477 1180 512 peccatis
1200 477 1357 511 damnavit,
1378 480 1405 506 et
1426 480 1452 506 te
1467 485 1577 514 semper
1598 480 1756 514 peccantem
1779 478 1860 507 mise-

1012 522 1159 551 ricorditer
1190 524 1378 560 exspectavit!
1402 524 1550 553 Revertere
1570 524 1677 558 adhuc,
1709 532 1725 553 o
1753 524 1859 559 anima,

1012 569 1140 598 Christus
1160 569 1188 598 10
1210 577 1294 599 01000
1309 573 1335 599 10
1349 573 1514 607 exspectans
1535 571 1618 600 habet
1642 574 1726 608 caput
1746 571 1861 600 inclina-

1013 618 1073 644 tum
1094 615 1127 644 ad
1149 619 1175 644 te
1189 616 1418 651 deosculandam,
1439 617 1522 646 habet
1547 618 1661 646 brachia
1685 621 1801 647 extensa
1824 618 1858 647 ad

1012 664 1039 691 te
1059 662 1285 699 amplexandam,
1306 671 1406 692 manus
1427 666 1536 700 apertas
1554 664 1587 693 ad
1608 665 1859 699 remunerandum,

1012 717 1114 746 corpus
1135 712 1283 739 extensum
1305 710 1339 738 ad
1360 718 1389 739 se
1410 713 1499 739 totum
1521 711 1752 748 impendendum,
1778 712 1860 749 pedes

1012 756 1112 785 affixos
1133 756 1166 785 ad
1198 757 1446 791 commanendum,
1468 758 1540 786 latus
1570 761 1699 795 apertum
1721 758 1754 787 ad
1777 762 1802 788 te
1831 758 1859 787 in

1013 803 1080 831 illud
1096 803 1332 832 intromittendam
1344 803 1364 831 ³.
1391 815 1404 829 «
1418 804 1480 832 Esto
1495 812 1574 841 ergo,
1590 813 1606 833 0
1624 805 1730 839 anima,
1745 805 1798 834 iam
1814 814 1860 834 co—

1013 849 1112 878 lumba
1127 850 1270 879 nidificans
1291 850 1323 879 in
1337 850 1538 887 foraminibus
1555 855 1670 888 petrae,
1685 852 1716 880 in
1731 861 1859 881 caverna

1011 897 1173 931 mmerz'ae,
1195 897 1310 934 pervola
1330 897 1364 925 ad
1384 905 1497 931 manus,
1518 899 1631 935 pervola
1652 899 1686 927 ad
1707 899 1803 936 pedes,
1819 899 1860 928 in-

1012 944 1072 973 vola
1093 944 1186 978 lateri,
1208 944 1245 973 ibi
1260 947 1321 973 tuta
1334 944 1458 981 requies,
1479 945 1517 973 ibi
1539 953 1636 974 secura
1652 946 1768 982 quies».
1790 947 1860 975 Haec

1011 991 1169 1020 Bernardus
1180 992 1200 1019 4.
1234 991 1286 1019 «Ο
1313 991 1417 1025 anima,
1446 991 1468 1020 si
1490 991 1571 1029 digne
1599 992 1720 1029 cogitare
1749 1001 1859 1029 posses,

1010 1040 1079 1075 quot
1099 1041 1127 1067 et
1147 1038 1244 1075 quales
1266 1038 1347 1067 intui
1370 1039 1574 1075 comparatione
1595 1039 1693 1068 abiecti
1716 1042 1794 1073 sunt,
1809 1039 1858 1076 qui

1012 1085 1060 1114 tibi
1081 1085 1173 1114 datam
1200 1085 1318 1122 gratiam
1339 1086 1469 1123 consequi
1498 1094 1553 1114 000
1575 1088 1748 1115 meruerunt.
1774 1086 1860 1123 Elegit

1011 1132 1084 1161 enim
1099 1135 1127 1161 et
1141 1133 1291 1169 praeelegit
1305 1135 1331 1161 te
1347 1133 1469 1169 Sponsus
1487 1135 1568 1166 tuus,
1584 1132 1666 1169 elegit
1681 1135 1707 1161 te
1728 1132 1756 1160 in
1771 1131 1860 1160 omni-

1011 1179 1077 1213 bus,
1098 1179 1229 1208 assumsit
1253 1187 1288 1208 ex
1310 1179 1456 1214 omnibus,
1478 1179 1580 1208 amavit
1600 1187 1667 1216 prae
1688 1179 1817 1208 omnibus
1830 1190 1858 1206 ιο.

1011 1227 1080 1255 llaec
1101 1227 1178 1264 Hugo
1189 1227 1209 1254 ⁵.

1089 1274 1136 1302 40.
1158 1274 1258 1302 ΑΝιΜΑ.
1274 1274 1328 1302 lam
1344 1274 1490 1308 confiteor,
1513 1274 1566 1302 iam
1582 1273 1663 1302 etiam
1679 1280 1858 1310 recognosco,

1010 1321 1142 1358 experior
1163 1324 1190 1350 et
1211 1321 1349 1358 intelligo,
1374 1321 1462 1349 multa
1483 1321 1564 1357 plura
1585 1329 1601 1349 a
1628 1321 1684 1349 Deo
1706 1320 1858 1357 accepisse,

1011 1368 1058 1399 sed
1086 1377 1137 1405 pro
1159 1369 1202 1397 his
1229 1368 1359 1396 omnibus
1379 1367 1449 1396 nihil
1476 1367 1590 1404 dignum
1609 1367 1692 1396 tantis
1719 1366 1860 1395 beneficiis

1011 1416 1067 1445 Deo
1088 1415 1252 1444 retribuisse
1267 1415 1287 1442 ⁶.

1089 1463 1134 1491 lii.
1157 1463 1243 1491 Hono.
1265 1461 1288 1490 Ο
1308 1461 1415 1495 anima,
1437 1460 1528 1489 vidisti
1554 1460 1787 1498 longanimitatem
1810 1467 1859 1488 ex-

1011 1509 1173 1547 spectantis,
1189 1509 1242 1538 iam
1259 1516 1334 1537 nunc
1348 1511 1478 1537 converte
1493 1507 1602 1536 radium
1621 1507 1859 1544 contemplationis

1010 1557 1044 1586 ad
1066 1556 1270 1594 beniynitalem
1291 1555 1489 1592 laetificantis.
1512 1555 1606 1592 Cogita
1626 1562 1693 1591 ergo
1713 1554 1859 1591 diligenter

1011 1606 1038 1632 et
1059 1603 1203 1632 considera
1217 1606 1272 1631 tam
1288 1602 1515 1631 inaestimabilem
1530 1601 1647 1638 gratiam
1661 1609 1677 1629 a
1691 1604 1740 1629 tuo
1755 1601 1859 1637 Sponso

1011 1651 1059 1680 tibi
1074 1651 1182 1680 factam.
1204 1662 1218 1675 «
1229 1649 1338 1678 Tribuit
1353 1649 1425 1678 enim
1441 1649 1489 1678 tibi
1504 1657 1554 1686 per
1569 1649 1702 1686 gratiam,
1717 1650 1749 1677 ut
1764 1648 1801 1677 sis
1815 1656 1859 1677 so-

1011 1698 1053 1727 cia
1067 1706 1193 1732 mensae,
1209 1697 1282 1727 socia
1300 1697 1391 1734 regni,
1407 1696 1479 1726 socia
1494 1696 1607 1725 thalami
1617 1696 1627 1713 ⁷
1638 1708 1665 1724 ».
1684 1695 1857 1725 Bernartius:

1012 1919 1083 1944 tatus,
1101 1916 1124 1938 in
1142 1919 1207 1944 petra
1224 1922 1329 1943 securus,
1349 1915 1369 1937 in
1392 1917 1456 1942 petra
1474 1914 1570 1936 firmiter
1592 1917 1651 1936 510...
1669 1914 1695 1935 Et
1711 1919 1800 1941 revera,
1817 1912 1857 1935 ubi

1012 1958 1058 1978 tuta
1076 1956 1189 1984 firmaque
1206 1955 1302 1977 infirmis
1325 1954 1435 1976 securitas
1457 1956 1479 1975 et
1501 1953 1606 1981 requies,
1622 1952 1664 1974 nisi
1684 1952 1705 1974 in
1723 1951 1858 1974 vulneribus

1011 1995 1154 2017 salvatoris?
1171 1995 1243 2016 Tanto
1261 1994 1304 2015 illic
1321 1993 1423 2015 securior
1440 1992 1529 2020 habito,
1547 1995 1633 2021 quanto
1646 1992 1681 2013 1110
1696 1991 1809 2019 potentior
1823 1993 1858 2013 est

1010 2033 1038 2055 ad
1056 2033 1194 2055 salvandum
1204 2041 1226 2055 n.
1241 2032 1353 2060 Superius
1365 2034 1417 2060 post
1429 2031 1453 2054 iu
1467 2037 1569 2054 caverna
1586 2030 1704 2053 nzaceriue
1715 2030 1756 2052 DE
1768 2030 1858 2052 addunt

1010 2072 1034 2095 id
1050 2074 1084 2095 est
1100 2072 1125 2095 in
1143 2070 1280 2095 vulneribus
1298 2070 1392 2094 Christi.

1073 2111 1082 2124 ⁵
1100 2112 1131 2134 De
1149 2111 1221 2133 Arrha
1239 2111 1330 2133 animae
1348 2110 1393 2138 (ed.
1412 2110 1499 2138 Migne,
1517 2109 1557 2132 col.
1577 2109 1641 2138 963).
1653 2109 1696 2131 Pro
1708 2113 1757 2131 non
1768 2114 1858 2131 merue-

1009 2152 1069 2173 runt
1084 2153 1158 2173 textus
1174 2150 1292 2178 originalis
1308 2155 1357 2172 non
1370 2149 1514 2178 potuerunt,
1529 2148 1569 2177 qui
1581 2148 1649 2170 etiam
1662 2147 1693 2169 ibi
1708 2148 1774 2175 plura
1786 2147 1858 2170 addit.

1010 2190 1061 2212 Vat.
1078 2196 1131 2212 cum
1149 2189 1265 2212 nonnullis
1282 2188 1351 2211 codd.
1368 2188 1404 2210 hic
1422 2188 1584 2216 prosequitur:
1606 2187 1640 2209 An
1662 2187 1768 2214 ignoras,
1785 2192 1857 2215 quam

1009 2229 1074 2251 foeda
1092 2229 1158 2257 prius
1175 2229 1248 2255 suisti,
1265 2234 1336 2257 quam
1353 2228 1439 2255 polluta
1464 2230 1487 2250 et
1510 2227 1620 2249 dissoluta
1646 2226 1711 2254 prius
1736 2225 1857 2248 exstitisti?

1009 2269 1059 2296 lpse
1076 2270 1098 2290 te
1115 2268 1170 2291 iavit
1186 2268 1279 2290 lavacro
1295 2266 1487 2295 regenerationis,
1505 2266 1570 2294 pavit
1591 2265 1643 2288 cibo
1666 2265 1792 2288 dulcissimi
1809 2271 1857 2287 cor-

1009 2308 1079 2336 poris.
1104 2308 1154 2335 lpse
1179 2306 1219 2329 tibi
1245 2307 1309 2330 dedit
1331 2306 1467 2328 vestimenta
1486 2305 1609 2332 virtutum,
1627 2304 1712 2333 quibus
1728 2304 1856 2326 nudItatem

1010 2348 1071 2368 tuam
1090 2348 1180 2374 tegeres
1197 2348 1219 2368 et
1236 2348 1258 2368 te
1275 2345 1408 2367 adornares.
1425 2346 1475 2372 lpse
1499 2344 1595 2367 contulit
1616 2346 1718 2366 aromata
1741 2342 1856 2365 bonorum

1009 2391 1119 2413 operum,
1135 2384 1221 2414 quibus
1246 2385 1356 2406 foetorem
1382 2383 1470 2411 peccati
1495 2384 1624 2411 effugares;
1647 2382 1711 2404 dedit
1735 2381 1855 2409 speculum

1009 2424 1152 2452 scripturae,
1171 2424 1193 2446 in
1210 2430 1257 2452 quo
1283 2423 1364 2445 faciem
1390 2425 1453 2445 tuam
1478 2428 1622 2450 agnosceres.
1640 2422 1700 2444 Haec
1717 2421 1785 2448 Ilugo
1803 2420 1855 2449 (loc.

1009 2464 1045 2486 cit.
1064 2463 1100 2485 ed.
1118 2463 1205 2491 Migne,
1222 2463 1264 2485 col.
1282 2463 1326 2485 963
1345 2465 1367 2484 01
1383 2462 1447 2491 966).

1071 2501 1081 2514 ⁴³
1097 2502 1152 2524 Fide
1169 2502 1185 2524 L
1203 2502 1378 2529 responsionem
1396 2500 1496 2524 Animae
1507 2501 1551 2522 hoe
1563 2501 1613 2522 loco
1625 2499 1772 2526 exhibemus,
1784 2504 1854 2527 quam

1008 2542 1027 2563 G
1044 2540 1139 2563 Homini
1155 2540 1235 2563 tribuit
1252 2543 1273 2563 et
1293 2541 1362 2568 paulo
1375 2540 1468 2562 inferius
1480 2541 1533 2567 post
1544 2538 1702 2568 exspectantis
1714 2538 1790 2566 ponit,
1802 2537 1854 2560 voci

1008 2579 1085 2603 multa
1103 2580 1233 2607 praefigens
1250 2581 1289 2608 tc,·
1303 2580 1377 2607 ipsam
1394 2579 1445 2601 Vat.
1462 2585 1516 2601 cum
1533 2578 1595 2601 Blili
1614 2580 1666 2606 post
1682 2576 1784 2600 thalami
1800 2576 1855 2599 sub-

1008 2619 1092 2645 nectit;
1109 2619 1126 2640 A
1136 2618 1152 2640 C
1163 2619 1181 2640 D
1190 2619 1206 2640 E
1216 2618 1231 2640 F
1240 2619 1258 2640 G
1276 2618 1349 2646 ipsam
1367 2617 1482 2639 omittunt.

1071 2656 1080 2669 ⁷
1097 2657 1219 2684 Ilei-nard„
1237 2658 1310 2679 Scrm.
1328 2658 1350 2678 2.
1368 2657 1390 2678 in
1408 2656 1526 2678 Dominica
1554 2656 1574 2677 l.
1590 2658 1643 2683 post
1667 2654 1745 2677 Octav.
1771 2654 1854 2682 Epiph.

1008 2703 1029 2718 n.
1048 2696 1070 2718 3.
1087 2708 1118 2712 —
1136 2696 1186 2718 Vat.
1212 2701 1265 2718 cum
1291 2695 1405 2717 nonnullis
1430 2695 1499 2717 codd.
1523 2694 1593 2722 legit:
1615 2694 1694 2722 Cogita
1720 2694 1853 2721 diligenter,

1011 2744 1022 2755 «
1034 2735 1097 2757 unde
1114 2735 1154 2757 tibi
1172 2737 1224 2762 post
1241 2735 1297 2756 hacc
1314 2734 1391 2756 omnia
1409 2736 1455 2756 tam
1473 2733 1644 2756 inaestimabilis
1661 2733 1746 2761 gratia,
1764 2735 1788 2754 ut
1805 2733 1854 2754 eius

1008 2774 1119 2796 mercaris
1136 2779 1187 2796 esse
1203 2780 1301 2802 sponsa,
1318 2773 1343 2796 in
1369 2779 1438 2803 quem
1463 2772 1597 2795 desideraul
1614 2771 1699 2801 Anqeli
1716 2771 1854 2801 prospicere

1008 2813 1036 2843 [1,
1053 2814 1112 2836 Ρο11·.
1133 2814 1156 2841 l,
1175 2812 1255 2842 l2.]».
1272 2812 1404 2835 Bernurdus
1420 2811 1475 2841 [loc.
1492 2812 1542 2840 cit.,
1559 2811 1599 2834 ubi
1612 2812 1680 2834 etiam
1693 2811 1790 2833 habetur
1803 2817 1854 2833 sen-

1009 2853 1075 2875 tentia
1089 2851 1253 2881 praecedens]:
1275 2860 1285 2872 α
1298 2852 1357 2880 Quid
1370 2857 1426 2879 ergo
1438 2851 1553 2873 retribues
1564 2850 1664 2874 Domino
1674 2856 1720 2880 pro
1732 2849 1852 2877 omnibus,

1008 2897 1068 2921 quac
1079 2890 1189 2914 relribuil
1204 2890 1244 2913 tibi
1258 2889 1302 2920 [rs.
1318 2890 1373 2918 liii,
1390 2889 1444 2920 ¹2.].
1458 2890 1548 2913 Tribuit
1559 2890 1621 2912 enim
1634 2889 1674 2912 tibi
1689 2896 1731 2917 per
1742 2889 1854 2917 gratiam,

1008 2932 1032 2951 ut
1048 2929 1079 2951 sis
1096 2929 1157 2951 socia
1176 2935 1282 2956 mensae,
1299 2929 1359 2951 socia
1378 2929 1455 2957 regni,
1475 2929 1537 2951 socia
1561 2928 1660 2951 thalami.
1679 2928 1750 2955 Vide,
1768 2926 1854 2956 quibus

1008 2968 1107 2991 brachiis
1123 2974 1135 2990 a
1154 2970 1176 2990 tc
1192 2968 1221 2990 sit
1237 2968 1415 2996 amplexandus,
1433 2967 1518 2997 quibus
1535 2967 1602 2990 labiis
1626 2967 1795 2990 deosculandus
1813 2966 1853 2995 qui

1007 3011 1028 3030 te
1046 3008 1101 3030 tanti
1118 3007 1258 3034 aestimavit,
1277 3010 1301 3030 ut
1318 3010 1340 3030 te
1356 3014 1398 3030 suo
1415 3007 1528 3036 sanguine
1545 3007 1667 3029 mundaret
1684 3009 1706 3028 et
1725 3008 1820 3034 propter
1831 3006 1854 3027 et

1744 3055 1757 3076 6

1885 323 1914 340 tas
1921 326 1988 348 mpe-

1895 345 1970 364 clamis.

1884 1466 1993 1489 Benignitas

1877 1490 2001 1509 iustificantis.
