2133 3317
791 224 1034 253 PROLEGOMENA
1055 224 1083 252 C.
1106 223 1124 252 l.

151 310 189 332 33.
206 309 327 338 Augustae
338 307 503 332 Taurinorum,
515 304 651 327 bibliotheca
663 303 832 331 Univershafis,
841 302 893 325 cod.
906 302 929 324 F.

88 358 117 380 V.
138 357 171 379 18.
189 357 260 379 chart.
276 355 300 377 in
318 354 371 377 sotio
387 359 447 376 saec.
466 352 517 375 XV.
533 364 564 367 —
582 352 633 373 Post
653 350 696 373 alia
714 356 785 378 opera
802 349 840 371 Iol.
857 349 895 370 99.
912 355 930 371 r.

89 403 184 432 legitur:
205 401 317 431 Sequitur
342 399 456 430 ecc-positio
481 404 607 422 ramorum
631 396 734 420 arboris.
761 395 932 425 Eoeperqiscere

86 448 194 480 proinde.
212 447 298 470 Desinit
316 447 352 469 101.
374 446 422 468 tto.
439 452 462 467 v.
480 451 523 473 per
540 444 624 467 verba:
642 442 747 473 Explicit
769 444 886 466 tractatus
903 441 932 465 de

90 495 163 525 Liqno
181 494 224 517 vite
240 493 316 517 editus
332 499 348 515 a
364 493 441 522 fratre
464 491 639 514 Bonaventnra.
656 489 693 513 Ad
715 488 810 512 laudem
827 488 932 518 omnipo-

91 541 158 565 tentis
174 542 197 564 et
213 539 283 563 totins
300 538 366 563 curie
382 538 479 562 celestis.
497 538 579 560 Amen.

152 586 189 609 34.
202 587 323 616 Anqnstae
336 585 502 613 Trevirorum,
514 584 565 607 cod.
575 583 630 606 774.
638 588 755 611 progreSS.
767 582 821 604 573.
834 581 932 604 membr.

90 635 113 656 in
136 634 169 656 12.
186 638 248 655 saec.
264 632 315 654 XV.
331 644 362 649 —
378 631 426 653 Fol.
437 632 460 653 2.
476 637 507 653 r.:
524 630 609 659 Incipit
620 630 737 652 tractatus
753 627 838 658 nati-is
855 627 934 650 Bona-

89 682 188 704 ventnre
203 678 334 703 cardinalis
350 678 378 701 de
398 678 472 707 Liqno
488 677 534 700 vite
555 678 576 700 et
593 676 620 700 de
636 675 753 706 fructibus
778 674 835 698 eius.
853 673 933 697 Prolo-

90 733 142 757 yus.
160 726 245 748 Desinit
261 726 300 748 sol.
317 731 335 747 r.
352 728 378 747 ut
395 724 417 746 in
434 724 508 746 editis.
526 724 583 746 Hinc
606 724 644 745 101.
661 729 684 745 ν.
701 722 799 750 legitur:
828 720 935 750 Ea'plicit

91 774 207 797 tractatus
224 771 251 795 de
268 772 343 801 Liqno
360 771 405 794 vite
421 770 496 794 editus
513 777 528 793 a
550 770 627 800 fratre
646 769 815 792 Bonaventura
832 767 890 791 (lnce
913 768 935 790 et

91 819 197 851 generali
212 819 328 849 Magistro
348 818 464 842 Fratrum
480 817 615 845 Minoram,
632 815 764 844 cardinali,
787 820 856 838 sacre
872 814 935 837 theo-

92 866 152 897 loqie
169 866 263 890 doctore
279 865 375 889 etcimio.

154 915 192 937 35.
210 913 311 941 Ibidem,
328 913 380 936 cod.
397 913 450 935 276.
467 918 582 940 progress.
600 912 653 934 685.
670 911 742 933 chart.
759 910 781 932 'm
802 910 824 931 8.
839 921 871 926 -—
889 909 935 931 Fol.

93 962 115 984 9.
131 967 162 984 r.:
181 960 264 990 Incipit
280 961 396 984 tractatus
413 959 440 983 (te
452 959 526 989 Liqno
544 958 588 982 cite
605 957 680 981 editus
691 964 707 980 a
723 957 800 986 tratre
817 957 936 979 Benacen-

93 1008 149 1031 tura
166 1006 224 1029 duce
240 1007 261 1029 et
278 1005 384 1036 generali
400 1005 509 1029 Ministro
527 1005 644 1028 Fratrum
661 1004 794 1031 Minoram,
815 1002 937 1026 cardinali

92 1053 198 1083 episcopo
215 1052 279 1076 tituli
297 1052 438 1076 Albanensis
454 1054 477 1075 et
500 1057 568 1075 sacre
585 1050 698 1081 theologie
722 1050 817 1073 doctore
839 1049 935 1073 eoeimio.

92 1101 178 1124 Desinit
196 1101 232 1122 101.
249 1106 272 1122 v.
290 1100 366 1122 addita
385 1100 427 1122 hac
444 1102 507 1121 nota:
525 1098 618 1122 Finitus
635 1098 672 1121 hic
683 1099 800 1121 tractatas
817 1102 881 1120 anno
893 1097 937 1119 Do-

93 1147 153 1171 mini
170 1145 247 1170 1456.
265 1145 311 1170 25.
328 1145 364 1169 die
388 1145 475 1169 mensis
493 1144 587 1173 Martii,
605 1146 659 1168 ante
683 1144 769 1174 festum
787 1143 888 1171 Pascite,
912 1143 937 1166 in

93 1193 239 1218 hebdomada
253 1194 343 1217 Letare.

156 1241 194 1263 36.
211 1239 310 1268 Ibidem,
328 1240 380 1262 cod.
392 1240 445 1262 666.
457 1245 573 1268 progr-ess.
584 1239 638 1261 775.
650 1240 722 1261 chart.
742 1239 763 1261 in
776 1239 798 1261 8.
813 1244 872 1261 saec.
885 1238 937 1266 XV,

93 1287 123 1310 de
134 1293 181 1316 quo
192 1287 260 1310 locuti
271 1293 352 1309 sumus
364 1290 420 1309 tom.
432 1287 459 1308 V.
472 1292 525 1314 pag.
538 1286 622 1309 XXXII
634 1292 657 1308 n.
670 1285 723 1308 itt.
735 1298 766 1302 —
779 1286 825 1308 Hoc
837 1291 936 1313 opuscu-

94 1335 141 1357 lum
158 1337 193 1357 est
208 1335 245 1356 101.
264 1334 300 1356 25.
318 1340 340 1356 ν.
358 1333 403 1356 sub
419 1333 522 1356 rubrica:
547 1332 632 1362 Incipit
646 1331 763 1362 ιιι-0109113
786 1331 810 1355 in
828 1331 887 1354 libro
910 1331 937 1354 de

94 1381 142 1405 vita-
158 1383 179 1404 et
195 1380 372 1404 conversatione
394 1380 490 1403 Domini
506 1379 583 1403 nostri
605 1380 657 1402 lesa
673 1379 722 1407 mn,
740 1385 809 1408 quem
825 1378 879 1408 fecit
896 1379 937 1401 Bo-

94 1429 227 1451 naventura
242 1427 319 1457 frater
332 1426 428 1450 Ordinis
445 1426 574 1449 Minornm.
587 1426 670 1448 Desinit
689 1426 725 1448 sol.
742 1425 781 1447 37.
798 1432 831 1447 v.:
846 1431 890 1454 per
903 1425 937 1448 in-

94 1474 161 1505 finita
177 1473 258 1497 secula
274 1473 417 1497 seculorum.
434 1474 516 1497 Amen.

157 1520 194 1543 37.
212 1520 310 1548 Ibidem,
327 1520 380 1543 eod.
396 1521 450 1542 853.
467 1526 582 1548 progress.
606 1519 659 1542 580.
677 1518 774 1541 membr.
797 1519 820 1541 in
838 1519 859 1540 8.
877 1524 936 1541 saec.

95 1568 146 1591 XV.
162 1580 193 1585 —
209 1568 254 1590 FoI.
274 1567 308 1590 15.
326 1573 357 1590 r.:
373 1566 458 1596 Incipit
470 1566 586 1596 prologus
604 1566 627 1589 in
645 1565 733 1589 librum
745 1565 772 1589 de
789 1565 835 1589 vita
847 1566 869 1588 et
883 1571 938 1588 con—

95 1615 225 1639 uersatione
242 1615 295 1638 Iesu
319 1614 369 1642 .z·ti‚
385 1613 541 1643 compositum
562 1619 604 1642 per
621 1612 722 1642 fratrem
743 1613 936 1635 Bonaventnram

96 1661 192 1685 Ordinis
209 1660 338 1684 ,Iliam-nm.
357 1661 404 1683 Xto
416 1660 525 1690 confi-cns
542 1665 596 1682 snm
607 1658 674 1682 cruci
689 1662 733 1682 etc.
745 1659 832 1681 Desinit
849 1659 886 1681 101.
899 1658 936 1681 35.

95 1715 114 1731 r.
131 1711 156 1731 ut
172 1708 194 1730 in
206 1707 281 1730 editis.

158 1755 196 1778 38.
212 1753 313 1782 Ibidem,
331 1753 467 1776 bibliotheca
485 1753 617 1780 Seminarii,
634 1753 687 1776 cod.
698 1753 724 1775 R.
742 1753 788 1775 VII.
800 1753 821 1774 3.
839 1752 937 1775 membr.

96 1802 119 1825 in
136 1802 156 1824 8.
173 1807 235 1824 saec.
251 1801 311 1824 XIV.
328 1813 359 1817 —-
376 1801 422 1823 Fol.
448 1801 470 1822 8.
489 1806 507 1822 r.
529 1799 706 1828 praemittuntur
723 1799 833 1827 opusculo
856 1799 938 1821 eadem

95 1855 191 1878 prorsus
206 1847 291 1877 verba,
308 1854 368 1877 quae
385 1847 454 1870 babet
471 1847 523 1870 cod.
534 1847 683 1875 praecedens.
700 1846 786 1868 Desinit
801 1846 838 1868 Iol.
856 1846 894 1868 29.
906 1852 936 1868 r.:

93 1902 137 1926 per
154 1894 246 1926 infinita
262 1894 344 1918 secula
359 1894 504 1918 seculorum.
522 1894 602 1917 Amen.
617 1892 721 1923 Explicit
736 1899 815 1916 sermo
833 1891 939 1916 doctrine

96 1943 152 1966 Bon.

159 1990 197 2012 39.
216 1988 319 2012 Aureliis
339 1988 451 2017 (Orleans)
469 1988 492 2010 in
510 1987 587 2015 Gallia,
604 1986 741 2009 bibliotheca
759 1985 869 2014 Civitatis,
887 1986 939 2008 cod.

99 2036 149 2058 190.
167 2037 238 2058 chart.
255 2035 278 2057 in
298 2036 318 2057 8.
339 2040 400 2057 saec.
419 2034 470 2056 XV.
489 2046 519 2049 —
538 2033 641 2055 Continet
662 2033 801 2060 opusculum
819 2032 849 2054 de
866 2032 938 2060 Ligno

96 2083 158 2105 vitae
173 2082 302 2105 secundum
318 2081 395 2104 ideam
407 2080 478 2103 sancti
490 2080 663 2102 Bonaventurae
671 2096 677 2106 ,
688 2079 784 2101 servatis
796 2079 877 2101 iisdem
891 2079 940 2101 titu-

97 2130 135 2157 lis,
152 2130 192 2152 sed
209 2129 296 2158 reliqua
313 2128 381 2151 valde
398 2130 450 2150 sunt
469 2127 585 2155 ampliata.
605 2126 683 2154 Incipit
704 2126 753 2149 sine
769 2126 834 2148 titulo
851 2128 873 2148 et
890 2125 939 2148 sine

97 2176 189 2199 nomine
206 2176 315 2198 auctoris:
333 2175 399 2198 Iesus
416 2175 479 2198 Χίης
493 2173 546 2197 lteri
560 2174 581 2196 et
599 2172 673 2196 hodie.

162 2223 198 2245 40.
218 2221 317 2250 Ibidem,
333 2222 385 2244 cod.
410 2221 463 2243 166.
482 2220 580 2243 membr.
605 2220 626 2242 in
649 2220 669 2242 4.
687 2225 746 2242 sace.
766 2219 820 2246 XV,
846 2219 875 2241 de
892 2225 939 2248 quo

98 2270 150 2293 cod.
174 2270 243 2292 locuti
267 2275 349 2291 sumus
373 2274 443 2296 supra
468 2274 522 2296 pag.
548 2268 586 2290 XII
611 2273 632 2289 n.
658 2267 696 2289 33.
712 2266 848 2290 —Initium
872 2267 939 2288 huius

98 2316 202 2345 opusculi
219 2319 253 2338 est
270 2316 306 2338 t’ol.
322 2321 369 2338 non
386 2318 506 2337 numerato
523 2321 542 2336 r.
559 2314 603 2337 sub
621 2314 700 2336 titulo:
719 2313 801 2343 Incipit
823 2314 939 2336 cuciacus

99 2363 126 2387 de
141 2362 228 2386 arbore
245 2362 327 2386 Crucis
344 2369 360 2384 a
376 2362 452 2391 fratre
470 2362 637 2384 Bonae-eninm
654 2360 774 2384 cardinali
789 2359 938 2389 compilatus.

100 2411 185 2434 Desinit
202 2411 240 2433 101.
256 2415 286 2432 r.:
303 2416 346 2439 per
362 2409 455 2439 infinita
471 2408 551 2432 secula
567 2408 710 2431 seculorum.
729 2408 810 2430 Amen.

164 2457 199 2479 11.
216 2456 333 2480 Avenione
356 2457 379 2478 in
404 2456 486 2483 Gallia,
504 2455 639 2478 bibliotheca
665 2454 779 2481 Civitatis,
809 2454 860 2477 cod.
887 2454 941 2476 253.

99 2505 170 2526 chart.
187 2510 246 2526 saec.
264 2504 315 2526 XV.
332 2516 362 2519 —-
379 2503 468 2526 Initium
485 2503 590 2530 opusculi
607 2505 641 2524 est
658 2502 695 2524 101.
707 2503 728 2524 2.
746 2501 778 2523 sic
795 2507 940 2529 expressum:

101 2550 184 2580 Incipit
196 2550 313 2580 proloqus
326 2550 350 2573 in
366 2549 425 2572 libro
437 2549 464 2572 de
477 2548 523 2572 vita
534 2550 555 2572 et
567 2548 742 2572 conversatione
755 2547 850 2571 Domini
865 2546 943 2569 nostri

101 2598 152 2621 Iesu
169 2597 207 2621 frti
222 2604 238 2620 a
253 2598 334 2620 sancto
353 2598 527 2620 iionnrcnlura.
545 2596 630 2618 Desinit
648 2596 684 2618 101.
701 2596 739 2617 26.
752 2601 770 2617 r.
787 2595 845 2617 utin
863 2594 938 2616 editis.

165 2642 200 2665 42.
218 2642 317 2670 Ibidem,
334 2642 385 2664 cod.
403 2642 454 2664 215.
474 2641 572 2663 membr.
586 2647 645 2663 saec.
663 2641 713 2662 XV.
725 2640 836 2663 exeuntis.
852 2652 883 2656 —
896 2640 941 2661 Fol.

103 2689 139 2711 43.
157 2695 174 2711 r.
192 2689 213 2711 in
231 2688 350 2716 superiore
367 2688 471 2716 margine
492 2688 605 2715 opusculo
622 2687 775 2715 praemittitur
791 2692 890 2715 sequens
907 2693 942 2708 ru-

103 2735 178 2758 brica:
196 2734 279 2764 Incipit
295 2734 353 2758 liber
371 2734 414 2758 vite
427 2734 572 2764 spiritualis,
590 2733 693 2757 videlicet
710 2733 737 2756 de
753 2733 839 2756 arbore
851 2732 940 2760 cruci-9,

102 2781 242 2811 commitatus
259 2788 273 2804 a
296 2782 373 2811 fratre
395 2780 542 2804 devotissimo
566 2781 740 2803 Bonaventura..
762 2780 810 2803 Xto
833 2779 942 2809 consta-ns

103 2835 156 2852 snm
174 2828 241 2852 cruci
256 2831 298 2851 etc.
316 2828 408 2856 Explicit
426 2828 461 2850 sol.
480 2828 518 2850 63.
534 2834 551 2850 r.
571 2827 659 2850 verbis:
681 2833 724 2857 per
747 2826 839 2857 infinita
861 2826 943 2850 secula

103 2875 246 2899 secutorum.
265 2876 345 2898 Amen.

172 2922 203 2945 13.
222 2921 338 2949 basileae,
357 2920 492 2943 bibliotheca
511 2920 613 2947 Publica,
630 2920 682 2942 cod.
700 2921 724 2942 B.
744 2920 773 2942 X.
790 2921 827 2942 20.
845 2919 942 2942 membr.

105 2968 126 2991 in
148 2969 181 2991 12.
199 2969 297 2996 plurium
318 2971 425 2990 aetatum.
445 2979 475 2984 --
488 2968 534 2990 IIoc
550 2967 687 2995 opusculum
700 2970 733 2989 est
750 2969 866 2989 exaratum
884 2972 943 2989 saec.

1754 220 1829 248 XLIII

988 302 1038 324 XV.
1056 304 1107 324 ante
1124 301 1242 329 medium,
1262 301 1341 329 incipit
1358 301 1393 322 101.
1412 300 1432 322 4.
1450 306 1472 322 v.
1491 299 1539 322 sine
1556 299 1632 322 titulo:
1650 299 1697 321 Xto
1719 298 1828 328 confixus

986 354 1040 370 sum
1058 347 1125 371 cruci
1141 351 1196 375 etc„
1214 351 1235 370 et
1253 348 1332 375 implet
1353 347 1404 369 solia
1428 347 1454 369 14
1475 352 1528 369 cum
1547 345 1650 367 dimidio.
1674 345 1723 367 Fini
1740 344 1832 366 subiici-

987 397 1036 417 tur:
1054 394 1160 424 Explicit
1180 395 1297 418 tractatzis
1317 394 1492 421 Bonanenture,
1510 392 1628 422 yeneratis
1646 391 1767 421 qnondam
1790 390 1830 414 Mi-

987 442 1058 465 nistri
1073 441 1169 465 Ordinis
1186 442 1302 465 Fratrum
1319 440 1453 468 Minornm,
1471 439 1498 463 de
1515 440 1589 469 Liyno
1607 439 1657 462 vite.

1052 489 1087 511 44.
1106 488 1206 518 Bruais,
1223 488 1360 510 bibliotheca
1382 487 1497 514 Civitatis,
1516 487 1568 509 cod.
1585 487 1638 508 303.
1653 485 1751 508 membr.
1769 491 1828 507 saec.

989 535 1049 558 XIV.
1066 534 1176 557 exeuntis.
1193 547 1224 550 —
1240 535 1286 556 Fol.
1304 540 1350 556 non
1366 536 1486 556 numerato
1502 539 1521 555 r.
1538 532 1661 555 scribitur:
1678 530 1761 560 Incipit
1775 536 1830 560 pre-

988 581 1046 611 fatio
1063 581 1087 604 in
1104 580 1164 603 libro
1182 580 1250 610 Liyni
1268 580 1323 608 vite,
1341 581 1427 603 omisso
1445 580 1538 602 nomine
1560 579 1666 602 auctoris.
1691 577 1776 600 Desinit
1793 577 1830 600 tol.

989 634 1023 650 v.:
1038 634 1083 657 per
1100 627 1192 657 infinita.
1208 627 1290 650 secula
1307 627 1450 650 seculorum.
1470 627 1550 649 Amen.

1054 675 1090 697 15.
1107 674 1239 704 Brnnopoli
1256 674 1468 703 (Braunschweig)‚
1486 673 1623 696 bibliotheca
1642 672 1757 699 Civitatisy
1780 671 1833 693 cod.

995 721 1044 743 117.
1065 722 1137 743 chart.
1154 721 1177 743 in
1196 721 1217 743 4.
1238 733 1269 737 —
1289 721 1334 743 Fol.
1358 727 1375 742 r.
1393 727 1437 743 non
1460 723 1581 742 numerato
1605 719 1756 747 praemittitur
1779 717 1832 740 huic

990 769 1116 796 opusculo:
1134 768 1219 797 Incipit
1235 767 1336 797 Liynnm
1348 767 1405 794 vvite,
1423 766 1485 797 quod
1500 767 1554 796 fecit
1564 767 1641 796 frater
1657 766 1834 789 Bonaventura.

991 815 1077 838 Desinit
1094 816 1130 837 101.
1148 822 1170 837 ν.
1186 818 1212 837 ut
1228 815 1252 837 in
1269 815 1343 837 editis.
1360 814 1431 836 Hinc:
1452 813 1555 843 Est-plion
1571 813 1673 842 Ligynitm
1691 812 1746 839 rite,
1771 811 1834 841 qnod

991 861 1045 891 facit
1059 862 1136 891 frater
1154 862 1329 884 Bonaventnra.
1342 862 1410 884 Anno
1429 860 1523 883 Domini
1532 860 1710 884 MCCGLXIIII.
1728 860 1762 882 est
1773 864 1835 881 com-

988 907 1075 938 pietus.

1056 955 1092 977 16.
1111 954 1209 982 Ibidem,
1226 954 1277 976 cod.
1301 954 1350 976 141.
1368 955 1438 976 chart.
1456 953 1478 975 in
1498 953 1519 975 t.
1535 959 1593 975 saec.
1613 953 1663 975 XV.
1681 952 1786 974 ineuntis.
1805 964 1835 967 —

992 1002 1038 1024 Fol.
1057 1002 1093 1024 30.
1111 1008 1133 1023 v.
1151 1001 1263 1029 posterior
1281 1007 1363 1023 manus
1379 1001 1497 1029 praemisit
1508 1001 1632 1028 opusculo:
1650 999 1733 1028 Incipit
1750 999 1834 1022 tiocia-

992 1050 1030 1072 tns
1047 1048 1075 1071 de
1092 1047 1221 1077 Religionem
1242 1048 1283 1070 sed
1300 1048 1392 1076 antiqua
1415 1050 1536 1070 notaverat
1552 1054 1563 1069 a
1582 1048 1663 1069 latere:
1687 1045 1769 1074 Incipit
1788 1046 1834 1067 tra-

993 1097 1070 1120 ctatus
1087 1095 1114 1118 de
1130 1095 1204 1125 Liyno
1216 1095 1272 1123 rite,
1284 1096 1415 1124 eademque
1426 1098 1532 1117 notantur
1544 1095 1565 1116 in
1584 1094 1628 1116 tine
1641 1094 1678 1116 sol.
1696 1093 1732 1115 56.
1750 1099 1768 1114 r.
1785 1095 1836 1120 post

993 1141 1092 1165 verbum
1110 1141 1226 1171 Earplicit,
1244 1142 1330 1164 omisso
1346 1142 1440 1164 nomine
1455 1141 1562 1164 auctoris.

1057 1189 1093 1211 47.
1111 1187 1244 1216 Bruxellis,
1257 1188 1393 1211 bibliotheca
1411 1188 1494 1216 Regia,
1511 1187 1561 1210 cod.
1575 1187 1685 1209 2057-62.
1703 1185 1801 1208 membr.
1814 1186 1837 1208 in

994 1236 1016 1259 4.
1033 1242 1093 1259 saec.
1110 1237 1170 1258 XIV.
1188 1236 1296 1258 exeuntis
1314 1248 1344 1252 —
1366 1236 1463 1263 Lignum
1485 1235 1545 1257 vitae
1570 1234 1649 1262 incipit
1674 1234 1711 1256 101.
1733 1239 1778 1255 11011
1795 1239 1837 1255 nu-

993 1286 1081 1307 merato
1099 1290 1117 1306 r.
1134 1283 1183 1306 sine
1200 1283 1243 1306 ulla
1265 1282 1413 1310 indicatione,
1430 1285 1452 1304 et
1474 1282 1507 1304 sic
1533 1282 1617 1309 pariter
1639 1281 1722 1303 desinit
1738 1282 1790 1308 post
1811 1280 1835 1301 16

994 1331 1052 1353 101111.

1058 1377 1095 1400 48.
1115 1377 1214 1404 Ibidem,
1232 1377 1284 1399 cod.
1305 1377 1397 1398 1181-3.
1413 1375 1513 1398 membr.
1526 1375 1546 1397 in
1564 1375 1597 1396 12.
1608 1373 1730 1401 —Incipit
1742 1373 1780 1395 101.
1792 1378 1837 1395 11011

993 1428 1115 1448 numerato
1133 1425 1168 1447 his
1184 1424 1276 1446 verbis:
1294 1424 1462 1446 Bonaventura
1479 1421 1506 1445 de
1522 1421 1608 1444 arbore
1631 1419 1755 1450 Crucifixi.
1777 1419 1837 1442 Desi-

994 1472 1026 1495 nit
1043 1472 1081 1494 101.
1099 1472 1178 1494 ultimo
1195 1471 1247 1493 cod.
1264 1477 1316 1493 cum
1341 1471 1382 1492 hac
1399 1469 1528 1492 additione:
1552 1467 1655 1497 Explicit
1676 1467 1792 1489 tractatas
1811 1465 1839 1489 dc

995 1520 1068 1549 Liqno
1085 1518 1130 1542 vite
1141 1517 1283 1547 compositus
1295 1523 1311 1540 a
1321 1517 1397 1546 tratre
1411 1516 1577 1539 Bonacentura
1591 1514 1703 1538 Gamala·
1724 1513 1837 1536 Fratrum

994 1567 1124 1591 Minornm.
1140 1567 1209 1589 Anno
1226 1564 1322 1588 Domini
1339 1562 1415 1587 1454.
1432 1562 1520 1586 mensis
1535 1561 1676 1592 Septembris
1694 1561 1730 1584 dic
1748 1560 1789 1584 42.

1059 1612 1212 1639 49.1bidem,
1235 1612 1317 1634 19610.
1342 1610 1440 1633 membr.
1457 1610 1480 1632 in
1507 1609 1544 1632 12.
1569 1615 1628 1631 saec.
1654 1608 1714 1636 XIV,
1738 1608 1768 1630 de
1792 1614 1839 1636 quo

994 1660 1067 1683 verba
1092 1660 1187 1682 fecimus
1211 1664 1280 1687 supra
1302 1664 1356 1686 pag.
1379 1658 1426 1680 XIII
1451 1663 1473 1679 n.
1491 1656 1528 1679 50.
1545 1669 1575 1672 —
1592 1656 1638 1678 FoI.
1665 1656 1686 1678 8.
1711 1661 1753 1678 v.:
1779 1654 1840 1678 Inci-

992 1706 1063 1736 piunt
1079 1705 1160 1729 laudes
1177 1704 1325 1728 sanctissime
1342 1703 1427 1727 crucis.
1444 1704 1497 1725 Post
1514 1709 1572 1732 quas
1589 1703 1625 1725 fol.
1646 1703 1681 1724 10.
1696 1708 1713 1724 r.
1732 1701 1839 1730 praemit-

995 1754 1063 1776 titur:
1081 1752 1144 1776 Assit
1159 1751 1276 1782 principio
1292 1752 1377 1774 sancta
1393 1750 1479 1774 Maria.
1498 1749 1580 1778 Incipit
1593 1748 1713 1778 praefatio
1731 1748 1838 1777 inopere

994 1800 1106 1830 sequenti.
1123 1800 1172 1823 Xto
1188 1798 1299 1828 consinus
1316 1804 1370 1821 snm
1388 1797 1460 1821 Cruci
1476 1800 1519 1820 etc.
1536 1797 1621 1819 Desinit
1641 1796 1727 1818 s01.25.
1746 1802 1781 1822 v.‚
1798 1795 1839 1817 ubi

994 1847 1112 1870 adduntur
1128 1848 1184 1869 baec
1202 1846 1286 1869 verba:
1306 1844 1409 1875 Eoepticit
1424 1844 1527 1874 Liqnnm
1545 1843 1600 1871 vite,
1619 1843 1682 1873 quod
1692 1842 1745 1872 fecit
1762 1843 1839 1865 Bona—

995 1895 1096 1917 ventnra
1113 1892 1237 1917 Generalis
1248 1892 1356 1916 Minister
1369 1892 1485 1915 Fratrum
1498 1890 1626 1913 Minorum.
1643 1890 1716 1913 Detur
1727 1888 1841 1918 scriptori

994 1947 1043 1964 non
1059 1940 1109 1964 sine
1126 1939 1195 1963 laude
1211 1939 1281 1962 mori.

1058 1987 1094 2009 50.
1113 1985 1258 2016 Bnrdiqalae
1276 1985 1414 2014 (Bordeaux)
1433 1985 1454 2007 in
1466 1984 1548 2012 Gallia,
1567 1983 1705 2006 bibliotheca
1722 1983 1837 2011 Civitatis,

994 2034 1046 2056 cod.
1068 2033 1118 2055 111.
1135 2032 1233 2055 membr.
1251 2032 1273 2054 in
1292 2032 1312 2054 4.
1331 2038 1391 2054 saec.
1404 2031 1454 2053 XV.
1465 2043 1496 2047 —
1508 2031 1545 2053 Est
1558 2030 1635 2053 titulus
1647 2030 1715 2052 huius
1732 2028 1837 2057 opusculi

995 2081 1031 2103 101.
1049 2081 1101 2103 252.
1119 2087 1138 2102 r.
1154 2079 1198 2102 sub
1215 2079 1319 2108 sequenti
1338 2078 1442 2101 rubrica:
1461 2077 1545 2106 Incipit
1558 2076 1675 2106 proloqns
1694 2076 1718 2099 in
1735 2075 1795 2099 libro
1813 2075 1841 2098 de

994 2127 1069 2158 Liqno
1087 2127 1143 2155 vite,
1160 2126 1245 2156 fratris
1264 2126 1440 2152 Bonarentnre,
1457 2124 1484 2147 cle
1502 2123 1590 2147 Ordine
1607 2123 1737 2146 Minornm.
1754 2123 1841 2145 Desinit

996 2175 1032 2197 101.
1051 2175 1104 2196 202.
1120 2180 1139 2196 r.
1157 2176 1181 2195 ut
1197 2173 1221 2195 in
1237 2172 1311 2195 editis.

1059 2221 1098 2243 5¹.
1118 2220 1217 2248 Ibidem,
1237 2219 1288 2242 cod.
1312 2219 1365 2241 311.
1388 2217 1486 2241 membr.
1508 2218 1529 2240 in
1548 2219 1569 2239 8.
1591 2223 1651 2240 saec.
1669 2217 1730 2239 XIV.
1746 2229 1776 2233 —
1794 2217 1842 2239 Hoc

995 2268 1133 2297 opusculum
1151 2267 1231 2295 incipit
1247 2267 1297 2289 sine
1309 2267 1354 2289 ullo
1371 2266 1435 2288 titulo
1448 2266 1484 2288 Iol.
1500 2265 1550 2287 ¹49.
1561 2271 1592 2287 r.:
1606 2265 1653 2288 ,I'to
1665 2264 1775 2294 conlia'ns
1787 2270 1841 2286 sum

996 2315 1064 2339 cruci
1079 2318 1123 2337 etc.
1140 2314 1227 2337 Desinit
1248 2314 1284 2336 101.
1305 2314 1355 2335 160.
1374 2320 1410 2335 v.:
1427 2319 1469 2342 per
1491 2311 1583 2342 infinita
1600 2311 1680 2335 secula.
1697 2310 1843 2334 secutor-nm.

997 2364 1078 2386 Amen.

1061 2409 1097 2431 52.
1116 2407 1250 2437 Campolilii
1268 2407 1437 2435 (1.111011101(1)ἰη
1452 2406 1554 2432 Austria.
1573 2405 1709 2427 bibliotheca
1734 2405 1842 2426 Monaste-

998 2456 1024 2478 rii
1041 2455 1134 2478 Ordinis
1150 2454 1348 2480 Cisterciensium,
1373 2453 1424 2476 cod.
1451 2453 1500 2475 137.
1523 2453 1568 2475 iam
1586 2452 1715 2479 descriptus
1742 2455 1796 2473 tom.
1816 2452 1840 2473 V.

998 2508 1052 2530 pag.
1070 2501 1162 2524 XXVIII
1187 2507 1210 2523 n.
1228 2501 1264 2523 24.
1284 2514 1312 2517 -
1330 2501 1378 2523 I-Ioc
1395 2500 1532 2528 opusculum
1550 2503 1584 2521 est
1596 2499 1638 2521 Iol.
1658 2499 1709 2520 285.
1732 2497 1775 2519 sub
1798 2498 1840 2519 hac

999 2548 1147 2571 indicatione:
1165 2547 1249 2577 Incipit
1265 2547 1323 2570 liber
1348 2546 1452 2570 eiusdem
1476 2545 1503 2569 de
1524 2545 1597 2575 Liqno
1624 2545 1673 2568 cite.
1692 2545 1777 2567 Desinit
1803 2544 1840 2566 sol.

998 2595 1051 2617 290.
1064 2601 1086 2616 v.
1099 2600 1161 2622 rap:
1180 2594 1244 2622 Iesn,
1261 2593 1335 2616 victor
1352 2593 1506 2623 nmqniftcns,
1527 2593 1555 2614 ad
1573 2592 1657 2614 verba:
1675 2591 1800 2614 tradentur
1818 2591 1840 2614 in

1000 2648 1085 2664 manus
1102 2640 1176 2670 yladii
1196 2641 1321 2670 partesque
1342 2639 1451 2668 vulpium
1468 2640 1545 2661 crunt.
1568 2639 1627 2660 Vide
1649 2639 1705 2660 intra
1732 2644 1785 2666 pag.
1811 2637 1840 2660 st

998 2695 1019 2710 n.
1039 2688 1075 2710 43.

1061 2733 1099 2756 53.
1116 2732 1294 2762 Cautabriqiac,
1313 2732 1450 2754 bibliotheca
1468 2731 1636 2757 Univcrsitatis,
1659 2731 1711 2753 eod.
1728 2731 1752 2753 F.
1772 2732 1785 2753 1'.
1806 2731 1841 2753 VI.

999 2780 1036 2802 21.
1055 2779 1152 2802 membr.
1171 2779 1192 2801 in
1214 2780 1247 2801 12.
1264 2785 1323 2801 saec.
1342 2779 1392 2801 XV.
1408 2790 1439 2795 --
1456 2779 1502 2800 Fol.
1520 2779 1555 2800 93.
1569 2784 1587 2800 r.
1607 2778 1629 2800 iu
1647 2778 1766 2806 superiore
1783 2784 1840 2800 mar-

1000 2827 1053 2855 gine
1070 2826 1164 2854 legitur:
1183 2825 1266 2855 Incipit
1282 2827 1400 2848 tractatus
1417 2825 1444 2847 de
1460 2824 1545 2848 arbore
1561 2824 1683 2854 salutifere
1700 2824 1778 2847 crucis
1797 2825 1840 2847 Do-

999 2873 1060 2896 mini
1076 2872 1153 2896 nostri
1169 2873 1221 2895 Ieszi
1238 2872 1281 2895 Xti
1302 2878 1318 2895 tt
1335 2871 1428 2895 domino
1447 2872 1616 2895 Bonnveumra
1637 2870 1787 2900 compositus.
1812 2870 1839 2893 Et

997 2919 1077 2949 primo
1086 2919 1185 2948 ponitur
1200 2918 1323 2948 proloqus.
1337 2919 1383 2941 FoI.
1407 2919 1457 2941 123.
1471 2925 1488 2940 r.
1506 2919 1589 2941 desinit
1606 2919 1641 2940 his
1653 2917 1744 2940 verbis:
1758 2916 1841 2946 Empti-

1000 2965 1030 2989 cit
1047 2967 1163 2989 tractatus
1180 2965 1207 2988 (lc
1223 2965 1309 2988 arbore
1326 2966 1405 2988 sancte
1422 2965 1508 2988 crucis.
1519 2964 1631 2994 Sequitur
1650 2964 1703 2987 lans
1718 2963 1840 2993 salutifere
