2133 3317
23 301 93 320 Octava.

34 484 92 504 Nona.

8 955 10 987 l

7 996 9 1031 l

23 1141 93 1165 promo-

12 1159 92 1180 ‹ininsul-

0 1437 28 1561 k.
37 1463 92 1483 oflen-

18 1487 97 1512 ponunt.

0 1566 2 1592 Ι

0 1597 2 1624 l

468 208 663 238 OPUSCULUM
684 208 748 237 Xlll.
770 208 1079 238 DETERMlNATlONES
1100 208 1341 246 QUAESTIONUM.
1363 209 1442 238 PARS
1463 209 1491 237 11.

110 289 226 322 Octavo,
247 287 321 325 quod
342 287 423 316 etiam
451 286 570 315 naturali
599 289 707 314 tantum
740 286 840 323 polleat
871 286 951 315 indu-

109 335 191 368 stria,
213 334 285 371 quod
308 341 357 371 per
371 333 474 362 fatuam
490 333 691 370 simplicitatem
707 341 761 361 non
776 333 872 361 reddat
887 341 951 361 0011-

108 381 259 418 temptibile
280 380 354 417 quod
375 388 425 417 per
446 380 609 417 acquisitam
631 379 772 408 scientiam
794 380 949 416 apprehen-

108 429 161 463 dit,
183 431 213 456 ut
234 427 302 456 sciat
322 435 352 456 se
372 427 487 455 honeste
504 434 601 464 gerere
616 426 688 455 inter
703 427 828 455 homines
842 429 869 455 et
883 435 950 463 pru-

108 476 203 505 denter
223 474 250 502 in
272 473 400 502 omnibus
421 481 450 502 se
478 473 589 502 babere.
611 490 649 493 —
669 474 760 507 Nono,
792 473 865 510 quod
897 482 951 502 non

108 522 142 551 sit
163 521 255 550 minus
276 520 309 549 ad
331 520 382 549 hoc
405 520 593 554 voluntarius,
615 523 662 554 ut,
684 520 705 549 si
734 520 767 549 ad
789 521 841 549 hoc
873 523 950 549 motu

107 568 220 606 proprio
240 576 294 596 non
316 567 448 601 trahitur,
470 567 565 595 saltem
588 570 702 604 propter
716 567 887 596 obedientiae
902 567 949 596 bo-

107 623 173 645 num
195 614 387 652 proximorum
410 614 491 643 saluti
513 613 655 642 intendere
674 614 871 650 praedicando,
887 622 951 643 con-

107 661 221 692 sulendo
243 663 270 690 et
290 661 474 689 confessiones
495 660 631 689 audiendo
652 664 679 689 et
699 660 766 689 alios
780 660 951 689 aedificando

107 717 160 738 non
188 708 356 737 contentiose
384 711 502 736 recuset.
531 707 718 744 Gregorius1:
745 707 851 744 «Quod
874 715 952 736 mens

107 755 261 785 voluntarie
282 763 335 783 non
358 754 455 791 recipit
476 761 599 791 congrue
631 762 684 782 non
715 754 875 790 disponit».
908 754 951 783 Sic

106 801 185 831 multi
208 802 370 830 Sanctorum
399 800 538 834 officium,
567 808 623 838 quo
654 800 784 837 prodesse
814 800 951 829 debebant

106 848 258 887 proximis,
280 847 423 876 humiliter
444 847 632 884 refugiebant,
654 850 681 876 et
702 849 809 881 tamen,
837 847 871 876 ad
900 848 951 876 hoc

105 896 185 925 tracti
207 903 257 932 per
277 895 474 928 obedientiam,
489 894 603 923 sollicite
617 893 817 930 adimplebant,
833 896 865 922 ut
878 895 951 931 Moy-

107 951 165 978 ses,
187 943 315 972 Ieremias
335 945 362 971 et
382 941 427 970 alii
449 941 544 978 plures
559 941 621 970 novi
637 944 664 970 et
679 941 779 970 veteris
794 941 951 970 testamenti

107 990 241 1019 doctores.

185 1036 230 1065 His
250 1036 329 1065 donis
349 1038 462 1069 ornato,
485 1035 505 1064 si
528 1035 616 1072 gratia
646 1035 772 1069 affuerit,
804 1038 893 1072 potest
924 1038 950 1064 et

107 1084 190 1113 debet
209 1083 311 1120 imponi
334 1083 455 1111 officium
478 1082 687 1119 praedicationis
718 1085 745 1110 et
774 1082 951 1111 confessionis

107 1131 135 1160 in
156 1130 273 1164 Ordine,
295 1130 342 1158 ubi
364 1129 448 1159 fuerit
475 1129 670 1158 necessarium.
702 1129 754 1165 Qui
787 1137 853 1158 vero
883 1129 952 1158 alios

61 1196 66 1202 ·
106 1185 161 1206 non
182 1177 294 1206 idoneos
315 1185 366 1213 pro
387 1176 495 1213 privata
515 1176 643 1205 societate
664 1179 828 1213 promovent
856 1176 950 1204 Ordini

107 1224 294 1253 confusionem
317 1227 344 1252 et
364 1223 509 1252 animabus
530 1226 728 1252 nocumentum
751 1225 779 1252 et
799 1223 866 1260 ipsis
887 1231 951 1260 pro-

107 1271 188 1300 motis
208 1271 404 1300 detrimentum
426 1273 453 1299 et
478 1270 587 1299 sibimet
614 1270 723 1307 culpam
753 1278 807 1298 non
837 1278 950 1307 parvam

107 1321 273 1355 procurant,
295 1325 358 1346 cum
380 1317 561 1354 negligentiae
586 1317 726 1346 inutilium
755 1320 782 1346 et
809 1317 952 1354 imperito-

106 1373 169 1394 rum
191 1368 246 1393 tam
268 1365 295 1393 in
317 1364 438 1393 consiliis
458 1364 576 1393 incautis
603 1372 687 1401 quam
715 1364 742 1393 in
770 1364 949 1393 absolutioni-

106 1411 160 1441 bus
180 1411 367 1440 inefficacibus
387 1414 414 1440 et
435 1411 462 1439 in
483 1411 544 1440 aliis
558 1411 731 1440 nocumentis
745 1411 900 1440 animarum
917 1411 951 1440 ab

107 1458 146 1488 eis
173 1458 220 1496 qui
251 1458 320 1487 tales
341 1461 520 1495 promovent,
541 1458 641 1487 merito
662 1458 851 1495 requirantur.
873 1459 952 1487 Tales

107 1506 179 1535 enim
201 1505 229 1534 in
252 1505 346 1534 multis
367 1513 448 1542 saepe
469 1508 585 1542 possunt
605 1505 744 1534 offendere
766 1505 809 1534 vel
837 1505 950 1534 scanda-

106 1553 205 1587 lizare,
226 1552 292 1581 dum
314 1560 369 1581 non
389 1552 504 1581 dicenda
519 1552 620 1589 populo
635 1552 810 1589 praedicant,
826 1553 869 1581 vel
883 1552 951 1581 salsa

106 1600 227 1629 docendo
248 1607 372 1629 errorem
394 1599 545 1634 inducunt,
574 1599 617 1628 vel
648 1599 728 1628 aliter
758 1599 829 1628 forte
859 1600 952 1629 minus

106 1647 255 1684 composite
275 1655 304 1676 se
325 1646 459 1676 habendo.
482 1647 563 1681 Item,
585 1646 611 1675 in
634 1646 803 1676 confessione
817 1647 888 1676 sorte
903 1655 950 1676 ne-

106 1693 197 1722 sciunt
215 1693 378 1722 confitentes
398 1693 490 1722 debito
517 1693 599 1722 modo
629 1693 768 1722 instruere
796 1701 846 1723 nec
877 1693 950 1723 inter

105 1743 216 1778 peccata
236 1740 332 1778 gravia
351 1743 379 1769 et
399 1740 470 1769 levia
489 1739 675 1777 distinguere,
691 1743 718 1769 et
731 1743 780 1769 aut
793 1740 898 1769 faciunt
913 1748 949 1769 ex

105 1787 190 1816 nimio
211 1787 303 1824 rigore
324 1787 487 1824 desperare,
507 1790 571 1821 aut,
597 1795 661 1816 cum
691 1787 783 1816 adhuc
814 1788 842 1816 in
874 1789 948 1816 statu

105 1834 288 1863 damnationis
308 1837 389 1869 sunt,
409 1834 476 1863 dant
495 1835 535 1863 eis
556 1842 632 1871 spem
652 1834 686 1863 de
701 1834 850 1863 salvatione
865 1838 892 1864 et
907 1835 949 1863 in-

104 1881 219 1919 dulgent
238 1881 278 1910 eis
298 1889 400 1918 corpus
420 1881 528 1910 Domini
547 1881 679 1918 recipere.
695 1881 726 1910 Et
740 1881 863 1910 maxime
877 1881 950 1910 circa

104 1936 200 1957 rerum
230 1928 398 1957 iniustarum
429 1928 638 1966 acquisitionem
671 1928 713 1957 vel
745 1928 948 1957 restitutionem

105 1975 183 2004 multi
205 1975 387 2010 seducuntur,
408 1975 475 2004 dum
498 1983 553 2004 non
579 1975 777 2010 informantur,
809 1983 881 2013 quae
912 1975 948 2004 sit

103 2022 205 2051 iniusta
225 2022 405 2059 conquisitio,
426 2022 470 2051 vel
491 2022 610 2059 qualiter
625 2030 695 2059 pure
719 2022 867 2051 restituant
888 2022 949 2059 qui-

103 2068 157 2098 hus
177 2069 285 2098 debent.
308 2069 349 2097 Ex
369 2069 495 2098 moribus
515 2069 597 2098 etiam
628 2069 804 2106 quorundam
835 2072 862 2098 et
894 2069 949 2098 vita

103 2116 322 2153 praedicantium
343 2116 449 2145 vilescit
464 2124 545 2153 saepe
558 2116 683 2145 doctrina
697 2116 864 2151 verborum,
879 2116 947 2145 dum

103 2162 158 2192 alta
178 2163 276 2192 docent
297 2163 382 2192 verbo
403 2163 628 2200 praedicationis,
649 2163 696 2192 sed
715 2163 808 2192 minus
823 2163 949 2192 aedifica-

103 2209 174 2238 toria
194 2210 343 2239 ostendunt
363 2210 492 2247 exemplo
514 2210 637 2239 actionis.
660 2210 735 2239 Unde
756 2210 810 2239 ut2
825 2210 947 2247 diligenti

103 2256 307 2286 examinatione
327 2257 430 2294 indiget
450 2257 499 2294 qui
520 2257 601 2286 debet
621 2265 681 2287 esse
701 2257 798 2286 doctor
820 2257 847 2286 in
862 2257 948 2286 medi-

104 2303 165 2332 cina
185 2311 351 2340 corporum,
373 2304 411 2332 ita
431 2304 519 2333 multa
546 2304 764 2333 consideratione
792 2312 862 2341 opus
890 2307 947 2338 est,

104 2349 126 2379 si
147 2350 182 2379 sit
202 2350 317 2380 idoneus
338 2351 386 2388 qui
407 2351 489 2380 debet
509 2359 569 2380 esse
589 2351 685 2380 doctor
706 2354 733 2380 et
752 2351 875 2380 medicus
889 2351 948 2380 ani—

105 2405 230 2432 marum,
252 2405 315 2426 cum
338 2397 392 2427 sint
412 2397 571 2427 subtiliores
592 2400 619 2426 et
640 2398 851 2435 periculosiores
865 2401 893 2427 et
908 2398 949 2426 in-

1795 208 1847 238 361

1007 287 1188 315 curabiliores
1208 287 1297 316 morbi
1320 290 1496 324 peccatorum
1519 295 1602 324 quam
1624 287 1764 324 passiones
1792 295 1852 316 cor-

1008 333 1144 369 poralium
1166 334 1368 363 infirmitatum.

1087 380 1125 408 illi
1147 388 1228 415 vero,
1250 381 1298 418 qui
1320 389 1349 410 se
1369 381 1403 410 ad
1424 381 1492 410 haec
1513 381 1602 410 officia
1623 381 1798 418 impudenter
1813 381 1851 409 in-
1865 388 1999 415 noimpufleu-

1008 430 1123 463 gerunt,
1146 427 1333 464 indignantes,
1355 428 1376 456 si
1398 427 1431 456 ad
1452 436 1484 456 ea
1504 428 1611 456 tardius
1638 430 1850 465 promoventur,

1008 481 1091 509 quam
1113 474 1167 502 sint
1188 474 1391 510 imprudentes,
1414 475 1584 512 perpendere
1609 475 1707 504 nolunt
1729 477 1777 504 aut
1804 483 1851 504 ne-

1008 519 1115 554 sciunt,
1136 523 1163 549 et
1184 528 1216 549 eo
1238 521 1296 557 ipso
1318 530 1346 550 30
1367 522 1401 550 ad
1422 522 1474 550 1100
1502 522 1651 551 ostendunt
1678 525 1705 551 et
1733 522 1852 551 reddunt

1008 566 1142 603 indignos.
1164 567 1230 595 Nam
1253 568 1275 596 si
1295 568 1369 605 digni
1391 568 1494 597 suerint
1515 573 1542 598 et
1561 569 1667 603 idonei,
1682 577 1736 597 non
1752 569 1851 598 debent

1008 621 1037 641 se
1051 613 1085 641 ad
1101 613 1152 641 hoc
1167 614 1301 650 ingerere,
1317 615 1362 643 sed
1379 615 1500 644 modeste
1515 618 1690 652 exspectare,
1705 623 1851 653 quousque

1010 668 1057 696 per
1078 660 1284 696 inspirationem
1307 662 1353 690 Dei
1375 670 1391 690 a
1412 663 1540 699 praelatis
1568 663 1626 692 suis
1656 666 1683 692 et
1710 663 1852 691 Fratribus

1008 706 1041 734 ad
1063 707 1115 735 11οο
1136 715 1187 735 3110
1208 711 1331 745 tempore
1352 713 1539 738 assumantur.
1563 726 1599 730 —
1621 710 1647 738 Si
1669 713 1762 738 autem
1782 709 1851 738 indi-

1008 753 1053 790 gni
1075 754 1118 782 vel
1139 754 1260 783 nondum
1283 755 1387 789 idonei,
1411 759 1488 789 111110,
1504 756 1525 785 31
1545 764 1574 785 30
1595 756 1739 793 ingerunt,
1762 757 1852 793 primo

1008 800 1118 836 quidem
1142 802 1293 830 temerarii
1312 806 1392 836 sunt,
1421 803 1494 840 quod
1525 806 1673 840 antequam
1704 807 1851 835 vocentur,

1008 847 1040 875 ad
1063 850 1170 876 tantum
1191 848 1312 877 officium
1335 857 1449 878 currere
1472 853 1669 886 praesumunt3
1686 851 1851 879 Ieremias³z

1009 894 1071 931 Ipsi
1090 894 1264 929 currebant,
1286 904 1353 924 cum
1375 905 1424 934 090
1455 905 1511 925 11011
1540 897 1682 925 mitterem
1709 906 1771 931 808,
1801 898 1851 926 sci—

1008 941 1071 970 licet
1092 942 1265 978 praedicare;
1287 943 1321 971 ad
1344 944 1491 972 Romanos:
1522 944 1670 979 Quomodo
1695 945 1851 981 praediea-

1009 987 1095 1022 bunc,
1116 989 1176 1017 nisi
1195 989 1373 1018 mittamur?
1394 990 1431 1018 Ad
1453 990 1604 1019 Hebraeos:
1620 990 1677 1019 Nec
1695 991 1852 1029 quisquam

1008 1035 1098 1063 sumit
1119 1035 1176 1063 sibi
1196 1035 1348 1069 honorem,
1370 1036 1419 1064 secl
1439 1037 1491 1074 qui
1511 1041 1634 1066 vocatur
1655 1046 1674 1066 a
1704 1038 1759 1066 Deo
1788 1042 1852 1066 tan-

1008 1090 1097 1119 quam
1121 1083 1223 1110 Aaron
1244 1086 1311 1117 etc.;
1334 1087 1361 1112 et
1381 1083 1509 1112 Christus
1529 1084 1594 1113 dicit
1615 1084 1641 1113 in
1665 1084 1778 1113 Ioanne:
1799 1084 1851 1113 Ne-

1008 1137 1062 1166 que
1082 1129 1159 1157 enim
1180 1138 1199 1157 α
1219 1139 1264 1158 me
1285 1130 1346 1167 ipso
1369 1131 1447 1165 ueni,
1468 1131 1518 1159 sed
1539 1132 1584 1160 itte
1604 1141 1648 1161 me
1675 1132 1772 1166 misit,
1801 1132 1852 1161 sci-

1009 1175 1072 1204 licet
1094 1176 1179 1204 Pater.
1204 1194 1238 1197 -—
1261 1178 1400 1211 Secundo,
1422 1179 1556 1216 superbi,
1579 1179 1644 1216 quia
1664 1187 1692 1208 se
1714 1179 1787 1216 ipsos
1808 1187 1851 1207 re-

1008 1225 1107 1259 putant
1127 1223 1223 1260 dignos
1244 1227 1270 1253 et
1292 1224 1418 1259 idoneos,
1440 1226 1474 1253 ad
1496 1226 1568 1263 quod
1600 1226 1670 1255 forte
1699 1234 1748 1254 nec
1780 1226 1853 1254 Deus

1009 1277 1059 1298 nec
1080 1270 1189 1299 Fratres
1217 1271 1259 1299 vel
1281 1272 1393 1308 praelati
1427 1272 1468 1301 sui
1498 1273 1620 1301 iudicant
1646 1281 1693 1302 eos
1724 1273 1850 1305 idoneos,

1009 1317 1080 1345 sicut
1101 1317 1185 1351 Core,
1207 1318 1254 1355 (1111
1276 1319 1363 1347 voluit
1384 1319 1434 1347 sibi
1467 1320 1650 1348 sacerdotium
1681 1320 1820 1349 vindicare
1831 1321 1850 1348 4.

1009 1380 1046 1383 —
1068 1364 1175 1398 Tertio,
1196 1365 1278 1393 stulti
1285 1388 1293 1398 ,
1315 1365 1395 1402 quia,
1418 1374 1480 1394 cum
1503 1366 1567 1394 talia
1588 1366 1678 1395 officia
1699 1367 1754 1395 sint
1774 1375 1852 1395 ocra-

1009 1411 1048 1439 sio
1070 1411 1227 1440 tentationis
1248 1420 1297 1448 per
1318 1412 1427 1441 inanem
1456 1413 1589 1450 gloriam,
1618 1414 1778 1448 avaritiam,
1808 1414 1847 1443 lu-

1008 1458 1136 1492 xuriam,
1158 1459 1269 1487 noxiam
1302 1459 1455 1488 libertatem
1488 1464 1515 1488 et
1546 1460 1669 1489 internae
1700 1461 1851 1489 devotionis

1008 1505 1218 1534 exstinctionem
1240 1509 1268 1534 et
1288 1506 1339 1534 alia
1361 1507 1441 1543 plura
1469 1507 1606 1544 pericula;
1638 1508 1712 1544 quod
1744 1508 1852 1545 ipsimet

1009 1552 1456 1590 301311110311103111011100111111,
1485 1554 1566 1583 nimis
1598 1555 1681 1583 stulte
1709 1562 1737 1583 se
1769 1555 1851 1584 tantis

1008 1599 1139 1636 periculis
1160 1600 1218 1629 sine
1239 1600 1400 1629 necessitate
1421 1604 1581 1638 exponunt,
1603 1610 1666 1630 cum
1682 1601 1777 1639 fugere
1794 1610 1851 1630 ma-

1007 1646 1049 1683 gis
1068 1646 1201 1675 deberent
1219 1655 1234 1675 a
1248 1647 1372 1684 periculo
1387 1656 1469 1684 quam
1485 1648 1552 1676 illud
1567 1651 1712 1685 appetere,
1728 1649 1851 1678 nescien-

1008 1696 1064 1727 tes,
1087 1702 1142 1730 quo
1163 1694 1242 1722 exitu
1263 1694 1381 1728 bellum,
1403 1694 1476 1731 quod
1492 1695 1542 1723 sibi
1559 1695 1712 1729 concitant,
1728 1695 1850 1724 finiatur.

1007 1757 1046 1761 —-
1066 1741 1186 1777 Quarto,
1207 1749 1265 1769 non
1286 1745 1387 1769 carent
1406 1750 1531 1770 rancore
1553 1742 1682 1770 invidiae
1696 1742 1739 1771 vel
1754 1746 1850 1771 contra

1007 1795 1054 1816 eos
1074 1787 1122 1824 qui
1144 1787 1177 1816 ad
1199 1788 1266 1816 haec
1281 1788 1370 1816 officia
1384 1796 1431 1817 eos
1446 1796 1610 1825 promovere
1624 1792 1741 1826 possunt
1754 1792 1782 1818 et
1796 1797 1850 1818 non

1007 1834 1127 1868 faciunt,
1150 1835 1191 1863 vel
1213 1835 1261 1872 qui
1282 1835 1352 1864 forte
1374 1835 1595 1872 impediverunt,
1624 1836 1791 1872 imputantes
1819 1836 1851 1864 il-

1007 1882 1098 1910 lorum
1120 1881 1326 1911 malevolentiae
1348 1882 1434 1919 magis
1448 1890 1530 1919 quam
1546 1890 1612 1911 suae
1627 1882 1849 1917 insufficientiae,

1006 1928 1080 1965 quod
1102 1936 1155 1957 11011
1178 1931 1386 1965 promoventur,
1407 1937 1470 1957 cum
1492 1929 1543 1966 ipsi
1565 1929 1616 1958 sibi
1645 1929 1791 1958 videantur
1816 1929 1850 1958 ad

1007 1975 1075 2004 haec
1095 1975 1233 2012 digniores
1254 1984 1337 2013 quam
1360 1975 1397 2004 illi
1409 1976 1430 2010 ⁵,
1451 1984 1521 2013 quos
1535 1975 1627 2005 vident
1642 1976 1695 2005 iam
1712 1979 1851 2013 promotos

1006 2029 1080 2056 esse,
1103 2022 1205 2059 quibus
1226 2022 1253 2050 in
1275 2022 1387 2051 scientia
1408 2025 1435 2051 et
1455 2022 1515 2051 aliis
1529 2030 1558 2051 se
1573 2025 1702 2059 reputant
1720 2022 1849 2060 aptiores.

1332 2101 1469 2137 QUAnsrio
1492 2101 1521 2129 V.

1047 2178 1108 2208 Cur
1130 2179 1252 2207 Fratres
1273 2179 1352 2208 toties
1373 2183 1483 2207 mittent
1500 2179 1650 2216 praelatos
1674 2179 1803 2208 Ordinis.

1083 2257 1152 2286 Cum
1173 2257 1342 2294 prudentum
1364 2257 1399 2286 sit
1420 2266 1473 2286 non
1495 2257 1592 2286 leviter
1613 2260 1763 2286 retractare
1779 2265 1849 2294 quae

1005 2304 1124 2338 faciunt,
1146 2304 1193 2333 sed
1214 2307 1277 2333 ante
1300 2304 1444 2341 diligenter
1468 2304 1621 2333 deliberare
1648 2304 1787 2339 facienda,
1815 2312 1850 2332 110

1005 2354 1099 2388 postea
1119 2354 1245 2388 oporteat
1265 2359 1407 2385 revocare,
1429 2353 1456 2379 et
1477 2359 1525 2380 vos
1546 2351 1625 2380 toties
1642 2351 1755 2380 mutetis
1770 2359 1849 2388 prae-

1005 2398 1074 2427 latos
1095 2397 1220 2432 Ordinis;
1243 2397 1371 2426 videmini
1393 2400 1442 2426 aut
1463 2397 1662 2427 inconsiderate
1681 2398 1848 2427 constituere

167 2614 175 2628 ²
193 2615 253 2638 Libr.
272 2616 287 2638 Ι.
305 2616 374 2644 Epist.
391 2616 458 2644 epist.
478 2616 505 2644 5,
522 2616 561 2639 ubi
580 2622 622 2644 pro
639 2615 721 2645 recipi!
738 2618 812 2638 textus
831 2616 949 2644 originalis

104 2653 196 2684 recepit.
218 2654 275 2677 Vide
292 2654 348 2677 ibid.
366 2655 403 2677 lV.
420 2655 485 2683 epist.
499 2655 535 2677 43.
549 2655 614 2683 (alias
631 2655 691 2684 4l.):
709 2655 776 2683 Apud
790 2655 886 2677 nolentis
902 2655 948 2676 ani-

105 2698 181 2720 mum,
198 2694 306 2722 quamvis
323 2694 352 2716 sit
368 2694 463 2716 evidens
480 2694 550 2721 ratio,
571 2695 627 2716 haec
652 2694 701 2721 ipsa
726 2693 871 2716 obstaculum
897 2700 948 2715 esse

104 2732 168 2754 solet.
185 2731 228 2755 Csr.
248 2733 292 2755 Vll.
309 2732 379 2760 Epist.
396 2733 462 2761 epist.
480 2733 506 2759 4,
524 2732 562 2755 ubi
580 2733 650 2761 episc.
668 2732 764 2760 Cyriaco
786 2733 888 2761 quietem
910 2732 947 2754 de·

104 2769 212 2793 sideranti
229 2770 296 2793 dicit:
316 2780 327 2790 α
339 2772 362 2794 Si
379 2771 438 2794 desit
454 2771 494 2800 qui
512 2771 641 2799 praedicet,
663 2770 821 2798 occupationis
842 2776 901 2793 onus
922 2769 947 2792 li-

104 2808 165 2832 benti
181 2816 274 2833 necesse
291 2813 325 2832 est
341 2811 438 2832 humero
455 2810 534 2833 subire
545 2819 571 2837 »3
590 2816 631 2838 pro
648 2816 695 2838 quo
707 2810 801 2832 adducit
814 2810 945 2837 exemplum

104 2848 223 2877 leremiae‚
239 2849 279 2878 (1111
296 2855 321 2871 30
338 2855 382 2871 11011
401 2849 509 2871 idoneum
527 2848 649 2877 reputabat
665 2848 694 2871 ad
711 2848 812 2871 officium
829 2850 852 2870 et
864 2849 947 2870 volun—

104 2887 142 2909 tati
160 2887 199 2909 Dei
216 2893 241 2910 se
257 2887 354 2910 subiecit
371 2888 422 2917 (ler.
443 2888 464 2916 l,
482 2889 503 2910 6.
521 2890 605 2916 seqq).
622 2888 684 2910 ldem
704 2888 834 2915 exemplum
852 2887 947 2909 adducit

104 2925 185 2953 Regul.
202 2927 309 2954 pastoral.
326 2932 350 2954 p.
368 2927 383 2949 l.
400 2933 419 2949 c.
436 2926 458 2948 7.
476 2930 498 2949 et
509 2927 615 2954 adiungit
626 2927 757 2954 exemplum
770 2926 853 2954 Moysis
865 2925 945 2955 [Exod.

105 2963 130 2992 3,
151 2964 185 2986 11.
202 2971 268 2994 seqq.
285 2968 307 2987 et
324 2965 351 2992 4,
369 2965 405 2987 10.
422 2966 510 2994 seqq),
531 2973 542 2986 ι
554 2966 593 2994 qui
617 2971 722 2993 praeesse
745 2967 820 2987 tantae
844 2965 946 2987 multitu-

104 3002 151 3025 dini
169 3003 264 3033 [populo
282 3003 411 3033 israelitico]
430 3007 452 3026 ct
469 3004 541 3026 noluit
558 3007 579 3026 et
603 3004 714 3027 obedivit.
739 3003 858 3032 Superbus
883 3004 944 3026 enim

196 3049 223 3073 S.
235 3050 327 3073 Bonav.
337 3062 368 3067 —
380 3050 449 3073 Tom.
459 3051 515 3073 Vlll.

1006 2617 1101 2638 sortasse
1117 2618 1188 2642 esset,
1205 2615 1223 2637 si
1240 2615 1350 2637 ducatum
1368 2614 1441 2644 plebis
1466 2615 1600 2638 innumerae
1623 2615 1672 2638 31110
1697 2616 1848 2644 trepidatione

1000 2647 1143 2682 'susciperem
1160 2657 1182 2676 et
1199 2660 1291 2676 rursum
1307 2653 1422 2682 superbus
1439 2654 1556 2682 existeret,
1581 2656 1599 2676 si
1626 2655 1725 2677 auctoris
1750 2655 1847 2682 imperio

1003 2693 1099 2715 obedire
1117 2696 1239 2715 recusaret.
1257 2692 1383 2721 Utrobique
1395 2699 1451 2721 ergo
1464 2693 1568 2721 humilis,
1582 2693 1705 2722 utrobique
1717 2693 1833 2716 subiectus
1844 2712 1848 2719 ,

1004 2735 1027 2755 et
1042 2738 1149 2760 praeesse
1167 2732 1258 2760 populis
1274 2732 1424 2760 semetipsum
1443 2732 1559 2755 metiendo
1576 2733 1660 2760 noluit,
1678 2735 1700 2755 et
1716 2735 1792 2755 tamen
1818 2733 1846 2755 di·

1005 2771 1138 2799 imperantis
1155 2770 1244 2793 viribus
1261 2771 1430 2799 praesumendo
1443 2771 1557 2794 consensit
1569 2780 1590 2794 ι».
1603 2771 1648 2794 Cir.
1661 2772 1758 2795 XXXV.
1770 2772 1847 2794 Moral.

1004 2816 1023 2832 0,
1044 2809 1079 2832 14.
1096 2816 1117 2831 11.
1135 2810 1174 2832 31.

1066 2848 1075 2861 ²
1092 2849 1148 2871 Edd.
1171 2850 1191 2877 1,
1210 2850 1223 2871 2
1240 2849 1348 2871 omittunt
1365 2849 1493 2878 incongrue
1510 2851 1544 2873 ut.

1066 2886 1075 2900 ’³
1092 2887 1147 2916 Cap.
1166 2888 1206 2916 23,
1225 2888 1249 2910 21
1262 2896 1267 2910 :
1284 2888 1332 2910 Non
1346 2888 1463 2910 mittebam
1477 2889 1612 2917 prophetas,
1626 2891 1648 2912 et
1660 2889 1703 2918 ipsi
1715 2889 1846 2912 currebant.

1002 2939 1034 2943 —
1050 2927 1106 2949 Tres
1123 2933 1188 2955 seqq.
1201 2927 1244 2949 loci
1256 2929 1309 2950 sunt
1320 2927 1385 2950 Rom.
1402 2928 1441 2955 10,
1457 2928 1495 2955 15;
1509 2928 1578 2951 Hebr.
1590 2928 1616 2956 5,
1630 2928 1649 2950 4.
1663 2931 1685 2951 01
1698 2929 1758 2951 ioan.
1771 2929 1792 2955 8,
1806 2928 1846 2955 42;

1003 2967 1042 2988 cfr.
1060 2965 1086 2993 7,
1104 2966 1141 2988 28.
1573 2966 1582 2979 ¹
1599 2968 1666 2990 Num.
1687 2968 1726 2994 16,
1745 2968 1764 2990 Ἰ1.
1782 2974 1846 2997 seqq.

1066 3003 1075 3016 ⁵
1092 3004 1149 3027 Edd.
1170 3006 1191 3033 1,
1210 3006 1223 3027 2
1240 3005 1329 3028 addunt
1345 3004 1381 3028 vel
1397 3005 1439 3028 illi.

1725 3053 1752 3075 46

1868 412 1895 430 tia
1911 416 1931 439 se
1947 416 1999 435 mge-

1868 437 1956 454 rentium.

1886 716 1975 735 Rationes
1988 716 1999 734 t

1869 741 1933 758 contra
1951 739 1998 758 tales

1870 765 1888 782 et
1904 763 1997 786 indignos.
