2133 3317
153 869 187 895 De·
194 868 254 886 inten-

175 894 233 911 tione.

145 1389 173 1407 De
186 1388 265 1415 circurn-

165 1415 247 1431 siamus.

152 1785 192 1804 liae
205 1785 263 1808 expli-

171 1810 244 1828 cantur.

279 227 335 256 624

276 307 340 332 enim
360 305 459 337 quidam
479 304 563 333 actus,
584 303 626 335 qui
645 303 673 327 de
690 302 783 326 natura
797 302 835 326 sui
849 301 943 325 bonum
956 299 1049 325 dicunt.
1063 299 1127 324 Sunt

276 351 333 379 alii,
353 349 395 380 qui
414 348 536 379 quantum
555 347 584 371 de
603 346 696 370 natura
721 345 762 370 sui
781 352 832 369 csse
857 343 1059 373 indifferentiam
1082 342 1127 366 ha-

276 393 336 418 bent
354 399 398 416 1100
417 391 474 416 boni
493 397 538 415 nec
556 390 616 414 mali
635 389 660 413 in
673 395 762 420 genere
775 388 852 412 moris
864 387 989 416 dicuntur,
1003 386 1032 410 ut
1044 386 1127 410 levare

276 436 397 461 festucam
417 434 441 459 et
459 433 609 458 huiusmodi.
629 431 693 457 Sunt
712 432 769 459 alii,
789 432 831 462 qui
850 431 878 455 de
901 430 993 454 natura
1019 429 1057 454 sui
1076 437 1128 453 ma-

278 480 331 504 lum
350 477 448 507 dicunt,
468 477 493 502 et
512 477 597 501 tamen
615 476 700 507 aliqua
718 475 747 499 (10
766 482 841 499 causa
860 474 899 498 vel
918 473 967 498 fine
990 472 1128 498 bonitatem

277 523 353 547 moris
373 521 458 547 sortiri
478 519 598 552 possunt,
617 520 646 544 ut
665 519 772 544 occidere
785 518 924 547 hominem,
938 516 1003 548 quod
1016 516 1127 548 quidem,

279 565 400 590 existente
420 564 532 593 iustitia,
551 563 615 588 bono
634 562 705 587 modo
724 562 779 586 fieri
798 560 894 592 potest,
914 560 972 584 licet
991 560 1019 584 de
1039 559 1078 584 sui
1090 566 1129 590 ge-

277 617 336 633 nere
354 608 448 632 malurn
468 606 541 631 (licat.
572 605 636 631 Sunt
663 605 747 630 autem
775 604 908 629 secundum
938 601 1127 634 Augustinum¹

278 653 334 681 alii,
354 652 396 683 qni
414 651 450 675 ita
470 649 563 674 habent
590 648 773 674 deformitatem
801 655 937 676 annexam,
968 646 1032 677 quod
1060 646 1130 671 nullo

279 696 342 721 bono
362 694 411 719 fine
430 694 469 719 vel
488 692 627 718 intentione
647 691 754 723 possunt
772 691 826 715 fieri
846 698 890 715 nec
908 690 1040 714 facientem
1059 697 1130 714 excu-

279 746 348 767 sare,
368 738 398 762 ut
416 737 534 762 fornicari
552 736 592 760 vel
611 735 762 760 iniustitiam
789 734 883 763 facere,
911 733 952 758 vel
979 733 1130 758 adulterium

280 780 441 809 committere,
461 779 501 804 vel
520 778 669 803 huiusmodi.

351 824 404 848 Hoc
422 823 501 854 igitur
520 823 585 846 circa
603 821 677 846 istam
698 820 829 845 materiam
849 820 887 845 est
906 819 1046 848 sciendum,
1066 819 1131 850 quod

280 867 414 893 secundum
434 866 592 891 Ambrosium
603 864 611 877 ²
631 875 643 887 «
653 864 756 889 affectus
769 871 858 889 nomen
871 864 938 895 operi
952 862 1092 894 imponit»,
1107 862 1132 887 et

280 920 308 936 ex
327 911 465 936 intentione
484 917 559 941 opera
577 909 727 933 iudicantur.
757 907 826 937 Quod
854 907 951 939 quidem
980 907 1008 931 de
1036 906 1131 930 (luobus

280 956 367 987 primis
396 954 529 986 generibus
560 953 661 978 actuum
693 952 814 983 intelligit
844 951 1005 980 Ambrosius,
1039 949 1132 974 scilicet

279 998 377 1030 quando
397 1005 459 1029 opus
479 997 573 1021 bonum
592 996 643 1025 est,
664 996 703 1020 vel
723 994 882 1024 indifferens.
902 995 927 1019 Si
952 995 1015 1019 enim
1041 993 1132 1024 aliquis

279 1041 417 1066 intentione
436 1041 518 1065 inanis
537 1040 632 1071 gloriae
651 1038 738 1070 pascat
757 1045 906 1069 pauperem,
926 1037 966 1062 vel
985 1044 1013 1061 ex
1026 1036 1132 1061 contem-

281 1086 326 1117 ptu
346 1085 466 1110 festucam
486 1084 581 1114 erigat·⁷
601 1090 630 1107 ex
650 1082 715 1106 mala
734 1081 872 1106 intentione
892 1080 1003 1112 procedit
1022 1080 1046 1105 et
1059 1079 1133 1104 ratio-

280 1135 337 1153 nem
357 1127 447 1151 radicis
467 1126 581 1151 sortitur.
600 1125 631 1149 In
651 1124 699 1149 alio
718 1123 803 1148 autem
830 1131 920 1155 genere
949 1123 1050 1148 actuum
1080 1122 1133 1147 sola

281 1170 348 1195 iusta
366 1170 472 1195 intentio
493 1176 555 1200 opus
574 1168 665 1193 bonum
685 1167 764 1191 facere
784 1166 875 1197 potest.
895 1167 925 1191 In
946 1166 1036 1197 quarto
1049 1165 1133 1190 autem

280 1222 370 1247 genere
389 1214 490 1238 actuum
509 1212 579 1236 nulla
597 1211 704 1236 intentio
723 1211 763 1235 vel
781 1210 839 1235 finis
853 1210 936 1241 potest
949 1210 1029 1234 facere
1041 1209 1133 1234 bonum

281 1257 378 1286 actum3
399 1262 552 1287 quarumque
571 1255 636 1279 enim
654 1254 792 1278 intentione
811 1253 866 1284 quis
885 1252 1074 1278 fornicationem
1094 1252 1134 1276 vel

281 1300 364 1326 actum
384 1299 502 1324 adulterii
520 1297 675 1326 committat,
694 1296 840 1321 nullatenus
859 1296 1000 1321 excusatur.

352 1343 377 1368 4.
397 1343 451 1367 Hoc
469 1342 544 1367 etiam
563 1342 627 1366 circa
646 1340 721 1365 istam
734 1339 848 1364 arborem
862 1339 900 1364 est
913 1339 1053 1367 sciendum,
1069 1337 1134 1369 quod

283 1389 390 1412 truncus
410 1386 483 1410 istius
502 1385 613 1413 arboris,
632 1384 702 1408 mimi
721 1383 746 1407 et
764 1382 865 1413 fructus
885 1390 940 1407 cum
959 1382 1029 1411 foliis
1042 1389 1071 1406 ex
1083 1381 1135 1412 <iui-

282 1430 387 1455 busdam
406 1427 608 1453 circnzitstantiis
627 1426 795 1458 quantitatem
814 1425 961 1455 assumunt,
981 1424 1046 1449 sicut
1059 1424 1134 1449 mate-

282 1474 352 1498 rialis
372 1473 446 1497 arbor
465 1480 493 1497 ex
513 1471 664 1502 sterquilinii
678 1470 702 1494 et
715 1469 882 1500 corruptionis
895 1469 1034 1493 intensione
1046 1468 1073 1492 111
1086 1467 1135 1492 fru-

281 1517 363 1542 ctibus
382 1516 407 1541 et
426 1516 482 1540 aliis
501 1514 590 1546 recipit
608 1513 802 1541 incrementum,
827 1512 961 1537 secundum
986 1511 1051 1543 quod
1076 1510 1135 1535 dicit

282 1561 384 1586 colonus
403 1560 444 1584 ille
464 1559 544 1584 Lucae
563 1558 654 1583 decimo
674 1556 749 1582 tertio
760 1555 778 1580 ³.
798 1556 852 1581 Hae
871 1556 955 1580 autem
974 1554 1135 1580 circumstan—

282 1604 332 1629 tiae
351 1604 376 1628 in
395 1603 443 1627 isto
463 1602 584 1627 versiculo
605 1600 778 1626 continentur:

326 1694 384 1722 Quo,
397 1692 456 1721 (11115,
469 1691 516 1720 ubi,
528 1697 581 1713 cuin
594 1696 649 1719 quo,
661 1689 759 1718 quoties,
771 1695 821 1716 cur,
833 1688 961 1717 quomodo,
974 1687 1076 1716 quando.

287 1781 357 1814 Quo,
376 1780 470 1805 motivo
482 1778 491 1791 ⁴
511 1778 613 1810 supple,
627 1777 712 1802 utrum
726 1784 755 1801 ex
768 1774 906 1800 tentatione
919 1775 1005 1806 gravi,
1019 1774 1059 1798 vel
1073 1773 1134 1803 levi,

283 1825 323 1850 vel
341 1824 425 1853 nulla,
447 1823 468 1848 si
486 1822 596 1852 malitia,
616 1820 777 1849 infirmitate,
807 1819 846 1844 vel
873 1818 1025 1850 ignorantia.
1057 1817 1132 1850 Quis,

283 1869 308 1893 111
323 1875 438 1900 persona
464 1866 607 1898 praelatus,
627 1865 744 1893 clericus,
764 1863 803 1888 vel
822 1863 878 1887 aliis
891 1863 917 1887 in
936 1862 1074 1893 exemplum
1095 1868 1136 1892 po-

285 1912 362 1941 situs,
382 1910 536 1942 Religiosus.
557 1909 596 1933 vel
614 1907 770 1936 huiusmodi,
790 1907 815 1930 in
835 1906 925 1937 quibus
944 1904 1070 1936 peccatum
1091 1912 1136 1936 ag-

283 1955 385 1987 gravari
405 1953 488 1985 potest
507 1952 603 1977 ratione
623 1958 751 1983 personae.
776 1949 841 1981 Ubi,
862 1949 955 1974 scilicet
974 1949 999 1973 in
1025 1948 1078 1973 loco
1099 1955 1136 1972 sa-

284 2006 338 2027 cro,
357 1998 397 2023 vel
416 1997 552 2026 communi,
572 1995 609 2020 ita
628 1995 693 2026 quod
713 1994 806 2019 malum
835 1993 916 2024 possit
943 1992 1000 2016 aliis
1028 1998 1081 2016 esse
1109 1991 1135 2015 111

284 2042 431 2073 exemplum.
455 2039 519 2066 Cum
538 2047 603 2071 quo,
623 2039 717 2063 scilicet
736 2039 757 2063 si
776 2037 868 2062 multos
888 2036 919 2061 ad
939 2036 1018 2060 simile
1041 2035 1135 2059 malum

284 2085 370 2110 traxit.
393 2083 510 2116 Quoties,
531 2083 552 2107 si
570 2082 659 2107 habuit
677 2080 888 2106 consuetudinem.
906 2078 967 2110 Cur,
982 2078 1075 2103 scilicet
1088 2084 1136 2109 quo

284 2128 333 2153 fine
352 2127 392 2152 vel
413 2125 564 2155 intentione,
583 2124 642 2149 licet
661 2125 724 2149 enim
744 2123 838 2148 malum
858 2122 936 2147 facere
962 2121 1031 2145 bomo
1054 2120 1137 2145 inten—

284 2172 350 2196 tione
369 2177 418 2195 non
440 2168 539 2194 excuset
558 2176 572 2192 a
592 2168 658 2198 toto,
678 2167 761 2191 tamen
781 2164 883 2190 excusat
902 2172 916 2189 a
940 2165 1028 2193 tcmt0;
1053 2163 1137 2187 simili-

284 2214 323 2239 ter
342 2213 417 2238 etiam
437 2212 461 2237 et
476 2218 600 2242 perversa
615 2209 767 2239 intentione,
781 2207 906 2240 aggravat
920 2206 1055 2238 peccatum.
1073 2206 1137 2237 Quo-

285 2257 359 2282 modo
367 2276 375 2288 ,
395 2255 488 2281 scilicet
507 2255 528 2279 si
547 2253 610 2279 forte
629 2253 728 2278 modum
742 2259 835 2277 novum
847 2251 887 2275 vel
898 2249 907 2262 ⁵
922 2248 1070 2274 effrenatum
1084 2256 1137 2279 pec-

285 2300 335 2326 cati
353 2299 457 2325 invenit.
480 2297 602 2331 inamlo,
622 2296 652 2321 ut
671 2297 692 2321 si
710 2295 776 2320 forte
795 2294 894 2325 tempus
914 2300 1012 2317 sacrum
1032 2292 1072 2316 vel
1085 2299 1137 2316 ora-

286 2344 348 2369 tioni
366 2341 515 2374 deputatum
534 2341 560 2365 in
579 2339 679 2372 peccato
698 2338 823 2370 expendit.
842 2336 906 2362 Sunt
919 2336 1003 2361 autem
1017 2335 1079 2360 aliae
1093 2335 1137 2359 cir-

286 2386 467 2415 cumstantiae,
487 2391 550 2416 quae
569 2383 701 2415 specialem
720 2382 826 2413 speciem
845 2379 906 2404 dant
925 2379 1040 2410 peccato,
1059 2377 1089 2402 ut
1101 2384 1138 2402 co-

285 2437 403 2462 gnoscere
422 2435 523 2453 uxorem
548 2426 653 2451 alterius
681 2425 706 2450 et
734 2424 838 2453 similia,
868 2430 931 2454 quae
959 2421 1104 2447 nullatenus
1123 2428 1138 2445 a

286 2472 420 2498 confitente
440 2470 522 2496 omitti
540 2469 630 2495 debent
655 2469 680 2493 et
699 2468 797 2500 plenius
810 2467 836 2491 in
848 2466 945 2491 arboris
967 2464 1138 2496 prosecutione

287 2515 417 2548 patebunt.

686 222 883 252 OPUSCULUM
905 222 934 250 ΙΙ.
957 220 1129 250 SPECULUM
1150 220 1396 249 CONSCIENTIAE.
1419 219 1622 248 PROOEMIUM.

2112 164 2114 255 i

1255 299 1277 323 5.
1300 299 1369 328 Quod
1388 299 1485 328 autem,
1505 298 1534 322 ut
1552 298 1602 322 iam
1623 304 1700 328 supra
1717 296 1810 322 dictum
1829 296 1881 326 est,
1901 297 2033 321 secundum
2046 303 2133 328 Quoiam„

1184 342 1333 373 Apostolum
1344 341 1354 354 θ
1374 342 1437 366 rami
1455 341 1480 367 et
1499 341 1596 366 fructus
1615 348 1643 365 ex
1659 341 1747 365 radice
1760 340 1910 371 pensantur,
1931 340 1993 364 satis
2006 340 2034 365 de

1184 385 1251 410 facili
1270 385 1354 416 potest
1373 385 1476 416 quisque
1496 384 1660 415 perpendere,
1681 384 1701 408 si
1722 383 1850 414 peccatum
1863 383 1916 407 eius
1930 383 2034 407 radicem

1185 428 1317 453 mortalem
1335 428 1441 457 habeat3
1461 427 1485 452 et
1505 427 1614 458 ponatur
1633 428 1658 451 in
1678 427 1831 457 exemplum:
1861 426 1943 451 videre
1972 427 2035 451 enim

1186 472 1312 496 mulierem
1333 471 1361 496 de
1381 479 1406 496 se
1426 478 1475 496 non
1494 470 1571 495 habet
1596 470 1718 495 rationem
1746 469 1841 501 peccati
1869 476 1913 494 1100
1942 469 2035 494 etiam⁷

1186 515 1303 546 tangere3
1323 514 1349 539 et
1367 514 1465 543 tamen,
1487 514 1507 538 si
1527 514 1555 538 de
1576 513 1657 538 radice
1675 513 1788 538 luxuriae
1803 512 1920 544 procedat
1933 512 2036 544 directe,

1177 559 1255 583 >cuius
1274 558 1361 582 malus
1374 557 1476 582 habitus
1495 556 1560 581 latet
1578 556 1698 585 interius,
1726 557 1764 581 est
1792 556 1906 581 mortale.
1935 555 2037 585 Quando

1186 601 1270 626 autem
1289 601 1366 626 radim
1384 600 1506 625 rationem
1526 599 1641 624 mortalis
1659 598 1765 628 habeat,
1784 599 1810 623 in
1830 598 2000 630 prosecutione
2013 598 2038 623 et

1186 644 1334 669 formatione
1353 644 1450 668 arboris
1469 642 1562 674 poterit
1581 642 1679 673 plenius
1699 642 1857 673 pertractari.
1876 641 1929 666 Hoc
1954 641 2037 667 autem

1187 688 1262 717 adde,
1283 688 1347 719 quod
1366 687 1429 711 iilud
1447 686 1553 711 mortale
1572 693 1601 710 ex
1620 693 1664 710 5110
1681 692 1773 716 ⁴crevier-c
1798 684 1895 713 dicitur,
1919 685 1984 716 quod
2003 685 2037 709 cli-

1187 732 1252 755 rcctc
1272 731 1310 755 est
1329 730 1416 755 contra
1435 729 1528 758 Deum,
1550 729 1588 753 vel
1603 728 1750 759 proximum.
1763 728 1867 752 Directc
1880 727 1963 752 autem
1977 728 2037 758 dico,

1188 775 1259 806 quia,
1280 773 1344 798 sicut
1363 774 1388 797 111
1408 772 1533 797 materiali
1551 771 1639 796 arbore
1659 778 1687 795 ex
1706 771 1795 795 trunco
1814 771 1853 795 vel
1872 771 1949 795 ramis
1967 777 2038 802 quae-

1188 818 1244 842 dam
1264 816 1443 848 pullulationes
1463 815 1583 839 indirecte
1608 814 1758 845 procedunt,
1786 821 1849 845 quas
1877 813 2038 838 adulterinas

1188 868 1318 890 vocamus,
1338 860 1374 884 ita
1394 867 1422 884 ex
1441 858 1522 883 radice
1542 858 1622 882 malae
1641 857 1794 886 voluntatis,
1821 864 1894 888 quam
1920 857 2039 888 concrepi-

1188 904 1313 929 scentiam
1332 903 1502 931 nominamus,
1522 902 1603 926 multa
1622 901 1716 925 semina
1735 900 1873 931 prodeunt,
1893 907 1956 931 quae
1976 900 2039 925 dire-

1188 948 1225 971 cte
1244 946 1331 971 contra
1351 946 1430 970 Deum
1449 945 1488 970 vel
1508 945 1647 976 proximum
1668 951 1717 969 non
1737 943 1846 973 faciunt,
1867 943 1909 967 secl
1927 943 2040 974 aliquali-

1189 991 1227 1015 ter
1247 990 1384 1019 imlircctc,
1403 989 1428 1014 et
1446 989 1508 1013 talia
1526 988 1638 1013 venialia
1657 987 1844 1018 nuncupantur,
1869 986 1940 1011 Unde
1965 986 2040 1011 etiam

1189 1033 1382 1062 advertendum,
1403 1032 1468 1063 quod
1487 1031 1568 1056 multa
1595 1031 1658 1055 talia
1686 1030 1814 1061 ponuntur
1839 1030 1866 1054 in
1893 1029 2040 1054 formatione

1188 1077 1263 1101 istius
1281 1076 1392 1105 arboris,
1412 1083 1487 1107 quae,
1507 1075 1565 1099 licet
1583 1075 1609 1099 in
1629 1082 1654 1099 se
1673 1074 1698 1098 et
1716 1074 1741 1098 in
1763 1081 1806 1098 5110
1821 1080 1911 1105 genere
1924 1072 2041 1098 mortalia

1189 1127 1238 1144 non
1258 1119 1381 1148 dicantur,
1402 1118 1499 1147 tamen,
1520 1118 1551 1142 ad
1570 1125 1641 1142 suam
1670 1117 1777 1141 radicem
1805 1116 1886 1141 relata
1911 1115 1936 1140 et
1963 1115 2041 1140 eidem

1190 1162 1334 1192 coniuncta,
1354 1161 1461 1193 possunt
1479 1161 1570 1185 habere
1589 1160 1710 1185 rationem
1730 1159 1853 1185 mortalis.

1261 1206 1286 1230 6.
1305 1205 1374 1230 Licet
1393 1205 1476 1230 autem
1496 1204 1626 1236 contingat
1644 1203 1784 1232 interdum,
1804 1202 1869 1234 quod
1887 1210 1965 1227 unum
1979 1209 2041 1233 opus

1191 1249 1216 1274 et
1234 1249 1297 1274 idem
1317 1257 1346 1273 ex
1364 1249 1469 1273 diversis
1489 1248 1596 1279 peccatis
1608 1246 1616 1259 Β
1636 1246 1724 1271 trahat
1743 1247 1877 1277 originem,
1902 1245 1932 1270 ut
1951 1252 2041 1277 percu-

1191 1294 1241 1317 tere
1261 1300 1289 1317 ex
1308 1291 1424 1323 superbia
1443 1291 1468 1316 et
1486 1291 1580 1315 invidia
1599 1290 1624 1315 et
1641 1291 1680 1315 ira
1698 1289 1782 1321 potest
1799 1288 1943 1320 procedere,
1957 1288 2041 1313 tamen

1191 1336 1254 1360 idem
1274 1335 1345 1360 actus
1364 1336 1389 1359 in
1408 1334 1496 1359 arbore
1516 1333 1661 1358 nullatenus
1679 1333 1794 1357 iteratur.
1814 1332 1861 1357 Sed
1879 1339 1937 1356 vere
1962 1332 2042 1362 poeni-

1191 1380 1247 1404 tens
1267 1379 1363 1403 arboris
1383 1378 1509 1409 inspector
1527 1376 1660 1408 diligenter
1678 1376 1809 1405 advertat,
1829 1375 1919 1407 quibus
1938 1382 1967 1400 ex
1982 1381 2044 1399 cau-

1191 1423 1228 1448 sis
1247 1423 1271 1447 ct
1288 1421 1420 1446 radicibus
1439 1421 1511 1446 actus
1530 1421 1572 1445 ille
1591 1419 1734 1445 inveniatur
1753 1419 1780 1443 in
1792 1419 1861 1450 ipso3
1874 1418 1950 1450 digna
1968 1418 2043 1443 etiam

1191 1465 1368 1491 deliberatione
1393 1464 1532 1490 consideret
1544 1470 1714 1495 proqrcssum
1730 1462 1845 1494 peccati,
1864 1460 1984 1493 quomodo
2003 1467 2044 1485 ra-

1192 1509 1233 1533 dix
1252 1508 1463 1539 concupiscentiae
1482 1506 1662 1539 germinaverit
1680 1506 1705 1530 in
1724 1505 1779 1536 ipso
1798 1504 1823 1529 et
1842 1504 1871 1529 de
1883 1503 2044 1528 circumstan-

1191 1553 1248 1583 tiis,
1268 1552 1297 1577 de
1315 1552 1405 1583 quibus
1424 1551 1539 1582 superius
1559 1550 1597 1575 est
1617 1556 1769 1581 expressum.
1788 1548 1822 1572 Et
1845 1548 1866 1572 si
1890 1547 1919 1572 de
1941 1546 2042 1578 fructu,

1192 1596 1221 1620 de
1241 1595 1313 1625 foliis
1326 1595 1365 1620 vel
1378 1595 1461 1619 ramis
1480 1594 1577 1619 arboris
1596 1601 1621 1618 se
1640 1592 1773 1618 comedisse
1786 1590 1916 1620 advertat,
1930 1598 1974 1622 per
1987 1597 2044 1615 con-

1192 1639 1324 1664 fessionem
1343 1638 1455 1667 evomat,
1474 1638 1504 1662 ut
1522 1638 1620 1662 animae
1648 1635 1777 1667 recuperet
1805 1634 1949 1659 sanitatem.
1976 1633 2044 1658 Haec

1193 1682 1231 1707 est
1250 1682 1315 1706 enim
1334 1681 1416 1711 arbor,
1437 1681 1465 1705 de
1485 1681 1554 1705 cuius
1573 1679 1657 1705 fructu
1676 1677 1804 1703 mortifero
1829 1676 1981 1709 protoplasti
2003 1683 2044 1707 pa-

1192 1725 1276 1750 rentes
1295 1724 1383 1750 contra
1402 1724 1562 1755 praeceptum
1581 1723 1671 1747 summi
1695 1722 1783 1746 Medici
1808 1718 1996 1753 gustaverunt⁹
2020 1719 2045 1744 et

1192 1768 1297 1794 mortem
1317 1768 1412 1799 experti
1431 1767 1504 1797 sunt,
1525 1774 1599 1798 quam
1618 1766 1649 1790 ad
1668 1765 1781 1797 posteros
1795 1763 1998 1789 transmiserunt.
2011 1762 2045 1787 Et

1192 1812 1252 1837 haec
1270 1812 1309 1836 est
1329 1811 1415 1841 arbor,
1435 1817 1515 1842 Quae,
1535 1809 1669 1835 secundum
1688 1808 1858 1833 testimonium
1879 1806 2004 1831 Matthaei
2014 1804 2044 1836 ²⁰,

1193 1856 1323 1881 excidetur
1341 1856 1365 1879 ct
1384 1855 1411 1879 iu
1429 1854 1515 1885 iyncm
1534 1853 1658 1878 mittetur.

1266 1898 1289 1922 7.
1308 1898 1355 1922 His
1374 1898 1453 1929 igitur
1466 1896 1626 1928 praelibatis,
1642 1895 1755 1920 arborem
1769 1893 1943 1925 imaginariam
1956 1892 2045 1917 descri-

1192 1942 1294 1971 bamus,
1313 1942 1339 1966 in
1358 1941 1428 1965 cuius
1448 1940 1529 1964 radice
1549 1939 1582 1964 sit
1600 1939 1645 1963 illa
1662 1937 1778 1969 Apostoli
1791 1936 1941 1962 auctoritas:
1955 1935 2045 1961 Radix

1193 1985 1307 2011 omnium
1325 1984 1456 2009 malorum
1481 1982 1609 2014 cupiditas
1620 1981 1650 2007 ¹¹.
1668 1996 1704 1999 -—
1723 1981 1841 2006 Truncus
1868 1979 1952 2004 autem
1971 1978 2045 2003 istius

1192 2029 1289 2053 arboris
1308 2027 1394 2052 taliter
1414 2026 1584 2056 describatur,
1604 2025 1669 2056 quod
1688 2024 1720 2049 ab
1739 2023 1917 2055 imaginatione
1937 2022 2046 2053 incipiat

1193 2073 1218 2097 et
1237 2073 1263 2097 in
1281 2071 1444 2096 delectatione
1463 2077 1562 2095 morosa
1580 2076 1635 2094 cum
1654 2068 1799 2093 adversione
1818 2066 1922 2098 periculi
1941 2065 1975 2090 sit
1993 2065 2045 2090 eius

1192 2115 1317 2146 medium,
1338 2115 1363 2139 et
1381 2115 1407 2139 in
1426 2120 1548 2138 consensu
1566 2112 1659 2143 duplici
1673 2111 1832 2141 terminetur,
1846 2108 1940 2134 scilicet
1952 2109 1978 2133 in
1991 2115 2045 2133 con-

1193 2166 1268 2183 sensu
1286 2159 1312 2183 in
1331 2157 1519 2182 delectationem
1548 2155 1573 2180 et
1599 2155 1625 2180 in
1653 2162 1729 2186 opus,
1749 2153 1883 2178 secundum
1902 2151 1967 2183 quod
1990 2158 2046 2182 pro-

1192 2209 1295 2234 gressus
1314 2200 1408 2232 peccati
1427 2200 1542 2231 superius
1561 2198 1600 2223 est
1618 2204 1759 2229 expressus.
1779 2196 1842 2226 Quia
1865 2195 1949 2220 autem
1974 2201 2045 2220 omne

1193 2244 1321 2277 peccatum
1339 2244 1380 2269 vel
1400 2242 1562 2275 cogitatione,
1573 2241 1623 2266 ’vel
1641 2241 1779 2270 locutione,
1799 2240 1840 2264 vel
1858 2246 1931 2270 opere
1956 2245 2044 2269 perpe-

1193 2288 1286 2317 tratur,
1306 2287 1344 2316 et,
1365 2285 1430 2311 sicut
1449 2293 1526 2316 supra
1546 2284 1679 2316 probatum
1699 2283 1751 2313 est,
1770 2283 1797 2307 in
1818 2289 1892 2307 ramo
1917 2280 1984 2305 mala
2001 2287 2045 2305 vo-

1193 2331 1280 2356 luntas
1299 2329 1465 2362 significatur,
1485 2329 1511 2353 in
1530 2327 1603 2352 verbo
1631 2327 1715 2352 autem
1743 2325 1829 2351 folium
1854 2324 1879 2349 et
1903 2323 2001 2348 fructus
2018 2323 2046 2348 in

1195 2382 1284 2406 opera·
1302 2373 1355 2398 ideo
1375 2373 1457 2398 omnia
1477 2371 1591 2403 peccata,
1611 2378 1674 2402 quae
1692 2371 1718 2394 in
1737 2375 1873 2400 progressu
1898 2365 2044 2396 occurrunt,

1195 2425 1257 2450 quae
1276 2417 1308 2442 ad
1326 2416 1503 2448 cogitationem
1522 2414 1663 2446 pertinent,
1683 2420 1727 2444 per
1750 2412 1850 2437 modum
1874 2411 1957 2442 rami,
1982 2417 2045 2441 quae

1195 2469 1253 2487 vero
1272 2461 1303 2485 ad
1320 2460 1470 2485 locutionem
1489 2465 1534 2489 per
1551 2457 1650 2482 modum
1669 2455 1799 2486 foliorum,
1819 2461 1881 2486 quae
1905 2453 1988 2478 autem
2013 2452 2045 2477 ad

1195 2512 1258 2537 opus
1277 2512 1321 2536 per
1340 2503 1439 2528 modum
1458 2501 1590 2532 fructuum
1609 2501 1634 2525 in
1652 2500 1739 2525 arbore
1752 2497 1933 2524 describantur.
1945 2511 1980 2515 --
1999 2495 2045 2521 Sed

352 2728 359 2741 ¹
379 2729 410 2751 De
427 2729 501 2750 Sei-in.
519 2728 585 2749 Doni.
602 2727 625 2748 in
643 2728 733 2753 monte,
751 2731 771 2747 c.
792 2725 826 2746 18.
843 2730 864 2745 n.
883 2723 921 2745 59.
938 2726 961 2745 et
977 2723 1007 2744 de
1018 2721 1067 2744 Lib.
1080 2720 1136 2743 Arb.

289 2767 309 2784 c.
327 2761 347 2783 3.
367 2767 388 2782 n.
406 2760 427 2782 (1,
444 2772 475 2776 -—
493 2758 604 2786 Superius
620 2763 663 2786 pro
682 2756 740 2779 bono
758 2754 827 2778 morlo
845 2755 898 2777 Vnt.
916 2753 1012 2777 bonum.

352 2790 361 2803 ²
379 2791 429 2813 Lib.
446 2792 461 2813 l.
479 2790 508 2813 de
525 2789 622 2816 Officiis,
640 2795 660 2811 c.
677 2788 714 2810 30.
732 2794 755 2810 n.
774 2787 825 2809 1147.
845 2787 876 2808 De
894 2785 1020 2808 intentione
1037 2785 1078 2806 csr.
1096 2784 1137 2805 Bo-

289 2830 353 2851 nan,
372 2824 393 2844 li.
413 2824 473 2844 sent.
492 2821 514 2844 d.
529 2821 564 2843 40.
577 2827 597 2843 u.
612 2821 632 2843 1.
643 2822 666 2842 ei
677 2820 699 2842 (1.
713 2819 751 2842 38.
764 2831 796 2835 —·
809 2818 865 2840 inira
877 2820 930 2845 posi
941 2816 1028 2840 scilicet
1040 2814 1136 2845 quando

290 2855 342 2877 Vnt.
359 2854 441 2876 omittit
458 2859 525 2882 opus.
1003 2846 1012 2859 ³
1030 2847 1096 2869 Vers.
1115 2847 1135 2868 8.

352 2885 362 2897 4
380 2886 430 2907 Vai.
447 2883 530 2912 modo,
547 2886 569 2906 01
586 2884 642 2905 infra
659 2883 766 2905 omittens
777 2881 803 2904 in
815 2883 867 2903 ante
875 2885 994 2909 persona,
1007 2881 1060 2907 post
1069 2883 1137 2907 prae·

291 2916 354 2940 luteis
372 2917 436 2938 addit
452 2915 488 2938 ‘eei
505 2914 644 2942 ordinatus,
663 2916 732 2943 atque
751 2915 803 2941 post
819 2911 874 2935 aliis
891 2912 1019 2939 incongrue
1041 2909 1075 2932 Dei
1087 2907 1137 2931 alii.

290 2948 336 2971 Cir.
354 2951 408 2970 tom.
428 2947 464 2969 IV.
482 2953 537 2974 pag.
558 2946 613 2974 400,
631 2948 683 2968 11010
702 2945 723 2967 1.

354 2978 363 2990 ⁵
382 2979 431 3000 Vai.
448 2978 530 3006 repetii.
546 2976 644 3000 modam
662 2983 703 3005 pro
720 2975 765 2999 vel.
790 2976 842 2997 Ρο5ι
863 2973 975 3003 expendit
1000 2972 1050 2995 cod.
1077 2976 1138 3000 quae

291 3012 419 3039 sequuntur
436 3009 519 3031 omittit
536 3011 557 3030 01
583 3009 651 3030 eiiam
670 3008 744 3036 prima
770 3006 842 3029 verba
867 3005 960 3028 numeri
977 3005 999 3026 5.
1017 3008 1092 3032 usque
1109 3002 1138 3024 ad

289 3040 421 3065 secundum
439 3039 585 3069 Apostolum.

1256 2718 1266 2730 ⁵
1283 2719 1350 2740 Rom.
1373 2719 1411 2743 11,
1434 2716 1466 2738 16.
1485 2715 1530 2738 Csr.
1547 2720 1617 2742 snpra
1636 2719 1690 2742 pag.
1708 2713 1750 2739 23,
1768 2714 1820 2734 nota
1840 2711 1861 2733 [1.

1257 2749 1265 2762 ⁷
1282 2751 1305 2784 ln
1324 2749 1376 2792 yfflss
1393 2749 1457 2770 deest
1474 2746 1558 2789 ebioni,
1570 2747 1636 2787 *quae
1653 2750 1724 2780 supra
1736 2744 1800 2771 ponit
1811 2741 1881 2796 haget
1890 2748 1933 2794 ¹pro
1945 2740 2042 2769 habeat,

1193 2784 1216 2804 et
1229 2782 1335 2834 pzmaeiyt.
1343 2779 1596 2839 ,pbinijiitetnashsseci'xgtae
1597 2775 1718 2836 ,8111ὲο11180
1725 2775 1883 2833 Ἑῖἐνίἓεῖῃῖο
1895 2810 1926 2827 0oe
1937 2802 2043 2826 diversis.

1257 2843 1267 2856 ς,
1307 2844 1311 2848 .

1257 2843 1350 2902 1018ἓέ.
1361 2841 1502 2901 ῼῚῗῃῖῐὲῗῖ-Ξ”
1515 2872 1566 2894 Vat.
1583 2870 1648 2893 addit
1665 2870 1686 2892 et
1702 2867 1807 2896 ardebit,
1825 2867 1889 2896 quod
1900 2866 1933 2888 ibi
1949 2866 1973 2888 111
1985 2865 2045 2888 Scri-

1195 2910 1261 2935 ptura
1279 2906 1352 2928 deest.

1258 2937 1277 2950 11
1295 2938 1348 2960 Loc.
1366 2936 1403 2958 cit.
1421 2937 1436 2958 1.
1455 2935 1515 2957 Tim.
1532 2934 1557 2961 6,
1576 2933 1612 2955 10.
1630 2945 1661 2948 —-
1678 2932 1736 2954 Infra
1749 2937 1791 2959 pro
1804 2929 1882 2953 taliter
1895 2927 2043 2951 describatur

1195 2969 1247 2992 cod.
1265 2970 1300 2992 cst
1316 2967 1382 2991 maia.
1399 2966 1517 2993 voluntas,
1538 2964 1617 2988 taliter
1631 2962 1751 2993 procedit,
1769 2962 1809 2991 qui
1832 2959 2002 2994 etiam-omittit
2019 2957 2043 2981 in.

1195 3004 1247 3023 ante
1264 2998 1428 3025 delectatione,
1447 3000 1469 3020 et
1486 2997 1571 3020 deinde
1588 2996 1638 3018 Vat.
1657 2995 1720 3023 ponit
1737 2998 1878 3016 consensum
1901 2997 1926 3014 m
1948 2990 2044 3013 delecta-

1196 3032 1285 3056 tionem
1302 3033 1323 3054 et
1340 3030 1365 3053 in
1382 3035 1452 3059 opere
1468 3035 1511 3057 pro
1529 3032 1645 3051 consensu
1661 3026 1686 3049 in
1703 3024 1878 3048 delectationem
1896 3024 1918 3046 ct
1935 3021 1959 3044 in
1976 3026 2043 3050 opus.

2052 327 2094 347 fluat
2104 335 2133 352 rm,

2059 1895 2113 1923 imag&
2131 1889 2133 1892 ⁴

2070 1924 2096 1938 ns
2107 1925 2111 1938 1

2113 512 2115 545 i

2113 554 2115 585 i

2062 591 2127 673 0151110

2055 673 2133 710 ¹11⁰!th-

2113 735 2116 803 i

2110 882 2130 955 i.

2063 1228 2133 1257 (111-00(οᾸ

2057 1257 2091 1272 scm
2105 1255 2111 1272 ῑ

2074 1282 2094 1295 ar
2107 1283 2114 1296 t
2121 1291 2126 1297 .
