2133 3317
133 410 175 430 Alia
188 415 251 437 *quae-

168 436 211 453 stio.

140 924 167 942 De
180 925 246 947 quarta

142 950 195 971 parte
208 947 245 965 duo

142 972 243 994 ponuntur.

122 1064 181 1082 Primi
195 1068 253 1083 mem-

128 1087 157 1106 bri
170 1087 246 1106 divisio.

135 1252 162 1270 De
175 1251 254 1277 vestitus

138 1276 250 1298 quantitate.

141 1767 168 1785 De
195 1767 251 1786 edum

148 1795 173 1809 nu
188 1792 240 1809 itate.

266 233 323 261 402

267 310 457 347 disciplinam;
489 308 586 341 credo,
615 315 661 335 eos
690 306 717 334 in
738 305 812 334 illius
844 307 949 342 partem
973 312 1116 338 cessuros,

268 357 315 394 qui
338 357 450 385 dixit1:
474 353 578 384 Sedebo
606 354 637 382 in
662 356 756 381 monte
778 351 940 380 testamenti
960 351 991 380 in
1019 351 1118 380 lateri-

268 403 322 432 bus
337 401 491 440 aquilonis.
509 417 547 420 —-
562 399 613 428 Sed
629 398 754 436 nunquid
769 398 880 435 obligati
896 398 929 426 ad
951 398 1118 434 Religionem

268 450 346 479 istam
379 447 590 477 excusabuntur
619 446 653 474 ab
684 446 812 483 ingressu
841 453 890 482 per
920 445 1117 474 assumtionem

268 497 310 526 sui
343 495 375 524 ad
398 502 494 523 curam
521 493 701 530 pastoralem,
726 492 770 521 vel
794 492 876 520 aliam
907 491 1117 520 ecclesiasticam

267 543 450 580 dignitatem?
468 540 581 569 Certum
603 543 657 574 est,
678 539 753 576 quod
774 547 845 573 non,
867 542 899 567 ut
919 542 994 576 patet
1017 539 1117 572 Extra,

267 589 302 617 de
323 588 407 621 Vot0‚
433 587 555 623 capitulo
583 586 640 614 Per
661 585 769 619 tuas²,
792 585 838 613 nbi
862 585 933 622 Papa
954 585 1063 614 cuidam
1084 584 1118 613 ad

268 634 434 672 Religionem
456 633 576 670 obligato
597 636 624 662 et
645 635 708 661 ante
730 632 916 669 impletionem
938 632 994 660 voti
1019 631 1052 660 ad
1076 638 1119 659 re*

268 682 358 719 gimen
379 680 511 709 ecclesiae
541 682 664 708 assumto
693 679 834 715 respondit
863 679 891 707 in
919 679 986 707 haec
1014 678 1118 707 verba:

272 740 286 753 «
301 728 327 757 Si
343 731 419 756 tuam
434 727 574 756 desideras
590 734 687 755 sanare
702 725 913 760 conscientiam,
930 725 1053 762 regimen
1075 732 1119 753 re-

268 774 359 811 signes
387 773 518 802 ecclesiae
542 775 711 801 memoratae
742 779 773 800 ac
801 771 899 800 reddas
928 771 1044 800 Domino
1072 779 1119 799 vo-

268 824 345 855 tum⁷
367 820 441 857 quod
463 820 604 849 vovisti».

351 868 394 896 16.
419 868 453 896 El
481 867 525 896 illi
552 867 604 905 qui
631 867 692 895 iam
713 869 764 895 etc.
794 866 841 894 Hic
869 865 998 894 subditur
1020 868 1120 902 quarta

270 923 335 953 pars
355 915 442 943 huius
464 914 609 947 rubricae,
635 913 661 942 in
685 921 741 950 qua
771 913 864 950 agitur
892 912 926 941 de
948 912 1065 941 vestitus
1093 914 1121 940 et

270 962 360 991 victus
391 961 578 995 districtione,
605 961 709 997 primo,
731 963 866 997 quantum
900 959 932 987 ad
965 958 1120 992 vestituum

271 1008 392 1038 secundo
407 1011 544 1045 quantum
559 1007 591 1036 ad
607 1007 734 1040 victum,
749 1006 803 1035 ibi:
820 1007 898 1043 Quos
913 1014 1022 1034 moneo.
1038 1022 1076 1026 -—
1092 1005 1120 1033 In

272 1056 362 1093 prima
383 1057 461 1092 parte
483 1054 571 1091 tangit
591 1054 708 1083 vestitus
729 1053 900 1091 qualitatem
924 1056 951 1081 et
972 1052 1121 1090 quantita-

272 1106 343 1136 tem;
359 1103 458 1139 primo,
474 1101 684 1139 quantitatem,-
700 1100 829 1134 secundo,
851 1100 1001 1133 vilitatem,
1017 1099 1069 1128 ibi:
1087 1100 1122 1128 Et

272 1151 415 1182 Fratres;
436 1152 463 1177 et
484 1148 761 1184 interponitpeaum
782 1147 962 1181 nuditatem,
983 1150 1015 1175 ut
1037 1150 1119 1183 patet.

352 1196 423 1224 Dicit
444 1203 530 1231 ergo:
554 1195 588 1223 Et
608 1194 653 1223 illi
673 1194 725 1232 qui
751 1194 813 1222 ianz
839 1194 1043 1231 promiserunt
1064 1193 1122 1222 obe-

271 1242 428 1276 dientiam,
451 1241 566 1278 professi
589 1240 708 1274 scilicet,
730 1239 855 1269 habeant
876 1248 969 1268 unam
990 1239 1122 1268 tunicam

271 1298 338 1318 cum
360 1288 496 1326 caputio,
518 1288 546 1316 in
567 1296 623 1324 qua
645 1287 756 1316 habitus
778 1287 957 1324 intelligitur,
979 1290 1005 1315 et
1029 1286 1122 1315 aliam

269 1337 331 1365 sine
359 1336 478 1373 caputio
505 1335 557 1373 qui
583 1334 727 1362 voluerint
755 1333 867 1362 habere.
892 1334 919 1362 ln
948 1333 1001 1362 alia
1030 1333 1119 1362 tunica

270 1384 328 1413 sine
350 1382 461 1419 caputio
489 1381 653 1418 intelligitur
674 1381 828 1410 secundum
860 1383 963 1409 statuta
988 1379 1121 1408 Ordinis3

271 1430 353 1459 unica
375 1429 510 1466 simplex,
534 1428 576 1456 vel
598 1428 749 1464 repetiata,
771 1435 822 1456 nec
843 1427 944 1455 debent
964 1427 1060 1464 plures
1082 1426 1122 1454 in-

271 1476 358 1505 ferius
386 1475 498 1508 haberi,
512 1476 536 1503 'a
558 1474 689 1512 professis
716 1474 882 1511 praecipue,
911 1473 963 1502 nisi
985 1473 1018 1502 de
1040 1480 1122 1510 supe-

272 1524 380 1552 riorum
408 1522 541 1556 arbitrio,
570 1521 673 1559 quibus
702 1521 827 1557 Regula¹
855 1520 1003 1549 committit
1025 1520 1121 1548 talium

271 1570 485 1599 sollicitudinem
511 1580 524 1594 α
540 1569 692 1598 secundum
722 1568 781 1597 loca
805 1572 832 1596 et
854 1571 978 1604 tempora
999 1570 1026 1595 et
1046 1566 1122 1604 frigi—

271 1617 320 1646 das
341 1617 467 1654 regiones
483 1628 509 1644 ι».
533 1616 602 1644 Dicit
623 1619 716 1644 autem
738 1615 894 1652 signanter:
910 1614 963 1652 qui
979 1613 1123 1642 voluerint

273 1663 394 1697 habere,
416 1663 482 1700 quia
503 1663 580 1691 varia
598 1666 663 1691 sunt
677 1670 826 1698 corporum
844 1661 945 1690 robora
960 1663 987 1689 et
1001 1661 1123 1689 multum

273 1711 431 1740 differentes
452 1710 626 1738 diversarum
650 1709 828 1745 intemperies
850 1708 1003 1745 regionum.
1019 1724 1057 1728 ——
1071 1707 1123 1736 Sed

273 1766 324 1795 pro
345 1757 538 1786 calceamentis
560 1756 652 1785 addit:
683 1756 719 1784 Et
746 1756 798 1794 qui
825 1755 990 1784 necessitate
1015 1763 1123 1791 coqun-

273 1809 323 1833 tur
341 1805 455 1842 possint
467 1807 588 1842 portare
603 1803 799 1832 calceamenta
806 1813 816 1836 ;
837 1802 885 1831 ubi
907 1801 1122 1835 advertendum,

273 1852 348 1890 quod
379 1852 483 1889 Regula
515 1851 605 1880 solum
637 1859 688 1888 pro
718 1850 884 1879 necessitate
916 1852 1028 1887 coyente
1059 1857 1123 1878 con-

274 1899 346 1928 cedit
367 1899 552 1927 calceamenta
580 1901 711 1935 portare;
733 1897 780 1926 ubi
803 1905 870 1934 ergo
892 1905 947 1925 non
968 1900 1008 1924 est
1029 1903 1123 1924 neces-

273 1947 353 1980 sitas,
375 1946 448 1974 sicut
463 1946 488 1974 in
505 1953 622 1982 corpore
644 1945 767 1979 robusti,
784 1944 827 1973 vel
842 1944 889 1973 ubi
905 1943 1054 1972 necessitas
1068 1951 1123 1971 non

274 1993 366 2030 eoqit,
388 1993 461 2021 sicut
482 1993 509 2020 in
532 1992 648 2029 negotiis
669 1991 813 2029 gerendis,
842 1998 914 2028 quae
935 1990 985 2019 etsi
1007 1998 1057 2027 per
1077 1989 1124 2018 de-

273 2040 342 2068 biles
364 2040 436 2068 solos
458 2039 583 2076 expediri
614 2039 719 2072 valent,
746 2041 835 2075 potest
857 2040 949 2066 tamen
971 2037 1029 2065 sine
1050 2037 1124 2074 peri-

274 2087 337 2115 culo
358 2086 463 2115 differri
485 2086 610 2122 ipsorum
631 2085 787 2122 expeditio,
810 2084 1061 2113 calceamentorum
1081 2083 1125 2112 de-

275 2134 459 2171 portationem
480 2133 540 2170 ipsa
561 2133 664 2169 Regula
685 2132 817 2161 indirecte
841 2131 980 2160 interdicit
991 2131 1010 2159 ⁵.

502 230 700 260 OPUSCULUM
722 228 787 257 XVl.
810 226 985 256 EXPOSITIO
1006 226 1108 255 SUPER
1132 226 1284 255 REGULAM
1305 226 1460 255 FRATRUM
1481 226 1645 255 MINORUM.
1666 226 1735 254 CAP.
1756 226 1783 254 ll.

1255 305 1298 332 17.
1322 304 1353 332 Et
1374 304 1439 341 quia
1460 304 1577 333 verbum
1594 304 1662 333 illud
1677 304 1799 332 sumitur
1813 304 1846 332 de
1861 304 2019 341 Evangelio,
2032 311 2129 338 upnproht

1174 351 1301 379 Matthaei
1330 350 1474 385 decimo⁶‚
1503 351 1551 379 ubi
1578 351 1681 379 dicitur
1712 351 1739 379 in
1761 351 1857 387 regula
1880 350 2021 387 Apostolo-

1174 405 1258 426 rum:
1288 397 1384 435 Neque
1408 397 1621 431 calceamenta;
1642 400 1732 434 patet,
1754 397 1799 426 hic
1820 405 1903 425 usum
1924 397 2021 426 sanda-

1176 443 1277 472 liorum
1293 443 1406 471 minime
1421 443 1576 479 prohiberi,
1592 444 1738 480 quoniam,
1754 444 1826 472 sicut
1840 443 1942 472 dicitur
1957 444 2023 472 Mat-

1175 490 1248 519 thaei
1270 490 1394 518 decimo:
1418 489 1513 527 Neque
1534 490 1745 524 calceamenta,
1768 490 1925 527 evangelico
1946 497 2023 519 more

1175 538 1246 566 hanc
1275 537 1415 573 complens
1443 536 1606 565 sententiam
1635 537 1744 565 Marcus
1775 540 1855 566 sexto
1886 537 2023 574 capitulo:

1177 583 1332 620 Praecepit
1351 583 1408 617 eis,
1430 592 1465 611 ne
1486 583 1558 621 quid
1572 583 1716 618 tollerent,
1731 584 1781 612 secl
1795 583 1937 612 calceatos
1954 592 2024 612 san-

1176 631 1266 659 daliis
1286 634 1338 659 etc.
1361 630 1476 667 Propter
1497 630 1571 667 quod
1592 630 1722 666 antiquae
1744 630 1904 667 sculpturae
1918 630 2023 667 pariter

1176 681 1202 707 et
1224 677 1350 715 picturae
1378 679 1549 711 monstrant,
1577 677 1719 713 Apostolos
1740 677 1875 706 calceatos
1896 676 2024 706 sandaliis

1176 724 1328 754 incessisse.
1357 724 1434 753 Unde
1461 724 1578 752 Actuum
1610 723 1794 752 duodecimo⁷
1826 731 1910 760 super
1939 723 2022 752 illud:

1178 772 1282 800 Calcea
1303 775 1327 799 te
1348 771 1462 808 ealiqas
1484 774 1568 804 tuas,
1583 770 1649 799 dicit
1663 770 1749 799 Beda:
1770 781 1783 795 «
1798 770 1849 798 Pro
1864 770 1968 807 ealiyis
1982 770 2026 799 vel

1176 818 1330 856 caliquliS,
1353 821 1384 847 ut
1405 817 1518 855 quidam
1542 817 1659 851 habent,
1681 817 1802 846 Graecus
1818 816 1901 845 habet
1914 817 2025 845 sancta-

1177 866 1226 894 lia.
1250 866 1304 894 Hoc
1325 865 1399 894 enim
1420 872 1508 901 genus
1529 864 1705 893 calceamenti
1721 863 1823 901 legitur
1837 864 1865 892 in
1880 863 2025 901 Evangelio

1177 913 1312 950 Apostolis
1332 912 1418 941 fuisse
1439 911 1605 948 permissum
1621 923 1648 939 ».
1670 911 1746 947 Quae
1771 911 1908 948 expositio
1935 914 2026 939 extra-

1177 967 1228 988 nea
1243 959 1398 993 videretur,
1414 958 1466 987 nisi
1481 958 1585 986 diceret
1600 957 1695 994 Papias
1706 957 1733 991 Β,
1748 957 1822 994 quod
1844 957 1946 994 caligae
1961 959 2026 985 sunt

1178 1006 1308 1035 sandalia.
1324 1022 1362 1026 -—
1377 1005 1456 1042 Quod
1471 1008 1563 1034 autem
1579 1004 1644 1033 dicit
1658 1004 1776 1038 ibidem,
1791 1004 1895 1033 scilicet
1908 1004 2025 1032 Actuum

1178 1053 1378 1087 duodecim02,
1400 1053 1495 1081 Glossa
1516 1051 1721 1080 interlinearis:
1750 1062 1763 1076 «
1777 1051 1878 1088 Angelo
1898 1050 2024 1085 iubente,

1178 1103 1205 1129 et
1226 1100 1353 1137 Apostolo
1374 1099 1544 1136 complente,
1566 1098 1649 1127 datur
1670 1098 1831 1134 exemplum
1852 1106 1908 1126 non
1929 1097 2026 1126 ambu-

1178 1147 1250 1175 landi
1273 1147 1332 1175 sine
1351 1146 1544 1175 calceamentis
1558 1157 1585 1180 »,
1607 1153 1661 1174 non
1684 1147 1773 1182 potest
1801 1144 1954 1173 secundum
1983 1144 2027 1172 lit-

1179 1197 1267 1222 teram
1295 1193 1329 1222 ad
1357 1193 1432 1221 aliud
1460 1200 1549 1230 genus
1576 1192 1826 1221 calceamentorum
1852 1191 2026 1228 retorqueri,

1179 1248 1263 1277 quam
1284 1240 1318 1268 ad
1339 1239 1424 1274 illud,
1445 1239 1479 1268 de
1500 1247 1556 1276 quo
1578 1239 1702 1276 loquitur
1723 1242 1819 1267 textus
1833 1238 1908 1275 ipse,
1924 1238 2028 1267 scilicet

1179 1286 1309 1315 sandalia.
1332 1286 1455 1314 Verbum
1477 1285 1559 1313 etiam
1582 1285 1669 1322 ipsius
1690 1284 1801 1313 Glossae
1813 1285 1836 1301 ¹⁰
1857 1284 1962 1313 nullius
1986 1287 2028 1313 est

1179 1333 1353 1362 auctoritatis
1373 1332 1465 1370 quoad
1486 1333 1538 1361 hoc
1560 1332 1634 1369 quod
1655 1332 1739 1360 dicit:
1762 1331 1871 1369 Anqelo
1899 1331 2027 1365 iubente,-

1179 1380 1228 1409 etsi
1251 1380 1286 1409 ad
1307 1388 1453 1417 personam
1476 1379 1547 1408 Petri
1571 1380 1663 1408 littera
1684 1379 1838 1413 referatur,
1859 1382 1951 1408 tamen
1967 1379 2028 1407 ius-

1179 1427 1222 1455 sio
1238 1435 1288 1464 pro
1302 1427 1362 1456 aliis
1379 1427 1492 1463 mystice
1506 1426 1670 1463 intelligitur
1685 1425 1793 1460 referri,
1808 1426 1910 1455 scilicet
1924 1425 1958 1454 ad
1972 1425 2028 1454 vir-

1179 1477 1253 1503 tutes
1275 1474 1358 1510 pedes
1374 1473 1538 1510 ,spirituales
1560 1472 1732 1506 munientes,
1755 1480 1826 1509 quae
1850 1472 1887 1501 ibi
1910 1472 1937 1500 in
1958 1481 2028 1500 san-

1179 1520 1269 1549 daliis
1282 1520 1478 1557 designantur3
1494 1520 1566 1549 sicut
1583 1519 1615 1548 ad
1632 1519 1763 1556 Ephesios
1778 1522 1858 1548 sexto
1870 1520 1894 1535 ¹¹
1911 1519 2027 1547 dicitur:

1182 1567 1309 1596 Calceati
1320 1567 1406 1604 pedes
1421 1567 1452 1595 in
1463 1566 1724 1604 praeparationem
1738 1565 1904 1603 Emnqeltk
1915 1565 1952 1594 ibi
1967 1565 2029 1594 vide

1179 1615 1311 1643 Glossam.
1333 1631 1373 1635 —-
1393 1614 1472 1650 Quod
1493 1617 1586 1642 autem
1607 1613 1736 1642 Christus
1763 1613 1816 1641 alia
1844 1613 2029 1641 calceamenta

1180 1661 1314 1699 Apostolis
1336 1660 1504 1695 inhibuerit,
1526 1663 1616 1697 patet,
1631 1660 1697 1697 quia
1711 1667 1796 1697 super
1811 1659 1879 1688 illud
1900 1659 2027 1688 Matthaei

1180 1707 1340 1736 decimoffl:
1370 1707 1465 1745 Neque
1493 1707 1706 1740 calceamenta,
1738 1706 1805 1735 dicit
1826 1706 2027 1743 Hieronymus:

1185 1755 1245 1783 «Et
1266 1755 1341 1783 Plato
1361 1754 1431 1783 duas
1458 1754 1584 1791 corporis
1612 1754 1786 1783 summitates
1807 1753 1873 1782 dicit
1892 1761 1946 1782 non
1969 1761 2028 1782 esse

1180 1801 1325 1836 velandas,
1353 1809 1404 1830 nec
1432 1804 1570 1830 assuetam
1599 1801 1660 1830 fieri
1687 1801 1789 1829 debere
1820 1800 1962 1829 mollitiem
1984 1808 2028 1829 ca-

1181 1849 1245 1885 pitis
1266 1851 1293 1877 et
1314 1848 1429 1885 pedum3
1455 1856 1519 1877 cum
1541 1848 1614 1877 enim
1640 1848 1708 1877 haec
1736 1848 1895 1876 firmitatem
1924 1847 2027 1876 habue-

1182 1896 1253 1930 rint,
1276 1899 1368 1925 cetera
1390 1895 1549 1924 robustiora
1570 1898 1636 1924 sunt
1650 1907 1676 1923 ».
1694 1895 1775 1929 item,
1792 1895 1975 1931 Hieronymus
1995 1894 2030 1923 ad

1181 1943 1362 1971 Eustochium
1374 1942 1413 1970 ¹²³:
1433 1953 1446 1967 «
1458 1942 1591 1979 Discipuli
1607 1942 1665 1971 sine
1680 1942 1929 1971 calceamentorum
1945 1949 2030 1970 onere

1181 1993 1208 2018 et
1229 1989 1347 2018 vinculis
1369 1989 1482 2026 pellium
1510 1989 1544 2017 ad
1570 1988 1800 2026 praedicationem
1824 1988 1959 2025 Evangelii
1982 1988 2028 2017 de—

1182 2037 1329 2066 stinantur.
1352 2037 1466 2070 Milites,
1489 2036 1660 2065 vestimentis
1687 2036 1788 2064 Christi
1818 2038 1892 2064 sorte
1917 2035 2027 2069 divisis,

1181 2084 1281 2121 caligas
1302 2091 1356 2112 non
1378 2083 1533 2116 habebant,
1555 2090 1625 2119 quas
1646 2082 1783 2111 tollerent.
1799 2082 1852 2111 Nec
1873 2082 1945 2111 enim
1968 2084 2028 2119 pot-

1180 2134 1240 2159 erat
1261 2130 1365 2158 babere
1386 2130 1522 2158 Dominus
1547 2129 1622 2167 quod
1646 2129 1828 2166 prohibuerat
1848 2129 1876 2157 in
1897 2129 1985 2157 servis
1999 2140 2026 2156 ».

341 2282 347 2295 ¹
367 2283 416 2305 lsai.
438 2282 476 2309 tt,
497 2283 532 2304 13.
550 2281 595 2304 Cfr.
614 2282 727 2304 lnnocem.
754 2282 789 2303 tv,
816 2282 889 2303 Breve
907 2280 987 2304 Petilio
1010 2283 1064 2309 tua,
1088 2287 1124 2303 an.

280 2323 349 2349 ¹252,
367 2322 404 2343 die
422 2322 451 2344 22
469 2321 566 2349 Aprilis,
593 2321 613 2343 in
631 2327 678 2349 quo
695 2321 813 2348 statuitur,
831 2327 860 2343 ne
877 2321 982 2343 Fratrum
1000 2320 1123 2349 quisquam

275 2363 407 2383 assumatur
425 2361 453 2382 ad
472 2360 632 2388 episcopatum
651 2358 739 2388 absque
756 2359 904 2387 superiorum
927 2359 1019 2382 Ordinis
1036 2359 1124 2381 licentia

278 2399 409 2428 (simmaa,
427 2400 510 2421 Bullar.
533 2399 676 2421 Franciscan.
694 2402 750 2421 tom.
768 2399 782 2420 Ι.
800 2405 822 2420 n.
837 2398 888 2420 154.
906 2405 960 2426 pag.
978 2398 1040 2426 605),
1061 2398 1124 2427 quod

276 2439 394 2462 innovavit
412 2438 539 2461 Alexander
557 2438 592 2460 lV.
612 2437 742 2465 (Sbaralea,
760 2438 802 2460 loc.
829 2438 866 2459 cit.
891 2440 945 2459 tom.
973 2438 997 2459 ΙΙ.
1023 2444 1046 2459 u.
1073 2437 1124 2459 194.

276 2485 330 2507 pag.
352 2478 393 2500 134
411 2480 433 2500 et
450 2484 472 2500 n.
492 2477 545 2499 330.
563 2483 617 2505 pag.
635 2477 698 2505 249).
716 2489 746 2492 —
764 2476 876 2504 Superius
891 2482 933 2504 pro
956 2476 1034 2499 vocati
1050 2476 1089 2504 (ita
1107 2476 1125 2498 A

276 2518 321 2540 DE
338 2520 359 2539 et
377 2517 413 2539 ed.
429 2517 450 2544 l)
466 2516 516 2538 Vat.
528 2521 576 2538 nort
592 2515 681 2543 vocati,
700 2521 742 2543 pro
760 2514 792 2537 ad
809 2514 908 2538 eundem
926 2515 1037 2544 aspirant
1052 2516 1069 2537 A
1081 2515 1124 2537 EG

277 2558 300 2577 et
316 2555 353 2578 ed.
372 2556 380 2577 st
401 2554 433 2577 ad
450 2554 493 2578 hoc
511 2554 540 2584 [G
558 2553 644 2583 adhuc]
663 2554 790 2583 aspiciunt,
806 2556 827 2576 et
843 2560 885 2582 pro
903 2553 1052 2583 disciplinam
1071 2553 1123 2576 Vat.

277 2594 390 2624 rigorem.

341 2632 350 2646 ²
368 2633 429 2656 Libr.
449 2634 480 2655 lll.
500 2633 588 2655 Decret.
606 2633 703 2660 Gregor.
720 2633 757 2654 tx.
776 2633 809 2654 tit.
827 2632 863 2654 34.
882 2638 902 2655 c.
920 2632 965 2654 40:
979 2632 1000 2653 Si
1014 2635 1077 2654 tuam
1090 2637 1126 2654 sa-

279 2679 332 2695 nare
349 2672 379 2702 [A
397 2672 502 2701 salrare]
520 2672 639 2695 desideras
656 2672 833 2699 conscientiam,
850 2672 954 2699 regimen
971 2671 1075 2699 resignes
1092 2677 1127 2693 ec-

278 2711 361 2733 clesiae
379 2714 521 2733 memoratae
538 2717 564 2733 ac
582 2710 668 2734 reddas
685 2710 807 2734 Altis-simo
821 2711 874 2733 rota
886 2712 928 2733 tua
946 2710 990 2739 [Ps.
1009 2710 1050 2737 49,
1070 2709 1127 2739 ftt.].

280 2750 301 2772 ln
319 2751 348 2778 E,
365 2750 404 2779 qui
423 2750 459 2772 hic
477 2750 537 2777 finit,
555 2750 648 2772 additur
665 2750 792 2779 Hucusque
808 2749 885 2779 frater
903 2749 1078 2772 Bonaventura.
1096 2761 1127 2765 —

280 2789 391 2816 Superius
416 2795 459 2817 pro
476 2788 506 2812 ab
523 2788 632 2818 ingressu
648 2794 693 2818 pei·
710 2788 881 2811 assumtionem
897 2787 937 2810 sui
953 2788 1005 2810 Vat.
1022 2787 1043 2811 si
1058 2793 1127 2811 assu-

279 2830 386 2855 mantur,
405 2831 427 2850 et
444 2829 496 2850 voci
515 2827 610 2851 Certum
628 2828 646 2850 A
663 2828 770 2855 praefigit
786 2826 929 2857 Respondeo.

342 2865 351 2878 ³
368 2866 414 2888 Cir.
432 2867 489 2889 infra
507 2866 685 2889 Constitutiones
707 2866 868 2889 Narbonenses
884 2872 921 2888 an.
944 2866 1009 2888 1260.
1026 2865 1126 2888 Rubrica

280 2905 389 2927 secunda.

343 2944 353 2956 4
370 2944 426 2972 Cap.
444 2945 464 2967 lt.
482 2958 513 2961 —
531 2945 642 2973 Superius
659 2951 702 2973 pro
718 2944 791 2968 unica
807 2944 910 2974 simplem
928 2944 975 2973 (ed.
989 2944 997 2965 ·1
1015 2950 1067 2966 cnm
1081 2944 1097 2966 A
1108 2944 1126 2966 G

280 2982 429 3012 simpliciter)
447 2983 466 3005 D
483 2983 564 3006 tunica
581 2983 690 3013 simplem.

344 3022 353 3035 ⁵
370 3022 414 3045 Cir.
432 3023 548 3050 Expositio
565 3026 664 3052 quatuor
681 3023 841 3050 Magistrorum
860 3022 883 3044 in
900 3024 961 3045 hunc
979 3023 1021 3044 loc.
1039 3035 1070 3038 ——-
1087 3022 1127 3044 Su-

1185 2280 1263 2308 perius
1281 2280 1345 2307 Vat,
1364 2286 1407 2308 pro
1424 2279 1460 2302 rel
1476 2278 1517 2301 ¹ubi
1534 2279 1609 2307 posito
1627 2278 1668 2302 *ubi
1683 2280 1776 2305 autem,
1795 2280 1847 2306 post
1864 2277 1979 2307 expeditio
1992 2278 2030 2300 ad-

1183 2319 1216 2341 dit
1232 2324 1280 2341 non
1298 2317 1350 2341 licet
1367 2322 1388 2340 et
1406 2323 1462 2347 erqo
1481 2320 1533 2345 post
1550 2316 1773 2340 calceamentorum.

1245 2355 1255 2369 ⁸
1274 2358 1337 2379 Vers.
1360 2358 1394 2379 10.
1413 2369 1441 2372 -
1459 2357 1567 2385 Sequitur
1584 2355 1653 2378 Marc.
1670 2356 1697 2383 6,
1716 2357 1738 2377 8.
1759 2362 1809 2384 seq.
1825 2355 1871 2379 Csr.
1888 2355 1974 2383 opusc.
1991 2355 2029 2378 Xl.

1183 2397 1295 2424 Apologia
1322 2402 1451 2424 pauperum
1478 2402 1498 2417 c,
1524 2396 1560 2418 to.
1587 2402 1609 2418 n.
1629 2396 1650 2417 6.
1668 2398 1690 2418 et
1707 2396 1792 2423 Opust:
1809 2395 1861 2418 XV.
1884 2395 1982 2423 Epistola
2001 2395 2030 2417 de

1183 2436 1290 2458 sandaliis
1307 2435 1471 2463 Apostolorum
1489 2437 1530 2457 etc.

1246 2473 1254 2486 ⁷
1272 2474 1339 2496 Vers.
1353 2475 1374 2495 8.
1384 2487 1415 2491 -—
1425 2474 1539 2496 Sententia
1550 2473 1626 2496 Bedae
1636 2473 1732 2496 habetur
1744 2474 1843 2496 Retract.
1856 2473 1877 2495 in
1890 2473 1939 2496 Act.
1951 2474 2030 2501 Apost.

1183 2520 1202 2535 c.
1223 2514 1264 2540 w,
1283 2513 1309 2540 8,
1327 2512 1366 2535 ubi
1380 2516 1432 2541 post
1444 2512 1541 2543 quidam
1555 2513 1648 2535 additur
1660 2512 1755 2535 codices.
1769 2512 1814 2534 Cir.
1826 2518 1896 2540 supra
1909 2518 1963 2540 pag.
1977 2512 2029 2539 306,

1183 2556 1233 2575 uota
1256 2553 1290 2575 13.

1245 2590 1254 2603 ⁸
1273 2591 1332 2614 Vide
1343 2598 1412 2620 supra
1426 2598 1480 2620 pag.
1493 2592 1551 2619 306,
1563 2594 1641 2613 notam
1658 2591 1690 2613 14.
1702 2603 1733 2607 —-
1746 2591 1787 2612 Pro
1800 2591 1917 2613 extranea
1930 2591 1947 2612 D
1959 2596 2030 2613 vana.

1246 2629 1255 2643 ⁹
1272 2631 1338 2653 Vers.
1357 2631 1378 2653 8.
1397 2630 1442 2653 Cir.
1460 2630 1546 2658 Opusc.
1564 2630 1716 2658 praeceden5‚
1740 2636 1762 2651 n.
1786 2629 1808 2651 7.
1827 2642 1855 2644 —
1873 2629 1941 2651 Vat.:
1965 2628 2030 2657 Quae

1183 2671 1263 2693 autem
1280 2669 1364 2693 ibidem
1382 2669 1510 2697 dicuntur,
1527 2668 1615 2692 scilicet
1632 2668 1656 2691 in
1673 2667 1782 2695 Actibus,
1800 2668 1884 2692 Glossa
1896 2667 2030 2691 interlinea-

1183 2709 1217 2732 ris
1234 2709 1332 2739 emponit
1348 2708 1439 2737 diceas,
1452 2708 1516 2738 quod
1528 2714 1573 2738 per
1591 2707 1635 2731 hoc
1652 2707 1716 2737 quod
1733 2707 1822 2737 Anqelo
1839 2706 1942 2735 iubente,
1961 2707 2030 2730 Petro

1183 2751 1206 2772 et
1221 2748 1272 2779 ipso
1290 2748 1420 2778 complente
1437 2751 1479 2771 etc.

1248 2786 1267 2800 ¹⁰
1284 2787 1358 2810 Codd.
1374 2787 1420 2809 AG
1437 2789 1459 2809 et
1476 2787 1511 2809 ed.
1526 2787 1534 2809 ¹i
1553 2786 1642 2809 addunt
1659 2785 1732 2815 quod,
1747 2789 1769 2808 et
1780 2785 1878 2808 subinde
1889 2791 1931 2813 pro
1943 2784 2031 2814 refera-

1184 2828 1223 2849 tur·
1241 2826 1279 2849 ed.
1299 2827 1307 2848 11
1329 2825 1446 2848 substituit
1462 2825 1559 2855 referat.

1246 2865 1264 2877 ¹¹
1283 2866 1348 2887 Vers.
1369 2865 1405 2887 1¹5.
1423 2865 1466 2887 Pro
1483 2864 1508 2887 in
1522 2863 1733 2894 praeparationem
1750 2864 1769 2885 D
1786 2866 1807 2885 et
1824 2863 1860 2885 ed.
1882 2864 1887 2884 1
1909 2869 1962 2885 eum
1979 2862 2031 2884 Vul-

1185 2908 1237 2933 gata
1256 2904 1279 2927 in
1294 2904 1500 2934 p1·acparatione;
1517 2905 1557 2925 cfr.
1570 2909 1640 2931 supra
1653 2909 1708 2931 pag.
1720 2903 1778 2930 337,
1791 2905 1844 2924 nota
1861 2903 1894 2924 12.
1907 2902 1939 2924 De
1950 2902 2030 2924 Glossa

1183 2944 1206 2966 in
1225 2945 1287 2966 hunc
1303 2944 1379 2966 locum
1398 2944 1439 2965 csr.
1456 2949 1526 2971 supra
1544 2948 1597 2970 pag.
1616 2942 1674 2969 388,
1692 2945 1743 2964 nota
1762 2941 1783 2963 5.

1246 2981 1266 2995 ¹2
1284 2983 1350 3004 Vers.
1368 2982 1405 3004 40.
1423 2982 1482 3004 Vide
1498 2987 1568 3009 supra
1587 2987 1640 3009 pag.
1659 2981 1716 3008 389,
1734 2984 1811 3003 notam
1830 2981 1851 3002 2.

1247 3020 1266 3033 ¹⁸
1284 3021 1353 3049 Epist.
1372 3021 1409 3042 22.
1427 3027 1449 3042 n.
1468 3020 1504 3042 19.
1521 3019 1566 3043 Csr.
1584 3026 1653 3048 supra
1672 3026 1726 3048 pag.
1745 3020 1803 3046 386,
1820 3022 1872 3042 nota
1890 3019 1912 3041 6.

2036 340 2052 353 rt
2060 340 2109 355 usum
2115 343 2127 357 si

2047 358 2127 380 dalion-uu

2049 382 2127 405 probauit

2039 1010 2120 1031 Obici-,tio

2075 1035 2126 1054 vitnr.

2050 1618 2124 1638 continu

2043 1642 2091 1661 haec
2105 1647 2124 1666 pi·

2044 1666 2077 1685 tio.
