2133 3317
114 524 145 543 De
157 523 248 547 exemplis

124 547 243 566 humilitatis.

149 897 250 916 Humiliias

117 921 250 945 comprobetur

117 945 216 969 patientia.

135 1273 206 1292 Contra
218 1277 248 1291 su-

137 1296 208 1320 perbos
220 1296 240 1314 iu

146 1320 235 1339 claustro.

138 1984 246 2004 Necessitas

127 2008 252 2032 paupertatis.

261 248 316 276 '11²2

259 329 284 354 et
304 325 393 353 donee
415 323 630 361 appropinquet
651 322 691 351 act
712 322 915 355 Altissimum,
936 330 995 350 non
1010 329 1110 350 conso-

261 372 389 406 labitur,
412 372 483 410 quia
505 370 649 398 Dominus
671 369 834 397 timentium
849 377 879 397 se
898 367 989 405 faciet
1009 368 1110 397 volun-

261 422 348 448 tatem
369 422 394 447 et
416 417 645 455 deprecationem
666 424 768 445 eorum
789 415 934 443 exaudiet.

341 467 366 494 7.
389 465 453 493 Sitis
474 472 554 501 ergo,
576 471 592 492 0
606 463 727 492 famulae
747 462 809 496 Dei,
831 470 848 490 o
863 462 977 491 ancillae
995 461 1110 496 Christi,

261 512 393 546 humiles,
415 512 453 540 ita
474 514 506 540 ut
534 518 689 548 nunquam
719 509 889 546 superbiam
911 509 943 537 in
973 509 1112 538 cordibus

261 559 365 588 vestris
386 558 538 587 dominari
556 557 734 594 permittatis
746 557 766 591 ¹,
789 556 855 593 quia
875 556 1040 593 magistrum
1062 556 1112 584 ha-

262 606 362 635 buistis
387 605 536 638 humilem,
565 604 669 633 scilicet
691 604 838 632 Dominum
862 605 988 632 nostrum
1022 603 1111 632 lesum

262 652 419 686 Christum,
445 654 472 680 et
503 651 569 688 quia
600 651 760 687 magistram
792 650 930 678 habuistis
961 649 1112 683 humilem,

262 700 366 729 scilicet
397 699 538 736 Virginem
570 698 697 732 Mariam,
729 697 854 734 reginam
884 697 1020 725 omnium.
1050 696 1113 725 Sitis

262 746 397 780 humiles,
429 746 495 783 quia
526 748 633 782 patrem
662 745 799 773 habuistis
831 744 981 777 humilem,
1010 744 1113 772 scilicet

261 793 373 822 beatum
398 793 590 826 Franciscum;
613 792 672 821 sitis
688 792 823 826 humiles,
845 791 911 828 quia
932 793 1048 819 matrem
1064 791 1113 819 ha-

262 840 362 869 buistis
384 840 535 874 humilem,
557 839 661 868 scilicet
687 839 797 867 beatam
819 838 943 871 Claram,
972 837 1113 866 humilita-

263 887 298 916 tis
318 887 471 923 exemplar.
499 903 535 907 —
561 886 604 914 Sic
626 888 716 914 tamen
739 885 799 914 sitis
819 884 955 918 humiles,
977 887 1009 913 ut
1036 884 1113 913 testis

264 934 428 963 humilitatis
450 936 558 962 vestrae
579 933 614 962 sit
632 932 783 970 patientia.
806 932 903 960 Virtus
927 931 999 960 enim
1021 931 1113 960 humi-

263 981 347 1010 litatis
368 989 418 1018 per
439 980 599 1018 patientiam
620 979 783 1017 perficitur,
804 986 896 1016 neque
911 981 953 1007 est
972 986 1039 1007 vera
1060 978 1113 1006 hu-

262 1028 379 1062 militas,
401 1028 446 1057 cui
468 1036 523 1056 non
545 1030 586 1056 est
607 1027 737 1056 adiuncta
757 1026 896 1063 patientia.
921 1025 952 1053 Et
972 1025 1024 1053 hoc
1043 1025 1113 1054 bene

262 1077 380 1104 testatur
402 1075 500 1104 beatus
521 1073 714 1111 Augustinus²
736 1073 848 1102 dicens:
875 1084 888 1097 «
903 1072 991 1101 Facile
1011 1074 1053 1100 est
1067 1079 1113 1100 ve-

262 1122 321 1150 lum
342 1124 407 1150 ante
427 1122 522 1150 oculos
553 1129 670 1157 ponere,
692 1123 782 1149 vestes
813 1120 881 1148 viles
913 1122 940 1147 et
970 1118 1113 1155 despectas

262 1169 375 1203 habere,
397 1168 517 1197 demisso
538 1168 627 1205 capite
654 1167 800 1201 incedere;
822 1166 869 1195 sed
894 1174 992 1195 verum
1021 1165 1113 1194 humi-

263 1215 317 1243 lem
340 1215 440 1252 probat
464 1215 597 1252 patientia
612 1226 639 1249 »,
661 1214 742 1242 iuxta
762 1213 831 1242 illud
856 1212 1055 1242 Ecclesiastici:
1081 1212 1114 1240 In

264 1261 428 1290 humilitate
450 1265 502 1290 tua
521 1261 697 1298 patientiam
718 1259 853 1289 101110.-
875 1260 927 1288 Sed
948 1260 1020 1293 heu,
1049 1267 1113 1287 cum

264 1308 359 1337 dolore
381 1308 493 1345 loquor,
516 1308 595 1336 multi
617 1315 729 1341 sumus,
752 1308 799 1344 qui
815 1307 945 1335 volumus
967 1306 1113 1343 superbire

264 1354 293 1383 in
314 1355 450 1389 claustro,
482 1355 529 1392 qui
552 1358 627 1384 certe
654 1363 709 1383 000
731 1354 782 1383 nisi
807 1354 926 1382 humiles
954 1353 1058 1381 fuimus
1086 1352 1113 1381 in

265 1402 378 1431 mundo.
396 1402 471 1431 Unde
491 1402 590 1431 beatus
604 1402 763 1430 Bernardus
774 1401 784 1418 3
799 1401 877 1429 dicit:
898 1412 911 1425 «
927 1400 1024 1434 Video,
1040 1399 1114 1437 quod

264 1449 385 1478 multum
407 1449 498 1483 doleo,
517 1451 580 1486 post
594 1451 715 1485 spretam
731 1448 833 1477 saeculi
852 1455 982 1484 pompam
997 1446 1115 1475 0000111-

265 1495 306 1524 105
327 1496 354 1524 10
377 1496 471 1525 5011010
492 1495 657 1524 humilitatis
681 1494 841 1531 superbiam
867 1494 954 1531 magis
974 1493 1116 1522 addiscere

265 1550 297 1571 00
322 1543 374 1572 suh
395 1543 446 1572 alis
464 1543 539 1571 mitis
561 1542 732 1579 humilisque
750 1541 873 1579 magistri
890 1541 1003 1578 gravius
1017 1540 1116 1569 insole-

596 245 792 274 OP'USCULUM
813 244 855 272 Vl.
877 243 921 271 DE
943 243 1167 272 PERFECTIONE
1188 243 1285 272 VlTAE
1307 243 1350 271 AD
1371 242 1528 271 SORORES.
1550 242 1619 271 CAP.
1641 242 1681 270 111.

1166 329 1243 350 scere
1264 324 1292 350 et
1312 321 1486 358 impatientes
1506 320 1626 357 amplius
1646 319 1707 348 fieri
1729 320 1757 348 in
1779 320 1914 353 claustro,
1934 328 2017 357 quam

1166 368 1283 397 fuissent
1308 368 1335 396 10
1361 368 1485 402 saeculo;
1512 367 1643 404 quodque
1661 366 1747 403 magis
1773 374 1936 403 perversum
1961 369 2018 401 est,

1167 415 1294 453 plerique
1309 415 1335 443 in
1347 415 1428 443 domo
1440 414 1486 443 Dei
1500 422 1553 442 non
1569 414 1714 451 patiuntur
1728 413 1823 442 haberi
1840 413 2018 450 contemptui,

1168 462 1216 499 qui
1237 462 1265 490 in
1287 470 1338 490 sua
1352 469 1406 489 non
1428 461 1479 489 0151
1503 460 1722 497 contemptibiles
1744 468 1803 489 esse
1825 462 1977 496 potuerunt
1991 472 2018 488 ι).

1248 509 1274 537 8.
1297 508 1416 537 Consulo
1431 516 1497 544 ergo
1513 507 1575 541 tibi,
1590 507 1689 536 dilecta
1705 510 1806 541 mater,
1822 507 1934 536 consule
1950 507 2019 535 filia-
2029 494 2127 538 nummi..

1170 555 1223 584 hus
1243 555 1312 589 tuis,
1335 555 1448 583 consule
1469 554 1648 590 virginibus4
1669 554 1725 582 Deo
1754 553 1882 588 sacratis,
1911 556 1942 582 ut
1964 553 2019 582 rir-

1169 602 1310 639 ginitatem
1334 602 1361 629 in
1384 601 1539 629 humilitate
1561 604 1587 629 et
1606 600 1790 629 humilitatem
1811 600 1839 629 in
1861 600 2019 637 virginitate

1170 651 1343 678 conservent.
1367 648 1413 676 Est
1427 647 1500 676 enim
1522 647 1665 683 virginitas
1686 646 1775 675 mixta
1796 646 1945 675 humilitati
1967 647 2018 675 sic-

1170 698 1202 724 ut
1228 703 1337 732 gemma
1358 702 1428 723 auro
1457 694 1641 731 superaddita.
1665 694 1813 730 Propterea
1834 694 1931 722 beatus
1957 694 2021 722 Ber-

1171 742 1277 770 nardus
1298 741 1401 770 dicit⁵:
1429 752 1443 765 «
1468 740 1566 769 Pulcra
1587 740 1737 776 permixtio
1768 740 1934 777 virginitatis
1957 748 2021 769 cum

1170 788 1335 817 humilitate.
1358 788 1415 816 Non
1444 787 1621 816 mediocriter
1649 787 1738 823 placet
1763 787 1819 816 Deo
1840 787 1893 816 ista
1913 787 2021 822 anima,

1170 835 1197 864 in
1220 843 1276 872 qua
1298 834 1440 863 humilitas
1461 833 1636 863 commendat
1656 833 1859 870 virginitatem,
1881 837 1908 863 et
1936 834 2020 871 virgi—

1170 882 1241 911 nitas
1263 881 1447 910 humilitatem
1469 883 1630 909 exornat».
1648 897 1683 900 -—-
1707 880 1773 909 Audi
1795 880 1914 917 denique
1936 880 2022 909 consi-

1171 929 1238 957 lium
1260 928 1354 957 fratris
1376 928 1449 962 11116,
1471 927 1535 956 audi
1557 930 1659 962 mater,
1681 931 1708 956 et
1728 927 1847 964 placebit
1868 927 1925 956 tibi.
1948 928 2021 964 Fuge

1170 976 1306 1013 superbas
1326 975 1444 1003 famulas
1458 975 1535 1003 velut
1549 974 1671 1011 viperas,
1694 982 1795 1011 sperne
1816 974 1951 1011 superbas
1966 974 2022 1002 vir-

1169 1023 1247 1060 gines
1269 1025 1399 1059 tanquam
1428 1021 1592 1055 daemones,
1613 1024 1759 1050 contemne
1787 1021 1945 1050 societatem
1975 1029 2022 1050 su-

1170 1070 1322 1106 perborum
1346 1069 1421 1097 velut
1453 1068 1531 1097 virus
1551 1068 1737 1097 mortiferum.
1768 1068 1798 1096 Et
1829 1075 1917 1105 quare
1945 1068 2020 1096 hoc?

1171 1116 1238 1145 Audi
1261 1124 1357 1153 quare.
1381 1115 1497 1152 Quidam
1520 1115 1629 1152 sapiens
1641 1115 1650 1132 7
1670 1115 1708 1144 ita
1721 1114 1853 1144 describit
1868 1114 2021 1151 superbum

1170 1163 1278 1192 dicens:
1312 1174 1325 1188 «
1341 1162 1438 1191 Omnis
1466 1163 1606 1199 superbus
1633 1162 1827 1197 intolerabilis,
1858 1162 1954 1190 habitu
1976 1170 2022 1191 su-

1171 1210 1314 1247 perfluus,
1336 1210 1363 1238 10
1380 1210 1489 1238 incessu
1510 1217 1677 1246 pomposus,
1699 1209 1795 1238 cervix
1810 1212 1918 1243 erecta,
1940 1209 2023 1238 facies

1171 1260 1262 1291 torva,
1285 1260 1378 1286 truces
1393 1257 1479 1291 oculi,
1501 1257 1535 1285 de
1557 1257 1616 1285 loco
1631 1256 1768 1293 superiori
1790 1256 1926 1290 decertat,
1942 1264 2022 1292 prae-

1170 1304 1237 1333 ferri
1259 1312 1288 1333 se
1316 1304 1479 1332 melioribus
1507 1304 1631 1337 affectat,
1654 1303 1803 1332 sententias
1831 1306 1858 1332 et
1885 1303 1971 1332 verba
1996 1305 2024 1332 et

1171 1351 1242 1380 facta
1263 1351 1360 1385 iactat,
1383 1351 1567 1379 reverentiam
1589 1350 1618 1379 10
1639 1350 1772 1387 obsequio
1798 1358 1853 1379 000
1881 1354 1973 1379 servat
1994 1361 2022 1378 ».

1172 1399 1321 1435 Propterea
1344 1398 1441 1432 debes,
1463 1397 1567 1426 famula
1587 1397 1652 1432 Dei,
1674 1405 1774 1434 sponsa
1801 1397 1923 1431 Christi,
1944 1397 2024 1434 virgo

1174 1445 1298 1479 Domini,
1320 1445 1416 1482 sugere
1431 1445 1618 1481 superborum
1641 1444 1794 1479 consortia,
1815 1452 1851 1473 ne
1878 1446 1906 1473 et
1926 1447 1956 1472 tu
1984 1443 2024 1473 eis

1173 1493 1270 1521 similis
1284 1492 1421 1521 efficiaris.
1438 1492 1508 1520 Dicit
1529 1491 1602 1520 enim
1617 1491 1825 1520 Ecclesiasticus
1836 1491 1860 1519 ⁸:
1878 1491 1937 1527 Qui
1951 1499 2024 1520 com-

1173 1540 1308 1568 municat
1327 1539 1452 1576 superbo
1473 1539 1574 1568 induet
1593 1538 1772 1576 superbiam.

1033 1675 1194 1704 CAPITULUM
1215 1675 1255 1703 lll.

949 1799 990 1827 De
1008 1797 1140 1836 perfectu
1157 1800 1342 1835 paupertate.

349 1926 372 1953 1.
396 1925 442 1953 Est
456 1924 539 1953 etiam
559 1926 710 1961 paupertas
725 1923 815 1952 virtus
829 1922 864 1951 ad
885 1922 1062 1960 perfectionis
1076 1921 1117 1950 in-

266 1971 423 2009 tegritatem
444 1971 599 2000 necessaria
626 1971 655 1999 in
676 1973 801 2004 tantum,
823 1973 855 1998 ut
882 1969 978 1998 nullus
1005 1969 1117 1998 omnino

266 2019 325 2047 sine
345 2026 377 2047 ea
398 2018 484 2055 possit
499 2026 558 2046 esse
580 2017 735 2054 perfectus,
758 2019 827 2045 teste
841 2016 967 2050 Domino,
989 2016 1036 2053 qui
1051 2015 1117 2045 dicit

266 2066 295 2094 in
316 2065 461 2102 Evangelio
473 2065 499 2093 ⁹:
523 2065 555 2093 Si
568 2064 613 2093 vis
625 2062 774 2101 perfectus
795 2072 870 2098 esse,
892 2063 966 2091 vade
983 2066 1009 2091 et
1029 2062 1116 2091 vende

267 2111 382 2145 omnia,
404 2119 478 2149 quae
500 2109 602 2144 lutbes,
625 2113 650 2138 et
674 2110 714 2138 ctu
732 2109 924 2147 pauperibus.
951 2109 1019 2137 Cum
1041 2108 1114 2137 enim

331 2295 339 2308 ¹
358 2295 417 2319 Tob.
435 2296 461 2323 4,
480 2295 521 2318 lli:
540 2295 677 2324 superbiam
695 2301 814 2324 nunquam
833 2295 855 2317 in
872 2297 912 2317 tuo
936 2301 1017 2322 sensu,
1041 2297 1080 2317 aut
1097 2294 1120 2316 in

267 2338 307 2359 tuo
330 2335 403 2358 verbo
426 2335 539 2358 dominari
564 2335 690 2363 perminus.
707 2347 738 2351 —
755 2335 851 2357 Inferius
871 2341 915 2362 pro
932 2335 953 2357 et
970 2334 1026 2364 quia
1043 2333 1120 2363 mapi-

266 2377 345 2399 strant
362 2375 401 2404 (ita
420 2375 496 2404 BCF)
514 2375 566 2397 Vat.
584 2376 605 2397 et
622 2374 678 2404 quia
695 2373 824 2397 dominam.

331 2414 339 2427 ²
357 2414 427 2442 Epist.
446 2414 483 2437 17.
500 2415 522 2436 10
540 2414 674 2442 Appendice
692 2413 757 2443 (alias
777 2413 832 2441 itm
850 2416 884 2436 est
901 2413 986 2441 Pelagii
997 2413 1028 2435 ad
1040 2413 1119 2435 Deme-

267 2454 365 2477 triadem
381 2456 403 2476 et
414 2454 531 2476 invenitur
543 2454 612 2476 etiam
624 2453 646 2475 in
658 2453 765 2481 Appcnd.
777 2459 875 2481 operum
887 2453 981 2475 Hieron.
992 2453 1063 2480 Epist.
1076 2452 1119 2481 1.),

267 2499 288 2516 c.
305 2494 347 2515 20:
365 2493 474 2516 Perfacile
490 2496 524 2515 est
535 2493 607 2520 enim,
620 2492 720 2521 aliquem
738 2495 826 2514 vestem
844 2491 930 2514 habere
948 2494 1119 2519 contemptam,

268 2533 367 2555 salutare
383 2532 534 2559 submissius,
552 2538 635 2554 manus
652 2534 675 2554 et
696 2538 771 2559 genua
797 2531 940 2558 deosculari,
965 2530 1072 2553 inclinato
1095 2530 1119 2553 in

268 2574 353 2594 terram
370 2571 445 2600 capite
462 2571 582 2600 oculisque
599 2571 694 2593 deiectis
711 2570 863 2593 humilitatem
876 2576 903 2592 ac
915 2570 1118 2593 mansuetudinem

268 2610 394 2639 polliceri...
411 2611 499 2633 Verum
517 2610 628 2633 humilem
646 2610 754 2638 patientia
770 2609 870 2632 ostendit
881 2609 985 2631 iniuriae.
997 2621 1028 2625 —
1041 2608 1120 2637 Sequi-

270 2652 306 2672 tur
324 2650 389 2672 Eccli.
407 2651 433 2677 2,
453 2650 474 2672 1.

332 2688 341 2701 ³
358 2689 439 2711 Homil.
458 2688 479 2711 4.
497 2695 567 2717 super
584 2687 673 2711 Missus
690 2689 737 2715 est,
754 2694 775 2710 n.
795 2688 831 2710 110.
845 2687 918 2709 Textu
931 2687 999 2709 etiam
1013 2686 1119 2715 originali

268 2730 424 2756 repugnante,
443 2730 495 2755 post
511 2727 577 2750 doleo
595 2728 612 2749 Α
623 2728 638 2749 Ε
655 2727 745 2749 addunt
761 2725 830 2756 quia,
848 2729 870 2749 et
888 2732 930 2754 pro
943 2725 1090 2755 impatientes
1102 2726 1119 2747 B

268 2764 310 2788 CF
327 2765 468 2789 substituunt
485 2765 618 2789 insolentes.
634 2778 666 2782 —
683 2765 794 2794 Superius
806 2764 904 2788 vocibus
915 2764 1027 2788 volumus
1038 2770 1120 2794 super-

269 2803 319 2827 bire
336 2804 402 2827 BCF
421 2805 558 2827 interserunt
575 2804 629 2828 nisi.

332 2843 341 2856 ⁴
359 2844 423 2873 Van,
441 2844 612 2873 refragantibus
628 2845 708 2867 BCF:
727 2844 830 2868 Consulo
848 2850 904 2874 erqo
923 2844 975 2873 tibi,
994 2850 1007 2867 o
1022 2842 1120 2874 praecli-

270 2883 329 2907 lecla
344 2889 415 2907 soror
427 2883 479 2913 [cfr.
491 2890 561 2912 supra
576 2890 631 2912 pag.
643 2884 700 2911 2107,
712 2886 765 2906 nota
777 2883 822 2913 7.],
835 2883 933 2907 consulo
944 2885 965 2907 et
977 2882 1117 2913 virginibus.

333 2922 342 2935 ⁵
359 2923 442 2945 Homil.
461 2923 482 2946 1.
498 2929 569 2951 super
586 2923 675 2946 Missus
693 2924 739 2951 est,
757 2929 779 2946 n.
796 2923 819 2945 5.

333 2960 343 2974 ὓ
359 2961 433 2985 Codd.
451 2961 518 2985 BCF
534 2961 579 2992 filii
596 2962 637 2985 tui.

334 3000 342 3013 ⁷
359 3000 421 3024 Libr.
437 3001 471 3024 ill.
487 3001 517 3024 de
539 3001 590 3023 Vita
613 3001 793 3029 contemplativa
816 3001 884 3029 (inter
905 3006 977 3029 opera
999 2999 1118 3028 Prosperi,

270 3042 305 3063 est
322 3042 399 3063 tamen
416 3040 494 3063 iuliani
511 3040 623 3068 Pomerii,
640 3041 681 3069 qui
697 3041 779 3063 claruit
796 3040 855 3063 circa
867 3047 904 3063 an.
917 3039 983 3069 498),
996 3046 1016 3062 c.
1029 3040 1051 3062 8.
1061 3045 1084 3061 n.
1098 3039 1119 3061 1.

1174 1929 1284 1950 summa
1305 1920 1478 1957 evangelicae
1496 1919 1672 1957 perfectionis
1686 1919 1817 1949 consistat
1838 1919 1866 1948 in
1888 1919 2025 1949 excellen-

1173 1968 1211 1997 tia
1232 1967 1419 2005 paupertatis,
1441 1975 1496 1995 non
1518 1966 1627 2001 credat,
1650 1974 1679 1995 se
1700 1966 1916 2004 apprehendisse
1935 1966 2024 2003 perfe-

1173 2014 1271 2044 ctionis
1291 2014 1413 2051 apicem,
1428 2014 1476 2051 qui
1498 2013 1621 2042 nondum
1636 2013 1758 2042 imitator
1778 2013 1919 2050 perfectus
1933 2013 2023 2042 factus

1172 2064 1213 2090 est
1233 2061 1407 2097 evangelicae
1422 2060 1602 2097 paupertatis.
1621 2060 1663 2088 Ait
1676 2068 1798 2097 namque
1820 2060 1897 2097 Hugo
1911 2060 1945 2089 de
1960 2068 2022 2089 san-

1172 2111 1215 2137 cto
1236 2108 1346 2136 Victore
1359 2108 1397 2135 ¹⁰:
1430 2107 1599 2144 «Quidquid
1629 2107 1804 2144 perfectionis
1832 2107 1860 2136 in
1889 2107 2025 2145 religiosis

1176 2300 1237 2323 seq,
1256 2293 1295 2316 ubi
1310 2293 1392 2316 indicia
1403 2292 1526 2321 superbiae
1538 2291 1713 2315 describuntur:
1726 2292 1810 2315 Omitto
1822 2292 1872 2315 illos
1884 2298 1944 2321 quos
1955 2293 2024 2315 etiam

1176 2333 1225 2362 ipse
1243 2333 1335 2355 habitus
1351 2336 1373 2355 et
1396 2333 1499 2355 incessus
1522 2331 1638 2360 superbos
1662 2332 1798 2359 ostendunt,
1823 2338 1924 2360 quorum
1949 2334 2024 2354 erecta

1176 2373 1266 2401 cervix,
1284 2373 1353 2395 facies
1370 2375 1448 2399 torva,
1466 2374 1542 2394 truces
1559 2371 1618 2394 oculi
1636 2374 1659 2394 et
1675 2377 1751 2394 sermo
1769 2370 1875 2394 terribiliS
1887 2371 1973 2394 nudam
1986 2377 2024 2394 su-

1175 2412 1280 2440 perbiam
1298 2412 1421 2434 clamant...
1438 2411 1487 2433 11105
1510 2413 1598 2433 tantum
1621 2410 1733 2433 dolendos
1754 2410 1875 2432 ostendo...
1898 2416 1957 2438 quos
1979 2410 2024 2432 iam

1176 2457 1302 2474 conversos
1319 2454 1341 2474 et
1358 2451 1525 2480 aliquantulum
1543 2449 1689 2478 proficientes
1711 2449 1820 2478 superbia
1843 2449 1931 2472 occulte
1953 2449 2025 2477 capti-

1176 2494 1239 2513 vat...
1256 2491 1306 2518 Ipsa
1323 2490 1347 2512 in
1366 2489 1475 2512 cordibus
1493 2489 1572 2512 talium
1589 2489 1665 2512 locum
1688 2488 1780 2511 diabolo
1804 2489 1879 2511 tacit...
1901 2489 1956 2511 lnde
1978 2491 2024 2516 est,

1176 2530 1241 2559 quod
1257 2530 1304 2552 hi...
1322 2530 1351 2552 de
1368 2530 1419 2552 loco
1435 2529 1548 2557 superiori
1566 2528 1705 2556 disceptant,
1723 2528 1834 2556 praeferri
1851 2534 1876 2550 sc
1893 2528 1961 2550 etiam
1978 2534 2025 2550 me-

1176 2569 1271 2592 lioribus
1283 2569 1429 2597 impudenter
1442 2568 1570 2590 affectant...
1582 2573 1635 2590 suas
1646 2567 1769 2590 sententias
1780 2567 1909 2595 procaciter
1917 2567 2024 2589 iactant...

1176 2615 1222 2631 non
1240 2610 1333 2630 servant
1350 2608 1372 2629 in
1389 2606 1503 2635 obsequio
1520 2606 1687 2633 reverentiam,
1704 2606 1729 2628 in
1745 2612 1852 2628 sermone
1873 2605 2024 2633 modestiam,

1176 2648 1198 2670 in
1215 2647 1320 2670 moribus
1337 2647 1482 2674 disciplinam
1499 2648 1541 2669 etc.
1560 2645 1632 2668 Codd.
1651 2645 1693 2668 CF
1709 2645 1801 2673 legunt:
1815 2644 1918 2673 Quidam
1929 2644 2024 2675 sapiens

1176 2686 1209 2709 ita
1226 2685 1358 2709 describens
1375 2684 1506 2715 superbum
1523 2684 1586 2708 dicit.

1239 2724 1248 2737 Β
1266 2725 1321 2754 Cap.
1341 2726 1382 2753 =i3,
1404 2726 1421 2747 1.

1239 2763 1249 2777 ⁹
1265 2765 1342 2787 liiaitn.
1366 2764 1408 2792 119,
1430 2764 1469 2786 21.
1485 2776 1516 2779 -
1534 2762 1645 2791 Superius
1667 2768 1710 2790 pro
1730 2763 1863 2792 paupertas
1884 2761 1962 2785 virtus
1980 2760 2024 2784 CF

1172 2803 1324 2834 paupertatis
1341 2803 1426 2826 virtus.

1239 2842 1259 2855 ¹⁰
1277 2843 1417 2865 Sententiam
1435 2842 1509 2870 ipsam
1525 2848 1571 2864 non
1588 2841 1730 2868 invenimus;
1745 2841 1786 2863 cfr.
1799 2842 1875 2863 tamen
1887 2840 1987 2869 Exposit.
1999 2840 2022 2862 in

1175 2883 1250 2910 regul.
1268 2883 1289 2904 S.
1307 2882 1404 2910 August.
1422 2888 1442 2904 c.
1461 2882 1481 2903 l.
1498 2883 1521 2903 et
1537 2881 1564 2909 2,
1582 2879 1621 2903 ubi
1639 2882 1764 2908 paupertas
1781 2879 1893 2907 religiosis
1915 2879 2025 2907 proponi-

1176 2924 1213 2944 tur
1235 2921 1333 2944 tenenda
1359 2921 1381 2943 in
1405 2921 1503 2948 ipsaque
1528 2919 1562 2942 eis
1587 2919 1741 2947 gloriandum.
1767 2918 1893 2941 Eucherius
1917 2918 2025 2946 Lugdun.

1176 2961 1247 2989 episc.
1266 2959 1362 2989 (†450)‚
1379 2959 1462 2982 Homil.
1481 2958 1502 2981 4.
1519 2958 1549 2981 ad
1565 2959 1690 2981 Monachus
1705 2958 1748 2980 ait:
1762 2966 1773 2977 ιι
1785 2956 1934 2981 Pecztliarius
1946 2959 2023 2979 autem

1176 2999 1237 3022 istud
1254 2999 1285 3021 ad
1301 2999 1470 3027 professionem
1486 3000 1590 3021 nostram
1607 2997 1718 3025 pertinet,
1734 2996 1792 3019 nihil
1809 2996 1831 3018 iu
1848 2997 1891 3018 hac
1907 2995 1955 3018 vita
1972 3001 2025 3017 con—

1177 3038 1293 3062 solationis
1311 3038 1452 3066 requirere...
1470 3039 1631 3065 paupertatem
1648 3036 1724 3059 studio
1736 3041 1848 3064 quaerere
1859 3037 1882 3057 et
1892 3040 1938 3057 non
1949 3034 2024 3057 solum

2039 536 2115 581 0011·

2049 886 2123 914 Fugiens

2038 912 2080 929 sunt
2091 916 2123 931 sui.

2038 933 2080 953 bae.
2109 932 2112 946 ³
