2133 3317
129 446 172 464 Alia
184 445 239 464 visio.

126 1478 234 1497 Mandatum

135 1502 226 1520 divinum.

256 220 313 249 566

552 297 645 326 Lectio
667 300 777 335 quarta
789 297 808 324 ¹.

336 392 394 420 Una
415 391 518 428 quippe
539 390 661 424 dierum,
683 390 750 418 dum
773 390 811 419 sic
833 392 1024 427 sequestratus
1045 398 1107 419 ora—

258 441 314 472 ret,
336 437 466 474 apparuit
486 437 510 466 ei
533 437 661 466 Christus
675 437 751 465 lesus
771 437 856 465 veluti
873 437 949 465 cruci
964 437 1106 471 confixus,

258 485 345 514 eidem
369 488 423 513 tam
445 484 594 513 efficaciter
622 484 751 521 ingerens
773 484 963 520 evangelicum
992 484 1060 513 illud
1076 485 1105 513 2;

260 532 318 568 Qut
339 531 400 560 vult
430 531 529 560 venire
554 535 621 568 post
648 539 692 559 me
721 530 840 568 abiteyet
868 531 1055 569 semetipsum
1083 535 1109 561 et

257 578 336 607 tollat
366 586 483 607 crucem
513 586 602 606 suam
630 581 655 606 et
675 581 818 615 sequatur
839 586 900 612 me,
926 580 958 606 ut
984 581 1106 607 mentem

256 625 343 662 ipsius
364 625 531 653 intrinsecus
552 628 579 653 et
600 624 726 653 incendio
747 624 900 653 dilectionis
921 625 1053 654 adureret
1080 628 1108 654 et

256 672 394 701 absinthio
416 672 613 709 compassionis
628 672 763 709 impleret.
787 672 852 700 Nam
874 675 901 701 et
919 672 953 701 ad
974 673 1108 709 praemis-

257 727 302 748 sae
325 719 437 748 visionis
458 719 615 747 contuitum
638 719 785 756 liquefacta
806 722 847 748 est
868 719 960 748 anima
985 719 1059 754 eius,
1081 723 1108 748 et

255 767 391 795 memoria
406 766 539 803 passionis
550 766 651 794 Christi
669 766 821 795 visceribus
833 766 924 795 cordis
939 766 1026 803 ipsius
1040 766 1108 795 adeo

256 814 391 850 impressa
416 813 593 847 medullitus,
616 816 647 841 ut
672 817 699 842 et
725 813 853 842 crucifixi
881 813 987 842 Domini
1014 814 1108 851 plagas

256 861 344 889 oculis
367 861 466 889 mentis
487 860 604 889 interius
626 860 703 897 quasi
728 860 829 898 iugiter
851 863 978 890 cerneret
1003 864 1030 890 et
1059 861 1107 890 vix

257 908 383 937 exterius
398 916 413 936 a
431 908 593 944 lacrymosis
607 907 756 944 gemitibus
771 908 913 936 continere
928 908 1040 937 valeret.
1057 908 1108 945 lgi-

256 957 303 984 tur
324 963 387 984 cum
404 955 457 983 iam
479 963 530 992 pro
545 955 691 984 dilectione
712 955 814 983 Christi
834 955 894 983 Iesu
913 963 1026 983 omnem
1039 954 1107 983 sub-

255 1002 396 1030 stantiam
418 1002 523 1030 (lomus
544 1010 617 1029 sitae
635 1001 723 1039 quasi
742 1000 817 1029 iziltt'l
840 1001 995 1038 reputando
1014 1001 1107 1038 despi-

256 1052 345 1083 ceret,
368 1048 541 1077 thesaurum
563 1049 698 1077 sentiebat
727 1057 756 1077 se
785 1048 922 1085 reperisse
954 1048 1107 1077 abscondi-

257 1100 318 1125 tum
341 1096 553 1133 pretiosumque
581 1096 789 1132 iitctiffltrz'taess
812 1095 962 1132 fulgorem,
984 1104 1106 1132 quorum

255 1142 391 1171 desiderio
413 1146 534 1176 tractus,
556 1150 607 1171 sua
635 1142 798 1179 disponebat
826 1145 925 1171 cuncta
951 1142 1107 1171 distrahere

256 1189 375 1226 divoque
397 1189 537 1218 mercandi
560 1190 640 1218 modo
663 1190 874 1226 negotiationem
892 1190 1064 1218 mundanam
1079 1190 1107 1217 in

256 1237 443 1273 evangelicam
464 1239 647 1265 commutare.

553 1331 645 1359 Lectio
672 1331 777 1369 qztz'ntct
789 1331 808 1358 4.

335 1425 469 1462 Egressus
490 1425 584 1462 itaque
605 1425 691 1453 semel
713 1424 747 1453 ad
769 1424 958 1453 meditandum
980 1424 1008 1453 in
1023 1432 1107 1461 agro,

257 1480 320 1501 cum
349 1472 540 1501 deambularet
568 1472 649 1501 iuxta
680 1472 824 1501 ecclesiam
850 1472 988 1509 quandam
1021 1471 1107 1500 sancti

256 1520 398 1553 Damiani,
421 1528 493 1556 quae
514 1519 674 1548 minabatur
696 1527 762 1556 prae
783 1519 868 1547 nimia
890 1522 1027 1548 vetustate
1049 1519 1108 1547 rui-

256 1575 333 1601 nam,
355 1570 382 1596 et
403 1567 551 1604 instigante
572 1575 601 1595 se
623 1567 743 1604 Spiritu,
766 1566 880 1595 eandem
902 1574 985 1595 causa
1006 1566 1108 1595 oratio—

256 1614 298 1643 nis
326 1614 471 1647 intrasset,
501 1617 658 1650 prostratus
690 1616 753 1642 ante
783 1613 929 1650 imaginem
956 1613 1106 1647 Crucifixi,

255 1669 310 1690 non
331 1661 438 1690 modica
460 1661 512 1689 fuit
526 1661 554 1689 in
576 1661 680 1689 orando
696 1661 890 1689 consolationis
911 1661 1047 1689 suavitate
1063 1668 1106 1689 re-

256 1709 355 1746 pletus.
379 1708 505 1745 Cumque
534 1708 696 1745 lacrymosis
717 1708 805 1737 oculis
831 1708 986 1736 intenderet
1008 1708 1033 1736 in
1059 1708 1107 1736 do-

256 1756 385 1785 minicam
408 1763 536 1790 crucem,
560 1763 654 1784 vocem
684 1755 717 1784 de
739 1755 798 1792 ipsa
826 1763 909 1784 cruce
930 1755 964 1783 ad
986 1763 1015 1784 se
1036 1755 1107 1783 miro

255 1803 375 1840 quodam
397 1803 478 1831 modo
499 1802 632 1839 dilapsam
648 1802 790 1839 corporeis
805 1802 911 1831 audivit
932 1802 1050 1831 auribus
1066 1805 1107 1831 ter

255 1850 407 1879 dicentem:
436 1862 448 1875 «
463 1850 620 1884 Francisce,
643 1849 724 1884 vade,
747 1858 847 1886 repara
867 1849 982 1878 domum
1004 1857 1107 1884 meam,

256 1906 343 1934 quae,
365 1900 397 1926 ut
418 1897 523 1931 cernis,
546 1900 603 1925 tota
617 1897 815 1926 destruitur».
838 1896 875 1925 Ad
891 1896 971 1925 cuius
993 1900 1107 1933 stupen-

255 1945 305 1974 dae
328 1945 401 1973 vocis
423 1944 666 1973 commonitionem
687 1944 832 1973 mirificam
856 1944 897 1972 vir
913 1943 960 1972 Dei
983 1944 1107 1980 primum

256 1992 368 2030 quidem
399 1992 582 2029 perterritus,
614 1991 714 2020 dehinc
735 1991 835 2028 gaudio
866 1993 894 2020 et
924 1990 1107 2020 admiratione

256 2040 392 2076 repletus,
414 2039 542 2076 protinus
570 2039 748 2073 exsurrexit,
771 2041 861 2067 totum
886 2046 915 2067 se
944 2038 1107 2075 recolligens

256 2086 289 2115 ad
312 2086 511 2124 perficiendum
534 2086 694 2115 mandatum
716 2086 750 2115 de
779 2085 933 2122 reparanda
954 2085 1107 2114 materialis

256 2134 386 2162 ecclesiae
407 2134 504 2167 domo;
536 2133 600 2162 licet
624 2133 785 2170 principalis
817 2132 933 2161 intentio
964 2132 1042 2161 verbi
1072 2132 1106 2160 ad

257 2188 317 2209 eam
338 2180 460 2208 ferretur
472 2180 492 2214 ⁵,
514 2188 598 2216 quam
620 2179 747 2208 Christus
765 2179 808 2207 sui
824 2179 966 2216 sanguinis
987 2178 1107 2215 acquisi-

257 2227 296 2255 vit
318 2227 438 2263 pretioso
460 2227 638 2260 commercio,
661 2226 732 2255 sicut
754 2234 818 2254 eum
850 2226 970 2262 Spiritus
995 2228 1108 2253 sanctus

257 2274 379 2308 edocuit,
408 2277 435 2302 et
463 2274 521 2311 ipse
543 2273 718 2310 postmodum
747 2273 799 2302 sihi
825 2272 1008 2301 familiaribus
1029 2279 1108 2300 reve-

258 2321 332 2350 lavit.

571 2414 661 2443 Lectio
682 2418 764 2443 sexta
779 2414 799 2442 ⁶.

336 2509 400 2537 Mox
421 2508 543 2543 cunctis,
566 2511 598 2537 ut
618 2508 723 2545 potuit,
745 2516 797 2545 pro
817 2507 921 2536 Christi
943 2515 1037 2536 amore
1052 2507 1108 2536 dis-

258 2556 370 2590 tractis,
391 2556 522 2585 ecclesiae
543 2555 681 2592 praefatae
709 2554 845 2584 sacerdoti
874 2554 1046 2591 pauperculo
1074 2554 1108 2583 ad

124 2608 245 2651 igorssffiigji
259 2602 347 2639 ipsius
378 2602 581 2640 reparationem
612 2605 640 2631 et
666 2609 824 2639 pauperum
852 2609 935 2630 usum
962 2601 1108 2638 pecuniam

160 2661 209 2674 num.

259 2650 374 2684 obtulit,
396 2653 423 2679 et
443 2649 518 2687 quod
539 2657 603 2678 eum
624 2649 659 2678 ad
680 2652 790 2686 tempus
811 2656 905 2677 secum
919 2648 1023 2677 morari
1044 2656 1108 2685 per-

667 218 863 247 OPUSCULUM
885 218 974 247 XXIV.
996 218 1148 247 LEGENDA
1169 217 1274 247 MlNOR
1295 218 1410 247 SANCTI
1431 218 1605 247 FRANCISCI.

1165 296 1302 331 mitteret,
1324 297 1486 334 suppliciter
1513 296 1665 333 requisivit.
1695 296 1890 334 acquiescente
1918 301 2010 327 autem

1164 344 1211 372 illo
1232 344 1266 373 de
1287 352 1379 378 mora,
1402 344 1449 372 sed
1471 344 1570 372 timore
1591 347 1737 380 parentum
1761 346 1907 372 recusante
1928 352 2012 381 pecu-

1164 391 1253 424 niam,
1283 398 1367 419 verus
1395 391 1440 419 ille
1468 391 1521 419 iam
1550 391 1732 427 pecuniarum
1764 393 1953 427 contemptor,
1985 392 2013 421 in

1164 437 1302 474 quandam
1324 437 1473 466 fenestram
1494 437 1603 473 pondus
1623 437 1725 466 metalli
1748 437 1911 474 proficiens,
1940 438 2012 467 abie-

1165 487 1239 513 ctum
1262 484 1339 513 velut
1358 484 1502 521 pulverem
1525 484 1676 520 vilipendit.
1699 484 1823 513 Sentiens
1845 487 1953 519 autem,
1975 493 2011 514 ex

1165 531 1217 560 hoc
1237 531 1387 560 adversum
1409 538 1438 559 se
1459 530 1547 567 patris
1561 531 1729 559 concitatum
1746 539 1805 560 esse
1826 531 1967 566 furorem,
1982 535 2013 561 ut

1165 577 1222 606 irae
1243 578 1334 606 locum
1350 578 1445 611 daret,
1460 577 1559 606 diebus
1573 577 1714 614 aliquibus
1729 578 1756 606 in
1772 578 1891 615 quadam
1906 579 2014 608 occulta

1164 624 1243 653 fovea
1263 624 1404 658 ieiunans,
1420 632 1502 653 orans
1517 627 1544 653 et
1560 624 1715 661 lacrymans
1736 625 1831 659 latuit;
1847 625 2014 662 tandemque

1165 671 1301 708 spirituali
1324 671 1443 708 quadam
1466 671 1620 708 completus
1647 671 1750 700 laetitia
1778 675 1805 700 et
1834 672 1942 700 virtute
1969 672 2014 701 in—

1165 718 1255 746 (tatas
1276 727 1310 746 eac
1332 718 1390 746 alto
1406 718 1427 752 ⁷,
1449 718 1575 747 exterius
1600 718 1765 747 fiducialiter
1792 719 1895 755 prodiit
1922 722 1949 748 et
1977 719 2013 748 ci-

1165 765 1277 794 vitatem
1300 768 1458 794 constanter
1480 765 1601 794 intravit.
1624 765 1710 802 Quem
1734 773 1797 794 cum
1819 766 1934 795 iuvenes
1955 774 2014 796 cer-

1166 816 1264 841 nerent
1284 812 1353 841 facie
1374 812 1532 850 squalidum
1554 816 1580 841 et
1613 816 1703 841 mente
1731 816 1869 841 mutatum
1905 821 1936 842 ac
1964 821 2013 850 per

1167 860 1217 888 hoc
1239 860 1388 888 alienatum
1411 862 1542 896 putarent
1563 868 1578 887 a
1606 867 1689 888 sensu
1718 860 1833 897 lutoque
1859 860 2013 896 platearum

1165 907 1242 935 velut
1263 907 1380 935 stultum
1395 907 1561 943 impeterent
1575 910 1602 935 et
1617 907 1778 935 clamorosis
1799 907 1823 935 ei
1845 907 1959 936 vocibus
1974 907 2014 936 in-

1165 954 1317 987 sultarent;
1340 953 1461 982 famulus
1483 953 1590 982 Domini
1613 954 1689 982 nulla
1710 961 1827 990 prorsus
1848 953 1953 982 fractus
1967 957 2015 983 aut

1166 1003 1290 1029 mutatus
1312 1000 1430 1035 iniuria,
1452 1003 1484 1029 ut
1505 1000 1608 1029 surdus
1629 1001 1657 1029 in
1675 1000 1805 1029 omnibus
1818 1000 2012 1038 pertransibat.

1456 1094 1549 1123 Lectio
1569 1095 1694 1132 septiiizct
1708 1095 1728 1122 ⁸.

1246 1189 1312 1217 Prae
1333 1188 1461 1217 omuibus
1482 1191 1575 1217 autem
1597 1192 1675 1225 pater
1696 1189 1783 1225 ipsius
1804 1189 1900 1218 furens
1920 1192 1947 1218 et
1961 1189 2016 1218 fre-

1165 1243 1259 1269 mens,
1282 1238 1413 1272 tanquam
1437 1235 1459 1263 si
1480 1235 1616 1264 naturalis
1637 1239 1709 1264 esset
1740 1236 1923 1264 miserationis
1946 1236 2016 1264 obli-

1166 1286 1223 1316 tus,
1253 1285 1425 1319 pertractum
1457 1282 1530 1310 domi
1560 1282 1648 1311 filium
1677 1283 1842 1312 verberibus
1870 1283 1959 1320 coepit
1988 1286 2015 1312 et

1166 1330 1284 1359 vinculis
1305 1337 1423 1367 angere,
1444 1333 1489 1364 ut,
1511 1329 1578 1358 dum
1600 1330 1660 1359 eius
1681 1338 1731 1367 per
1752 1330 1891 1359 molestias
1913 1338 2015 1367 corpus

1165 1380 1313 1411 attereret,
1345 1377 1380 1406 ad
1407 1377 1503 1406 mundi
1530 1377 1676 1406 blanditias
1704 1377 1828 1405 animum
1861 1377 2015 1406 inclinaret.

1166 1425 1344 1462 Experientia
1360 1424 1469 1453 taudem
1485 1427 1561 1453 certa
1575 1432 1742 1461 cognoscens
1757 1424 1865 1453 Domini
1880 1424 2015 1453 famulum

1165 1472 1199 1500 ad
1220 1479 1414 1509 quaecumque
1436 1479 1534 1508 aspera
1556 1480 1606 1508 pro
1620 1471 1730 1500 Christo
1744 1471 1908 1508 perferenda
1922 1479 2016 1508 prom-

1165 1519 1337 1555 ptissimum,
1360 1526 1425 1547 cum
1448 1518 1552 1555 liquido
1575 1522 1717 1552 cerneret,
1739 1518 1813 1555 quod
1842 1526 1906 1547 eum
1936 1525 2015 1547 revo-

1165 1574 1229 1595 care
1251 1574 1305 1595 non
1327 1569 1435 1603 posset,
1457 1566 1547 1602 coepit
1568 1566 1655 1594 eidem
1679 1566 1857 1594 vehementer
1878 1565 2015 1600 insistere,

1165 1617 1197 1641 ut
1217 1613 1377 1649 episcopum
1400 1612 1518 1641 civitatis
1540 1620 1595 1641 una
1617 1620 1711 1641 secum
1734 1612 1823 1641 adiret
1843 1612 1959 1649 eiusque
1975 1620 2016 1641 re-

1165 1660 1308 1688 nuntiaret
1338 1660 1366 1688 in
1395 1660 1523 1688 manibus
1555 1659 1723 1688 hereditario
1751 1659 1805 1688 iuri
1835 1663 2015 1696 paternarum

1165 1707 1288 1735 omnium
1311 1707 1484 1736 facultatum.
1516 1706 1553 1735 Ad
1575 1706 1650 1743 quod
1671 1706 1881 1743 exsequendum
1905 1706 2014 1735 Domini

1165 1762 1265 1783 servus
1285 1754 1361 1782 ultro
1382 1762 1411 1783 se
1432 1754 1567 1788 offerens,
1590 1762 1655 1782 mox
1670 1757 1701 1782 ut
1717 1754 1843 1790 pervenit
1857 1761 1951 1782 coram
1966 1762 2014 1782 au-

1165 1801 1266 1835 tistite,
1288 1809 1338 1830 nec
1360 1809 1452 1830 moras
1473 1804 1515 1830 est
1536 1808 1634 1838 passus
1655 1808 1705 1829 nec
1730 1803 1877 1830 cunctatus
1905 1801 1939 1830 de
1965 1801 2015 1830 ali-

1165 1856 1221 1885 quo
1249 1856 1299 1877 nec
1320 1848 1414 1885 exegit
1435 1848 1520 1877 verba
1541 1856 1592 1877 nec
1613 1847 1748 1882 reddidit;
1770 1848 1836 1885 quin
1862 1848 1955 1885 potius
1969 1856 2015 1877 ve—

1165 1895 1294 1924 stimenta
1315 1895 1353 1924 sic
1374 1898 1474 1924 cuncta
1495 1895 1638 1932 deposuit,
1660 1894 1733 1931 quod
1755 1898 1782 1923 et
1796 1894 1938 1923 femoralia
1956 1895 2016 1932 ipsa

1165 1942 1260 1971 reiecit
1282 1945 1413 1979 totusque
1435 1950 1527 1971 coram
1550 1941 1719 1976 astantibus,
1742 1944 1774 1970 ut
1787 1941 1883 1971 ebrius
1897 1942 2014 1979 spiritu,

1164 1997 1260 2018 amore
1281 1989 1356 2018 illius
1370 1989 1470 2018 nudari
1485 1997 1539 2018 non
1556 1988 1680 2023 horruit,
1696 1988 1744 2026 qui
1759 1988 1852 2018 nudus
1866 1996 1917 2025 pro
1936 1988 2015 2018 nobis

1164 2037 1192 2065 in
1214 2044 1297 2066 cruce
1318 2036 1456 2074 pependit.

1461 2130 1555 2158 Lectio
1577 2133 1681 2158 octava.
1696 2129 1716 2158 ⁹.

1244 2225 1356 2253 Solutus
1377 2224 1478 2253 exinde
1500 2224 1595 2253 mundi
1611 2226 1784 2261 contemptor
1798 2232 1814 2252 a
1829 2224 1947 2253 vinculis
1962 2227 2015 2253 ter·
2026 2229 2118 2273 Ossffggi'ssfi'*

1165 2279 1298 2301 renarum
1320 2270 1497 2307 cupidinum,
1519 2271 1602 2304 dum,
1625 2270 1734 2299 civitate
1756 2271 1867 2305 relicta,
1898 2279 2015 2300 securus

1165 2323 1192 2349 et
1212 2319 1283 2348 liber
1304 2318 1399 2347 laudes
1420 2318 1536 2347 Domino
1568 2318 1595 2346 in
1622 2318 1713 2347 medio
1741 2326 1888 2347 nemorum
1914 2318 2014 2347 Gallica

1166 2367 1260 2403 lingua
1281 2368 1417 2399 cantaret,
1439 2365 1652 2393 occurrentibus
1667 2365 1718 2393 sibi
1734 2364 1904 2399 latronibus,
1923 2365 2014 2402 magni

1166 2412 1245 2449 Regis
1266 2419 1366 2449 praeco
1387 2419 1441 2440 non
1464 2411 1556 2440 timuit
1576 2418 1627 2440 nec
1648 2419 1664 2439 a
1681 2411 1762 2440 laude
1777 2411 2014 2448 cessavit,utpote

1165 2459 1213 2496 qui
1235 2459 1324 2489 viator
1346 2458 1508 2487 seminudus
1529 2460 1557 2487 et
1577 2466 1683 2487 vacuus
1714 2461 1774 2486 erat
1813 2461 1840 2487 et
1864 2458 2014 2495 apostolico

1164 2514 1243 2534 more
1258 2506 1282 2522 ¹⁰
1303 2506 1330 2534 in
1353 2505 1530 2534 tribulatione
1551 2505 1697 2542 gaudebat.
1720 2505 1825 2534 Exinde
1853 2505 1938 2534 totius
1960 2505 2012 2534 hu-

1166 2553 1289 2581 militatis
1310 2555 1415 2581 amator
1437 2552 1470 2580 ad
1498 2551 1707 2589 obsequendum
1728 2552 1845 2588 leprosis
1872 2559 1901 2581 se
1922 2554 2013 2581 trans-

1165 2600 1244 2634 tulit,
1266 2602 1306 2633 ut,
1327 2599 1394 2628 dum
1409 2599 1614 2628 miserabilibus
1628 2602 1655 2627 et
1675 2599 1788 2628 abiectis
1809 2599 1935 2636 personis
1955 2606 2013 2628 ser-

1166 2647 1262 2676 vitutis
1282 2646 1346 2683 iugo
1368 2654 1397 2675 se
1418 2646 1566 2680 subderet,
1584 2646 1628 2675 sui
1648 2646 1801 2683 mundique
1822 2648 2012 2683 contemptum

322 2829 330 2841 ¹
349 2829 405 2851 lbid.
423 2835 442 2851 c.
461 2830 480 2851 l.
499 2836 523 2851 n.
541 2829 562 2851 5.

322 2867 331 2881 2
348 2869 424 2891 Manu.
443 2869 483 2897 116,
502 2869 539 2891 24.

322 2906 331 2920 ³
348 2908 510 2935 Respiciuntur
527 2907 592 2930 Cant.
610 2908 636 2934 8,
654 2908 676 2930 7.
694 2910 715 2930 et
733 2908 816 2929 matth:
833 2908 871 2934 13,
890 2907 969 2930 44-46.

322 2946 331 2958 ³
349 2946 407 2968 lbid.
423 2952 442 2968 c.
461 2947 482 2968 2.
499 2953 521 2969 n.
541 2947 560 2968 l.

323 2984 332 2997 ⁵
349 2985 404 3007 Cod.
422 2986 440 3007 A
457 2985 598 3015 referretur.

323 3022 332 3036 ‘⁵
350 3023 406 3046 lbid.
423 3030 443 3046 c.
460 3025 482 3046 2.
500 3031 520 3046 n.
543 3025 560 3046 l.
579 3025 601 3047 2.

1229 2827 1236 2840 ⁷
1254 2819 1383 2856 Respicitur
1400 2828 1455 2850 Luc.
1472 2827 1515 2854 2⁷2,
1539 2827 1575 2849 49.
1597 2838 1627 2842 —
1649 2826 1760 2854 Superius
1776 2832 1819 2854 pro
1841 2825 1970 2855 completus
1994 2825 2012 2847 A

1164 2866 1275 2896 repletus.

1228 2904 1237 2917 Β
1255 2905 1312 2928 lbid.
1329 2912 1348 2927 c.
1367 2906 1389 2927 2.
1406 2911 1427 2927 n.
1446 2905 1467 2927 3.
1486 2904 1508 2927 4.

1227 2944 1237 2957 ⁹
1254 2944 1310 2967 lbid.
1328 2950 1347 2967 c.
1366 2945 1388 2966 2.
1405 2950 1428 2966 n.
1445 2944 1467 2966 5.
1484 2946 1507 2966 et
1524 2943 1545 2965 6.

1229 2983 1247 2998 ¹⁰
1264 2983 1309 3006 Csr.
1326 2984 1374 3006 Act.
1392 2983 1419 3009 5,
1438 2982 1474 3005 41.
1496 2994 1527 2999 —
1548 2982 1643 3004 Inferius
1660 2982 1691 3009 A,
1708 2982 1794 3004 omisso
1811 2980 1883 3009 (lum,
1899 2980 1952 3003 voci
1973 2979 2013 3003 sui

1164 3023 1272 3052 praefigit
1289 3024 1317 3046 et.

2028 493 2055 512 lra
2067 495 2109 518 patri

2048 773 2111 794 Fiducia

2047 1196 2111 1216 Perfeci

2031 1219 2111 1239 abi-enum
2116 1231 2118 1235 >

2029 2511 2076 2530 cura
2086 2510 2102 2529 le
2113 2518 2118 2523 ·

2052 2539 2110 2559 sorum,
