2133 3317
774 220 1015 250 PROLEGOMENA
1036 222 1114 250 C.H.

79 308 98 324 c.
114 300 146 329 7.)
164 303 186 322 et
202 299 297 329 quidem
310 299 455 327 seraphicum
474 299 602 321 Doctorem.
614 299 723 327 Apposite
740 298 794 321 dicit
812 298 918 321 Sbaralea

80 348 132 377 (loc.
149 347 209 376 cit.):
229 355 241 367 «
252 347 316 374 Opus
333 346 420 368 redolet
437 345 564 368 doctrinam
582 348 604 367 et
620 345 756 373 gravitatem
778 345 919 367 Bonaventu-

81 400 131 421 rae,
147 394 188 416 etsi
206 393 289 415 habeat
306 392 347 415 tria
370 392 407 414 vel
428 395 527 421 quatuor
549 390 620 413 verba
638 391 715 413 minus
737 391 827 418 Latina,
846 397 918 420 appo-

79 440 157 468 diare,
175 445 277 469 ynerra,
295 438 456 468 campanella,
473 439 513 461 sed
531 444 591 467 quae
609 438 650 460 illis
670 438 814 466 temporibus
835 438 857 460 in
875 445 917 460 usu

79 489 143 510 erant
159 485 227 508 etiam
244 485 266 507 in
279 485 380 512 epistolis
396 485 552 507 Romanorum
566 484 700 507 Pontificum
713 492 734 506 ³2.
753 484 817 512 Quod
831 487 918 511 spectat

81 533 109 556 ad
125 533 167 555 ista
185 533 225 554 trIa
247 531 329 559 verba,
351 531 436 554 Bonelli
454 531 511 560 (loc.
532 531 570 554 cit.
592 531 635 553 col.
652 531 706 558 618)
724 537 766 558 pro
788 530 918 560 appodiare

79 580 132 603 citat
148 580 271 602 Sermones
287 579 402 601 coaetanei
420 579 456 601 Fr.
473 577 575 601 Guiberti
587 578 616 600 de
628 579 744 604 Tornaco,
762 584 803 606 pro
816 584 917 607 yuerra,

80 626 166 649 Bullam
179 625 299 648 Innocentii
312 625 353 647 lV:
375 624 411 647 Ad
421 624 564 654 apostolicae
580 623 701 653 dignitatis
713 623 810 653 apicem.
824 623 918 647 Guerra

79 672 194 695 invenitur
211 672 279 694 etiam
297 672 319 693 in
337 672 385 699 ipsa
403 671 553 693 celeberrima
565 669 671 699 Leyenda
689 669 713 693 S.
731 669 866 697 Francisci,
886 676 918 692 se-

80 717 181 740 cundum
198 717 316 740 lectionem
335 716 549 745 probatissimorum
567 716 681 739 codicum.

141 764 163 786 d.
181 763 310 786 Notandum
327 766 362 785 est
378 763 458 790 etiam,
477 763 500 785 in
517 763 616 786 editione
633 763 683 785 Vat.
702 763 723 784 in
746 763 791 785 fine
813 763 917 791 opusculi

80 810 175 832 inveniri
194 803 375 832 additamentum
393 809 422 831 ab
439 809 512 832 aliena
530 815 599 831 mauu
617 809 784 837 conscriptum,
807 809 869 838 quod
888 809 918 831 in-

80 857 144 885 cipit:
164 857 207 879 uln
224 860 339 879 conventu
352 857 455 878 Fratrum
474 856 586 878 Minorum
599 855 700 882 Parisiis,
717 859 868 878 conversante
880 855 919 878 bo-

81 909 124 926 nae
140 903 266 925 memoriae
283 903 359 925 Fratre
376 903 534 924 Bonaventura
546 911 557 922 »
577 906 619 925 etc.
637 902 702 930 (vide
713 902 768 924 inira
786 908 839 930 pag.
860 902 915 929 490,

81 952 157 972 notam
174 949 206 978 6).
225 949 269 972 Sed
287 950 330 971 hoc
347 949 467 971 manifeste
486 955 530 971 non
543 947 572 970 ab
584 950 681 971 auctore
696 947 762 971 libelli
775 947 806 970 ibi
818 949 918 976 positum

81 999 124 1024 est,
141 1002 183 1018 nec
200 996 315 1018 invenitur
336 995 357 1017 in
372 995 463 1019 ‚nostris
479 995 606 1018 codicibus.
626 996 693 1017 Teste
710 995 796 1017 Bonelli
814 995 865 1023 (loc.
883 995 920 1017 cit.

81 1044 122 1066 col.
135 1043 189 1072 619)
207 1044 228 1065 in
246 1043 281 1066 ed.
302 1043 402 1066 Ulmensi
415 1049 452 1065 au.
468 1042 523 1065 1473
535 1045 604 1071 atque
615 1042 637 1064 in
650 1042 691 1064 alia
704 1042 752 1064 sine
765 1043 815 1065 loco
827 1045 849 1064 et
859 1049 919 1065 anno

81 1090 141 1113 idem
158 1090 339 1112 additamentum
357 1095 404 1111 non
416 1089 582 1117 postpositum,
600 1088 641 1111 sed
658 1089 812 1116 praemissum
828 1089 869 1111 fuit
881 1089 920 1111 Re-

82 1137 149 1165 gulae
164 1136 304 1159 novitiorum
322 1142 374 1158 cum
387 1135 547 1163 inscrIptione:
569 1144 578 1155 ι
591 1135 671 1157 Brevis
687 1138 709 1157 et
727 1135 786 1157 utilis
803 1135 920 1157 doctrinae

82 1183 131 1212 (sic)
150 1183 260 1206 iuvenum
279 1182 366 1205 domini
379 1182 553 1204 Bonaventurae
570 1181 632 1204 card.
649 1182 703 1204 Ord.
715 1182 796 1204 lilim».
808 1194 839 1198 —
852 1182 920 1204 Porro

81 1230 158 1252 titulus
173 1230 196 1252 in
220 1228 325 1257 pluribus
348 1228 468 1251 codicibus
489 1227 620 1250 inscribitur
641 1227 758 1251 Institutio
780 1228 919 1250 novitiorum

69 1282 123 1305 ¹pro
139 1274 240 1305 Reynla,
259 1281 306 1304 quo
324 1274 396 1297 verbo
414 1275 507 1302 proprie
525 1281 578 1302 pars
598 1275 675 1302 operis
691 1275 774 1297 Fratris
798 1275 871 1297 David
889 1276 921 1297 in-

81 1322 180 1350 dicatur;
197 1322 221 1344 in
233 1322 282 1344 aliis
299 1321 376 1344 titulus
388 1325 421 1344 est
439 1321 566 1344 Instructio
584 1321 732 1344 novitiorum.
746 1334 774 1337 —
787 1322 808 1343 ln
821 1321 921 1344 editione

82 1370 132 1392 Vat.
147 1375 167 1391 c.
185 1369 221 1391 25.
238 1368 266 1392 de
282 1368 373 1392 silentio
396 1371 456 1391 extra
475 1369 580 1391 ordinem
598 1371 632 1391 est
649 1372 671 1391 et
688 1368 863 1396 praefigendum
887 1375 922 1391 ca-

81 1415 152 1444 pitulo
169 1416 206 1438 26.
224 1414 251 1438 de
265 1416 419 1444 paupertate,
439 1414 502 1443 quod
520 1421 561 1442 per
577 1415 666 1437 solitam
685 1414 856 1436 conclusionem
881 1413 923 1443 qai

81 1462 138 1486 vivis
155 1464 176 1486 et
200 1468 287 1492 reynas
310 1465 353 1485 etc.
380 1464 452 1484 totum
478 1462 615 1490 opusculum
641 1461 754 1484 terminat.
770 1473 800 1478 —
817 1461 921 1490 Denique

80 1509 132 1533 cod.
147 1509 309 1532 Lambacensis
327 1508 398 1537 (infra
416 1508 438 1530 in
464 1508 558 1530 elencho
576 1515 597 1530 n.
619 1508 665 1537 16.)
683 1510 774 1536 praeter
794 1507 920 1535 genuinum

81 1557 203 1585 prologum
221 1556 300 1585 (quem
326 1555 397 1578 codex
415 1555 451 1577 ilie
468 1555 532 1582 ponit
557 1558 609 1582 post
626 1553 737 1583 tabulam)
760 1554 829 1577 habet
851 1554 920 1576 alium

81 1603 204 1630 ineditum,
221 1608 305 1631 quem,
321 1602 375 1631 quia
392 1600 484 1623 exhibet
501 1602 583 1623 multas
600 1601 723 1623 sententias
739 1601 859 1629 seraphico
878 1601 920 1623 Do-

82 1649 137 1672 ctori
154 1649 288 1676 familiares,
308 1654 337 1670 ne
360 1648 450 1676 penitus
467 1648 566 1676 excidat,
585 1648 640 1670 infra
658 1647 779 1675 posuimus
795 1650 847 1676 post
864 1648 922 1670 elen-

82 1696 150 1718 chum
167 1695 280 1717 codicum.

356 1769 492 1800 Elenchus
512 1769 640 1799 codicum.

122 1857 141 1879 1.
159 1855 249 1880 Codices
265 1863 279 1879 a
295 1855 359 1879 nobis
377 1862 426 1878 cum
443 1854 511 1878 textu
527 1854 653 1878 Vaticanae
670 1853 777 1877 editionis
794 1853 881 1877 eonati.

148 1935 166 1956 1.
184 1933 299 1957 Cortonae
315 1934 337 1956 in
355 1933 451 1961 Tuscia,
470 1933 606 1956 bibliotheca
623 1932 791 1961 Communalis⁷
807 1932 860 1954 cod.
884 1932 920 1954 45.

83 1980 180 2003 membr.
203 1981 225 2002 in
251 1981 287 2003 tol.
312 1986 373 2003 saec.
395 1980 455 2002 XIV.
478 1979 589 2002 exeuntis.
607 1992 635 1995 -
654 1978 797 2007 Opusculum
820 1979 863 2000 hoc
887 1981 921 2000 est

83 2027 136 2050 solio
153 2027 191 2049 57.
208 2026 251 2049 sub
270 2027 345 2049 titulo:
364 2026 446 2055 Incipit
463 2025 521 2048 liber
538 2025 616 2049 sancti
638 2026 802 2048 Bonaventare
819 2023 922 2053 episcopi

82 2073 222 2096 Albanensis
238 2074 260 2096 et
284 2074 364 2096 sancte
388 2073 492 2095 Romane
516 2071 609 2095 ecclesie
634 2070 763 2094 cardinalis
788 2070 922 2100 dionissimi

83 2119 110 2143 cle
126 2119 270 2143 institutione
287 2118 438 2142 novitiorum.
462 2118 546 2148 Incipit
560 2117 684 2148 proloqus.
708 2116 861 2140 Renovamini
878 2120 920 2139 etc.

82 2167 167 2189 Desinit
184 2167 221 2189 rol.
238 2167 275 2189 65.
293 2165 381 2188 verbis:
399 2165 435 2188 Ad
451 2164 515 2195 quod
530 2170 573 2188 nos
586 2164 703 2194 perducat
721 2165 785 2187 Iesus
797 2164 867 2191 Xtus,
880 2163 922 2192 qui

83 2214 116 2236 est
132 2212 263 2236 benedictus
284 2211 309 2234 in
324 2211 411 2235 secula.
428 2213 512 2234 Amen.
529 2223 558 2226 —
576 2211 599 2233 ln
616 2211 658 2232 hac
675 2213 751 2232 nostra
777 2209 876 2232 editione
893 2209 920 2231 si-

83 2262 165 2288 gnatur
181 2260 252 2282 littera
269 2259 294 2281 L.

145 2307 166 2328 2.
183 2305 282 2333 Ibidem,
301 2304 354 2327 cod.
373 2304 425 2327 204.
442 2305 513 2327 chart.
531 2304 554 2326 in
571 2305 608 2326 sol.
625 2309 685 2326 saec.
700 2303 750 2326 XV.
761 2315 792 2319 —
803 2302 919 2331 Opusculo

83 2352 182 2381 praefixa
199 2355 233 2374 est
250 2353 306 2374 haec
331 2343 484 2374 rubrica'sol.
509 2351 554 2373 51:
572 2349 655 2379 Incipit
679 2349 736 2372 liber
762 2348 854 2372 domini
879 2349 920 2372 Bo-

83 2400 211 2422 naventare
228 2398 255 2421 de
271 2397 358 2421 Balneo
375 2397 441 2427 reyio
465 2396 560 2420 Ordinis
583 2396 704 2420 Minorum
726 2395 753 2418 de
775 2394 920 2418 institutione

83 2445 234 2468 novitiorum.
251 2444 334 2474 Incipit
347 2444 473 2474 proloyus.
491 2442 645 2466 Renovamini
660 2446 702 2465 etc.
721 2442 804 2465 Desinit
827 2443 864 2465 sol.
882 2442 919 2464 64.

85 2495 108 2514 ut
125 2491 147 2514 in
163 2491 272 2514 editione.
288 2492 352 2520 Sign.
368 2491 393 2514 C.

146 2539 167 2561 3.
184 2537 329 2565 Florentiae,
356 2536 493 2560 bibliotheca
516 2536 677 2563 [liccardianffi
702 2536 754 2558 cod.
778 2535 919 2558 CCCCXLV.

84 2584 182 2607 membr.
199 2585 221 2607 in
239 2585 260 2607 8.
277 2590 336 2606 saec.
355 2583 414 2606 xlv.
432 2583 541 2605 exeuntis.
557 2595 588 2599 —
599 2583 645 2604 Fol.
661 2583 682 2604 2.
702 2588 721 2604 r.
737 2587 782 2604 non
799 2584 920 2603 numerato

87 2631 180 2660 legitur:
196 2630 281 2660 Incipit
297 2629 368 2658 liber,
386 2635 455 2659 quem
471 2629 548 2659 frater
566 2629 732 2652 Bonaventara
754 2626 884 2657 composuit
900 2628 922 2649 et

85 2677 202 2700 ordinavit
223 2676 250 2700 de
275 2675 428 2700 instructione
449 2675 607 2702 novitiorum,
632 2674 656 2697 in
673 2680 718 2703 quo
741 2675 798 2696 sunt
817 2672 921 2702 capitula

85 2724 149 2747 XVI.
166 2724 223 2747 Hinc
239 2723 317 2746 tabula
339 2723 506 2751 capitulorum,
531 2724 583 2750 post
605 2727 677 2750 quae:
703 2720 784 2750 Incipit
796 2719 922 2750 proloyas.

87 2769 237 2793 Renovamini
252 2772 294 2792 etc.
311 2769 403 2797 Desinit,
422 2771 446 2791 ut
461 2770 552 2791 notatur
568 2767 591 2789 in
607 2767 707 2789 editione
724 2772 777 2794 pag.
795 2765 838 2788 483
856 2772 880 2787 n.
900 2765 922 2787 1.

87 2821 137 2844 cap.
153 2816 190 2839 Vl.
207 2819 229 2839 et
246 2815 336 2838 verbisz
353 2821 401 2839 non
418 2815 477 2838 esset
492 2813 645 2841 abstinentia,
657 2812 698 2836 sed
708 2811 821 2835 simulata
837 2811 921 2835 sancti-

87 2863 129 2885 tas.
146 2862 208 2890 Sign.
225 2863 250 2884 E.

148 2908 170 2931 4.
186 2907 316 2936 Monachii,
334 2907 470 2930 bibliotheca
496 2905 664 2933 Universitatis,
688 2905 739 2927 cod.
757 2905 794 2927 15.
811 2905 881 2926 chart.
899 2903 920 2925 in

88 2955 109 2977 8.
125 2961 185 2978 saec.
207 2955 256 2978 XV.
280 2968 308 2971 —
326 2955 414 2977 initium
432 2954 499 2976 huius
515 2952 620 2981 opusculi
643 2951 755 2974 indicatur
778 2952 813 2974 tol.
835 2951 885 2973 130.
904 2956 923 2973 r.

1702 225 1814 253 Lxxvu

975 299 1017 322 hac
1034 299 1138 322 rubrica:
1156 300 1238 330 Incipit
1255 302 1371 324 tractatas
1388 300 1455 324 valde
1471 301 1536 324 utilis
1552 301 1580 324 de
1596 301 1764 331 informatione
1780 302 1814 325 iu·

975 352 1060 369 venum
1071 348 1093 369 et
1104 347 1248 370 novitiorum
1262 348 1425 371 Bouaceature
1436 348 1574 372 cardinalis.
1586 348 1759 378 Reformamini
1769 351 1813 372 etc.
1838 347 1843 350 '

975 393 1035 415 Finis
1052 397 1086 416 est
1103 394 1140 416 sol.
1161 394 1209 416 152.
1226 400 1244 416 r.
1267 394 1357 417 verbis:
1374 395 1479 424 qratiam
1504 394 1597 418 habebis
1620 395 1643 418 z'n
1666 395 1771 425 presenti
1792 397 1815 419 et

975 439 1078 468 qloriam
1095 440 1119 463 in
1135 440 1225 470 filtaro.
1244 441 1312 469 Quod
1327 441 1394 465 nobis
1416 441 1528 465 concedat
1551 441 1593 471 qai
1615 441 1665 464 sine
1689 441 1736 469 fine
1759 442 1815 465 vivit

974 487 996 508 et
1014 488 1099 515 reqnat
1117 486 1142 509 in
1161 487 1240 510 secala
1259 487 1403 511 secutorum.
1420 489 1501 511 Amen.
1519 489 1551 511 De
1567 487 1735 517 informatione
1751 488 1814 511 novi·

975 532 1064 555 tiorum
1080 534 1101 555 et
1118 533 1229 556 iuvenum
1245 534 1376 557 secandam
1393 535 1586 558 Bonaventuram
1603 534 1750 558 cardinalem
1769 534 1812 558 Or-

974 578 1035 601 dinis
1054 578 1173 602 Minoram
1189 580 1242 610 finit
1257 579 1362 609 feliciter.
1380 581 1443 609 Sign.
1460 581 1475 603 l.

1037 625 1058 648 5.
1075 625 1189 655 Neapoli,
1208 626 1344 649 bibliotheca
1362 628 1490 655 Nationalis,
1507 628 1559 650 cod.
1576 628 1622 650 Vll.
1642 628 1665 650 F.
1683 628 1720 650 35.
1742 629 1813 651 chart.

975 672 997 694 in
1014 673 1051 694 tol.
1068 678 1128 695 saec.
1151 673 1202 695 XV.
1219 685 1249 690 —
1266 674 1328 696 Folio
1346 675 1367 696 1.
1383 680 1401 696 r.
1419 675 1530 702 opusculo
1548 674 1710 702 praemittitur:
1728 675 1756 697 In
1772 680 1814 697 no-

974 718 1036 741 mine
1052 720 1132 742 sancte
1149 720 1171 742 ct
1186 719 1305 743 individae
1323 720 1445 744 Trinitatis
1455 739 1460 748 ‚
1486 721 1564 744 Patris
1589 722 1611 744 et
1627 720 1683 744 Filii
1702 722 1724 744 et
1739 720 1813 750 Spiri-

974 766 1012 787 tus
1036 765 1120 788 sancti.
1146 766 1227 788 Amen.
1254 765 1335 795 Incipit
1361 766 1497 795 informatio
1522 766 1666 790 novitiorum
1682 766 1814 790 secundam

975 811 1085 834 Fratrem
1103 812 1294 835 Bonaventuram
1319 812 1466 836 cardinalem
1489 812 1585 836 Ordinis
1606 813 1735 836 Minorum.
1752 813 1814 837 Dicit

974 858 1117 887 Apostolus:
1139 859 1293 882 Reuoramini
1308 862 1351 882 etc.
1367 860 1452 882 Desinit
1469 859 1491 882 in
1508 866 1560 888 cap.
1578 860 1613 882 15.
1636 866 1659 882 n.
1683 861 1705 882 2.
1724 859 1813 882 verbis:

973 910 1087 928 venenum
1098 905 1207 935 aspidum
1218 905 1262 929 sab
1273 905 1340 929 labiis
1352 912 1442 929 eoram.
1454 906 1500 929 Deo
1512 906 1612 935 qratms.
1621 907 1702 929 Amen.
1713 906 1776 934 Sign.
1786 906 1813 929 D.

1037 952 1058 973 6.
1074 951 1181 980 Parisiis,
1199 952 1334 975 bibliotheca
1352 953 1500 980 lllazzarinea,
1516 953 1569 975 cod.
1589 953 1641 975 902.
1661 953 1731 975 chart.
1749 953 1771 974 in
1791 953 1813 974 8.

975 1004 1035 1020 saec.
1057 998 1117 1020 XVl.
1134 998 1239 1026 ineuntis,
1256 1004 1325 1027 quem
1348 999 1415 1021 etiam
1440 999 1572 1021 notavimus
1593 1005 1663 1026 supra
1689 1004 1742 1026 pag.
1768 998 1811 1020 XX

976 1051 998 1066 n.
1020 1045 1069 1066 196.
1085 1057 1115 1061 -
1132 1045 1179 1067 Hoc
1196 1051 1255 1073 opus
1276 1049 1311 1067 est
1336 1045 1388 1067 solio
1414 1045 1466 1067 143.
1489 1051 1507 1067 r.
1529 1051 1582 1068 cum
1605 1044 1708 1067 rubrica:
1730 1044 1814 1074 Incipit

976 1090 1128 1114 directorium
1153 1090 1320 1119 reliqiosoram
1344 1090 1431 1114 editum
1448 1097 1463 1114 a
1483 1091 1605 1120 seraphico
1622 1090 1716 1114 doctore
1732 1092 1814 1113 sancto

977 1136 1150 1159 Bonaventara.
1176 1135 1288 1165 Sequitur
1309 1135 1434 1165 proloyas.
1466 1135 1637 1166 Reformamini
1661 1139 1704 1158 etc.
1729 1135 1814 1157 Desinit

977 1182 1067 1205 verbis:
1084 1184 1172 1212 quanto
1188 1189 1202 1205 a
1220 1182 1335 1206 nobilibus
1349 1182 1492 1212 possidetur.
1510 1182 1547 1206 Ad
1563 1182 1626 1212 qnod
1640 1188 1683 1205 nos
1697 1181 1814 1211 perducat

977 1228 1018 1258 qai
1033 1228 1089 1252 vivit
1105 1230 1125 1252 et
1142 1230 1226 1258 reqnal
1243 1229 1267 1252 in
1283 1229 1361 1252 secula
1379 1229 1522 1252 seculorum.
1539 1229 1620 1251 Amen.
1638 1228 1701 1256 Sign.
1717 1229 1740 1250 F.

1038 1276 1060 1298 7.
1080 1276 1176 1303 Romae,
1195 1275 1331 1298 bibliotheca
1348 1276 1465 1303 Vaticana,
1482 1276 1532 1299 eod.
1546 1276 1614 1298 8596.
1631 1275 1729 1298 membr.
1742 1275 1764 1297 in
1777 1275 1813 1297 12.

976 1329 1036 1346 saec.
1058 1323 1109 1345 XV.
1133 1335 1164 1339 —
1182 1322 1279 1345 Rubrica
1305 1324 1373 1345 huius
1397 1323 1500 1351 opusculi
1526 1322 1645 1345 exhibetur
1667 1322 1719 1344 solio
1741 1322 1777 1343 49.
1795 1327 1817 1343 r.

978 1369 1070 1392 verbis:
1087 1369 1170 1399 Incipit
1187 1371 1303 1393 tractatas
1320 1369 1347 1392 de
1364 1369 1472 1399 requiro-z*
1488 1369 1620 1398 disciplina,
1638 1375 1707 1398 quem
1724 1374 1813 1397 compo-

976 1416 1025 1439 suit
1046 1415 1160 1445 nzayister
1185 1415 1346 1438 bonaventura
1375 1415 1471 1439 Ordinis
1496 1415 1625 1439 Minorum.
1650 1414 1812 1438 Proliemium.

977 1462 1147 1492 Reformamini
1162 1465 1204 1484 etc.
1222 1462 1306 1484 Desinit
1323 1462 1375 1484 tolio
1393 1462 1430 1484 78.
1456 1468 1479 1484 v.
1496 1461 1584 1490 verbis,
1607 1464 1630 1484 ut
1655 1464 1758 1483 notatum
1781 1464 1815 1483 est

976 1515 1029 1537 pag.
1047 1509 1099 1536 487,
1116 1512 1168 1531 nota
1187 1508 1208 1531 4.
1225 1515 1274 1536 cap.
1299 1509 1334 1531 12.
1351 1515 1373 1530 n.
1399 1509 1424 1530 2:
1442 1514 1512 1537 asper
1528 1513 1613 1536 sermo,
1634 1507 1716 1531 brevis.
1734 1507 1812 1530 Cetera

976 1556 1142 1579 desiderantur.
1161 1556 1223 1584 Sign.
1241 1556 1267 1578 G.

1039 1603 1060 1625 8.
1078 1602 1176 1630 Ibidem,
1194 1602 1245 1624 cod.
1262 1602 1332 1624 7690.
1348 1603 1420 1624 chart.
1437 1602 1459 1624 in
1477 1601 1498 1624 4.
1516 1608 1577 1624 saec.
1589 1602 1641 1624 XV.
1658 1602 1766 1624 exeuntis.
1784 1614 1814 1618 —

976 1649 1118 1677 Opusculum
1136 1649 1249 1676 reperitur
1267 1649 1305 1670 sol.
1326 1648 1374 1670 143.
1392 1655 1409 1670 r.
1426 1647 1470 1670 sub
1488 1648 1564 1670 titulo:
1580 1647 1663 1677 Incipit
1679 1647 1764 1677 requla
1776 1653 1815 1671 no-

976 1695 1088 1719 vitiorum
1105 1695 1166 1718 edita
1182 1701 1197 1718 a
1214 1694 1278 1718 beato
1300 1695 1474 1717 Bonaventara.
1501 1694 1654 1717 Renovamini
1669 1697 1712 1716 etc.
1729 1694 1815 1716 Desinit

977 1745 1001 1765 ut
1018 1743 1040 1764 in
1057 1742 1130 1765 editis.
1147 1742 1211 1769 Sign.
1228 1742 1254 1764 Η.

1040 1789 1062 1811 9.
1079 1787 1176 1816 Ibidem,
1196 1787 1332 1810 bibliotheca
1350 1787 1500 1809 Vallicelliana
1523 1787 1615 1809 Pati-um
1632 1786 1736 1813 Oratorii,
1763 1787 1814 1809 cod.

977 1837 999 1858 F.
1017 1836 1053 1858 52.
1072 1834 1169 1857 membr.
1187 1835 1209 1856 in
1227 1834 1247 1856 4.
1264 1840 1323 1856 saec.
1340 1834 1390 1857 XV.
1401 1846 1432 1850 —
1444 1833 1543 1856 Rubrica
1560 1833 1628 1856 huius
1644 1835 1678 1855 est
1693 1833 1731 1855 rol.
1743 1833 1779 1856 84.
1792 1840 1815 1855 v.

976 1888 1082 1910 expressa
1099 1881 1188 1903 verbis:
1210 1880 1293 1910 Incipit
1309 1880 1400 1910 forma,
1418 1880 1521 1910 qualiter
1538 1879 1640 1903 novitius
1663 1879 1815 1909 informetur.

976 1927 1130 1952 Renovamini
1145 1930 1186 1950 etc.
1214 1927 1297 1950 Desinit
1313 1933 1363 1954 cap.
1381 1927 1418 1949 15.
1435 1933 1457 1948 n.
1476 1927 1497 1949 2.
1514 1926 1603 1949 verbis:
1620 1927 1737 1949 venenum
1754 1925 1814 1955 aspi-

976 1974 1033 1997 dum
1049 1973 1093 1997 sub
1111 1973 1178 1997 labiis
1194 1979 1284 1996 eornm.
1302 1973 1348 1996 Deo
1366 1972 1464 2002 qratias.
1484 1973 1547 2000 Sign.
1563 1973 1589 1995 Α.

1041 2022 1077 2043 10.
1094 2020 1187 2048 Ibidem,
1207 2019 1343 2042 bibliotheca
1356 2019 1487 2047 principum
1500 2019 1699 2045 Corsinianorum,
1712 2018 1764 2041 cod.
1777 2018 1814 2040 41.

977 2069 1000 2090 Ε.
1018 2068 1055 2090 28.
1072 2067 1170 2089 membr.
1194 2067 1217 2088 in
1244 2066 1265 2088 4.
1289 2072 1348 2088 saec.
1366 2066 1425 2088 XiV.
1442 2077 1472 2082 --
1489 2065 1550 2087 Folio
1567 2065 1604 2087 22.
1621 2071 1640 2087 r.
1657 2065 1750 2092 legitur:
1769 2065 1814 2087 Do-

976 2114 1036 2137 mini
1052 2114 1215 2137 Bonaventw·e
1232 2112 1258 2135 de
1275 2112 1362 2135 Balneo
1379 2112 1443 2141 reyio
1463 2111 1559 2135 Ordinis
1576 2111 1697 2134 Minoi-am
1708 2110 1735 2134 de
1752 2110 1814 2134 insti-

976 2160 1064 2184 tutione
1080 2159 1231 2183 novitiorum.
1249 2158 1366 2188 Proloqns
1383 2158 1469 2187 incipit.
1489 2157 1644 2181 Renocamini
1659 2160 1702 2180 etc.
1727 2157 1814 2180 Desinit

977 2207 1013 2229 tol.
1032 2206 1084 2228 140.
1100 2205 1190 2228 verbis:
1208 2207 1295 2235 quanto
1307 2211 1323 2227 a
1334 2203 1487 2227 nobilioribus
1496 2203 1639 2233 possidetur.
1651 2203 1687 2226 Ad
1698 2202 1761 2233 quod
1771 2209 1814 2226 nos

975 2252 1089 2283 perducat
1107 2253 1170 2275 Iesus
1188 2252 1263 2279 Χίης,
1283 2251 1324 2280 qai
1339 2252 1374 2274 est
1390 2250 1521 2274 benedictas
1538 2250 1563 2272 in
1579 2249 1658 2273 secula
1670 2249 1813 2272 seculorum.

978 2301 1058 2322 Amen.
1078 2299 1140 2326 Sign.
1158 2299 1180 2320 Β.

1038 2346 1127 2367 Praeter
1145 2346 1186 2367 hos
1203 2344 1293 2366 codices
1309 2343 1442 2371 collegimus
1459 2342 1527 2365 etiam
1544 2342 1651 2365 lectiones
1663 2342 1777 2364 varIantes
1788 2347 1815 2364 ex

976 2392 1087 2420 opusculo
1105 2391 1216 2419 impresso
1234 2390 1320 2413 Brixiae
1338 2389 1398 2412 »1495
1416 2389 1484 2418 (sign.
1501 2389 1538 2411 ed.
1556 2389 1586 2416 1).

1038 2437 1242 2460 Extraordiuariam
1267 2436 1390 2459 lectionum
1416 2435 1554 2458 variantium
1578 2434 1714 2462 farraginem
1737 2441 1763 2457 ex
1780 2434 1815 2457 his

977 2483 1077 2506 sontibus
1093 2483 1238 2511 collegimus,
1250 2488 1349 2511 quarum
1361 2482 1459 2504 maxima
1473 2488 1538 2510 pars,
1549 2480 1756 2504 contradicentibus
1769 2482 1815 2503 t'ere

976 2530 1085 2554 omnibus
1102 2530 1163 2557 aliis,
1180 2532 1228 2552 erat
1240 2528 1398 2557 improbabilis
1409 2534 1451 2550 nec
1463 2528 1577 2550 mentione
1588 2527 1667 2555 digna.
1678 2527 1815 2555 Plerumque

977 2581 1053 2601 tamen
1070 2577 1144 2600 maior
1161 2582 1215 2604 pars
1233 2574 1384 2598 conveniebat
1401 2575 1423 2597 in
1448 2575 1516 2601 locis,
1537 2573 1576 2596 ubi
1599 2576 1670 2596 textus
1691 2573 1815 2596 Vaticanae

977 2624 1082 2647 editionis
1093 2623 1241 2651 castigandus
1252 2625 1308 2644 erat.
1320 2621 1393 2644 Codd.
1407 2621 1449 2643 Eli
1460 2621 1475 2642 L
1494 2622 1538 2643 hoc
1555 2619 1670 2642 habebant
1686 2619 1814 2648 peculiare,

977 2671 1040 2699 quod
1057 2669 1142 2698 passim
1161 2669 1235 2697 aliqua
1253 2667 1324 2691 verba
1341 2670 1363 2690 et
1380 2667 1494 2690 interdum
1512 2666 1555 2688 alia
1573 2666 1658 2688 maiora
1676 2665 1799 2688 addebant.

1192 2760 1222 2783 11.
1239 2759 1329 2783 Codices
1345 2766 1359 2782 a
1375 2759 1439 2782 nobis
1455 2765 1498 2781 non
1515 2757 1602 2781 collati.

1042 2856 1078 2878 11.
1100 2853 1197 2878 Brixiae
1213 2854 1235 2876 in
1253 2853 1326 2882 ltalia,
1343 2851 1481 2875 bibliotheca
1501 2852 1665 2880 Quinciniana,
1683 2851 1735 2874 cod.
1747 2851 1773 2873 G.
1791 2851 1814 2873 11.

979 2903 1015 2924 la.
1032 2902 1104 2924 chart.
1123 2901 1146 2922 in
1165 2900 1201 2922 12.
1216 2905 1276 2922 saec.
1289 2899 1339 2922 XV.
1350 2901 1440 2921 exeunt.
1451 2911 1482 2915 —
1493 2898 1586 2926 Legitur
1598 2898 1650 2920 lolio
1663 2898 1684 2920 1.
1695 2903 1718 2919 r:
1731 2896 1815 2926 Incipit

978 2947 1078 2978 quedam
1095 2946 1179 2976 regala
1196 2946 1257 2970 edita
1273 2952 1288 2969 a
1304 2947 1386 2969 sancto
1407 2945 1575 2968 Bonaventura
1594 2945 1694 2974 propter
1712 2942 1812 2966 novitios
