2133 3317
0 589 9 604 ο
20 583 73 603 teriia

3 613 13 627 ε
36 607 72 626 duo

0 632 56 650 untur.

0 723 72 742 Timum.

0 1655 66 1675 indum.

0 1748 56 1768 liciter

3 1773 67 1796 potest.

323 220 519 250 OPUSCULUM
539 220 605 249 xvi.
626 220 801 249 EXPOSITIO
822 221 924 250 SUPER
946 221 1100 251 REGULAM
1120 222 1273 252 FRATRUM
1293 222 1455 253 MINORUM.
1476 223 1544 253 CAP.
1563 224 1592 253 Π.

89 297 174 327 aliud
184 298 346 326 secundum
367 297 460 326 Deum
474 297 634 335 aliquando
654 297 799 326 videatur.
823 298 863 326 Ex
878 298 930 327 hoc

89 344 178 373 Sancti
200 344 284 372 verbo
305 343 475 373 consuetudo
495 344 643 380 processit,
665 346 697 372 ut
718 344 790 372 istud
816 345 931 373 novitia—

88 394 133 420 tus
157 390 263 427 insigne
283 389 456 426 paucissimis
482 389 665 424 concedatur,
686 390 768 427 quia,
790 394 931 420 crescente

88 437 207 466 vanitate
228 436 385 470 hominum,
407 444 462 464 non
476 439 519 465 est
540 436 656 470 mirum,
678 437 700 466 si
723 437 865 466 humilitas
880 438 932 466 mi—

87 486 190 513 nuatur
204 484 226 511 ¹.

167 531 211 558 12.
223 529 321 558 Finito
335 537 402 557 vero
416 537 495 557 anno
503 529 694 566 probationis,
711 530 779 559 llaec
794 533 835 559 est
850 531 931 559 tertia

88 584 151 614 pars
166 576 294 605 rubricae
305 576 325 610 ²,
347 576 375 604 in
396 583 452 612 qua
471 576 563 613 agitur
580 576 614 605 de
631 575 826 613 professione,
841 577 930 613 primo

88 626 222 661 quantum
253 622 287 651 ad
317 623 359 651 sui
389 622 591 660 obliyationem
618 623 745 651 votivam
756 634 766 657 ;
796 624 930 658 secundo,

87 672 221 707 quantum
235 669 269 697 ad
289 669 433 705 propositi
445 669 574 697 stabilem
589 670 855 706 perseverantiam,
876 670 929 699 ibi:

90 715 211 745 E'triullo
222 715 306 744 modo
321 715 419 744 licebit.
432 732 471 736 -—
481 716 552 744 Dicit
565 724 646 752 ergo:
659 716 756 745 Finito
770 725 837 745 vero
852 725 931 745 anno

85 761 276 800 probationi&
298 762 352 790 Nec
373 762 446 791 enim
460 765 523 791 ante
537 770 639 791 annum
663 763 846 799 completum,
867 763 930 792 licet

86 808 191 846 possint
205 816 233 837 se
254 809 310 837 Deo
325 808 403 845 prius
423 808 600 837 immobiliter
614 809 784 846 astringere,
806 809 869 838 licet
883 817 930 838 eos

85 855 120 885 ad
140 855 336 892 professionem
363 855 509 884 admittere
529 855 695 889 faciendam:
725 856 753 884 in
774 864 830 892 quo
857 864 930 885 anno

64 905 201 939 -possunt
227 901 349 938 experiri
377 901 539 930 afflictiones
565 901 676 938 frigoris
704 905 732 931 et
762 902 870 931 caloris.
900 903 927 931 ln

85 948 165 978 cuius
195 948 286 985 figura
315 948 417 977 sterilis
444 948 562 977 ficulnea
589 956 662 977 anno
686 956 742 977 uno
763 949 928 983 dimittitur,

84 1003 119 1024 ne
140 994 329 1032 praecidatur,
351 998 383 1023 ut
403 995 504 1031 legitur
525 995 614 1023 Lucae
635 995 742 1024 decimo
764 995 845 1024 tertio
857 996 877 1029 ³,
898 998 930 1024 ut

84 1041 194 1070 fructus
213 1041 248 1069 ab
262 1048 294 1070 ea
308 1041 490 1077 agricolatus,
505 1041 628 1070 adhibito
644 1042 723 1075 fimo,
739 1045 926 1078 exspectetur.

85 1104 122 1109 —
136 1088 235 1117 Finito
255 1096 322 1116 vero
343 1096 422 1116 anno
449 1088 648 1125 probationis,
677 1088 862 1125 recipiantur
888 1089 928 1117 ad

84 1135 291 1168 obedientiam,
312 1135 426 1171 supple:
454 1135 476 1164 si
499 1135 553 1163 sint
581 1134 669 1164 idonei
681 1135 702 1168 4,
728 1135 928 1172 promittentes

83 1182 174 1211 vita-m
196 1182 283 1210 istam
304 1190 416 1218 semper
437 1184 461 1210 et
482 1181 623 1218 Reyulam
644 1181 807 1210 observare.
830 1182 857 1209 ln
873 1190 928 1218 qua

84 1228 265 1265 promissione
286 1228 325 1257 sic
353 1231 453 1256 vovent
474 1231 558 1257 totam
588 1228 736 1264 Regulam,
757 1231 789 1257 ut
817 1236 902 1264 supra
916 1228 927 1245 ⁵

85 1277 188 1303 tactum
210 1278 264 1309 est,
293 1277 398 1303 utnon
427 1275 501 1303 omni
522 1275 582 1303 eius
608 1275 679 1311 parti
708 1283 738 1304 se
766 1275 928 1311 obligatorie

83 1321 244 1358 astringant.
267 1321 373 1350 Vovent
394 1322 481 1355 enim,
503 1329 532 1350 se
554 1324 636 1350 totam
660 1322 790 1358 Regulam
812 1329 863 1358 pro
884 1329 927 1350 re-

83 1368 148 1405 gula
168 1368 313 1396 babituros
334 1368 486 1397 secundun]
509 1368 662 1397 mandantis
682 1369 874 1402 intentionem,
897 1371 929 1397 ut

84 1414 218 1451 quaedam
240 1414 275 1443 ad
295 1414 510 1443 observandum
531 1415 709 1449 omnimode,
737 1415 871 1452 quaedam
894 1415 927 1444 ad

83 1460 248 1489 habendum
268 1469 323 1497 pro
349 1461 534 1489 salutaribus
562 1460 759 1492 hortamentis.
784 1462 853 1499 Ergo
882 1462 928 1491 illa

83 1507 116 1536 ad
145 1507 362 1535 observantiam
386 1507 570 1536 inviolabilem
599 1510 664 1536 sunt
692 1508 815 1536 vovenda
826 1508 847 1542 ⁶,
876 1508 928 1536 ista

82 1554 116 1583 ad
137 1553 283 1583 cautelam
304 1562 340 1582 ex
362 1557 426 1582 voto
447 1554 606 1590 perenniter
621 1557 686 1583 sunt
708 1554 840 1583 habenda.

164 1600 208 1629 13.
231 1601 266 1629 Et
285 1600 365 1629 nullo
386 1601 479 1629 modo.
502 1601 549 1629 llic
576 1601 663 1638 tangit
684 1601 853 1635 secundum,
875 1601 927 1630 sci-

83 1647 146 1676 licet
166 1647 225 1676 voti
243 1646 375 1675 stabilem
386 1647 652 1684 perseverantiam,
668 1647 777 1676 dicens:
799 1648 834 1676 Et
846 1647 927 1676 nullo

83 1694 167 1723 modo
189 1693 281 1722 licebit
301 1694 341 1722 eis
356 1694 390 1722 de
404 1694 462 1722 ista
476 1694 621 1731 Reliqioue
634 1694 730 1728 exire,
746 1697 808 1731 post
822 1695 928 1731 profes-

83 1741 196 1769 sionem.
219 1741 327 1769 Eicitur
347 1743 440 1769 autem
455 1740 488 1769 de
504 1741 640 1777 Religione
654 1741 747 1778 aliqua
760 1741 926 1778 dupliciter:

84 1787 127 1816 vel
138 1787 355 1821 retrocedendo,
370 1790 397 1816 et
412 1787 463 1816 hoc
479 1787 643 1816 revertendo
656 1787 689 1815 ad
705 1788 862 1822 saeculum,
877 1796 925 1817 seu

84 1834 248 1871 Religionem
271 1834 422 1868 laxiorem,
443 1841 564 1871 quorum
580 1837 732 1871 utrumque
747 1837 808 1871 post
822 1835 927 1871 profes-

84 1882 187 1911 sionem
210 1883 251 1910 est
271 1884 441 1918 apostatare
460 1884 486 1909 et
505 1884 584 1909 retro
606 1881 736 1918 aspicere
748 1881 777 1914 ⁷;
798 1881 840 1910 vel
858 1890 927 1919 pro-

83 1928 220 1962 cedendo,
249 1931 280 1956 ut
310 1927 345 1956 ad
372 1927 496 1956 altiorem
525 1927 660 1964 gradum,
686 1927 793 1964 frugem
822 1929 926 1957 scilicet

83 1975 205 2003 melioris
225 1974 313 2008 vitae,
334 1973 521 2008 ascendendo,
540 1974 612 2003 sicut
633 1974 737 2003 faciunt
752 1974 799 2011 qui
814 1982 843 2003 se
857 1983 873 2003 a
888 1975 926 2004 la-

84 2020 211 2049 xioribus
231 2020 349 2049 statibus
369 2020 403 2049 ad
425 2020 576 2057 Religiones
597 2020 768 2049 transferunt
782 2021 924 2050 arctiores.

83 2068 193 2097 Primus
212 2068 312 2096 modus
332 2067 452 2096 exeundi
467 2071 508 2096 est
523 2067 549 2096 in
565 2068 639 2096 omni
655 2067 792 2104 Religione
813 2068 925 2097 damna-

83 2115 145 2144 bilis
156 2126 163 2150 ;
185 2115 325 2144 secundus
345 2117 386 2143 est
407 2114 566 2149 laudabilis,
582 2115 630 2143 ubi
650 2118 692 2143 est
713 2115 857 2151 possibilis.
873 2115 925 2144 Sed

85 2162 206 2200 professo
227 2162 298 2191 hanc
320 2162 485 2199 Religionem
505 2165 547 2191 est
568 2162 757 2198 impossibilis,
779 2162 853 2199 quod
872 2162 923 2191 nisi

1771 225 1825 254 401

987 299 1058 336 Papa
1078 303 1262 337 supponeret,
1287 301 1315 330 in
1335 301 1437 338 Regula
1461 302 1657 338 praemittens:
1689 303 1723 331 Et
1748 302 1828 331 nullo

986 346 1070 374 modo
1086 346 1177 375 licebit
1191 350 1256 382 etc,
1270 356 1324 376 non
1339 348 1534 385 subiungeret:
1549 349 1639 377 Iam-ta
1653 349 1828 378 mandatum

986 392 1099 420 domini
1120 393 1223 429 Papae
1230 404 1241 427 ;
1261 394 1333 431 quia
1352 395 1513 423 secundum
1540 399 1677 424 sanctum
1698 397 1828 433 Evanye-

987 437 1103 466 liumss:
1125 438 1214 467 Nemo
1235 440 1349 468 mittens
1368 449 1492 470 manum
1517 442 1557 470 ad
1578 445 1717 470 aratrum
1738 445 1762 470 et
1782 451 1826 471 re-

985 484 1111 520 spiciens
1130 489 1207 514 retro
1228 490 1316 523 aptas
1337 490 1378 515 est
1398 496 1487 524 reyno
1520 488 1578 517 Dei.
1607 489 1634 517 Si
1661 488 1745 526 igitur
1773 497 1827 518 non

987 530 1049 559 licet
1073 531 1168 565 exire,
1196 532 1261 569 quia
1293 541 1347 561 non
1380 533 1442 562 licet
1473 538 1550 563 retro
1582 535 1731 572 aspicere:
1763 543 1828 573 ergo

986 577 1076 606 omnis
1096 578 1150 606 alia
1171 579 1272 615 Religio
1294 579 1358 608 buic
1379 583 1421 609 est
1440 584 1535 615 retro,
1557 584 1584 610 et
1604 585 1743 619 apostatae
1764 585 1829 611 sunt

986 631 1081 653 omnes
1101 624 1136 653 ab
1157 625 1208 654 bac
1229 625 1366 662 Religione
1388 630 1449 663 post
1471 627 1666 663 professionem
1681 629 1715 657 ad
1730 637 1827 666 quam-

986 678 1106 707 cumque
1127 671 1206 700 aliam
1229 675 1412 702 transeuntes.

1067 718 1111 746 lli.
1133 718 1236 754 Quodsi
1256 718 1363 756 aliquos
1384 719 1480 754 exire,
1501 721 1543 749 vel
1565 729 1616 758 pro
1637 722 1755 758 peccatis
1769 723 1827 751 suis

986 764 1021 792 ab
1035 764 1086 793 bac
1098 765 1234 801 Religione
1248 765 1307 794 eiici
1323 766 1477 803 contingam
1493 767 1514 796 si
1530 768 1594 796 totis
1605 768 1712 797 viribus
1726 769 1828 798 instan-

987 814 1026 839 tes
1040 811 1144 840 suerint
1159 820 1209 848 pro
1220 813 1357 849 Religione
1372 813 1422 842 bac
1438 815 1635 850 recuperanda,
1648 824 1697 844 nec
1711 816 1826 852 gratiam

986 856 1109 885 iuvenire
1130 857 1270 892 valentes;
1292 866 1328 887 ex
1350 862 1416 888 tunc
1438 859 1464 888 in
1490 860 1582 897 aliqua
1609 861 1661 889 alia
1690 862 1826 898 Religione

986 903 1073 940 rigida
1094 911 1124 932 se
1144 904 1251 933 salvare
1272 908 1418 941 poterunt,
1441 906 1462 934 si
1484 909 1590 941 tamen,
1604 911 1739 944 quantum
1756 908 1783 937 in
1798 916 1827 937 se

985 953 1041 984 est,
1064 954 1191 979 maneant
1212 951 1240 979 in
1261 951 1396 980 desiderio
1410 952 1444 981 ad
1459 956 1561 982 statum
1582 962 1663 982 suum
1680 955 1826 991 pristinum

986 997 1151 1025 revertendi.
1167 1014 1204 1017 —
1219 998 1319 1034 Quodsi
1335 998 1368 1027 de
1384 998 1493 1027 licentia
1506 1001 1654 1036 apostolica
1669 1009 1697 1029 se
1708 1002 1828 1037 glorien-

985 1045 1031 1071 tur
1052 1043 1136 1080 aliqui
1158 1044 1237 1072 aliter
1252 1044 1396 1078 facientes,
1412 1054 1463 1081 pro
1477 1046 1631 1075 certissimo
1645 1047 1747 1082 sciant,
1763 1056 1827 1077 cou-

985 1092 1028 1117 tra
1056 1089 1127 1118 lianc
1156 1090 1261 1118 Domini
1292 1092 1477 1120 sententiam⁹
1499 1093 1598 1129 Papam
1620 1094 1688 1122 nihil
1717 1094 1826 1124 facere:

985 1135 1074 1164 Nemo
1095 1136 1209 1165 mittens
1230 1145 1353 1166 manum
1374 1138 1414 1166 ad
1435 1142 1574 1167 arati-am
1589 1143 1639 1169 etc.
1655 1158 1694 1161 -—
1708 1141 1826 1177 Quodsi,

985 1182 1133 1211 mendaciis
1154 1183 1410 1218 intervenientibus,
1425 1185 1528 1221 aliquid
1543 1186 1681 1223 contingat
1696 1196 1746 1224 per
1760 1189 1827 1217 tales

984 1237 1000 1257 a
1021 1229 1088 1258 Sede
1109 1230 1258 1266 apostolica
1286 1230 1444 1267 impetrari,
1466 1240 1520 1260 non
1542 1236 1583 1261 est
1603 1233 1642 1261 eis
1667 1235 1826 1269 excusatio,

985 1276 1033 1304 sed
1052 1277 1234 1306 accusationis
1261 1277 1425 1314 duplicatio,
1446 1278 1526 1313 dum,
1549 1280 1690 1309 mendacio
1719 1284 1825 1311 tantum

985 1323 1091 1351 Patrem
1120 1323 1384 1358 circumvenientes,
1412 1333 1479 1354 suae
1506 1330 1645 1362 quaerunt
1674 1328 1826 1364 apostasiae

984 1369 1114 1405 pallium,
1136 1370 1184 1406 qui
1205 1370 1231 1398 in
1255 1370 1325 1399 votis
1346 1379 1400 1399 non
1422 1371 1576 1408 dispensat,
1597 1373 1649 1401 nisi
1664 1374 1711 1402 ubi
1727 1382 1826 1411 sugge-

985 1416 1021 1444 rit
1042 1416 1143 1452 pietas,
1171 1419 1198 1445 et
1226 1417 1396 1446 rationabilis
1416 1418 1540 1455 aequitas
1568 1424 1765 1456 recompensat.
1796 1421 1827 1450 Et

984 1462 1050 1498 quia
1063 1463 1174 1500 obligati
1190 1463 1223 1492 ad
1238 1463 1356 1492 eundem
1372 1464 1502 1493 Ordinem
1523 1468 1585 1493 voto
1608 1466 1650 1494 vel
1672 1466 1827 1495 iuramento

985 1511 1114 1537 tenentur
1135 1510 1253 1538 Domino
1274 1510 1380 1547 integre
1395 1511 1502 1540 solvere
1516 1512 1590 1548 quod
1605 1517 1755 1547 voverunt;
1771 1522 1827 1551 qua

984 1555 1090 1584 ratione
1111 1564 1165 1584 non
1195 1556 1256 1585 licet
1284 1557 1427 1585 Fratribus
1446 1557 1480 1586 de
1502 1558 1552 1586 bac
1575 1559 1711 1595 Religione
1731 1560 1826 1595 exire,

984 1602 1049 1638 quia
1061 1602 1113 1631 boc
1127 1605 1168 1631 est
1179 1606 1257 1631 retro
1269 1603 1408 1640 aspicere,
1420 1611 1470 1632 nec
1484 1604 1547 1633 licet
1560 1605 1685 1642 obligatis
1699 1606 1733 1634 ad
1748 1606 1826 1635 istam

985 1649 1149 1686 Religionem
1162 1657 1368 1687 quamcumque
1382 1651 1462 1679 aliam
1477 1651 1600 1687 profiteri
1617 1652 1659 1680 vel
1673 1652 1778 1689 ingredi
1793 1653 1826 1682 ad

984 1696 1169 1730 manendum;
1192 1696 1275 1725 immo
1296 1700 1410 1734 peccant
1430 1698 1583 1727 mortaliter
1608 1698 1674 1727 tales
1703 1699 1728 1727 in
1758 1700 1827 1729 Reli-

983 1742 1111 1779 gionibus
1132 1743 1193 1771 aliis
1214 1747 1402 1778 remanentes;
1425 1748 1538 1781 peccant
1559 1745 1639 1774 etiam
1664 1746 1827 1782 recipientes

984 1792 1010 1818 et
1025 1790 1235 1823 consentientes,
1251 1791 1322 1818 sicut
1339 1791 1490 1827 apostasiae
1505 1791 1610 1820 facinus
1625 1796 1824 1829 promoventes.

1065 1837 1108 1864 15.
1130 1836 1181 1865 Sed
1202 1837 1268 1873 quid
1290 1837 1435 1865 dicendum
1457 1840 1498 1866 est
1518 1838 1553 1866 de
1573 1838 1626 1867 illis
1647 1839 1694 1876 qui
1713 1840 1747 1868 ad
1769 1840 1826 1876 epi-

983 1883 1091 1919 scopale
1112 1883 1233 1912 officium
1255 1891 1290 1912 ex
1313 1884 1356 1912 liis
1377 1884 1519 1913 Fratribus
1546 1889 1754 1914 assumuntur?
1775 1887 1826 1915 Re-

983 1929 1111 1965 spondeo.
1134 1930 1173 1963 Si,
1195 1931 1279 1958 coacti
1302 1938 1351 1967 per
1373 1931 1536 1965 Ecclesiam,
1560 1932 1708 1961 inevitabili
1731 1941 1824 1962 neces-

983 1975 1062 2004 sitate
1082 1976 1234 2012 suscipiant
1254 1977 1377 2013 regimen
1397 1977 1570 2012 animarum,
1600 1986 1652 2007 non
1685 1982 1751 2008 sunt
1781 1988 1824 2009 re-

982 2022 1096 2058 putandi
1117 2022 1151 2050 ab
1172 2022 1275 2051 Ordine
1289 2023 1397 2059 egredi,
1418 2023 1454 2057 si,
1476 2027 1610 2060 quantum
1633 2025 1660 2053 in
1682 2025 1747 2062 ipsis
1768 2029 1824 2060 est,

982 2077 1090 2106 semper
1114 2072 1244 2106 appetant
1264 2070 1290 2098 in
1313 2070 1375 2098 sinu
1402 2070 1513 2099 Ordinis
1540 2071 1688 2100 confoveri.
1710 2073 1824 2108 Quodsi,

982 2116 1068 2144 vocati
1090 2116 1124 2145 ad
1145 2116 1326 2153 episcopalem
1342 2117 1459 2153 gradum
1474 2125 1524 2146 nec
1544 2118 1643 2152 coacti,
1658 2119 1692 2147 ad
1706 2119 1824 2148 eundem

981 2162 1119 2199 aspirant,
1141 2165 1172 2191 ut
1199 2163 1305 2199 fugiant
1325 2171 1473 2192 aerumnas
1494 2172 1647 2201 pauperum
1668 2168 1696 2194 et
1716 2165 1825 2194 Ordinis

146 2341 154 2354 ¹
172 2341 217 2363 Cfr.
233 2342 329 2369 Gregor.
353 2341 390 2363 lX.
416 2342 487 2363 Breve
510 2341 561 2364 Non
584 2341 675 2370 solum,
693 2349 731 2364 au.
754 2343 823 2370 ¹236,
841 2343 878 2365 dic
899 2344 924 2365 13

84 2380 142 2407 iulii,
161 2380 183 2402 in
201 2386 248 2409 quo
265 2380 355 2406 statuit,
372 2380 433 2408 quod
456 2389 465 2400 α
478 2386 531 2402 cum
549 2381 570 2402 in
587 2380 727 2409 quibusdam
746 2381 800 2403 locis
814 2381 925 2409 religiosis

83 2419 223 2441 novitiorum
246 2418 338 2440 babitus
360 2425 404 2440 non
427 2419 580 2446 distinguatur
603 2419 632 2441 ab
654 2419 731 2441 babitu
755 2421 925 2448 protessurum,

84 2458 231 2485 professionis
254 2460 358 2485 tempore
381 2457 545 2480 benedicantur
570 2461 657 2484 vestes,
680 2464 740 2486 quae
766 2459 926 2486 profitentibus

84 2496 252 2523 conceduntur,
271 2499 294 2518 ut
311 2496 451 2518 noxium-um
474 2502 500 2518 ac
523 2498 678 2524 professorum
702 2497 793 2519 habitus
810 2497 926 2519 discerna-

84 2537 120 2557 tur
131 2544 142 2555 »ι
163 2534 292 2562 (snat-alea,
311 2535 392 2556 Bullar.
410 2535 551 2557 Franciscan.
570 2538 623 2557 tom.
642 2536 655 2557 l.
674 2542 694 2557 u.
714 2536 767 2557 203.
789 2542 841 2563 pag.
866 2537 926 2563 ¹98).

85 2573 145 2596 idem
163 2574 283 2596 innovavit
300 2575 414 2596 lnnocvni.
432 2574 467 2595 lV.
486 2580 521 2595 an.
541 2574 612 2602 mit,
630 2574 668 2596 die
689 2575 714 2596 l7
732 2575 794 2596 lunii.

146 2611 155 2625 ²
172 2612 245 2635 Codd.
262 2613 306 2634 AG
325 2616 346 2634 et
363 2613 400 2634 ed.
424 2613 429 2634 l
451 2612 522 2635 liuius
538 2612 656 2635 rubricae.

146 2650 155 2663 ²³
174 2651 238 2673 Vers.
255 2652 275 2673 8.
293 2657 341 2680 seq.
360 2652 402 2673 Pro
420 2652 446 2673 nt
461 2651 555 2680 fructus
572 2652 588 2673 Α
600 2652 617 2673 G
636 2655 657 2673 et
669 2652 705 2673 ed.
721 2652 728 2673 1
745 2653 767 2674 et
782 2652 883 2681 fructus,
903 2656 925 2675 et

84 2694 126 2717 pro
142 2689 197 2719 fimo
214 2689 283 2711 iidem
302 2695 354 2711 cum
374 2689 391 2711 D
408 2689 490 2718 allicio.
507 2702 537 2705 —
554 2689 599 2711 Cfr.
618 2690 711 2711 nomn-'ii
731 2690 761 2712 lll.
780 2691 853 2712 Breve
865 2690 925 2713 Cum

83 2727 224 2754 secundum,
242 2734 279 2749 an.
301 2728 368 2755 1220,
387 2728 423 2749 (lie
442 2729 469 2749 22
488 2729 561 2755 Sept,
579 2728 599 2749 in
618 2734 664 2756 quo
686 2728 747 2750 iubet
765 2729 878 2757 Pontifex,
897 2735 925 2751 ue

84 2766 162 2788 novitii
180 2769 232 2788 ante
254 2772 340 2788 annum
363 2766 505 2794 probationis
525 2767 614 2788 linitum
638 2767 804 2794 professionem
822 2768 925 2790 emittant

85 2804 212 2832 (Sburalea,
225 2806 307 2827 Bullar.
324 2806 466 2828 Fraus-iscam
480 2809 535 2827 tom.
553 2807 566 2827 1.
585 2812 606 2827 ιι.
625 2807 644 2828 5.
659 2812 711 2833 pag.
724 2807 760 2834 6);
777 2807 872 2834 Gregor.
887 2807 923 2828 ΙΧ.

85 2844 156 2866 Breve
174 2844 227 2867 Non
243 2844 332 2871 solum,
350 2851 386 2866 an.
408 2845 478 2870 1236,
500 2845 537 2866 (lie
559 2845 583 2865 13
603 2845 661 2871 tulii,
679 2845 741 2873 quod
764 2845 844 2872 repetit
863 2846 924 2867 luno·
952 2840 954 2849 ¹

84 2885 141 2904 rent.
159 2883 194 2904 lV.
211 2889 246 2904 an.
269 2883 339 2909 1244,
360 2883 396 2905 die
424 2883 448 2904 17
472 2883 527 2905 lunii
551 2883 679 2910 (Sbarulen,
702 2884 743 2905 loc.
766 2883 804 2905 cit.
826 2890 848 2905 n.
872 2884 924 2906 203.

85 2926 136 2948 pag⁴
159 2922 199 2942 198
218 2925 237 2943 et
257 2928 278 2943 n.
297 2921 333 2943 48.
351 2928 405 2949 pag.
423 2922 484 2949 312).

145 2959 154 2972 ⁴
172 2961 222 2981 Sola
241 2960 291 2982 Vat.
309 2960 391 2981 omittit
407 2960 505 2989 supple:
523 2960 545 2982 si
559 2960 607 2983 siut
623 2960 704 2982 idonei.

146 2999 155 3012 ⁵
172 2998 227 3026 Cep.
248 3000 266 3020 1.
284 3005 304 3020 ιιΔ
323 2999 344 3020 3.
362 3011 393 3014 —
410 2999 504 3021 lntcrius
522 3005 563 3026 pro
581 2998 646 3021 ormn'
662 2999 680 3020 D
701 2998 805 3026 cuilibet,
827 2999 924 3021 vocibus
951 3010 953 3023 ι

177 3046 202 3068 S.
215 3046 304 3068 Bonae.
316 3058 346 3061 —
358 3046 425 3067 Tem.
439 3046 492 3067 Υ111.

982 2344 1055 2366 totam
1067 2343 1181 2372 Requlam
1199 2344 1243 2366 Du
1262 2344 1398 2365 interserunt
1415 2343 1494 2371 attam,
1512 2345 1529 2366 A
1547 2348 1568 2366 et
1580 2344 1616 2366 ed.
1638 2345 1642 2366 1
1664 2351 1719 2367 vero
1735 2345 1824 2368 addunt

982 2381 1064 2409 istam,
1082 2389 1093 2403 a
1112 2381 1198 2410 quibus
1214 2383 1281 2404 etiam
1300 2389 1342 2410 pro
1361 2383 1386 2404 nt
1401 2382 1518 2411 quaedam
1535 2389 1587 2405 cum
1606 2384 1623 2405 G
1641 2383 1786 2406 substituitur
1803 2385 1824 2407 et

982 2420 1106 2449 quaedam.

1044 2458 1053 2471 ⁶
1072 2459 1141 2481 Vae:
1162 2460 1224 2488 Erqo
1242 2459 1294 2487 illa,
1313 2466 1373 2488 tynae
1395 2459 1427 2482 ad
1445 2459 1631 2488 observantiam,
1657 2460 1823 2484 inviolabiliter

981 2498 1037 2519 sunt
1054 2496 1166 2519 verenda.

1045 2535 1053 2547 ⁷
1072 2536 1130 2557 Vide
1147 2537 1216 2563 paulo
1234 2536 1328 2558 inferius
1354 2535 1423 2558 verba
1450 2537 1566 2564 Evangelii
1584 2538 1685 2564 allegata.
1703 2549 1733 2554 —
1751 2539 1824 2565 Supe-

983 2575 1030 2596 rius
1048 2581 1089 2602 pro
1107 2574 1195 2597 Eoeilw‘
1212 2576 1291 2597 antem:
1309 2574 1335 2596 «le
1353 2574 1470 2603 Ii'eliyt'mie
1488 2575 1568 2604 aliquo
1588 2575 1712 2605 dupliciter
1730 2578 1747 2598 G
1766 2576 1822 2599 Erit

982 2614 1061 2635 nutem
1078 2612 1105 2635 (le
1124 2613 1240 2642 Reliqione
1256 2613 1343 2642 aliquis
1360 2613 1497 2642 dupliciter,
1516 2614 1565 2636 Vat.
1584 2614 1682 2637 Erizam
1699 2616 1778 2637 autem
1796 2615 1822 2638 tle

983 2650 1099 2679 Belloione
1115 2650 1197 2680 aliqua
1214 2650 1338 2680 dupliciter
1360 2651 1488 2680 intelliyere
1508 2658 1649 2680 possumus,
1669 2658 1715 2675 nno
1737 2653 1819 2681 mmlo,

982 2692 1003 2711 et
1015 2690 1051 2711 liic
1063 2690 1210 2717 prosequitur
1221 2689 1268 2712 ulio
1281 2689 1350 2712 modo
1367 2690 1525 2719 procedendo,
1544 2690 1576 2713 od
1591 2691 1699 2713 altiorem
1717 2691 1819 2720 =aradum

981 2728 1074 2757 [ηραν-θ,
1091 2728 1177 2751 scilieet
1194 2732 1236 2750 etc.
1255 2729 1305 2750 posi
1323 2728 1440 2751 [amtorem
1459 2730 1474 2751 Β
1491 2729 1555 2751 addit
1571 2729 1691 2753 [nti-ando.

1043 2766 1053 2779 ⁸
1071 2767 1123 2789 Luc.
1148 2767 1174 2794 0,
1200 2768 1235 2789 62.
1262 2767 1305 2789 (Ἰν.
1328 2774 1398 2795 supra
1423 2767 1508 2795 Opusc.
1535 2769 1589 2791 Χ1ΙΙ.
1616 2769 1820 2793 Deteruiinatioues

982 2809 1070 2834 quaest.
1087 2809 1130 2828 etv.
1148 2812 1170 2833 p.
1189 2807 1201 2827 Ι.
1219 2813 1241 2834 q.
1263 2807 1343 2833 12-11,
1365 2806 1404 2828 ubi
1426 2807 1492 2829 etiam
1511 2808 1541 2829 ile
1557 2814 1606 2836 seq.
1624 2815 1645 2830 ιι.
1666 2809 1702 2836 li,
1727 2809 1756 2831 de
1773 2816 1819 2838 quo

983 2845 1035 2866 vide
1052 2845 1146 2872 insuper
1164 2845 1331 2872 Expositiouem
1355 2849 1453 2874 quatum·
1476 2846 1634 2873 Magistroruni
1661 2847 1683 2869 iu
1709 2855 1728 2869 c.
1751 2849 1772 2870 ⁶2.
1792 2861 1819 2864 ψ

982 2883 1093 2910 Superius
1110 2889 1151 2911 pro
1169 2883 1215 2906 Sed
1229 2884 1337 2913 professo
1357 2884 1373 2906 D
1390 2884 1437 2907 Sed
1451 2885 1571 2914 molliculi
1582 2887 1625 2908 11th
1635 2886 1754 2915 profi-sse,
1771 2887 1818 2909 Vat.

982 2921 1029 2945 Sed
1042 2922 1159 2951 professio
1176 2922 1219 2949 od,
1237 2923 1274 2945 ed.
1292 2924 1305 2945 <2
1323 2922 1369 2946 Sed
1382 2924 1490 2953 professo
1507 2923 1546 2946 ud.

1043 2960 1052 2973 ¹²
1069 2961 1122 2983 Luc.
1143 2962 1169 2988 ss,
1187 2962 1223 2984 6-2.
1241 2974 1271 2978 —
1288 2962 1400 2990 Superius
1417 2969 1459 2990 pro
1476 2962 1578 2986 valentes
1595 2964 1632 2986 ed.
1651 2964 1658 2986 l
1680 2965 1808 2993 potuerint.

1697 3050 1721 3071 231

1847 730 1900 749 Varii
1912 736 1966 749 casus

1841 754 1966 773 determinan-

1841 779 1877 796 tur.

1843 1846 1870 1865 De
1881 1847 1970 1870 promotis

1838 1869 1862 1888 ad
1875 1875 1970 1894 episcopa-

1837 1894 1883 1912 tum.
