2133 3317
259 205 316 233 154

563 281 613 308 AD
635 279 803 308 LAUDES.

296 377 386 410 Deus,
408 375 435 403 in
458 374 627 403 adiutorium
650 380 744 402 meum
765 372 877 401 intende
897 374 950 401 etc.

296 421 415 460 Antiplt.
439 420 634 450 Contumelias.

297 469 437 498 Psalmus
461 469 504 496 12.
527 468 692 505 Usquequo,
714 466 844 501 Domine,
865 465 1038 495 oblivisceris
1065 473 1109 494 me

256 516 285 545 in
306 516 389 545 finem
402 516 412 532 ¹
434 518 485 544 etc.

296 560 415 599 Antiplt.
438 561 624 590 Contumelias
653 563 680 589 et
708 563 831 589 terrores
858 567 958 597 passus
986 567 1048 589 sum
1075 559 1110 588 ab

257 609 312 643 eis,
332 612 359 638 et
380 608 517 637 Dominus
538 616 648 637 mecum
670 610 712 636 est
733 610 865 645 tanquam
886 608 1004 637 bellator
1021 607 1109 636 sortis.

595 678 773 716 Capitulum.

298 758 404 778 miurus
425 749 481 778 oris
502 749 606 783 nostri,
627 749 756 778 Christus
778 748 929 782 Dominus,
951 751 1049 785 captus
1070 751 1112 777 est

260 760 298 832 S
312 797 340 825 in
361 796 481 834 peccatis
502 797 620 830 nostris,
643 796 687 824 cui
709 795 849 824 diximus:
876 795 906 823 ln
934 795 1035 824 umbra
1064 798 1112 824 tua

257 844 384 873 vivemus
405 844 432 872 in
455 844 584 881 gentibus
595 844 615 871 2.
638 848 667 878 ra.
690 843 747 871 Deo
768 843 879 880 gratias.

615 913 760 952 Hymnus.

422 994 542 1014 nmsrum
561 985 677 1019 ducem,
699 985 746 1022 qui
769 993 819 1022 per
841 992 954 1014 crucem

436 1033 559 1061 Redemit
580 1040 630 1061 nos
651 1033 686 1061 ab
708 1032 851 1066 hostibus,

377 1080 503 1109 Laudet³
524 1082 620 1109 coetus
641 1082 736 1109 noster
757 1080 862 1113 laetus,

379 1127 508 1156 Exsultet
528 1127 636 1156 caelum
658 1127 797 1156 laudibus.

419 1175 508 1203 Poena
528 1174 608 1202 sortis
629 1177 694 1203 tuae
714 1174 813 1202 mortis

379 1221 410 1250 Et
431 1221 574 1258 sanguinis
594 1221 692 1249 effusio

378 1267 467 1296 Corda
490 1270 595 1301 terant,
618 1270 650 1295 ut
672 1270 697 1295 te
719 1269 872 1304 quaerant,

379 1315 457 1349 lesu,
479 1317 574 1343 nostra
596 1314 758 1351 redemptio.

421 1362 469 1390 Per
490 1361 584 1390 felices
606 1361 764 1395 cicatrices,

380 1409 482 1446 Sputa,
505 1409 628 1445 flagella,
651 1408 785 1442 verbera,

378 1455 461 1484 Nobis
482 1459 562 1493 grata
582 1459 648 1484 sunt
670 1455 768 1484 collata

379 1504 496 1532 Aeterna
516 1503 619 1531 Christi
640 1510 767 1531 munera.

420 1550 550 1578 Nostrum
574 1554 666 1587 tangat
688 1558 749 1584 cor,
770 1553 803 1578 ut
823 1550 950 1587 plangat,

380 1597 504 1625 Tuorum
527 1596 639 1633 sanguis
660 1597 828 1630 vulnerum,

380 1644 408 1672 ln
430 1652 486 1681 quo
508 1644 556 1672 toti
579 1644 666 1672 simus
688 1644 752 1678 loti,

380 1690 511 1719 Conditor
531 1690 603 1719 alme
625 1690 757 1719 siderum.

420 1738 556 1767 Passionis
578 1741 642 1767 tuae
663 1738 758 1772 donis,

381 1785 519 1820 Salvator,
540 1793 590 1814 nos
612 1785 733 1820 inebria,

263 1949 381 1971 nocturno
393 1954 424 1971 ea*
435 1947 515 1971 Maria
533 1947 627 1977 Vtrqine
638 1948 707 1971 nasci
717 1947 831 1977 (licitatus
844 1954 867 1971 es
878 1949 901 1971 et
916 1955 932 1971 a
948 1947 1043 1972 Iudaeis
1056 1952 1117 1971 com-

261 1986 378 2016 prehendi
393 1986 491 2010 rrsolaisti
506 1988 529 2009 et
547 1986 631 2010 electos
649 1989 701 2009 tuos
720 1993 750 2010 ac
767 1986 857 2017 inferni
880 1987 995 2011 claustris
1012 1986 1118 2010 eduoetsii

263 2026 286 2048 et
301 2031 339 2048 eos
357 2025 519 2049 illuminasti.-
542 2025 666 2053 illumina,
692 2032 795 2055 quaeso,
821 2025 930 2049 tenebras
956 2027 1065 2053 nostras,
1091 2027 1117 2049 ut

263 2066 380 2087 nascatur
397 2064 422 2087 in
438 2064 505 2087 nobis
522 2071 597 2087 norae
614 2064 676 2088 vitae
692 2064 820 2092 sanctitas,
838 2071 868 2088 ne
883 2064 1115 2094 comprehendantur

265 2110 279 2126 a
296 2103 389 2133 nessotio
412 2103 596 2133 perambulante
619 2104 643 2126 iu
666 2103 781 2131 tenebris,
799 2103 840 2127 sed
856 2103 915 2127 educ
932 2103 960 2126 a'e
978 2103 1033 2127 lacu
1050 2103 1116 2127 mise-

265 2142 316 2165 riae
333 2144 354 2165 et
371 2142 398 2165 cle
416 2142 466 2166 luto
482 2142 568 2172 faecis,
592 2144 617 2165 at
635 2148 689 2165 cani
707 2142 783 2166 electis
805 2142 853 2166 tuis
867 2142 1030 2172 perfruamur
1044 2148 1117 2172 para-

265 2181 313 2205 ctist
327 2181 425 2205 deliciis.
445 2181 493 2209 Oui
507 2181 566 2204 vicis
584 2185 626 2204 ele.

329 2220 336 2233 ¹
355 2220 412 2244 Cod.
430 2222 446 2243 Β
465 2220 534 2243 habet
551 2222 585 2243 Ps.
603 2222 648 2243 58:
666 2220 739 2251 Eripe
755 2227 792 2244 nie
809 2220 836 2244 cte
853 2221 955 2245 inimicis
973 2221 1039 2249 meis,
1052 2221 1115 2245 Deus

267 2265 333 2283 meas
342 2268 352 2288 ,-
370 2260 388 2282 D
406 2260 442 2282 Ps.
459 2259 501 2282 54:
517 2259 628 2287 Eoeaatti,
641 2260 717 2288 Deus,
729 2260 862 2283 orationem
874 2266 951 2283 meam
959 2269 968 2290 ,v
980 2261 998 2283 G
1010 2261 1046 2283 Ps.
1060 2261 1118 2282 1116:

267 2298 374 2322 Lauclate
391 2298 522 2322 Dominam
539 2305 621 2322 omnes
637 2301 724 2328 yantas.
737 2311 768 2315 ——
780 2300 803 2321 111
820 2299 836 2321 Β
848 2300 865 2321 D
882 2302 916 2322 est
933 2299 1037 2327 antiph.:
1056 2298 1119 2327 Quia

267 2344 318 2361 ecce
334 2339 447 2368 ceperant
463 2338 571 2361 animam
587 2344 680 2366 meam,
698 2338 826 2361 irruerunt
842 2337 867 2361 in
884 2344 921 2361 me
936 2338 1029 2368 fortes,·
1047 2339 1070 2360 in
1087 2338 1117 2360 G:

268 2377 385 2400 Attendite
402 2376 510 2400 universi
524 2377 609 2407 populi
624 2379 646 2400 et
662 2377 736 2400 videte
753 2378 832 2400 tesam
850 2377 964 2407 ligatum,
982 2383 1052 2407 quem
1069 2377 1118 2400 vul-

268 2418 381 2440 neratum
398 2416 510 2445 adorate,
529 2416 654 2440 laudantes
671 2423 726 2440 eunt
743 2416 767 2439 in
784 2416 892 2440 excelsis.

331 2455 340 2468 ²
358 2456 442 2479 Thren.
461 2456 487 2485 4,
505 2457 542 2478 20.
560 2468 591 2472 -
608 2457 631 2478 111
648 2457 694 2478 BD
711 2456 809 2479 habetur
825 2456 954 2484 capitulum
970 2455 1118 2485 Recoqitale,·

267 2495 321 2518 vide
337 2496 396 2518 infra
408 2496 438 2518 ad
450 2496 566 2524 Primam3
584 2496 608 2518 in
625 2497 642 2518 A
653 2496 683 2518 G:
702 2495 908 2519 Coninizmicantes
926 2495 1016 2518 Christi
1029 2494 1119 2525 passio-

267 2534 336 2558 nibus
353 2534 465 2564 plaudete,
486 2536 513 2558 nt
529 2536 551 2558 et
567 2534 592 2558 in
609 2534 752 2558 revelatione
768 2534 861 2564 alariae
877 2534 928 2558 eius
939 2534 1065 2564 §audeatis
1077 2540 1118 2558 eae-

267 2573 384 2597 saltautes
402 2575 427 2603 [1.
445 2574 504 2597 Petr.
522 2574 549 2601 4,
568 2574 626 2604 13].

331 2612 340 2625 ‘³
357 2613 414 2636 Cod.
431 2614 447 2635 E
464 2613 556 2636 Psallat
569 2616 591 2636 et
602 2613 660 2636 intra
674 2612 800 2643 sanyainis
818 2613 924 2642 aspersio
937 2619 980 2641 pro
992 2612 1119 2643 sanguinis

268 2652 359 2682 effusio.
377 2653 420 2675 Pro
432 2652 555 2676 Passionis
572 2654 627 2676 taae
644 2652 660 2675 C
679 2653 706 2675 ln
721 2652 841 2682 passionis
858 2654 932 2680 t¹aae,·
949 2655 971 2675 et
987 2658 1030 2680 pro
1046 2653 1120 2675 Beata

267 2690 334 2714 nobis
351 2692 403 2714 Vat.
415 2695 436 2714 et
448 2692 491 2714 DF
504 2693 605 2715 Aeterna
617 2691 691 2715 uobis.
705 2692 802 2715 Ultimus
820 2698 901 2714 versus
918 2692 994 2714 omnis
1010 2693 1120 2720 strophae

268 2734 359 2753 sumtus
376 2736 409 2753 est
426 2737 454 2753 ex
471 2731 520 2754 aliis
538 2732 638 2759 hymnis.
843 2731 853 2743 *¹
870 2731 914 2754 Csr.
933 2731 1018 2754 Thren.
1036 2731 1064 2758 3,
1082 2731 1119 2753 30.

332 2768 341 2782 ⁵
357 2769 432 2793 Codd.
443 2772 461 2793 A
470 2771 487 2792 B
496 2770 512 2793 C
523 2771 541 2793 D
550 2771 576 2798 G,
588 2771 675 2793 omisso
688 2770 762 2800 [syrie
774 2770 869 2799 eleison,
882 2773 974 2799 ponunt
986 2770 1120 2793 immediate

271 2808 415 2837 Collectam,·
433 2810 473 2831 EF
491 2810 581 2832 addunt
597 2810 669 2833 Pater
687 2811 775 2833 noster.
802 2809 911 2833 elii-istus
928 2810 1007 2839 factas
1025 2811 1060 2833 est
1071 2815 1119 2839 pro

268 2847 336 2871 nobis
360 2847 468 2871 obediens
494 2855 567 2878 usque
584 2848 616 2871 aal
632 2851 734 2872 mortem
751 2852 809 2877 elc.;
828 2850 844 2871 E
861 2849 969 2877 adiungit
985 2849 1055 2871 etiam
1071 2848 1121 2872 Ave

269 2886 349 2909 Maria
365 2890 388 2909 et
406 2886 487 2910 Credo.

333 2925 342 2938 ‘⁵
360 2926 389 2948 lta
407 2926 493 2949 liabent
510 2927 527 2948 Α
538 2927 554 2948 Β
565 2927 594 2954 D3
610 2927 669 2955 Vnt,
682 2927 774 2950 omissis
785 2927 907 2954 nonnullis,
920 2927 942 2949 in
955 2927 1000 2949 fine
1011 2929 1064 2955 post
1076 2926 1120 2949 lae-

270 2966 349 2988 tanter
366 2965 486 2995 suscipere
503 2965 572 2988 habet
583 2966 622 2995 sac
633 2972 676 2989 nos
688 2972 816 2995 rosaz-aere
827 2965 859 2989 ad
870 2966 968 2989 virtutes
981 2972 995 2988 a
1008 2965 1081 2993 vitiis,
1094 2966 1122 2988 ‘at

270 3005 290 3027 te
307 3003 386 3027 ridere
399 3004 521 3033 possimus
539 3004 562 3027 in
582 3004 688 3028 Galilaea
708 3011 762 3028 cani
780 3005 911 3035 discipulis.
927 3004 1001 3028 Codd.
1024 3004 1120 3027 CEFG

722 200 919 230 OPUSCULUM
941 200 982 228 IX.
1005 200 1158 229 OFFICIUM
1178 200 1222 228 DE
1244 200 1398 229 PASSIONE
1420 200 1546 229 DOMINI.

1285 278 1345 314 Qua
1365 278 1454 307 fidelis
1474 278 1542 308 dare
1562 279 1631 307 velis

1285 324 1367 353 Beata
1387 324 1467 353 nobis
1487 325 1595 361 gaudia.

1325 371 1411 405 Laus,
1433 371 1523 400 honor
1544 371 1654 400 Christo
1675 371 1787 400 vendito

1286 418 1318 446 Et
1338 417 1397 446 sine
1419 426 1502 446 causa
1523 418 1648 455 prodito,

1286 465 1401 493 Mortem
1423 472 1503 501 passo
1525 473 1575 501 pro
1596 465 1699 502 populo

1286 512 1314 540 In
1335 519 1434 548 aspero
1455 511 1587 548 patibulo.
1610 512 1702 541 Amen.

1206 561 1234 590 11.
1256 558 1337 588 Dedit
1358 558 1524 595 percutienti
1546 566 1575 588 se
1596 559 1749 588 maxillam.
1768 564 1798 594 R).
1815 560 1962 589 Saturatus
1976 562 2019 589 est

1167 606 1326 643 opprobriis
1336 606 1357 633 4.

1209 653 1256 682 Aal
1277 653 1458 682 Benedictus.
1480 651 1600 690 Antiplt.
1623 653 1738 690 Proprio
1756 653 1822 682 Filio
1836 661 1888 683 suo
1902 662 1956 682 non
1972 661 2020 691 pe-

1168 700 1257 738 percit
1277 700 1367 734 Deus,
1389 699 1436 729 sed
1457 708 1509 736 pro
1530 699 1610 728 nobis
1631 700 1761 729 omnibus
1783 700 1896 729 tradidit
1916 701 2005 730 illum.

1207 747 1290 784 Kyrie
1311 747 1422 776 eleison.
1444 747 1554 775 Christe
1574 747 1686 776 eleison.
1708 747 1791 784 Kyrie
1812 747 1914 777 eleison
1925 747 1946 776 ⁵.

1542 809 1652 838 Oratio.

1224 882 1310 902 omme
1331 873 1391 902 lesu
1413 872 1538 907 Christe,
1559 872 1607 909 qui
1629 872 1699 901 hora
1717 872 1854 901 matutina.
1868 880 1918 910 pro
1933 872 2022 902 salute

1237 920 1351 950 humaui
1373 920 1483 957 generis
1505 919 1591 953 tradi,
1613 919 1690 956 capi,
1706 919 1798 957 ligari,
1815 919 1962 957 flagellari,
1977 927 2022 949 co-

1170 968 1260 1005 laphis
1281 967 1356 996 caedi
1378 970 1406 996 et
1427 966 1541 1003 conspui
1557 966 1683 995 voluisti:
1699 966 1741 995 fac
1756 974 1821 1001 nos,
1838 974 2022 1004 quaesumus,

1170 1015 1352 1044 contumelias
1373 1017 1400 1043 et
1421 1013 1572 1051 opprobria
1593 1021 1645 1050 pro
1666 1013 1706 1042 tui
1728 1013 1847 1042 nominis
1866 1012 1954 1050 gloria
1968 1013 2023 1042 lae-

1171 1065 1261 1091 tanter
1283 1062 1441 1099 suscipere,
1463 1064 1490 1090 et
1512 1061 1551 1090 sic
1565 1061 1651 1090 huius
1666 1064 1730 1090 tuae
1745 1060 1947 1090 sacratissimae
1960 1068 2024 1098 pas-

1171 1109 1255 1138 sionis
1276 1109 1439 1138 memoriam
1461 1108 1591 1138 continue
1612 1108 1770 1142 recordari;
1792 1110 1825 1136 ut
1845 1107 1879 1136 ad
1901 1111 1965 1137 tuae
1979 1115 2024 1137 re-

1171 1155 1353 1184 surrectionis
1374 1154 1545 1184 consortium
1561 1162 1721 1184 mereamur
1734 1154 1851 1183 feliciter
1867 1154 2022 1191 pervenire.

1172 1202 1224 1239 Qui
1246 1202 1316 1231 vivis
1337 1205 1365 1230 et
1386 1202 1507 1239 regnas⁶
1529 1205 1581 1230 etc.

1499 1273 1536 1292 An
1558 1264 1696 1293 PR1MAM‘1.

1212 1328 1302 1362 Deus,
1325 1327 1352 1356 in
1374 1327 1544 1356 adiutorium
1566 1334 1660 1356 meum
1682 1326 1793 1356 intende
1815 1329 1866 1356 etc.

1530 1390 1675 1428 Hymnus.

1381 1462 1399 1482 U
1420 1453 1468 1490 qui
1493 1452 1621 1482 velatus8
1643 1452 1712 1482 facie

1394 1500 1494 1534 Fuisti,
1516 1500 1557 1529 sol
1578 1500 1716 1534 iustitiae,

1331 1547 1423 1576 Flexis
1444 1547 1544 1576 illusus
1564 1547 1697 1584 genibuS‚

1331 1594 1443 1623 Crebris
1465 1602 1563 1623 caesus
1583 1594 1757 1623 verberibus.

1370 1642 1408 1670 Te
1428 1641 1549 1678 petimus
1570 1641 1719 1676 attentius,

1332 1688 1365 1717 Ut
1386 1687 1424 1717 sis
1444 1688 1525 1717 nobis
1545 1687 1699 1725 propitius,

1333 1736 1364 1764 Et
1386 1743 1435 1773 per
1457 1738 1535 1764 tuam
1557 1735 1730 1764 clementiam

1331 1782 1469 1811 perducas
1489 1790 1540 1811 nos
1560 1782 1594 1811 ad
1615 1782 1740 1820 gloriam.

1173 1946 1259 1970 habent
1275 1947 1331 1969 alias
1343 1946 1473 1969 disserentes
1485 1945 1601 1968 orationes
1612 1947 1634 1967 et
1646 1945 1704 1967 inter
1715 1950 1741 1967 se
1752 1944 1870 1972 diversas,
1886 1944 1903 1966 E
1912 1944 1928 1966 F
1945 1949 2028 1967 conve-

1174 1987 1239 2009 niunt
1256 1986 1278 2008 in
1297 1986 1372 2014 prima
1389 1985 1504 2013 oratione,
1522 1984 1558 2007 cui
1577 1985 1593 2006 E
1610 1984 1716 2012 adiungit
1733 1984 1801 2006 aliam
1822 1986 1845 2006 et
1860 1983 1876 2006 F
1894 1986 1939 2006 tres
1962 1983 2026 2005 alias.

1173 2038 1204 2042 --
1221 2026 1274 2048 Post
1291 2025 1418 2047 orationem
1444 2025 1491 2046 sola
1516 2024 1566 2046 Vat.
1591 2023 1656 2046 addit
1682 2022 1881 2046 Gommemoratio
1906 2021 1934 2045 cle
1958 2021 2027 2045 beata

1178 2063 1274 2093 Virqine
1290 2062 1409 2087 matutino
1427 2064 1538 2091 tempore.
1555 2061 1649 2085 Mariae
1660 2060 1801 2089 nuntiatur,
1819 2060 1883 2090 quod
1898 2067 1914 2084 a
1930 2060 2026 2084 Iudaeis

1171 2102 1270 2132 perfidis
1288 2101 1396 2125 Clu-istas
1414 2101 1564 2131 captivatur,
1590 2102 1613 2124 et
1636 2102 1683 2124 toto
1708 2100 1779 2124 corde
1800 2099 1899 2123 tremuit
1922 2101 1944 2123 et
1962 2099 2025 2123 male

1175 2140 1332 2165 tractabatur.
1350 2142 1374 2165 5'.
1393 2140 1524 2170 Nunquam
1541 2141 1618 2163 mater
1635 2139 1733 2169 pertulit
1750 2139 1851 2163 dolores.
1863 2141 1887 2164 §c-
1900 2139 1931 2163 Ut
1943 2139 2024 2163 Maria

1175 2180 1232 2204 Filii
1248 2179 1402 2203 considerans
1420 2179 1512 2202 livores.
1533 2178 1632 2202 Oratio:
1650 2178 1763 2202 Pietatem
1780 2179 1859 2206 tarint,
1878 2183 2025 2208 quaesumus

1175 2218 1288 2246 Domine,
1307 2224 1354 2248 aaa
1370 2224 1415 2248 pro
1432 2217 1499 2241 nobis
1517 2219 1618 2241 mortem
1634 2216 1728 2240 subiisti
1738 2217 1906 2247 temporalem,
1919 2223 1962 2241 nec
1973 2222 2026 2247 pro-

1176 2257 1229 2287 prio
1247 2257 1345 2287 corpori
1360 2263 1402 2280 nec
1421 2259 1528 2280 materno
1546 2256 1625 2279 dolori
1637 2262 1739 2286 parcere
1756 2255 1869 2279 volaz'stz':
1881 2256 1933 2286 fac,
1946 2257 1973 2279 ut
1983 2261 2027 2279 uos

1176 2299 1230 2320 tuae
1246 2296 1379 2326 Matrisqae
1389 2296 1510 2326 passionis
1528 2302 1658 2324 memores,
1676 2295 1797 2319 vobiscum
1813 2295 1931 2325 felicitatis
1944 2301 2028 2325 perpe-

1174 2338 1229 2359 tuae
1248 2336 1324 2359 simas
1342 2335 1479 2365 participes.
1501 2335 1548 2363 Qui
1565 2335 1624 2358 vitiis
1641 2336 1663 2358 et
1679 2341 1775 2365 repetas.
1792 2334 1867 2358 Codd.
1883 2335 1927 2357 AC
1945 2333 2027 2357 substi-

1175 2379 1242 2399 tuum.
1259 2377 1317 2398 hanc
1334 2376 1477 2398 orationem:
1496 2374 1640 2398 Interveniat
1660 2380 1708 2404 pro
1733 2374 1800 2398 uobis
1823 2377 1879 2402 etc.,
1904 2380 1965 2404 quae
1989 2375 2027 2396 lia-

1175 2415 1242 2438 betur
1259 2415 1282 2438 in
1299 2415 1382 2438 missali
1399 2416 1467 2437 Rom.
1491 2415 1512 2437 in
1535 2415 1602 2437 Missa
1620 2415 1696 2437 votiva
1721 2414 1751 2436 de
1777 2415 1813 2437 Vll
1832 2413 1969 2440 Doloribus3
1988 2413 2026 2436 de-

1175 2455 1229 2477 inde
1246 2455 1313 2477 aliam
1329 2455 1458 2477 orationem
1476 2454 1505 2477 ad
1523 2455 1545 2476 S.
1563 2455 1688 2476 loannem:
1705 2452 1789 2477 Sancti
1805 2452 1901 2476 Ioannis
1917 2451 2026 2482 Apostoli

1175 2493 1212 2517 tui
1226 2495 1249 2517 et
1264 2493 1431 2523 Ecanqelistae
1449 2493 1499 2522 [cir.
1516 2494 1583 2516 Brev.
1599 2494 1668 2515 Rom.
1685 2492 1709 2515 in
1726 2494 1783 2515 sesto
1799 2493 1820 2514 S.
1834 2493 1908 2519 loan„
1919 2497 2027 2520 respons.

1176 2533 1197 2556 li.
1220 2533 1250 2556 ad
1272 2533 1373 2561 primam
1396 2532 1535 2562 lectionem].
1557 2533 1615 2555 Ante
1637 2532 1738 2560 primam
1762 2531 1891 2554 orationem
1908 2530 1924 2554 C
1940 2530 2026 2553 habet:

1176 2573 1310 2603 Salii-ayla.
1323 2572 1467 2601 Recordare,
1486 2572 1557 2602 Viryo
1570 2572 1660 2599 Mater,
1678 2571 1736 2594 ctum
1751 2570 1844 2594 steteris
1861 2570 1884 2593 in
1900 2571 2026 2600 conspectu

1175 2612 1219 2636 Dei
1235 2616 1290 2640 etc.,
1309 2616 1333 2635 ut
1351 2613 1373 2634 in
1390 2612 1508 2640 praedicta
1526 2612 1592 2634 Missa
1610 2611 1641 2634 ad
1657 2611 1814 2634 offertorium.
1837 2610 1939 2633 Deinde:
1957 2612 1981 2634 11.
1997 2610 2027 2632 ln

1175 2651 1242 2675 omni
1257 2651 1409 2675 tribulatione
1427 2653 1448 2674 et
1464 2651 1578 2681 angustia
1594 2652 1692 2679 nostra,
1711 2656 1776 2673 nunc
1793 2652 1814 2673 et
1832 2649 1857 2672 in
1869 2648 1953 2673 mortis
1966 2648 2028 2672 liora

1175 2697 1291 2715 succurre
1308 2690 1374 2714 uobis
1391 2690 1528 2714 beatiss-inat
1549 2690 1620 2719 Virqo
1639 2689 1725 2713 Maria.

1240 2730 1249 2743 ⁷
1266 2730 1324 2753 Ante
1341 2731 1403 2754 Deus
1420 2729 1445 2753 in
1461 2729 1610 2753 adiutorium
1628 2731 1644 2751 Α
1655 2729 1699 2752 CG
1715 2735 1809 2757 semper
1828 2728 1957 2756 adiungunt
1977 2734 2027 2750 ver-

1176 2776 1243 2798 sum;
1262 2771 1306 2792 hoc
1323 2770 1374 2792 loco
1391 2769 1421 2792 C:
1438 2770 1503 2797 Iesu,
1522 2768 1564 2792 Dei
1586 2767 1699 2796 Verbum,
1727 2767 1803 2791 David
1825 2767 1914 2797 inclyta
1927 2766 2022 2796 proles,

1176 2809 1219 2839 qai
1230 2815 1320 2839 passas
1338 2815 1361 2832 es
1377 2814 1422 2838 pro
1439 2808 1520 2836 nobis,
1537 2807 1651 2831 miserere
1674 2806 1741 2830 nobis
1767 2807 1800 2835 [in
1824 2807 1843 2829 Α
1866 2806 1902 2828 hic
1920 2806 2027 2828 evulsum

1176 2851 1211 2871 est
1229 2849 1333 2877 solium];
1351 2849 1385 2870 G:
1402 2848 1448 2871 Per
1465 2847 1562 2877 sia-num
1579 2847 1659 2871 crucis
1676 2846 1703 2870 tie
1721 2845 1822 2869 inimicis
1844 2844 1935 2869 nostris
1952 2844 2026 2868 libera

1176 2893 1220 2911 nos
1237 2888 1302 2910 Deus
1318 2888 1407 2910 noster.

1239 2925 1248 2938 ⁸
1266 2926 1322 2949 Cod.
1341 2927 1356 2948 E
1373 2926 1459 2949 velata..
1477 2926 1563 2948 Deinde
1580 2925 1626 2948 fide
1644 2925 1696 2948 cod.
1713 2924 1730 2948 C
1747 2924 1909 2947 substituimus
1932 2922 2026 2946 Crebris

1177 2971 1260 2989 caesas
1278 2972 1320 2993 pro
1339 2965 1426 2988 Caesus
1444 2971 1554 2994 quonam
1572 2968 1594 2987 et
1612 2965 1669 2987 infra
1690 2970 1743 2987 cum
1769 2964 1813 2986 BG
1838 2962 1959 2986 Perdacas
1981 2968 2025 2986 nos

1177 3010 1220 3032 pro
1238 3003 1330 3027 Percluc
1348 3009 1399 3026 nos.
