2133 3317
0 345 21 410 ἓ]

24 339 88 360 lunatio

24 367 41 383 in
48 367 88 388 1166-

19 1783 43 1804 tio
57 1785 82 1804 in-

49 1809 84 1828 wl-

18 1835 49 1855 μοι·
54 1837 83 1859 ge-

16 1858 26 1873 ο
36 1859 82 1878 prm-

336 206 532 235 OPUSCULUM
553 205 618 233 XVI.
643 203 814 233 EXPOSITIO
836 204 938 233 SUPER
959 205 1112 234 REGULAM
1133 205 1287 235 FRATRUM
1307 205 1468 235 MtNORUM.
1490 206 1558 235 CAP.
1581 207 1611 235 X.

103 284 271 314 octavum¹:
298 283 477 320 «Superbiae
504 290 596 311 comes
626 285 667 310 est
689 281 853 315 invidentia,
885 281 945 310 fieri

103 332 174 361 enim
195 338 248 359 non
271 333 374 366 potest,
397 332 428 358 ut
449 329 587 365 superbus
609 336 662 356 non
684 328 844 357 invideat».
867 329 946 356 Ava-

103 378 190 411 ritia,
216 384 287 414 quae
308 376 432 404 consistit
456 375 483 403 in
514 375 664 411 cupiditate
695 382 790 403 rerum
823 378 945 403 terrena-

102 432 163 454 rum
196 431 248 452 non
281 422 455 455 habitarum,
486 421 551 450 item
587 421 710 450 consistit
741 421 769 450 in
801 421 946 450 tenacitate

102 478 196 501 rerum
216 470 392 498 obtentarum
414 476 660 505 quarumcumque
681 468 708 496 10
731 476 812 496 usum
834 468 945 496 venien-

102 518 188 551 tium;
210 524 261 553 pro
283 524 338 553 qua
359 515 478 544 ulterius
499 514 673 543 excludenda
694 515 806 543 subdit:
824 514 906 543 Cura
920 518 945 542 et

100 563 291 593 sollicitudine
312 561 401 590 huius
421 562 548 595 saeculi,
571 570 642 598 quae
664 570 700 590 ex
714 561 831 590 avaritia
845 569 945 598 prove-

101 611 197 644 niunt;
219 609 345 638 Matthaei
368 609 490 637 sexto2:
512 608 603 637 Nolite
623 608 740 636 solliciti
761 616 833 642 esse,
849 607 944 636 (lieen-

101 662 157 687 tes:
181 656 258 692 Quid
278 655 544 688 manducabimus,
566 658 619 683 aut
643 655 714 693 quiri
742 654 870 683 bibemus
891 658 942 683 etc.

99 703 217 733 Dicendo
237 706 349 732 autem:
370 702 564 731 sollicitudine
585 701 674 730 liuius
694 701 806 730 saeculi
812 724 821 735 ‚
837 701 876 730 sic
890 702 943 730 sol-

100 750 266 780 licitudinem
288 749 471 778 saecularem
492 748 619 785 perimit,
642 751 673 776 ut
687 748 873 785 spiritualem
888 748 943 776 sol-

100 797 278 827 licitudinem
304 804 357 824 non
379 795 525 829 excludat,
546 803 618 832 quae
640 795 666 823 in
689 794 863 831 procuranda
884 795 943 823 ani-

99 851 206 873 marum
228 843 316 871 salute
338 842 485 879 praecipue
506 844 665 870 exercetur.
689 841 838 869 inhibendo
859 841 940 869 etiam

98 889 319 919 sollicitudinem
333 889 459 922 saeculi,
481 888 667 917 curiositatem
690 888 810 924 percutit
831 888 942 916 illorum

99 937 145 975 qui
166 936 345 965 immoderate
364 935 476 964 student
489 935 516 963 in
531 935 664 971 sapientia
678 935 822 963 saeculari.
839 935 867 963 ln
882 935 940 963 cul-

98 991 160 1021 pam
181 987 273 1012 autem
295 982 442 1010 avaritiae
462 985 489 1011 et
509 981 716 1010 sollicitudinis
748 981 847 1009 nimiae
875 981 942 1010 inci-

98 1030 167 1059 dunt
186 1037 282 1058 omnes
303 1029 510 1066 superfluitates
532 1028 666 1056 librorum
688 1031 736 1056 aut
758 1028 875 1056 vestium
894 1030 943 1055 aut

98 1085 226 1106 arearum
247 1079 295 1105 aut
315 1076 502 1105 aedificiorum
524 1078 573 1103 aut
593 1075 734 1103 similium.
757 1075 832 1111 Quae
853 1075 943 1102 avari-

98 1123 134 1152 tia
154 1127 220 1152 tunc
241 1126 283 1151 est
302 1122 480 1155 damnabiliS,
502 1130 564 1150 cum
595 1122 621 1149 in
649 1129 796 1158 gravamen
822 1121 941 1149 aliorum

98 1178 252 1207 pauperum
267 1169 293 1198 in
309 1169 410 1198 talibus
431 1169 618 1204 eleemosynae
640 1175 828 1204 supervacuae
843 1176 942 1196 consu-

98 1219 222 1245 muntur.
246 1215 445 1248 Deli-actione,
467 1223 538 1252 quae
553 1215 643 1243 oritur
659 1214 806 1251 praecipue
820 1222 857 1242 ex
873 1214 942 1242 invi-

97 1263 141 1292 dia
161 1267 189 1292 et
209 1263 289 1296 0111ος
321 1262 394 1291 unde
422 1261 596 1290 excludendo
620 1261 817 1290 detractionem
847 1261 941 1289 odium

97 1310 177 1339 etiam
199 1309 324 1338 excludit
345 1312 372 1337 et
393 1309 471 1337 iram.
497 1309 529 1336 Et
550 1308 801 1341 murmuratione,
819 1316 890 1345 quae
905 1316 940 1336 ex

97 1356 265 1393 impatientia
286 1360 313 1385 et
335 1356 500 1384 iudiciorum
523 1355 676 1384 temeritate
697 1355 826 1391 procedit.
842 1355 941 1383 Omnia
968 1389 969 1392 Ἰ

98 1403 162 1432 vitia
183 1403 352 1440 spiritualia,
373 1410 445 1439 quae
464 1402 611 1439 Religiosos
632 1402 743 1438 fragiles
757 1402 882 1430 comitari
898 1410 941 1430 so-

97 1451 167 1484 lent,
190 1450 235 1478 hic
249 1449 388 1482 excludit,
404 1452 520 1485 excepta
534 1449 652 1482 accidia,
668 1457 751 1485 quam
768 1449 794 1476 in
811 1457 861 1477 suo
876 1457 940 1477 con-

97 1500 244 1534 sequenter
265 1496 389 1532 opposito
401 1496 411 1512 ³
432 1495 581 1524 dissuadet.
597 1512 635 1516 ——
649 1495 841 1524 Curiositatem
857 1496 938 1524 etiam

96 1543 229 1572 laicorum
251 1543 376 1575 cohibet,
398 1542 510 1571 dicens:
534 1543 567 1570 Et
589 1550 647 1570 rnon
669 1545 771 1570 curent
785 1542 940 1570 nescientes

97 1589 223 1623 litteras,
246 1589 272 1617 id
293 1592 335 1618 est
356 1589 432 1622 laici,
454 1589 566 1617 litteras
587 1589 705 1617 discere.
729 1589 755 1616 ln
778 1597 834 1625 quo
855 1589 940 1617 verbo

96 1636 283 1665 curiositatem
305 1636 430 1670 cohibet,
453 1644 507 1664 non
536 1638 625 1664 tamen
656 1636 777 1669 inhibet,
799 1636 866 1672 quin
889 1636 939 1672 ipsi

96 1686 241 1712 teneantur
264 1682 368 1711 litteras
389 1683 510 1717 discere,
532 1682 554 1711 si
576 1683 615 1711 eis
637 1683 720 1711 fucrit
741 1683 918 1720 imperatum.

173 1731 199 1757 7.
222 1729 273 1758 Sed
294 1737 357 1758 cum
380 1729 431 1757 ista
452 1729 506 1757 sint
527 1729 654 1757 mortalia
683 1732 795 1766 peccata
824 1729 849 1757 in
880 1729 938 1766 lege

95 1776 142 1805 Dei
157 1776 308 1813 prohibita,
323 1776 442 1813 qualiter
454 1776 466 1792 ⁴
481 1776 524 1804 hic
539 1784 570 1805 ea
585 1776 730 1804 monitorie
746 1776 913 1804 exhortatur
928 1779 939 1804 ‘t

96 1839 131 1843 —
152 1822 190 1851 Ad
211 1822 285 1859 quod
305 1822 468 1856 dicendum,
489 1822 564 1859 quod
586 1823 611 1850 in
634 1822 707 1850 omni
737 1830 837 1859 genere
866 1822 939 1859 capi-

95 1869 189 1898 talium
210 1872 387 1906 peccatorum
408 1869 510 1906 aliquid
530 1872 571 1897 est
589 1869 704 1897 mortale
726 1873 752 1897 et
774 1869 877 1906 aliquid
893 1876 938 1897 ve-

94 1915 174 1944 01316.
203 1916 316 1944 Mortale
341 1919 381 1944 est
402 1923 482 1944 omne
504 1918 663 1952 peccatum,
686 1924 742 1952 quo
763 1915 867 1952 aliquid
889 1924 937 1952 ap-

95 1962 198 1999 petitur
226 1970 311 1999 supra
339 1963 435 1991 Deum.
464 1962 517 1991 Hoc
542 1965 636 1991 autem
665 1970 751 1999 supra
778 1962 867 1990 Deum
889 1970 936 1999 ap-

1789 208 1846 238 433

1002 283 1123 319 petitur,
1152 283 1262 320 quando
1282 284 1383 321 aliquis
1402 292 1453 320 pro
1475 292 1505 313 re
1526 285 1669 322 temporali
1691 285 1845 314 desiderata

1002 329 1156 358 obtinenda
1177 331 1259 359 vellet
1280 331 1391 368 aliquod
1413 335 1555 368 peccatum
1583 332 1699 361 mortale
1720 332 1845 361 commit-

1004 378 1076 410 tere,
1098 376 1231 412 quand0⁵
1252 385 1312 405 eam
1334 377 1414 406 aliter
1435 386 1489 406 non
1514 380 1607 414 posset
1633 378 1774 412 obtinere,
1802 379 1846 407 vel

1003 430 1052 458 pro
1074 430 1104 450 re
1126 423 1179 450 iam
1201 423 1312 452 obtenta
1332 432 1391 452 non
1412 424 1573 453 amittenda
1591 425 1670 461 prius
1685 425 1767 454 vellet
1782 433 1844 462 pec-

1001 472 1093 497 catum
1126 470 1241 498 mortale
1270 471 1441 499 committere
1462 479 1545 508 quam
1567 471 1625 508 ipsa
1646 479 1750 500 carere.
1773 472 1845 501 Haec

1001 519 1094 543 autem
1116 515 1194 544 docet
1216 520 1327 545 sanctus
1348 518 1517 554 Augustinus
1538 518 1572 547 de
1592 518 1707 547 Civitate
1734 519 1782 548 Dei
1804 518 1844 547 vi-

1001 562 1104 598 gesimo
1126 563 1230 599 111-11110,
1252 564 1372 600 6311111110
1392 564 1524 601 vigesimo
1545 565 1666 593 sextoG:
1694 578 1707 591 «
1721 566 1775 594 Hoc
1803 569 1844 595 est

1000 609 1072 637 enim
1095 609 1197 638 habere
1218 610 1358 639 Christum
1381 611 1408 639 in
1430 612 1623 646 fundamento,
1645 613 1714 641 nihil
1735 612 1844 641 Christo

1001 663 1185 692 praeponere,
1207 656 1253 685 sed
1276 657 1302 685 in
1324 658 1453 686 omnIbus
1480 658 1540 686 eius
1569 667 1738 695 praeponere
1764 667 1844 696 prae-

1001 702 1149 738 ceptoriam
1172 703 1341 732 voluntatem
1357 716 1383 732 ».
1406 721 1443 724 —
1463 705 1515 741 Qui
1536 704 1621 742 igitur
1647 705 1843 735 eaecellentiam
1857 711 1990 738 Davanam-

1003 749 1042 776 vel
1065 749 1185 777 vanam⁷
1213 750 1328 786 gloriam
1357 750 1510 780 inordinate
1538 752 1656 788 appetit,
1686 752 1723 780 ita
1751 756 1842 781 tamen

1000 794 1073 831 quod
1095 795 1181 823 Deum
1204 796 1253 824 sibi
1278 796 1303 824 10
1322 796 1404 825 60106
1424 797 1567 833 praeponit
1588 805 1638 826 nec
1659 798 1763 835 aliquid
1778 807 1843 827 con-

1001 844 1043 869 tra
1064 841 1151 870 Deum
1173 842 1275 871 faceret
1296 851 1346 880 pro
1374 844 1461 880 gloria
1488 845 1675 881 assequenda,
1704 846 1843 882 superbus

999 891 1056 921 est,
1079 888 1125 916 sed
1147 897 1200 916 non
1222 889 1417 924 criminaliter;
1440 893 1466 919 et
1488 891 1567 919 istam
1589 891 1633 919 hic
1654 891 1782 921 deserere
1796 892 1843 921 ad-

999 942 1160 968 monemur,
1183 943 1263 963 omne
1284 936 1365 964 etiam
1388 936 1497 973 signum
1519 937 1666 974 superbiae
1692 938 1719 966 10
1746 942 1843 975 gestu,

1000 981 1096 1009 habitu
1124 984 1150 1009 et
1179 989 1324 1016 sermone;
1353 986 1380 1011 et
1407 983 1444 1012 ita
1465 983 1498 1012 de
1518 984 1578 1012 aliis
1600 984 1720 1021 intellige
1748 993 1842 1014 conse-

999 1031 1125 1064 quenter.
1155 1029 1206 1064 Qui
1236 1037 1301 1065 ergo
1330 1030 1464 1059 sollicitus
1491 1035 1533 1059 est
1553 1031 1587 1060 de
1608 1031 1718 1060 saeculo
1745 1035 1842 1060 contra

1001 1075 1117 1111 Regulae
1140 1075 1324 1110 honestatem,
1340 1077 1383 1105 vel
1398 1077 1424 1105 in
1440 1080 1564 1112 tantum,
1580 1081 1611 1106 ut
1626 1078 1671 1106 illa
1685 1078 1804 1107 dimittat
1815 1078 1842 1113 Β,

998 1121 1031 1149 ad
1053 1130 1124 1158 quae
1145 1130 1181 1150 ex
1204 1123 1261 1159 lege
1283 1123 1330 1151 Dei
1353 1124 1395 1152 vel
1417 1127 1480 1152 voto
1502 1125 1619 1161 Regulae
1640 1128 1763 1159 tenetur,
1778 1133 1842 1162 pec-

998 1171 1042 1196 cat
1062 1169 1223 1197 mortaliter.

1076 1216 1102 1243 8.
1126 1216 1163 1243 De
1185 1216 1360 1245 detractione
1373 1220 1465 1246 autem
1481 1221 1522 1246 est
1536 1218 1675 1247 difficilius
1690 1219 1839 1255 explicare.

998 1261 1076 1290 Circa
1097 1262 1169 1298 quod
1190 1262 1347 1297 sciendum,
1370 1264 1443 1300 quod
1463 1264 1602 1293 detractor
1624 1269 1664 1293 est
1686 1265 1733 1302 qui
1756 1266 1841 1294 verbo

998 1308 1080 1336 laedit
1101 1309 1201 1342 alium,
1224 1310 1371 1346 praecipue
1393 1310 1419 1338 in
1441 1311 1564 1339 absentia
1575 1311 1595 1339 ⁹.
1617 1311 1689 1340 Talis
1708 1320 1773 1348 ergo
1793 1315 1842 1341 aut

998 1355 1146 1389 mentitur,
1169 1358 1199 1384 ut
1221 1356 1324 1390 laedat,
1346 1360 1373 1385 61
1395 1357 1446 1385 1106
1469 1361 1510 1385 651
1531 1358 1696 1394 generaliter
1726 1359 1841 1387 mortale

998 1405 1155 1437 peccatum,
1178 1410 1240 1431 cum
1263 1403 1298 1431 sit
1320 1403 1505 1439 perniciosum
1528 1404 1716 1438 mendacium;
1738 1408 1787 1433 aut
1801 1405 1841 1433 di-

997 1448 1033 1477 cit
1054 1457 1168 1482 verum,
1191 1449 1252 1477 licet
1275 1450 1393 1483 malum,
1415 1453 1442 1478 et
1464 1450 1515 1479 hoc
1536 1454 1625 1487 potest
1646 1459 1705 1479 esse
1728 1452 1842 1488 triplici-

998 1498 1057 1523 ter:
1079 1499 1127 1524 aut
1148 1496 1220 1524 enim
1243 1497 1325 1524 bomo
1346 1497 1411 1525 dicit
1433 1497 1534 1525 malum
1556 1497 1589 1526 de
1611 1498 1664 1526 alio
1678 1498 1740 1526 zelo
1756 1498 1841 1526 iusti-

998 1543 1067 1575 tiae,
1096 1543 1206 1579 quando
1227 1547 1253 1571 et
1275 1543 1321 1571 uhi
1349 1543 1494 1572 dicendum
1522 1547 1580 1577 est;
1603 1548 1630 1573 et
1651 1545 1701 1573 boc
1724 1553 1777 1573 000
1800 1549 1840 1573 est

998 1589 1115 1623 malum,
1145 1589 1191 1617 sed
1219 1590 1330 1618 bonum.
1353 1590 1404 1618 Aut
1431 1590 1497 1618 dicit
1527 1591 1629 1618 malum
1651 1591 1794 1619 desiderio
1815 1595 1841 1620 et

997 1635 1113 1663 libidine
1136 1636 1278 1664 uindictae
1301 1636 1341 1664 vel
1363 1636 1425 1664 odio
1446 1645 1595 1673 personae,
1618 1640 1645 1665 et
1667 1637 1718 1665 hoc
1742 1637 1840 1674 princi-

997 1682 1049 1718 pali
1071 1682 1238 1716 intentione;
1261 1686 1287 1711 et
1310 1683 1369 1711 talis
1391 1687 1485 1719 peccat
1506 1683 1667 1711 mortaliter.
1694 1685 1745 1712 Aut
1773 1684 1839 1713 dicit

997 1729 1099 1757 malum
1123 1729 1221 1757 scitum
1244 1737 1278 1757 ex
1302 1729 1467 1758 lubricitate
1488 1730 1622 1767 linquae,
1652 1733 1679 1758 et
1704 1731 1755 1759 hoc
1783 1739 1838 1759 non

996 1779 1037 1803 est
1058 1776 1188 1809 mortale,
1211 1776 1261 1804 nisi
1284 1776 1320 1804 ita
1342 1779 1438 1804 contra
1467 1777 1642 1813 prudentiam
1663 1777 1784 1811 dicatur,
1807 1780 1838 1806 ut

996 1822 1081 1858 possit
1101 1822 1128 1850 10
1150 1822 1308 1851 scandalum
1325 1823 1488 1851 redundare.
1511 1823 1575 1851 Zelo
1596 1827 1688 1852 autem
1710 1824 1839 1852 iustitiae

995 1872 1083 1905 potest
1105 1869 1167 1905 quis
1188 1869 1279 1898 dicere
1300 1870 1402 1897 malum
1424 1870 1590 1906 dupliciter:
1613 1871 1655 1899 vel
1671 1873 1702 1899 ut
1717 1871 1838 1907 corriga-

995 1919 1050 1949 tur,
1066 1916 1108 1944 vel
1123 1919 1154 1944 ut
1167 1919 1305 1944 caveatur.
1321 1933 1359 1936 —
1373 1916 1572 1945 Mttt'mttratt'o
1585 1917 1607 1933 ¹⁰
1622 1917 1704 1945 etiam
1719 1920 1760 1945 est
1775 1925 1838 1954 pec-

993 1965 1085 1990 catum
1107 1963 1237 1996 mortale,
1260 1971 1323 1991 cum
1347 1963 1489 2000 impugnat
1510 1964 1628 1992 scienter
1650 1964 1697 1993 Dei
1719 1964 1835 1998 iudicia,

156 2139 163 2152 ¹
181 2141 255 2161 Serui.
273 2140 294 2161 -2,
311 2146 333 2161 n.
350 2139 379 2161 5:
398 2140 423 2161 Et
439 2140 548 2168 quoniam
574 2139 697 2167 superbiae
722 2146 801 2162 comes
824 2144 858 2162 est
880 2140 935 2162 invi-

94 2178 182 2205 dentia,
201 2178 249 2201 fieri
273 2185 317 2201 000
344 2181 418 2206 potest
435 2182 477 2200 etc.
496 2179 537 2200 Pro
554 2178 607 2208 fieri
623 2178 685 2201 euim
703 2180 729 2204 (Α
747 2182 768 2201 et
786 2179 823 2201 ed.
844 2180 849 2201 1
872 2179 936 2201 011111-

94 2220 143 2239 1001
159 2217 232 2245 em'm)
249 2219 267 2239 G
285 2219 305 2240 et
321 2217 381 2246 sieri.
396 2230 423 2233 —
437 2218 548 2245 Superius
566 2224 607 2245 pro
625 2217 780 2247 [nfiilltottiter
792 2218 829 2240 ed.
851 2219 855 2240 1
879 2218 936 2241 inse-

91 2255 240 2285 purubiliter.

155 2293 164 2306 ²
183 2294 249 2316 VerS.
265 2294 302 2316 31.
319 2293 375 2316 Cod.
393 2294 411 2316 G
429 2294 497 2316 etiam
515 2301 580 2323 seqq.
598 2300 679 2316 versus
696 2295 776 2323 atiert3
794 2295 811 2316 D
829 2301 884 2317 vero
902 2301 935 2317 so-

93 2333 140 2355 lum
157 2339 181 2355 v.
198 2333 244 2355 34:
261 2333 332 2355 Nolite
349 2333 437 2355 solliciti
454 2340 504 2355 esse
522 2334 543 2355 in
561 2333 695 2356 crastinum.

154 2371 164 2384 ³
181 2372 270 2394 Scilicet
287 2372 307 2393 in
325 2372 475 2394 sollicitudine
492 2375 633 2399 praenotata.

155 2410 164 2423 4
182 2412 211 2433 lta
229 2412 246 2433 Α
257 2411 302 2433 DG
319 2414 340 2433 61
357 2411 394 2433 ed.
416 2411 438 2437 i;
457 2411 508 2433 Vnt.
525 2418 599 2440 quui-e
616 2414 638 2433 et
655 2410 754 2433 subinde
773 2411 934 2434 exhortantur

93 2456 135 2477 pro
151 2449 301 2473 eoehortatur.
319 2450 407 2472 Deinde
429 2456 555 2477 pronomen
578 2456 605 2472 etz
628 2450 664 2471 vel
688 2450 867 2478 expungendum
888 2454 933 2476 est,

93 2489 129 2511 vel
145 2489 278 2511 addendum
295 2489 385 2518 suffere.

155 2526 165 2539 ⁵
182 2528 211 2550 lta
231 2528 248 2550 D
265 2530 287 2549 et
303 2528 339 2550 ed.
362 2529 383 2554 l;
400 2529 418 2550 G
435 2527 466 2555 si,
489 2528 538 2549 Vat.
555 2527 632 2557 quasi.
651 2528 744 2550 inferius
755 2534 798 2555 pro
807 2527 878 2557 prius
892 2527 934 2551 vel-

94 2565 124 2589 let
139 2566 176 2589 ed.
198 2567 202 2588 Ι
222 2566 302 2595 potius
320 2566 393 2589 cellec-

155 2604 164 2617 Β
180 2606 248 2628 Νο01.
265 2606 294 2627 2:
311 2605 419 2634 Quisquis
430 2606 507 2634 itaque
518 2606 551 2627 sic
569 2605 637 2627 habet
654 2606 674 2627 in
687 2606 757 2627 corde
769 2605 897 2632 Christum,
910 2609 934 2627 ut

93 2643 112 2666 ei
125 2643 188 2673 [uec]
204 2648 291 2666 terrena
304 2648 325 2666 et
343 2645 484 2672 temporalia,
496 2651 537 2666 066
549 2650 574 2666 ea
587 2651 647 2672 quac
662 2644 719 2666 licita
738 2647 790 2666 sunt
801 2648 870 2672 atque
883 2651 933 2666 con-

92 2688 155 2705 cessa
173 2687 311 2710 praeponat,
328 2683 504 2705 fundamentum
517 2682 585 2705 habet
598 2683 720 2705 Christum.
738 2683 760 2705 si
778 2686 854 2705 autem
871 2689 933 2710 prae-

93 2722 169 2749 ponit,
186 2722 227 2744 etsi
245 2722 351 2744 videatur
369 2721 452 2744 habere
471 2722 539 2743 sidem
558 2722 652 2748 Christi,
664 2728 709 2743 non
726 2724 848 2743 esttamen
867 2722 889 2743 in
906 2727 933 2743 co

93 2761 264 2783 tundamentum
282 2760 397 2788 Christus,
415 2761 450 2783 cui
469 2761 519 2782 talia
537 2763 726 2788 praeponuntur;
744 2764 830 2789 quanto
848 2761 932 2787 magis,

93 2799 111 2821 si
122 2800 227 2822 salutaria
241 2803 362 2827 praecepta
375 2803 531 2826 contemnens,
543 2800 670 2822 committat
682 2799 768 2825 illicita,
781 2805 825 2821 uon
839 2805 933 2827 praepo-

92 2838 164 2860 suisse
176 2838 290 2861 Christum
299 2856 304 2866 ,
321 2839 362 2860 sed
380 2838 536 2866 postposuisse
548 2839 704 2864 convincitur,
717 2844 786 2866 quem
800 2837 933 2865 posthabuit

93 2876 243 2904 imperantem
260 2877 310 2899 sive
326 2877 503 2904 concedentem,
521 2877 576 2899 dum
594 2880 670 2899 contra
689 2877 738 2898 eius
756 2877 865 2904 imperata
883 2877 932 2899 sive

93 2921 198 2938 concessa
216 2922 281 2937 suam
300 2922 341 2943 per
358 2916 441 2943 flagitia
459 2916 543 2943 delegit
560 2917 650 2943 explere
667 2915 803 2937 libidinem?

155 2952 164 2966 ⁷
180 2954 252 2976 Codd.
271 2955 313 2976 AG
331 2957 353 2976 et
369 2954 405 2975 cd.
427 2954 432 2975 1
454 2954 561 2976 omittunt
579 2960 672 2976 uariunt.
691 2954 784 2976 Inferius
801 2961 843 2982 pro
862 2953 931 2977 istam

94 2991 130 3014 liic
146 2991 252 3014 deserere
269 2992 307 3019 (ita
328 2992 435 3020 ABCG)
459 2992 509 3014 Vat.
531 2993 629 3021 propter
656 2992 725 3015 istum
748 2992 930 3019 distinctionem,

186 3038 212 3061 S.
224 3039 313 3061 Bonan.
325 3050 355 3054 —
367 3039 434 3060 Torn.
449 3039 503 3060 vin.

994 2140 1030 2162 ed.
1047 2141 1051 2162 1
1070 2140 1099 2162 ibi
1118 2140 1184 2168 legit:
1202 2140 1271 2162 istum
1283 2139 1320 2163 liic·
1332 2139 1458 2163 carendum
1472 2139 1591 2167 hortatur,
1603 2139 1752 2163 mlmnnemlo
1764 2140 1835 2163 elium

993 2185 1076 2202 curere
1093 2185 1161 2201 omne
1177 2179 1273 2207 sianum
1289 2178 1412 2207 superbiret·
1430 2178 1454 2200 iit
1471 2180 1537 2207 pestu
1555 2182 1598 2201 616.

1055 2217 1064 2230 ³
1083 2218 1133 2239 X'ai.
1150 2217 1255 2245 amittat,
1273 2224 1333 2246 quac
1350 2218 1418 2239 ctiam
1435 2218 1488 2239 dein
1506 2218 1588 2240 omittit
1607 2217 1654 2240 Dei.

1056 2256 1065 2268 ⁹
1082 2257 1200 2283 1311111060,
1212 2257 1241 2278 de
1254 2256 1443 2278 Similitudinibus
1453 2256 1520 2283 (inter
1532 2262 1601 2283 opera
1613 2257 1731 2285 Anselmi),
1744 2263 1763 2279 6.
1781 2257 1833 2279 150;

993 2296 1106 2318 Deum-uo
1123 2296 1200 2323 itaque
1217 2299 1263 2322 651,
1282 2295 1473 2324 quotiescumque
1493 2295 1545 2323 quis
1563 2295 1650 2324 aliquid
1666 2302 1691 2317 ea
1711 2296 1835 2318 intentione

992 2335 1020 2357 (16
1038 2335 1115 2363 aliquo
1132 2334 1197 2359 dicit,
1216 2335 1277 2356 unde
1296 2334 1344 2361 ipsc
1361 2334 1396 2355 ret
1414 2334 1489 2356 minus
1506 2334 1577 2356 amari
1594 2334 1644 2356 sive
1662 2335 1737 2356 minus
1754 2341 1835 2363 appre-

992 2373 1041 2396 tiari
1061 2373 1138 2401 possit.
1156 2373 1200 2395 Ct'r.
1217 2374 1279 2394 Alex.
1292 2373 1350 2399 Hah,
1363 2374 1384 2394 S.
1403 2379 1424 2400 p.
1444 2374 1467 2394 ll.
1484 2379 1506 2401 q.
1529 2373 1576 2395 130,
1596 2379 1627 2395 01.
1640 2374 1648 2395 l
1660 2381 1665 2395 2
1679 2373 1790 2396 Definitur
1802 2374 1834 2396 sic

992 2412 1115 2434 detractio:
1135 2413 1171 2434 Est
1187 2412 1273 2434 alienae
1291 2413 1365 2433 suniae
1382 2418 1423 2439 per
1440 2412 1527 2433 occulta
1545 2411 1615 2433 verba
1629 2412 1756 2439 denigratio
1769 2411 1835 2441 [vide

992 2452 1050 2478 nug.
1069 2457 1080 2472 a
1099 2451 1121 2472 S.
1141 2451 1210 2477 Vici„
1235 2451 1264 2473 de
1289 2450 1409 2472 Fructibus
1434 2450 1508 2472 carnis
1525 2453 1547 2472 et
1564 2451 1669 2478 spiritus,
1687 2457 1707 2473 c.
1725 2450 1773 2480 5.];
1797 2451 1833 2473 vel

991 2489 1038 2511 sic:
1056 2489 1168 2511 Detractio
1185 2492 1219 2510 est
1237 2489 1288 2510 mali
1306 2489 1426 2511 seminatio
1447 2489 1536 2511 occulte
1558 2489 1578 2510 in
1601 2489 1708 2511 iniuriam
1726 2489 1834 2517 proximi.

990 2528 1032 2550 Alii
1050 2534 1105 2550 vero
1123 2528 1236 2549 deliniunt
1252 2527 1296 2549 sic:
1314 2528 1437 2549 Detrahere
1454 2530 1488 2550 est
1504 2527 1597 2556 obloqui
1615 2527 1701 2550 absenti
1719 2531 1740 2550 et
1752 2528 1831 2551 dolose

991 2567 1097 2588 mordere
1115 2566 1165 2595 [cfr.
1183 2566 1297 2592 Cassiod,
1315 2566 1335 2587 in
1355 2566 1389 2588 Ps.
1407 2566 1447 2592 43,
1469 2566 1509 2588 17:
1529 2566 1630 2595 obloqui
1645 2571 1678 2589 est
1695 2566 1782 2589 absenti
1795 2567 1832 2589 de-

991 2607 1080 2627 trahere
1091 2608 1112 2627 ct
1125 2605 1204 2627 1101050
1216 2605 1315 2633 aliquem
1328 2611 1433 2627 sci-moue
1446 2605 1559 2627 mordere.
1572 2607 1680 2633 August„
1694 2606 1765 2628 Serm.
1779 2606 1832 2628 353.

990 2644 1044 2666 idias
1062 2644 1099 2666 20.
1116 2650 1142 2666 ex
1160 2644 1237 2666 homil.
1251 2644 1288 2665 50.
1301 2650 1320 2665 c.
1337 2645 1354 2665 Ι.
1367 2650 1388 2665 n.
1405 2644 1409 2665 l
1422 2652 1426 2665 :
1440 2644 1499 2672 Quid
1512 2647 1545 2666 est
1557 2644 1674 2673 detractio,
1687 2645 1728 2667 nisi
1741 2645 1832 2667 morda-

990 2683 1037 2705 cior
1054 2689 1123 2711 quam
1143 2683 1245 2704 veracior
1262 2683 1456 2710 repreliensiot‘...
1472 2683 1582 2705 detractio
1600 2683 1703 2705 vulnerat
1721 2683 1823 2712 ramam}

1053 2720 1072 2733 ¹⁰
1089 2722 1116 2744 Ut
1133 2724 1195 2743 notat
1213 2721 1310 2748 Bouav.,
1328 2721 1458 2743 comment.
1471 2721 1492 2742 in
1508 2722 1562 2743 Luc.
1584 2722 1621 2748 15,
1640 2723 1661 2743 2.
1674 2728 1695 2743 n.
1709 2722 1832 2749 4,ex}it1-

990 2760 1084 2787 gutione
1102 2759 1240 2781 vocabulum
1254 2765 1409 2782 murmurare
1425 2768 1434 2779 a
1447 2760 1530 2781 dicitur
1542 2766 1553 2781 a
1566 2760 1652 2787 mulio,
1665 2759 1750 2788 mutis,
1764 2760 1831 2789 quasi

991 2798 1047 2821 uelle
1064 2797 1128 2827 loqui
1145 2801 1167 2820 ct
1183 2804 1231 2821 non.
1247 2798 1335 2821 audere
1347 2807 1368 2825 n,
1385 2802 1406 2820 et.
1424 2799 1551 2821 secundum
1570 2799 1707 2827 Quintilian„
1725 2799 1781 2821 Vill.
1801 2800 1832 2821 ln-

990 2837 1059 2859 5111111.
1077 2839 1134 2859 orat.
1152 2844 1172 2859 c.
1189 2838 1211 2859 ὃ.
1228 2839 1241 2865 ’,3
1258 2838 1294 2865 31,
1312 2844 1425 2860 murmur
1442 2841 1474 2859 est
1493 2838 1830 2867 000160116111ίαηι,11165161(

990 2876 1053 2898 vocis
1070 2876 1104 2897 vel
1122 2882 1192 2898 sonus
1209 2876 1304 2898 alicuius
1322 2876 1445 2898 imitatione
1461 2878 1597 2904 formatum,
1609 2877 1667 2899 sicut
1679 2876 1784 2906 muyilits
1801 2877 1830 2899 de

989 2921 1044 2937 sonu
1064 2915 1142 2942 bovis,
1159 2915 1191 2937 sic
1208 2921 1320 2938 murmur
1338 2915 1367 2937 de
1387 2922 1443 2937 sonu
1462 2921 1536 2944 aquae
1554 2916 1644 2938 fluentis
1661 2918 1695 2938 est
1714 2917 1829 2944 ctiictum;

989 2954 1013 2976 B.
1029 2953 1127 2981 Albert.,
1145 2954 1166 2975 in
1184 2955 1238 2976 Luc.
1257 2954 1297 2981 w,
1314 2954 1341 2981 7,
1364 2962 1373 2973 α
1386 2954 1424 2983 qui
1444 2957 1572 2976 murmurat
1583 2961 1688 2977 murmur
1701 2955 1722 2976 in
1735 2955 1830 2977 auribus

988 2996 1054 3015 sonat
1071 2992 1114 3014 sub
1132 2993 1233 3019 silentio,
1250 2995 1272 3015 61
1289 2996 1341 3015 sunt
1359 2997 1539 3015 murmuratores
1560 2994 1649 3016 occulte
1666 2993 1709 3016 sub
1726 2994 1829 3016 susurrio

1865 740 1893 753 ria
1902 735 1988 759 speciali-

1862 760 1897 777 ter.

1865 1223 1893 1242 De
1903 1224 1968 1250 ‚detra-

1883 1249 1951 1266 ctione.

1854 1921 1881 1940 De
1894 1926 1975 1948 murmu-

1872 1947 1952 1963 ratione.
