2133 3317
560 208 756 237 OPUSCULUM
777 209 807 237 X.
829 209 915 238 VlTlS
935 210 1084 239 MYSTICA.
1106 210 1367 241 ADDITAMENTUM
1387 212 1428 241 Vl.

195 287 254 312 148.
273 287 325 312 Nec
344 287 448 316 mirum,
468 287 489 311 si
507 286 666 311 vehementer
693 286 848 311 delectentur
876 287 968 318 duplici

16 340 111 367 pioxodor.
124 332 195 358 odore
213 331 273 356 vitis
291 330 408 355 nostrae:
428 336 489 358 nno,
509 329 551 360 qui
569 336 598 353 ex
616 329 765 360 unguentis,
790 329 853 358 alio,
879 330 921 361 qui
939 337 968 354 ex

43 807 48 812 ¹
69 807 97 826 his

18 832 83 851 metus.

123 374 225 401 floribus
244 372 362 405 procedit.
382 371 524 397 Odorantur
537 371 615 403 igitur
625 371 632 384 ¹
647 371 672 396 et
685 371 813 397 odoratum
828 372 968 403 sequuntur

123 417 218 442 dulcem
235 416 333 445 Iesum,
352 415 480 440 imitantes
508 414 613 439 bestiam
641 414 780 446 quandam,
806 422 869 446 quae
894 415 967 440 odore

123 459 184 485 cocti
203 459 274 490 panis
293 458 319 482 et
337 457 443 482 recentis
461 457 498 482 ita
514 456 667 486 delectatur,
680 456 722 486 nt,
735 457 882 488 ubicumque
895 457 966 481 illum

123 502 241 530 senserit,
261 501 331 526 illum
351 500 470 532 sequatur
489 500 564 525 etiam
583 507 660 531 usque
679 500 711 524 ad
729 499 868 524 interitum.
893 500 966 529 Ecce,

122 547 175 578 ipso
194 544 258 570 teste
269 543 292 574 ²,
307 544 388 575 panis
405 544 491 574 rivus,
511 543 557 574 qui
575 542 605 567 de
617 543 687 568 caelo
700 543 840 575 descendit,
853 543 967 568 decoctus

122 588 213 619 duplici
231 588 287 619 igne
306 587 420 612 caritatis
438 586 464 611 et
483 586 620 617 passionis,
640 586 738 611 odorem
758 593 830 610 suum
847 586 920 617 longe
932 586 966 610 la-

123 631 195 662 teque
223 629 354 661 dispergit.
383 629 442 658 Quis
460 629 527 654 hunc
544 636 593 654 non
613 629 754 660 sequatur?
771 629 888 660 Sequitur
906 629 967 653 irra-

121 673 222 699 tionalis
241 673 321 697 bestia
340 672 437 697 odorem
457 672 529 703 panis
548 672 610 697 cocti
629 672 654 697 et
672 672 844 702 consumendi,
863 679 912 696 non
932 679 967 696 se-

122 716 212 748 quetur
229 715 302 740 homo
321 715 451 740 rationalis
471 715 569 740 odorem
582 715 655 746 panis
667 714 821 746 Angelorum
835 715 873 739 bis
885 714 966 739 cocti?

121 756 246 785 Stulti0r⁸
274 758 313 783 est
338 766 412 789 quam
430 757 510 783 bestia
529 758 571 789 (1111
590 757 663 782 istius
681 757 795 782 odoriferi
815 758 887 788 panis
912 757 966 782 odo-

122 809 173 828 rem
186 809 235 827 non
253 800 374 832 intelligit
386 801 411 825 et
424 800 550 826 honorem.
563 815 598 818 —
610 800 656 825 Sed
670 800 806 832 praeterire
818 807 867 825 non
881 807 966 831 possu-

121 852 190 874 mus,
210 844 275 876 quod
293 844 427 868 transituri
445 851 513 868 mare
532 851 621 874 panem
640 843 678 868 bis
690 843 786 868 coctum
799 844 965 868 necessarium

119 887 222 913 habent.
241 887 392 918 Quicumque
411 894 469 918 ergo
488 893 513 911 se
533 886 558 910 in
577 886 623 911 1100
641 887 703 910 111311
721 893 812 917 magno
828 886 902 910 huius
915 894 965 911 sae-

120 931 169 956 culi
187 938 240 955 esse
259 929 399 961 cognoscit,
419 929 484 961 quod
502 930 560 961 quia
572 929 716 960 spatiosum
729 929 781 957 est,
795 929 843 954 cito
856 929 965 954 transire

119 981 169 1000 non
188 973 284 1005 potest,
305 973 330 998 et
349 973 451 1004 propter
469 972 588 1003 reptilia,
614 979 724 1003 quorum
748 979 800 997 non
822 973 860 997 est
880 979 965 997 ‘numo-

119 1015 200 1048 rus⁴,
220 1016 386 1048 periculosum
404 1015 456 1044 est,
481 1015 643 1040 nihilominus
668 1022 763 1046 quoque
787 1014 812 1039 et
837 1015 918 1039 ventis
940 1015 965 1040 et

120 1059 313 1091 tempestatibus
332 1058 427 1087 saevit3
448 1058 469 1082 si
488 1065 589 1082 securus
615 1057 671 1082 vult
693 1065 759 1087 esse,
785 1057 877 1083 habeat
899 1058 965 1083 hunc

119 1110 209 1135 panem
228 1103 266 1127 bis
284 1102 393 1130 coctum,
413 1101 575 1126 fortissimum
594 1101 677 1125 Iesum
690 1101 715 1125 in
729 1108 791 1125 nave
804 1101 884 1126 0111013
897 1108 963 1131 31139,

120 1154 191 1178 quem
210 1144 333 1176 comedat,
352 1151 424 1176 quem
444 1144 542 1173 odoret,
562 1151 610 1175 (1110
629 1144 768 1173 reficiatur,
788 1151 835 1175 quo
858 1145 965 1169 console-

119 1189 162 1214 tur
180 1188 212 1218 et,
226 1188 376 1212 utbreviter
395 1187 486 1216 dicam,
506 1187 537 1211 ab
556 1187 670 1211 omnibus
687 1187 803 1218 periculis
815 1187 927 1211 eruatur.
940 1187 964 1211 Si

120 1232 201 1263 enim,
224 1231 253 1256 ut
275 1231 312 1255 ait
330 1228 500 1259 Psalmista⁵,
524 1229 579 1254 illic
602 1236 680 1254 naves
703 1229 915 1261 pertransibunt,
940 1230 964 1254 id

120 1273 158 1299 est
175 1273 287 1298 homiues
305 1273 331 1297 in
350 1272 463 1297 crucibus
483 1273 535 1297 suis
553 1272 636 1296 Iesum
650 1271 797 1303 sequentes;
817 1279 879 1303 quae
892 1273 964 1297 navis

120 1317 203 1348 potius
223 1316 388 1348 pertransibit
405 1323 479 1347 quam
498 1315 570 1340 navis
589 1315 726 1340 Crucifixi?
750 1315 887 1340 Secundum
906 1322 964 1340 vero

119 1360 192 1385 Pauli
212 1359 361 1384 sententiam
387 1357 527 1383 dicentisss:
551 1357 652 1383 Christo
674 1358 788 1388 consitus
805 1365 863 1383 sum
881 1359 963 1389 cruci,

119 1402 295 1434 crucifigamur
313 1402 338 1427 et
351 1409 395 1427 nos
408 1409 463 1427 cum
477 1401 591 1430 Christo,
605 1408 701 1426 crucem
715 1401 780 1430 91113,
794 1402 869 1426 11111110
882 1402 964 1432 ipsum

118 1446 145 1470 in
163 1452 234 1470 cruce
251 1445 420 1470 indeficienter
446 1444 526 1469 cordis
553 1444 644 1469 affectu
665 1444 859 1475 amplectamur,
885 1444 914 1468 ut
938 1445 963 1469 in

119 1488 216 1513 vivifico
235 1488 307 1513 odore
326 1487 476 1512 delectemur
494 1486 606 1511 ardentis
624 1487 696 1516 Iesu,
722 1487 764 1518 qui
788 1487 818 1511 de
843 1494 868 1511 se
887 1487 962 1511 dicit:

119 1530 177 1562 Eyo
196 1531 272 1562 quasi
289 1530 349 1555 vitis
367 1529 523 1560 fructificavi
540 1529 694 1554 suavitatem
714 1528 815 1560 odoris,
840 1530 865 1554 ct
888 1530 964 1560 flores

118 1573 168 1598 mei
186 1572 287 1603 fructus
306 1573 413 1598 honoris
432 1573 456 1597 et
474 1572 629 1603 honestatis,
651 1573 720 1597 0111113
739 1573 847 1603 spiritus
870 1574 907 1597 est
924 1580 964 1598 su-

115 1624 164 1648 per
180 1616 231 1641 mel
248 1616 339 1641 duleis.
352 1616 427 1645 Eius,
439 1616 552 1647 inquam,
567 1615 639 1640 odore
652 1615 814 1645 delectemur,
828 1616 964 1647 unguentis

118 1659 297 1684 charismatum
307 1658 317 1671 ⁷
335 1659 387 1683 eius
406 1658 547 1687 foveamur,
561 1665 625 1689 pane
638 1665 682 1683 suo
695 1658 809 1688 caelesti,
823 1659 847 1683 id
860 1658 899 1683 est
911 1666 964 1684 001·-

118 1709 177 1734 pore
196 1709 240 1727 suo
259 1702 405 1733 purissimo,
434 1700 609 1730 confortemur,
628 1701 658 1726 ut
685 1708 775 1733 corpus
794 1702 846 1726 eius
864 1702 964 1726 edentes

119 1745 312 1776 sanguinemque
332 1751 377 1776 pro
396 1744 477 1768 salute
496 1744 583 1769 nostra
599 1743 703 1769 effusum
722 1745 747 1768 in
766 1744 879 1769 nostram
899 1745 963 1769 salu-

1813 216 1865 244 221

1024 288 1075 313 tem
1093 288 1219 319 bibentes,
1238 290 1340 321 gustare
1360 291 1483 322 possimus
1502 291 1527 316 et
1545 291 1640 321 videre,
1666 291 1724 316 licet
1746 299 1795 323 per
1818 299 1870 323 spe-

1024 331 1111 355 culum
1130 332 1158 356 iaz
1176 333 1351 364 acnigymatff,
1371 334 1429 365 quia
1448 334 1612 359 suavissimus
1631 334 1669 359 est
1687 334 1821 364 Dominus,
1841 335 1870 360 ut

1024 373 1049 398 et
1067 374 1146 404 ipsius
1165 376 1295 406 promissio
1314 376 1458 406 perficiatur
1476 377 1502 401 in
1520 377 1605 406 nobis,
1624 377 1784 408 quantumin
1798 385 1870 409 prae-

1025 416 1089 440 senti
1108 417 1161 441 vita
1180 416 1218 441 fas
1236 418 1286 447 est,
1306 419 1347 449 qui
1366 419 1438 444 dicit:
1471 420 1521 452 Qui
1545 420 1623 445 edunt
1649 427 1688 445 me
1707 420 1791 445 adhuc
1814 427 1868 446 esu-

1023 458 1099 490 rient,
1119 460 1143 483 ct
1162 460 1207 490 qui
1226 460 1317 485 bibunt
1333 469 1372 486 me
1391 462 1475 487 adhuc
1493 463 1587 487 sitient.

1348 545 1433 571 CAPUT
1453 547 1540 572 XLIV.

1121 629 1196 662 Quod
1213 630 1289 660 flores
1308 631 1452 656 invenienda·
1470 634 1531 657 sunt
1548 634 1577 658 in
1595 634 1644 659 vite
1662 636 1780 660 nostrae

1095 714 1155 739 149.
1169 715 1298 741 Postremo
1308 716 1435 741 videamus
1447 717 1493 742 hoc
1505 718 1569 749 quod
1579 718 1687 744 breviter
1697 719 1826 751 tetigimus
1835 722 1867 750 ¹⁰,

1023 758 1087 789 quod
1106 757 1193 787 flores,
1212 759 1254 790 qui
1273 759 1390 784 nimirum
1410 760 1435 784 et
1453 761 1534 785 visum
1546 761 1672 786 delectant
1685 762 1710 787 et
1722 762 1866 793 odoratum,

1022 801 1081 826 licet
1099 802 1191 826 comedi
1209 809 1259 827 non
1277 803 1388 832 soleant,
1414 804 1540 835 suguntur
1564 804 1648 829 tamen
1670 805 1702 830 ab
1720 806 1822 837 apibus,
1843 806 1868 831 et

1022 844 1118 875 liquore
1136 844 1165 869 de
1183 844 1287 870 floribus
1305 845 1389 871 ablato
1408 846 1550 871 dulcissima
1570 847 1616 872 sibi
1635 848 1709 872 mella
1727 848 1868 874 conficiunt.

1023 886 1090 916 Quae
1109 887 1169 912 sunt
1187 887 1233 912 hae
1252 895 1326 919 apes,
1345 896 1408 919 quae
1427 889 1456 913 (19
1475 889 1578 914 floribus
1596 890 1663 915 horti
1682 891 1762 916 nostri
1781 892 1869 917 dulcis-

1023 929 1079 954 simi
1097 929 1169 959 Iesu,
1198 937 1259 961 quos
1286 930 1360 955 flores
1387 930 1507 955 habemus
1532 939 1592 962 prae
1611 933 1739 962 manibus,
1759 934 1868 965 sugendo

1022 971 1069 996 sibi
1088 972 1162 996 mella
1181 972 1315 997 conficiunt
1325 971 1363 996 ¹¹?
1375 973 1443 1004 Apes
1459 973 1537 1002 tales,
1556 974 1586 998 ut
1604 975 1678 1005 puto,
1698 975 1758 1000 sunt
1776 976 1814 1000 illi
1826 976 1868 1007 qui

1022 1015 1110 1045 pennis
1136 1015 1354 1046 contemplationis
1378 1016 1469 1040 elevari
1495 1017 1577 1041 sciunt
1601 1017 1626 1041 ot
1651 1018 1756 1048 possunt
1781 1019 1866 1050 suique

1021 1057 1132 1088 ipsorum
1151 1057 1258 1089 possunt
1276 1058 1399 1087 alvearia,
1419 1058 1464 1083 1100
1483 1059 1522 1083 est
1540 1060 1651 1090 corporis
1673 1067 1772 1090 curam,
1792 1061 1867 1086 relin-

1021 1107 1096 1131 quere
1121 1100 1146 1125 et
1170 1101 1201 1125 ad
1225 1100 1327 1125 hortum
1352 1101 1495 1126 deliciarum
1519 1102 1703 1133 dulcissimum,
1723 1103 1867 1128 iucundissi-

1021 1151 1102 1172 mum,
1122 1143 1307 1169 floridissimum
1325 1144 1497 1175 transvolare,
1522 1146 1548 1170 in
1574 1153 1621 1177 quo
1647 1147 1755 1171 omnium
1779 1146 1868 1172 florum

1021 1186 1123 1211 divitias
1135 1187 1263 1212 deliciosas
1276 1188 1301 1212 et
1314 1187 1403 1212 divites
1416 1188 1517 1213 delicias
1535 1189 1674 1213 inveniunt.
1694 1189 1791 1214 Hortus
1804 1190 1868 1215 enim

1021 1229 1068 1254 iste
1087 1230 1218 1260 paradisus
1243 1230 1289 1255 est.
1314 1230 1353 1255 Ita
1380 1230 1457 1256 habes
1476 1232 1538 1256 enim
1560 1232 1585 1256 in
1606 1232 1707 1257 Oantico
1729 1233 1821 1258 amoris
1830 1234 1866 1257 ¹²:

1021 1272 1181 1298 Emissiones
1201 1274 1271 1304 tuae,
1291 1281 1304 1299 o
1323 1274 1400 1305 Virgo
1418 1274 1499 1299 Maria
1512 1274 1700 1304 fecundissima,
1715 1276 1868 1306 paradisus.

1021 1314 1147 1340 Processit
1165 1317 1229 1340 enim
1248 1316 1288 1341 1110
1307 1317 1439 1348 paradisus
1456 1317 1487 1342 ab
1499 1317 1570 1343 utero
1583 1319 1715 1350 virginali,
1729 1319 1795 1343 omni
1808 1319 1867 1344 flore

1022 1359 1135 1390 omnique
1154 1359 1237 1383 fructu
1256 1359 1376 1389 refertus,
1397 1360 1439 1385 sed
1458 1360 1580 1385 fructibus
1593 1361 1692 1385 interim
1707 1361 1800 1386 dilatis.
1813 1362 1868 1387 Flo-

1022 1409 1061 1426 res
1079 1402 1153 1426 istius
1172 1402 1282 1433 paradisi
1300 1402 1442 1432 videamus,
1455 1403 1568 1434 legamus
1581 1404 1620 1428 vel
1634 1403 1717 1434 potius
1731 1411 1866 1435 sugamus;

1021 1444 1067 1469 hoc
1085 1445 1149 1469 enim
1169 1445 1268 1476 proprie
1287 1452 1362 1476 apum
1382 1445 1428 1470 est.
1443 1446 1496 1470 Nos
1508 1446 1608 1471 tantum
1622 1446 1719 1471 utinam
1732 1447 1796 1472 tales
1809 1455 1868 1478 apes

1022 1487 1111 1516 simus,
1130 1495 1193 1518 quae
1212 1487 1294 1512 sciunt
1312 1495 1400 1519 sugere
1418 1488 1469 1513 mel
1487 1489 1517 1514 de
1532 1490 1607 1520 petra
1617 1487 1644 1513 ¹³.
1664 1489 1732 1514 Idem
1752 1490 1816 1514 enim
1830 1490 1869 1515 est

1022 1530 1112 1555 hortus
1132 1531 1241 1561 paradisi
1261 1532 1285 1555 et
1298 1532 1392 1563 petra,
1411 1532 1436 1556 id
1454 1532 1493 1556 est
1518 1532 1642 1557 Christus.
1668 1533 1692 1557 Si
1711 1540 1769 1564 ergo
1794 1533 1867 1559 flores

1021 1573 1155 1604 quaerendi
1174 1573 1247 1603 sunt,
1272 1573 1315 1598 ubi
1334 1574 1417 1605 potius
1436 1575 1601 1606 quaerentur,
1622 1575 1664 1600 ubi
1684 1576 1824 1607 promptius
1843 1576 1868 1601 et

1020 1616 1143 1647 copiosius
1167 1616 1326 1641 invenientur
1349 1624 1423 1648 quam
1447 1618 1473 1642 in
1497 1618 1639 1643 dulcissimo
1663 1618 1721 1643 Iesu
1747 1619 1868 1644 Christo?

1020 1659 1148 1684 Manifesti
1167 1659 1226 1684 sunt
1246 1659 1318 1685 flores
1337 1660 1461 1685 virtutum
1475 1661 1500 1686 et
1512 1662 1644 1686 vulnerum
1657 1662 1718 1686 eius.
1731 1662 1788 1687 Stat
1800 1669 1866 1693 9009,

1021 1703 1137 1733 expansis
1155 1702 1278 1732 brachiis,
1299 1703 1364 1728 nudo
1383 1711 1499 1735 corpore,
1525 1704 1640 1729 manibus
1666 1705 1739 1730 simul
1759 1705 1783 1730 et
1803 1705 1868 1737 pedi-

1020 1745 1067 1770 bus
1086 1745 1234 1776 perforatis,
1253 1746 1333 1777 capite
1352 1746 1471 1772 inclinato
1482 1745 1509 1771 ¹⁴.

768 1898 1097 1935 ADDITAMENTUM
1122 1899 1166 1935 VI
1180 1893 1210 1934 ¹³.

187 2046 248 2072 153.
267 2047 319 2073 Nec
337 2047 542 2079 praetereundem
555 2047 607 2077 est,
621 2047 686 2079 quod
698 2055 758 2079 apes
771 2048 800 2073 de
813 2048 908 2079 liquore
920 2048 963 2073 fio-

0 2092 18 2112 )ο
27 2097 68 2112 aera
82 2095 101 2113 et
116 2098 171 2116 rmn
189 2091 292 2116 collecto
311 2090 396 2116 favum
414 2090 562 2120 conficiunt,
575 2091 600 2115 id
614 2090 652 2116 est
664 2098 745 2116 ceram
758 2091 783 2115 in
803 2098 829 2116 se
847 2091 896 2116 mel
908 2098 962 2116 con-

14 2116 73 2136 melle.

116 2134 245 2160 tinentem.
265 2134 328 2165 Quid
347 2134 386 2159 est
403 2134 449 2159 1100
459 2135 471 2158 ¹?
489 2134 537 2159 Per
550 2141 632 2159 ceram
645 2134 755 2159 tenacem
768 2135 912 2160 memoriam
925 2141 963 2159 ac-

116 2178 182 2209 cipe,
202 2185 264 2209 quae
282 2178 344 2209 apta
362 2178 401 2202 est
420 2177 452 2202 ad
470 2177 636 2208 recipiendam
656 2177 761 2202 formam
780 2177 857 2209 sigilli
881 2177 907 2202 et
931 2177 963 2202 ad

115 2220 275 2245 nutriendum
293 2221 390 2252 ignem,
410 2221 431 2245 si
447 2220 531 2245 tamen
544 2221 569 2245 in
582 2228 611 2245 ea
624 2220 657 2245 sit
668 2220 774 2252 lychnus
784 2218 818 2251 ¹⁸3
832 2227 894 2252 quae
907 2227 963 2245 cera

113 2263 163 2288 mel
181 2264 208 2288 in
226 2271 251 2288 se
271 2263 382 2289 continet
394 2263 579 2293 dulcissimum,
596 2263 824 2293 mundificativum,
843 2263 963 2288 descensi-

113 2312 182 2331 vum.
201 2305 255 2331 Nos
273 2306 365 2337 igitur,
386 2306 407 2330 si
424 2313 482 2330 vere
508 2305 653 2337 spirituales
676 2313 737 2337 apes
756 2313 853 2335 sumus,
873 2306 902 2331 de
920 2305 962 2331 flo-

114 2348 184 2373 ribus
201 2348 283 2374 nostri
302 2348 413 2380 paradisi
430 2348 569 2378 Nazareni,
587 2348 613 2373 id
631 2348 670 2373 est
689 2348 758 2374 horti
782 2348 896 2374 florentis
920 2348 962 2374 flo-

113 2391 233 2416 ridissimi
249 2391 309 2416 Iesu
329 2391 437 2421 Christi,
456 2391 528 2417 nobis
546 2391 690 2417 memoriam
703 2398 879 2423 componamus
891 2391 963 2417 tena-

179 2582 186 2595 ¹
205 2583 261 2605 Bon.
278 2589 331 2605 cum
349 2583 386 2605 ed.
407 2584 412 2605 1
436 2583 576 2607 Odormuur
592 2583 661 2607 enim.

178 2613 187 2626 ²
205 2615 265 2636 ioan.
278 2615 304 2641 6,
317 2615 354 2637 51.
367 2618 389 2637 et
401 2615 438 2637 59.
450 2627 481 2631 —
493 2615 588 2637 inferius
600 2621 643 2643 pro
655 2614 769 2645 dispergit
785 2615 802 2638 A
815 2615 960 2645 disper-qens.

178 2644 187 2657 ³
205 2646 260 2668 Bon.
278 2652 330 2668 cuin
349 2646 385 2668 ed.
406 2647 412 2667 1
434 2646 509 2669 Immo
527 2646 638 2674 s111ltior,-
656 2648 673 2669 A
691 2647 747 2675 legit
763 2646 866 2670 Stultior
881 2649 915 2670 est
927 2647 960 2670 be-

114 2675 173 2704 stia,
190 2675 263 2699 immo
280 2678 301 2700 el
318 2676 402 2704 bestia,
420 2676 463 2706 qui
478 2680 520 2699 etc.

177 2706 187 2719 4
204 2707 286 2730 Psalm.
316 2708 370 2735 103,
396 2708 435 2731 25.
451 2721 481 2724 -
499 2708 594 2731 inferius
618 2715 661 2737 pro
685 2708 841 2732 nihilominus
867 2715 960 2739 quoque

117 2738 156 2767 (ita
173 2739 201 2767 A)
219 2739 274 2760 Bon.
291 2745 345 2761 curn
362 2739 401 2762 ed.
419 2740 426 2761 1
449 2739 514 2769 quia.

177 2770 187 2784 ⁵
203 2770 286 2792 Psalm.
305 2771 362 2797 1033
388 2771 426 2793 26.
450 2771 498 2793 Csr.
522 2772 620 2798 August.
636 2771 658 2793 in
676 2771 738 2793 hunc
755 2771 797 2793 loc.
815 2784 844 2787 —
863 2772 959 2794 inferius

115 2806 158 2828 pro
175 2802 296 2844 {eqyentes
315 2802 354 2828 (ita
371 2802 399 2831 A)
416 2802 472 2854 1308:
490 2808 543 2824 cum
561 2802 598 2824 ed.
617 2802 625 2823 11
646 2803 788 2855 εεᾳηεῖςίιιέὶ
819 2833 848 2856 23
912 2833 941 2856 Ἡ

115 2832 295 2890 5ρ11ἱιυζίὲ1111211
307 2833 373 2885 ligiis
390 2833 522 2891 suzlerunffgl
536 2833 662 2887 11111111ὶὲῑυῖ
673 2834 717 2855 Ecc
727 2840 742 2855 ¹⁸
796 2850 801 2860 ’
851 2851 857 2856 ”
873 2836 896 2856 et
952 2851 957 2856 ⁸

178 2893 187 2906 ⁷
203 2893 259 2916 Cod.
277 2895 294 2916 A
312 2894 472 2918 charismatis.

176 2923 186 2937 ὃ
203 2925 273 2952 Epist.
290 2926 305 2947 Ι.
322 2925 374 2948 Cor.
394 2925 434 2953 13,
453 2926 490 2948 12.
507 2927 543 2948 Ρ3.
560 2927 602 2953 33,
620 2926 647 2948 9:
658 2927 752 2949 Gustate
764 2929 786 2948 et
797 2926 887 2954 videte,
899 2933 957 2956 quo-

114 2955 176 2978 niam
194 2956 272 2978 suavis
289 2959 323 2978 est
340 2956 460 2979 Dominus
476 2969 505 2973 —
523 2957 631 2985 Sequitur
648 2958 714 2980 Eccli.
730 2957 775 2984 24,
792 2957 830 2980 29.

177 2985 186 2998 ⁹
203 2986 260 3010 Cod.
276 2988 294 3010 A
311 2988 370 3010 hanc
385 2987 502 3010 rubricam
521 2989 611 3011 omittit.

1018 2055 1084 2078 cem,
1104 2056 1166 2080 quae
1183 2056 1233 2074 non
1253 2056 1267 2074 a
1287 2049 1398 2080 qualibet
1410 2049 1549 2075 tentatione
1562 2050 1729 2082 dissolvat-ur,
1749 2052 1791 2077 sed
1804 2052 1865 2084 apta

1019 2091 1052 2116 sit
1070 2092 1114 2116 illa
1132 2092 1250 2117 memoria
1269 2093 1376 2124 recipere
1396 2093 1584 2124 impressionem
1604 2094 1694 2126 sigilli,
1713 2095 1738 2120 id
1756 2095 1795 2120 est
1811 2103 1864 2121 cru-

1018 2134 1083 2159 cifixi
1100 2134 1173 2164 Iesu,
1192 2134 1310 2160 utillum
1334 2142 1431 2167 semper
1454 2137 1481 2160 in
1506 2136 1623 2162 memoria
1647 2137 1795 2168 habeamus,
1822 2139 1864 2170 qui

1018 2177 1078 2202 dicit
1087 2175 1123 2202 ¹⁷:
1145 2177 1217 2203 Pone
1234 2185 1274 2203 ‘me
1292 2179 1322 2203 ut
1339 2178 1503 2210 siynaculum
1521 2186 1598 2210 super
1615 2187 1659 2204 cor
1679 2181 1759 2205 tuum.
1777 2181 1862 2213 Signa-

1018 2220 1101 2245 culum
1120 2221 1185 2245 enim
1205 2221 1301 2252 regium
1319 2228 1379 2246 crux
1397 2222 1450 2251 est,
1471 2229 1545 2253 quam
1559 2223 1617 2247 siin
1630 2223 1710 2248 cordis
1723 2223 1804 2249 nostri
1816 2232 1863 2249 me-

1017 2263 1097 2288 moria
1116 2263 1314 2295 portaverimus,
1333 2264 1399 2289 tanti
1412 2264 1488 2296 Regis
1501 2266 1638 2297 regionem,
1652 2273 1714 2297 quae
1726 2266 1801 2292 finem
1813 2274 1864 2292 non

1018 2306 1107 2336 habet,
1128 2314 1211 2332 secure
1231 2307 1367 2338 poterimus
1389 2308 1551 2339 pertransire.
1576 2308 1660 2334 Habet
1683 2309 1729 2334 hoc
1753 2310 1864 2342 sigillum

1017 2350 1151 2381 imaginem
1171 2350 1280 2375 crucifixi
1300 2351 1358 2375 Iesu
1382 2351 1407 2376 in
1432 2351 1486 2382 ipso
1510 2351 1592 2383 sigillo
1611 2352 1690 2377 crucis
1709 2353 1796 2378 multis
1813 2352 1864 2379 fos-

1019 2393 1084 2417 suris
1103 2392 1217 2418 effossam
1236 2393 1262 2418 et
1280 2401 1436 2425 expressam,
1455 2393 1519 2419 sicut
1532 2394 1557 2419 in
1570 2394 1660 2426 sigillis
1678 2395 1759 2427 imago
1776 2403 1863 2427 reg-um

1080 2584 1100 2598 ¹⁰
1117 2586 1191 2613 Supra
1209 2592 1232 2608 n.
1249 2586 1286 2608 52.
1303 2598 1334 2602 -
1352 2586 1406 2608 Bon,
1423 2588 1445 2608 et
1456 2586 1494 2608 ed.
1506 2586 1514 2608 ·Ι
1531 2589 1609 2609 contra
1621 2586 1639 2608 A
1654 2587 1776 2610 Postremo
1788 2587 1862 2611 videa-

1017 2622 1070 2640 mus
1078 2635 1098 2691 ἒξ
1103 2616 1380 2701 ᾳέῖὲᾖοῃὲ1·ῗ)ἷ131)ιῗ3ίίι1ἔῐειὲ1ἵ11ι
1394 2620 1453 2671 (ξὲοᾏ
1471 2648 1640 2676 supplevimus.

1134 2685 1145 2701 a
1156 2685 1171 2701 ).
1211 2696 1216 2705 ,
1235 2688 1237 2693 ν
1265 2696 1270 2701 ,

1079 2709 1099 2722 ¹³
1116 2686 1181 2733 Delut.
1199 2711 1241 2737 32,
1260 2710 1297 2732 13.
1315 2711 1370 2732 Bon.
1388 2716 1440 2733 cum
1456 2710 1492 2733 ed.
1507 2711 1514 2732 1
1531 2716 1656 2740 suyamus.
1669 2711 1780 2735 Convenit
1791 2712 1860 2740 enim,

1015 2742 1042 2764 ut
1058 2740 1117 2764 cales
1134 2740 1204 2764 modo
1221 2747 1277 2770 apes
1293 2740 1382 2769 simus,
1406 2747 1466 2770 quae
1482 2741 1559 2765 sciant
1574 2747 1660 2771 supere
1676 2742 1723 2766 mel
1742 2742 1770 2766 de
1785 2745 1862 2773 petra.

1015 2784 1046 2789 —-
1061 2772 1150 2795 Deinde
1167 2772 1288 2800 respicitur
1307 2773 1321 2794 l.
1338 2772 1389 2795 Cor.
1408 2773 1450 2800 ¹10,
1468 2772 1494 2794 4:
1512 2773 1576 2795 Petra
1594 2776 1671 2796 autem
1688 2776 1737 2796 erat
1751 2774 1861 2798 Christus.

1078 2802 1098 2815 ¹⁴¹
1113 2803 1153 2825 llic
1165 2806 1294 2832 sequuntur
1303 2809 1363 2832 quae
1376 2803 1490 2831 habentur
1501 2810 1572 2832 supra
1581 2810 1635 2832 pag.
1646 2805 1699 2832 187,
1707 2812 1727 2828 c.
1736 2805 1775 2828 24.
1784 2812 1807 2829 11.
1816 2806 1862 2829 ’1-4.

1078 2833 1098 2846 ¹⁵
1115 2834 1160 2857 Csr.
1177 2840 1246 2862 supra
1265 2840 1320 2862 pag.
1341 2834 1398 2862 489,
1416 2838 1469 2857 nota
1486 2835 1507 2857 6.

1078 2864 1098 2877 ¹⁶
1116 2865 1207 2894 isidem,
1225 2865 1276 2888 XX.
1301 2866 1429 2893 Etymolog.
1452 2872 1472 2888 0.
1497 2866 1532 2888 lo.
1555 2872 1578 2889 n.
1598 2867 1627 2889 2:
1643 2867 1753 2897 Lyclmus
1770 2871 1858 2896 autem,

1014 2896 1081 2925 quasi
1092 2895 1202 2919 lucinius.
1212 2897 1250 2919 Est
1261 2896 1322 2919 enim
1335 2897 1449 2919 cicendela
1463 2897 1576 2920 lucernae.
1586 2897 1632 2921 Cir.
1645 2900 1700 2921 tom.
1708 2899 1733 2922 11.
1743 2905 1796 2927 pag.
1806 2900 1860 2927 736,

1015 2930 1067 2950 nota
1086 2928 1107 2950 3.
1126 2927 1165 2950 Ed.
1184 2928 1193 2949 4
1215 2926 1304 2955 linum,
1321 2928 1376 2951 alias
1393 2927 1501 2958 liqnum;
1512 2929 1569 2952 Bon.
1581 2928 1703 2959 lychnium
1714 2929 1762 2953 sive
1773 2930 1860 2960 anych-

1012 2957 1098 2986 11111711,-
1114 2959 1133 2981 Α
1149 2958 1229 2981 scribit
1246 2958 1330 2982 liunus.

1075 2988 1094 3002 ¹⁷
1112 2989 1176 3012 Cant.
1192 2991 1219 3017 8,
1237 2990 1259 3012 6.
1275 2989 1320 3013 Csr.
1338 2996 1407 3018 supra
1425 2996 1479 3019 pag.
1497 2991 1555 3018 1189,
1571 2994 1624 3014 nota
1650 2993 1672 3015 ΙΙ.

1900 726 1963 745 Flores
1976 730 2014 745 ser-

1884 749 1937 767 viunt
1947 754 1957 767 a
1972 749 2014 768 ibus

1883 773 1907 791 ad
1928 777 1957 791 me
1988 773 2015 791 fa-

1884 796 1978 814 ciendum.

1910 982 1955 1008 *Hae
1972 983 2024 1005 sunt,

1884 1010 1957 1023 animae
1972 1010 2015 1024 con·

1883 1029 2009 1052 templatime.

1879 2189 1999 2216 Siguaculnm

1899 2218 1978 2237 regmm.
