2133 3317
167 497 251 516 Hortatio
264 498 288 516 ad

158 521 211 540 illum
230 521 289 544 magi-

159 546 217 563 strum
224 550 261 563 nou
267 549 288 563 se

158 568 274 587 retrahendi.

307 223 362 253 336

305 302 426 331 Sanctos.
448 302 484 330 Ac
504 309 553 337 per
575 301 627 329 boc
648 308 703 329 non
730 300 811 329 debet
832 300 880 329 tibi
902 308 962 329 esse
984 301 1105 335 mirum,
1127 302 1149 330 si

304 349 397 377 minus
418 348 523 376 fundati
545 347 702 376 intrantes¹
723 347 790 375 fiant
810 347 838 376 in
860 348 977 376 scientia
997 348 1025 376 in
1046 348 1149 377 Ordine

305 395 483 424 fundatiores.

386 441 428 469 13.
452 440 501 469 Sed
523 443 597 474 esto,
619 440 692 476 quod
714 441 765 469 ista
793 441 847 469 sint
868 441 1098 478 reprehensibilia
1123 444 1150 470 et

305 487 460 524 purganda,
483 495 537 515 non
559 490 672 523 propter
693 487 746 516 hoc
767 487 949 522 retraharis,
969 488 1034 525 quia
1055 488 1149 517 nullus

305 534 338 563 ad
360 534 410 562 hoc
432 533 606 570 compellitur
618 534 637 568 2,
660 533 707 562 sed
728 534 751 562 is
771 535 858 571 magis
879 537 1001 569 amatur,
1024 535 1072 572 qui
1091 543 1148 564 ma-

303 580 345 617 gis
365 583 406 609 est
427 580 523 609 talium
545 584 716 617 aspernator.
738 581 792 610 Nec
820 582 935 618 praelati
959 582 1021 610 talia
1042 582 1148 618 praeci-

303 627 398 663 piunt,
420 627 467 655 sed
488 627 575 663 magis
606 628 726 664 puniunt
756 627 877 656 vitiosos.
907 628 961 657 Nec
982 631 1013 656 tu
1034 631 1148 665 propter

303 677 360 702 tres
382 674 424 702 vel
445 676 566 711 quatuor
597 674 709 703 vitiosos
733 674 816 703 debes
843 675 947 704 multos
968 678 1148 705 contemnere

303 721 470 749 innocentes.
492 721 524 749 Et
545 721 566 749 si
588 721 673 758 aliqui
695 721 774 750 libris
801 721 943 750 abundant
972 722 1006 750 ad
1027 725 1147 759 tempus,

302 767 363 796 aliis
382 768 471 796 multo
485 767 614 804 pluribus
635 768 820 805 indigentibus
836 771 967 805 poterunt
985 768 1147 805 dispensari,

302 821 365 843 cum
387 814 475 843 multo
495 815 591 851 plures
612 818 724 851 egeant,
746 823 829 852 quam
854 815 1005 843 abundent.
1035 815 1089 844 Nec
1120 818 1147 843 te

302 864 426 894 moveat,
448 861 523 898 quod
544 862 653 890 Fratres
674 862 788 890 fuerunt
808 862 835 890 in
859 862 993 898 principio
1009 862 1146 898 simplices

302 911 329 937 et
350 907 498 942 illitterati,
521 908 605 937 immo
626 908 712 945 magis
733 908 813 937 debet
834 909 887 937 hoc
908 909 936 936 in
951 911 978 937 te
998 908 1082 937 fidem
1096 907 1147 936 Or-

302 955 373 983 dinis
395 955 569 984 confirmare.
590 956 687 984 Fateor
715 963 808 984 coram
830 956 901 989 Deo,
924 955 998 992 quod
1020 956 1071 983 hoc
1093 957 1147 989 est,

302 1002 376 1039 quod
390 1010 434 1031 me
448 1002 511 1031 fecit
532 1002 616 1031 vitam
637 1002 709 1031 beati
731 1002 866 1031 Francisci
884 1002 1005 1031 maxime
1019 1002 1146 1039 diligere,

706 223 904 252 OPUSCULUM
925 223 977 251 ΧΠ.
1002 223 1157 252 EPISTOLA
1179 224 1222 253 DE
1243 225 1359 254 TRIBUS
1380 226 1646 262 QUAESTIONIBUS.

1207 303 1273 339 quia
1293 303 1390 332 similis
1409 307 1451 333 est
1478 304 1555 333 initio
1576 307 1603 334 et
1630 305 1792 342 perfectioni
1813 306 1957 341 Ecclesiae,
1979 316 2050 345 quae

1206 349 1296 386 primo
1317 350 1419 386 incepit
1438 359 1455 379 a
1475 351 1659 387 piscatoribus
1690 353 1862 389 simplicibus
1882 356 1909 382 et
1930 358 2048 391 postmo-

1206 395 1273 424 dum
1300 396 1415 432 profecit
1444 397 1478 426 ad
1505 398 1632 427 doctores
1663 399 1829 428 clarissimos
1860 403 1887 429 et
1918 401 2050 437 peritissi-

1206 450 1280 476 mos;
1297 443 1335 471 sic
1350 443 1454 472 videbis
1469 444 1495 472 in
1511 445 1648 481 Religione
1661 445 1733 474 beati
1747 446 1894 481 Francisci,
1908 450 1941 475 ut
1954 450 2044 477 osten-

1205 489 1251 518 dat
1272 490 1378 524 Deus3,
1400 491 1473 527 quod
1494 499 1549 519 non
1569 491 1622 520 fuit
1643 500 1692 528 per
1713 493 1858 521 hominum
1873 494 2047 530 prudentiam

1205 537 1332 571 inventa,
1354 537 1400 566 sed
1432 545 1481 574 per
1512 538 1670 573 Christum;
1699 542 1726 568 et
1757 539 1823 576 quia
1843 548 1928 577 opera
1948 541 2049 571 Christi

1205 592 1259 612 non
1287 584 1429 618 deficiunt,
1450 584 1497 613 sed
1528 585 1689 621 proficiunt,
1711 586 1882 621 ostenditur,
1904 587 1957 616 hoc
1981 596 2050 625 opus

1205 632 1290 661 fuisse
1310 632 1451 665 divinum,
1471 631 1538 660 dum
1559 632 1593 660 ad
1614 633 1784 662 consortium
1806 633 1932 662 virorum
1946 634 2050 672 simpli-

1205 680 1278 708 cium
1300 680 1382 708 etiam
1404 680 1540 716 sapientes
1554 688 1609 708 non
1631 683 1696 709 sunt
1716 681 1853 718 dedignati
1874 681 2049 717 descendere,

1204 726 1376 755 attendentes
1396 726 1464 755 illud
1486 727 1603 763 Apostoli
1615 729 1642 755 4:
1659 728 1771 765 Siquis
1791 731 1832 756 est
1851 728 1992 757 intervos
2005 738 2051 758 sa-

1201 774 1302 811 piens,
1323 774 1430 802 stultus
1450 773 1516 810 fiat,
1538 777 1571 802 ut
1590 775 1629 802 sit
1642 775 1768 811 sapiens.
1791 776 1880 812 Rogo,
1900 776 2048 811 carissime,

1204 824 1311 850 utnon
1333 821 1415 849 nimis
1435 821 1565 850 abundes
1593 821 1625 849 in
1654 830 1741 850 sensu
1773 821 1844 850 tuo⁵
1873 830 1923 851 nec
1954 823 2050 853 credas

1205 871 1231 897 te
1252 867 1461 904 prudentiorem
1493 875 1543 896 nec
1574 868 1715 897 meliorem
1747 869 1892 903 omnibus,
1914 877 1984 906 quos
2014 870 2048 899 ad

1205 918 1306 944 statum
1320 915 1406 943 istum
1422 915 1528 943 vocavit
1543 915 1685 949 Dominus,
1708 918 1735 944 et
1749 916 1771 944 si
1787 919 1813 944 te
1829 916 1977 951 vocaverit,
1991 924 2046 946 non

1205 970 1317 991 recuses
1328 962 1347 990 ⁶.
1370 963 1436 991 Vale
1457 963 1485 990 in
1506 962 1630 990 Domino.
1652 963 1744 991 Amen.

828 1097 954 1125 Expmcn
977 1097 1109 1125 EPlSTOLA
1128 1105 1163 1125 DE
1184 1105 1280 1125 Tamus
1301 1104 1524 1129 QUAESTIONIBUS.

365 1291 372 1304 ¹
391 1291 464 1314 Codd.
483 1292 530 1314 GM
548 1294 570 1314 et
586 1291 622 1313 ed.
641 1293 654 1313 2
672 1291 760 1314 addunt
779 1290 900 1314 Ordinem.

364 1330 372 1343 ²
390 1331 445 1354 Cod.
465 1332 480 1353 L
496 1330 578 1353 nullus
595 1330 727 1359 repellitur.
753 1330 848 1352 hiterius
874 1336 916 1357 pro
937 1330 979 1353 secl
1002 1329 1082 1359 maqis
1103 1336 1146 1359 pzo-

301 1370 371 1393 m'um
387 1370 482 1393 vitiosos
499 1370 553 1392 edd.
568 1369 609 1392 secl
622 1369 772 1399 permittunt,
790 1375 850 1398 quae
862 1370 947 1392 deinde
960 1373 1146 1398 prosequuntur:

301 1410 349 1434 Nec
370 1411 469 1439 propter
494 1411 541 1432 tres
567 1408 604 1432 vet
628 1410 733 1438 quatuor
758 1408 853 1432 vitiosos
880 1407 945 1431 debet
960 1408 1075 1438 magsister
1094 1414 1145 1431 con-

301 1451 404 1473 temnere
421 1448 561 1472 innocentes,

363 1487 372 1500 ³
390 1489 420 1510 Ex
437 1489 453 1510 L
470 1487 632 1515 supplevimus
655 1486 710 1516 quia
727 1486 836 1510 similis...
854 1486 961 1509 ostendat
979 1487 1053 1512 Deus,
1075 1493 1145 1515 quam

300 1527 481 1555 propositionem
499 1527 518 1548 Μ
538 1527 605 1554 paulo
623 1526 731 1554 superius
744 1528 796 1554 post
812 1526 836 1548 in
850 1525 969 1556 principio
987 1525 1085 1548 exhibet.
1104 1527 1147 1548 Su-

300 1567 379 1595 perius
396 1572 438 1594 pro
455 1565 561 1589 mamime
578 1565 676 1595 diliqere
693 1566 748 1588 edd.
764 1565 856 1595 elz'qere.

363 1604 373 1617 4
390 1605 459 1633 Epist.
476 1605 491 1627 1.
509 1605 560 1627 Cor.
578 1605 599 1634 3,
617 1605 654 1627 18,
675 1618 703 1620 -
721 1605 833 1632 Superius
850 1604 904 1627 edd.
922 1604 1031 1627 omittunt
1041 1603 1083 1628 sed
1093 1610 1147 1634 pro-

299 1644 390 1674 ficimzt.

363 1682 372 1695 ⁵
390 1684 456 1706 Rom.
477 1683 516 1711 14,
534 1683 559 1706 5:
576 1683 740 1712 Unusquisque
757 1683 778 1705 in
795 1689 837 1705 suo
855 1689 924 1705 sensu
942 1682 1052 1705 abundet.

363 1721 373 1735 ‘³
390 1722 446 1745 Cod.
463 1723 479 1744 L
497 1723 656 1751 prosequitur:
674 1722 781 1750 Singulas
797 1722 898 1744 rationes
915 1724 977 1749 tuas,
995 1728 1053 1751 quas
1071 1722 1146 1750 posui-

300 1762 341 1790 sti,
357 1768 403 1784 non
421 1762 571 1790 pertractavi,
589 1765 637 1784 tum
655 1762 708 1790 quia
726 1761 794 1783 nimis
811 1764 871 1783 esset
888 1761 1001 1789 prolixum
1012 1779 1017 1788 ,
1031 1764 1078 1783 tum
1092 1761 1146 1790 quia

299 1808 327 1824 ex
351 1801 484 1829 praemissis
508 1803 615 1829 apparet,
640 1800 659 1823 si
681 1801 802 1828 diligenter
827 1800 943 1827 attendas,
969 1800 1033 1829 quod
1062 1800 1145 1822 salsum

299 1843 440 1868 supponunt.
457 1839 531 1863 Credo
549 1840 655 1868 firmiter,
673 1840 736 1868 quod
754 1839 773 1862 si
790 1839 819 1862 de
836 1839 921 1862 Ordine
940 1840 978 1868 pie
994 1840 1079 1862 sentire
1096 1845 1146 1862 coe-

299 1880 374 1908 peris,
390 1886 437 1902 non
453 1879 565 1907 rationes,
591 1879 632 1901 sed
658 1879 766 1907 figmenta
790 1879 905 1908 quaedam
927 1879 1069 1907 phantastica
1096 1885 1146 1901 esse

300 1918 449 1942 videbuntur.
475 1919 497 1941 si
522 1917 562 1941 tibi
588 1918 711 1947 placuerit,
728 1924 772 1946 ego
790 1918 830 1941 tibi
847 1924 887 1940 ore
910 1918 940 1940 ad
967 1925 993 1940 os
1010 1919 1145 1947 ostendam,

300 1958 390 1986 penitus
406 1964 452 1980 non
477 1958 560 1980 valere.
586 1958 618 1979 De
639 1957 674 1980 his
691 1960 780 1984 aulem,
798 1957 827 1980 de
844 1957 930 1986 quibus
947 1957 1060 1986 loqueris,
1082 1958 1145 1986 quod

299 1997 339 2019 tibi
358 1997 409 2019 talia
434 2003 475 2019 sua
500 1998 613 2024 fecerunt,
631 1997 684 2019 nolo
709 1997 796 2025 aliquid
813 1997 875 2019 aliud
901 1997 991 2025 dicere,
1014 1997 1059 2019 nisi
1081 1997 1143 2025 quod

300 2037 361 2059 Deus
377 2036 420 2058 illis
437 2036 566 2063 indulgeat,
583 2036 623 2064 qui
640 2036 690 2058 sive
707 2036 805 2062 malitia,
823 2036 883 2063 sire,
901 2036 965 2064 quod
980 2036 1055 2063 magis
1067 2036 1145 2062 credo,

300 2082 341 2103 per
359 2075 523 2103 ignorantiam,
548 2077 593 2097 tam
620 2074 739 2096 temeraria
762 2074 846 2096 iudicia
872 2075 947 2097 facere
964 2081 1010 2097 non
1028 2077 1144 2096 verentur.

300 2114 347 2136 Hoc
364 2117 442 2136 tamen
458 2113 518 2140 scio,
535 2113 599 2142 quod
617 2113 716 2135 maiores
732 2116 754 2134 et
771 2113 878 2135 meliores
896 2114 953 2135 inter
969 2120 1010 2135 eos
1027 2114 1139 2141 optimam

300 2159 326 2175 ac
343 2152 510 2175 sanctissimam
527 2152 557 2174 de
573 2154 632 2174 statu
650 2152 741 2174 Ordinis
758 2157 783 2174 se
800 2151 886 2174 habere
911 2152 1075 2174 conscientiam
1094 2158 1145 2174 con-

300 2192 403 2218 fitentur,
422 2191 482 2213 unde
499 2193 538 2213 aut
555 2190 621 2213 nobis
639 2190 793 2217 mentiuntur,
811 2192 850 2212 aut
867 2189 946 2217 vobis,
966 2193 987 2212 et
1005 2190 1057 2213 ideo
1074 2191 1144 2213 nulla-

301 2233 366 2253 tenus
383 2233 417 2252 est
439 2230 472 2252 eis
492 2230 644 2252 credendum.
669 2230 714 2252 Nec
736 2229 836 2258 aliquem
864 2229 911 2252 vidi
935 2236 1037 2258 unquam
1062 2230 1085 2252 in
1107 2230 1145 2252 tali

300 2269 410 2292 sententia
428 2268 577 2291 obfirmatum
600 2269 643 2291 nisi
671 2269 789 2297 quendam
807 2268 924 2298 parietem
941 2267 1076 2291 dealbatum
1095 2268 1145 2298 [cfr.

300 2309 348 2330 Act.
366 2309 407 2336 23,
426 2308 468 2337 3.]‚
485 2314 555 2337 quem
573 2311 662 2330 constat
678 2308 746 2331 nobis
763 2308 840 2330 multis
857 2308 983 2330 mendaciis
1008 2314 1020 2330 a
1045 2308 1145 2336 propriis

300 2347 417 2370 Fratribus
434 2347 593 2375 redargutum.
611 2347 675 2374 Scio,
692 2347 756 2376 quod
776 2347 876 2369 Minister
893 2347 989 2374 Angliae
1006 2353 1018 2369 a
1037 2348 1144 2375 Magistro

301 2386 392 2409 Ordinis
408 2386 534 2415 quaesivit,
551 2387 590 2415 qui
616 2386 748 2414 respondit,
765 2392 790 2409 se
806 2386 893 2409 nullam
916 2386 1008 2409 dedisse
1025 2386 1144 2409 auctorita-

301 2428 358 2452 tem,
376 2431 418 2448 nec
435 2426 502 2448 talem
528 2425 690 2448 conscientiam
716 2425 814 2452 habere,
832 2425 903 2448 immo
926 2425 994 2448 valde
1015 2426 1144 2454 exhorruit,

301 2467 323 2486 et
334 2471 360 2487 ex
372 2465 415 2486 hoc
426 2464 501 2486 intulit
518 2464 580 2486 idem
597 2464 697 2486 Minister
714 2463 770 2486 sibi:
788 2466 827 2486 aut
842 2464 894 2492 ipse
911 2464 1027 2492 mentitur,
1041 2466 1080 2487 aut
1092 2470 1143 2487 nos.

1205 1291 1276 1319 Magis
1293 1294 1370 1313 autem
1388 1290 1498 1313 credibile
1515 1294 1560 1319 est,
1578 1291 1642 1320 quod
1659 1291 1774 1314 detractor
1791 1292 1926 1314 manifestus
1945 1294 1968 1314 et
1984 1293 2049 1320 perti·

1204 1330 1249 1352 dus
1266 1330 1374 1352 mentitus
1392 1331 1469 1358 suerit,
1486 1336 1557 1358 quam
1575 1330 1610 1352 vir
1628 1330 1662 1352 ille
1680 1330 1725 1352 fide
1742 1330 1833 1358 dignus.
1852 1331 1897 1353 Nos
1912 1333 1988 1354 autem
2001 1338 2049 1354 cre-

1204 1369 1295 1396 dimus,
1316 1369 1380 1398 quod
1406 1369 1441 1391 ille
1465 1369 1580 1391 detractor
1605 1369 1726 1391 occasione
1746 1370 1925 1397 detractionum,
1949 1377 2048 1399 quarum

1204 1414 1283 1430 amore
1301 1408 1455 1430 obedientiam
1474 1408 1517 1431 sibi
1534 1408 1667 1436 impositam
1684 1415 1728 1430 non
1752 1409 1865 1437 servavit,
1884 1409 1952 1432 fuerit
1969 1416 1981 1431 a
1998 1410 2048 1432 Fra-

1205 1447 1278 1469 tribus
1295 1449 1405 1476 tanquam
1430 1447 1522 1469 rebollis
1546 1450 1568 1469 et
1592 1447 1754 1475 incorrigibilis
1779 1448 1895 1475 expulsus.
1920 1448 1971 1471 Scio
1988 1455 2046 1477 ego,

1204 1486 1269 1515 quod
1286 1487 1364 1514 plures
1381 1493 1407 1509 ex
1432 1486 1549 1508 Fratribus
1573 1486 1621 1509 suis
1643 1487 1727 1508 malam
1753 1486 1783 1509 de
1807 1487 1858 1514 ipso
1883 1488 2044 1510 conscientiam

1204 1525 1320 1548 habebant
1337 1526 1359 1548 in
1377 1528 1443 1553 parte
1460 1526 1501 1548 ista
1518 1529 1540 1548 et
1564 1525 1683 1554 dicebant,
1700 1526 1765 1554 quod
1787 1526 1920 1549 nesciebant
1936 1533 2046 1550 excusare

1204 1565 1280 1593 ipsum
1298 1571 1310 1587 a
1328 1568 1423 1593 peccato
1441 1565 1539 1587 mortali.

1267 1604 1289 1626 Si
1307 1603 1348 1626 tibi
1365 1604 1505 1626 satisfactum
1523 1606 1569 1631 est,
1587 1604 1634 1626 Deo
1652 1603 1737 1631 gratias
1754 1610 1798 1632 age
1815 1606 1837 1626 et
1859 1603 1939 1627 beatae
1957 1604 2045 1633 Virgini

1204 1642 1287 1665 Mariae
1304 1644 1326 1664 et
1343 1642 1410 1664 beato
1428 1642 1561 1670 Franciseo;
1579 1642 1598 1664 si
1616 1643 1702 1671 aliquid
1719 1645 1801 1671 restat,
1818 1649 1890 1671 rogo,
1908 1650 1954 1666 non
1970 1644 2049 1672 pigeat

1203 1687 1244 1704 ore
1260 1682 1331 1710 loqui,
1348 1685 1371 1703 ut
1389 1682 1479 1709 plenius
1496 1684 1518 1704 et
1535 1681 1625 1709 planius
1643 1681 1682 1704 tibi
1695 1682 1827 1710 ostendam,
1840 1689 1887 1705 non
1899 1683 1972 1705 solum
1985 1689 2048 1711 prae-

1204 1721 1308 1743 cedentia
1325 1727 1376 1743 esse
1392 1721 1465 1747 nulla,
1482 1721 1524 1743 sed
1541 1721 1610 1743 etiam
1628 1721 1740 1749 Regulam
1757 1721 1816 1744 beati
1830 1722 1943 1745 Francisci
1955 1722 1987 1745 sic
1999 1729 2048 1751 per-

1203 1761 1298 1789 fectam,
1315 1761 1348 1783 sic
1365 1761 1522 1789 moderatam,
1539 1761 1571 1783 sic
1588 1761 1757 1788 sapientissime
1775 1761 1894 1789 traditam,
1906 1762 1971 1790 quod
1987 1762 2048 1785 nulla

1203 1803 1237 1822 est
1254 1800 1337 1822 certior
1355 1800 1391 1822 via
1409 1800 1479 1822 eundi
1496 1799 1527 1822 ad
1544 1799 1654 1827 patriam;
1671 1802 1694 1822 et
1710 1802 1735 1822 ut
1761 1800 1862 1822 breviter
1884 1800 1973 1829 dicam,
1990 1801 2046 1823 nihil

1203 1839 1265 1861 aliud
1283 1845 1333 1861 esse
1358 1845 1428 1868 quam
1453 1839 1528 1866 legem
1549 1839 1708 1866 evangelicam
1734 1838 1901 1862 abbreviatam.
1926 1840 2048 1863 Prolixitati

1203 1878 1232 1900 da
1250 1878 1356 1905 veniam,
1375 1884 1417 1906 pro
1435 1884 1461 1900 eo
1479 1878 1542 1906 quod
1568 1878 1669 1906 prolixae
1694 1879 1834 1907 quaestionis
1851 1885 1945 1902 necesse
1962 1881 1996 1902 est
2013 1886 2048 1902 re-

1202 1917 1351 1945 sponsionem
1369 1923 1419 1940 esse
1435 1917 1554 1945 prolixam.
1573 1917 1618 1939 Nec
1635 1917 1704 1940 debet
1721 1924 1771 1940 esse
1788 1918 1884 1940 avaritia
1902 1919 2045 1948 pergameni,

1203 1956 1243 1979 ubi
1260 1957 1321 1979 salus
1338 1956 1429 1978 animae
1445 1956 1576 1985 quaeritur,
1593 1962 1636 1984 pro
1653 1956 1719 1979 cuius
1736 1957 1809 1979 salute
1825 1957 1897 1979 effusa
1915 1958 1957 1980 suit
1980 1958 2046 1986 copia

1202 1996 1321 2023 sanguinis
1338 1996 1386 2018 lesu
1404 1995 1494 2018 Christi.
1514 1996 1569 2017 Vale
1587 1995 1609 2017 in
1627 1995 1723 2018 Christo.
1747 1996 1826 2018 Amen.
1845 1996 1959 2024 Epistolae
1976 1997 2046 2019 Bona-

1202 2037 1315 2056 venturae
1332 2034 1496 2056 declaratoriae
1512 2034 1659 2062 quorundam
1684 2034 1833 2057 articulorum
1855 2035 1958 2063 Regulae
1980 2035 2048 2058 Mino-

1202 2079 1253 2095 rum
1272 2073 1331 2095 finis.
1353 2073 1400 2095 Deo
1423 2073 1517 2100 gratias.
1542 2085 1571 2088 —
1596 2073 1629 2095 De
1651 2074 1695 2095 hoc
1717 2073 1874 2096 additamento
1897 2074 1952 2096 vide
1976 2080 2047 2102 supra

1203 2118 1257 2140 pag.
1275 2112 1333 2139 331,
1350 2115 1427 2134 notam
1447 2112 1468 2134 1.
1485 2112 1575 2134 Titulus
1592 2111 1706 2141 Μαριέων
1725 2112 1792 2134 datur
1809 2113 1913 2135 Generali
1930 2113 2047 2136 Praedica—

1203 2154 1288 2174 torum.

1265 2189 1322 2213 Cod.
1339 2190 1408 2212 ABE
1425 2190 1528 2213 addunt:
1550 2190 1644 2218 Explicit
1664 2190 1787 2212 eliminatio
1810 2196 1915 2213 errorum
1941 2191 2045 2219 magistri

1202 2229 1307 2252 eiusdem
1328 2228 1357 2258 [Β
1379 2229 1462 2252 omittit
1482 2228 1598 2256 eiusdem,
1621 2235 1663 2257 pro
1688 2235 1736 2258 quo
1756 2230 1772 2251 E
1793 2229 1943 2259 innominati]
1966 2232 2045 2253 eontra

1202 2269 1314 2296 Regulam
1326 2268 1386 2291 beati
1398 2268 1521 2295 Francisci,
1534 2268 1631 2290 Domino
1644 2268 1783 2291 concedente
1802 2268 1853 2297 [ΒΕ
1870 2268 2046 2299 7·espomleme],

1202 2314 1244 2335 per
1260 2314 1355 2330 servum
1372 2313 1440 2330 suum
1458 2308 1550 2329 fratrem
1574 2308 1759 2329 Bonaventuram
1777 2306 1823 2336 [hic
1842 2307 1926 2330 desinit
1942 2307 1969 2337 E]
1986 2314 2046 2330 com-

1201 2347 1287 2375 posita,
1306 2347 1345 2375 qui
1363 2349 1416 2369 tunc
1433 2346 1489 2369 rexit
1506 2346 1605 2368 Parisius
1623 2346 1668 2375 [hic
1685 2346 1769 2369 desinit
1786 2346 1812 2376 B]
1831 2349 1853 2369 et
1875 2349 1955 2375 postea
1973 2348 2046 2370 sactus

1201 2388 1235 2408 est
1252 2385 1352 2408 Minister
1370 2385 1484 2413 generalis
1501 2385 1614 2413 septimus
1631 2391 1643 2407 a
1660 2385 1776 2413 principio
1793 2385 1885 2408 Ordinis
1898 2385 2011 2408 Minorum
2023 2388 2046 2408 et

1201 2424 1271 2447 XVlll
1288 2424 1353 2447 annis
1369 2424 1492 2447 salubriter
1509 2424 1608 2452 praefuit
1624 2426 1646 2447 et
1663 2424 1801 2447 ministravit
1818 2424 1908 2454 Ordini,
1926 2427 1949 2447 et
1964 2427 2044 2453 postea

1202 2465 1274 2486 tactus
1291 2466 1325 2486 est
1340 2463 1464 2486 cardinalis
1481 2464 1605 2491 episcopus
1621 2467 1664 2486 etc.
