2133 3317
219 214 277 243 750

473 251 522 274 VlT

219 303 252 312 m
268 291 379 319 ligantur,
397 296 425 312 ne
437 290 537 314 iacentes
554 290 576 314 in
593 292 653 313 terra
671 288 789 310 minuatur

221 333 262 355 aut
278 332 442 358 corrumpatur
461 330 548 354 fructus
564 334 645 352 earum
664 328 708 350 165
728 328 735 349 1
758 339 788 348 ,-

222 369 327 393 caelestis
343 371 443 398 quatuor
462 367 559 391 vinculis
577 367 659 395 ligatus
674 366 716 389 fuit
735 365 790 389 ibid.

221 421 253 425 -
270 410 348 430 nostra
364 408 452 430 elevata
470 409 504 429 est
522 407 543 429 in
560 412 629 429 cruce
647 405 691 429 172
715 406 736 428 2.
754 411 789 434 sq.

222 460 253 466 ψ
270 447 332 472 Folia
349 446 403 469 vitis
420 452 480 474 pene
492 445 596 468 omnium
608 445 719 469 arborum
733 444 790 467 soliis

222 486 389 515 praestantiora
407 488 461 509 sunt
482 485 518 509 171
542 485 550 507 1
567 497 597 501 -
610 483 749 507 Praestantia
761 485 791 506 fo·

222 525 305 549 liorum
323 524 376 547 vitis
394 524 504 552 mysticae
521 522 575 547 ibid.
595 524 639 546 190
665 529 677 546 a
702 535 733 539 —-
758 523 791 545 De

223 564 365 586 iucunditate
380 564 463 586 florum
476 563 528 585 vitis
540 562 652 590 mysticae
665 562 709 584 180
723 562 743 584 1.
755 568 790 590 sq.

224 603 269 626 192
287 603 324 625 51.
342 609 394 632 sqq.
412 615 441 619 —
458 602 521 625 Odor
539 602 608 625 huius
620 601 673 623 vitis
685 603 719 624 est
733 601 792 623 inae-

222 641 344 666 stimabilis
361 642 406 666 219
434 641 473 664 141
503 654 534 657 -
559 641 621 664 Odor
645 640 713 663 huius
739 640 792 664 vitis

224 681 308 710 duplex
325 683 360 704 est
377 681 417 703 221
441 680 484 704 148
501 693 533 697 -
545 681 626 708 Magna
641 682 675 703 est
692 679 743 702 eius
759 681 792 701 at-

223 721 304 745 tractio
322 721 367 743 219
386 720 431 743 144

271 760 353 782 Vinum
370 762 445 782 ——est
462 758 556 782 tenebra
575 758 618 781 439
633 758 653 781 4.
672 757 716 781 493
730 757 745 780 b
761 770 792 777 —

224 799 343 822 Passiones
360 799 470 822 vitiorum
488 801 542 821 sunt
558 797 703 820 infirmitates
722 797 765 821 132
778 797 791 822 2,

222 851 254 858 -2
270 838 368 866 impedit
384 838 536 860 elevationem
553 837 583 859 ad
600 836 707 859 caelestia
720 836 763 858 493
777 835 792 858 b

224 890 255 899 ,Ἢ
272 877 455 902 Deformantium
473 877 582 899 vitiorum
601 876 704 904 pravitas
715 881 792 903 repro-

225 917 303 940 banda
320 919 355 940 est
372 917 416 939 233
436 917 444 938 1
471 928 502 935 -·—
525 915 591 938 Vitiis
608 914 707 938 debetur
724 915 791 942 virga

224 957 309 979 seriens
330 956 371 978 136
390 956 398 977 1
420 967 451 971 -
475 955 510 977 Ad
528 954 714 977 mortificandum
736 954 791 976 vitia

223 996 279 1018 nihil
296 995 378 1018 melius
395 997 430 1017 est
451 1000 523 1024 quam
545 994 629 1016 caritas
652 993 696 1016 124
723 994 731 1015 1
761 1005 792 1009 —-

223 1035 280 1058 vitio
297 1041 343 1057 non
361 1036 454 1057 sanatur
473 1034 516 1056 139
535 1033 549 1055 5
566 1046 596 1050 -
613 1033 691 1056 omnia
715 1032 792 1055 solitu-

226 1074 280 1097 dine
297 1074 399 1097 vitantur
416 1073 461 1096 249
481 1072 508 1095 17
533 1085 564 1089 —-
587 1072 662 1094 Prima
680 1071 744 1095 radix
761 1071 792 1094 vi-

225 1113 310 1136 tiorum
329 1115 363 1135 est
379 1112 535 1140 corporalium
552 1117 630 1134 rerum
643 1117 708 1133 amor
726 1114 748 1133 et
759 1116 792 1133 ra-

223 1153 262 1176 dix
278 1152 381 1175 secunda
398 1152 467 1174 timor
485 1151 544 1173 male
562 1150 685 1173 humilians
703 1150 747 1172 299
763 1150 791 1172 16

226 1205 257 1208 -
279 1192 394 1215 malorum
417 1190 559 1220 quandoque
583 1192 636 1213 sunt
660 1189 792 1218 arguenda,

227 1231 370 1260 quandoque
386 1231 454 1253 tacite
471 1229 601 1252 sufferenda
620 1229 665 1251 197
678 1229 706 1251 68
718 1241 749 1247 -
761 1229 793 1251 ln·

225 1271 347 1293 solentium
360 1270 416 1292 vitia
427 1269 601 1297 reprehendens
613 1268 736 1296 praeconia
748 1268 793 1290 lau-

227 1310 284 1332 dum
302 1312 404 1332 meretur
421 1310 461 1331 311
485 1309 492 1330 1
515 1321 545 1325 -
561 1308 656 1331 celanda
679 1310 739 1335 sunt,
765 1313 794 1330 ne

228 1350 382 1378 percipientes
398 1348 582 1372 scandalizentur
598 1347 639 1370 351
662 1346 677 1369 b

274 1389 412 1412 Virum-:mun
429 1400 460 1403 —-
477 1387 574 1410 alicuius
599 1387 630 1409 rei
656 1386 738 1409 excitat
764 1386 793 1408 ad

225 1429 275 1451 eius
292 1430 450 1455 contemptum
469 1427 514 1449 303
533 1426 562 1448 28

272 1468 403 1490 Vivmcime
414 1479 445 1482 —-
457 1466 517 1488 Mors
528 1465 612 1488 Christi
623 1465 726 1488 ’vivificat
735 1471 794 1487 mor-

226 1510 277 1530 tuos
294 1507 323 1529 79
342 1507 370 1529 29

274 1547 370 1569 Vocmo
387 1558 417 1561 —
435 1545 463 1568 ad
481 1544 626 1572 Religionem
652 1546 686 1566 est
708 1543 794 1572 praeci-

226 1592 299 1614 puum
318 1584 457 1607 beneficium
474 1584 515 1606 Dei
532 1583 576 1606 499
595 1584 608 1605 2

273 1625 390 1647 Votucncs
408 1636 437 1639 —
460 1629 544 1645 vanam
570 1623 668 1650 gloriam
694 1622 794 1650 figurant

227 1664 270 1686 198
289 1663 318 1685 70
336 1675 367 1679 -
384 1663 444 1691 Quid
461 1663 489 1685 sit
506 1662 603 1690 gloriam
622 1661 662 1683 Dei
680 1661 701 1683 in
718 1661 794 1683 simili-

225 1703 328 1726 tudinem
346 1703 468 1725 volucrum
486 1704 577 1723 mutare
594 1699 648 1723 ibid*

275 1978 391 2000 ZAanEus
407 1989 438 1993 —
459 1978 581 2004 susceptus
605 1977 640 1998 est
666 1981 678 1997 a
701 1974 791 1998 Christo

227 2021 323 2045 paterno
340 2017 420 2038 affectu
438 2015 468 2037 74
491 2016 515 2037 13
535 2028 562 2030 -
580 2014 696 2037 Christum
715 2014 792 2042 hospi-

227 2058 258 2079 tio
275 2056 404 2084 suscipiens
419 2055 546 2078 imitandus
563 2053 617 2077 ibid.

277 2096 412 2118 ZAanNTum
429 2107 460 2111 —
477 2098 510 2117 est
526 2096 627 2117 castrum
653 2093 713 2116 iuxta
736 2093 792 2115 Ana-

228 2135 307 2163 gniam
325 2134 370 2156 560
387 2134 401 2156 7

276 2175 345 2196 Ζειυε
361 2186 392 2190 -
409 2174 451 2195 Per
467 2173 541 2195 zelum
560 2172 650 2194 Veritas
667 2174 701 2194 est
713 2177 794 2200 appre-

231 2213 354 2236 hendenda
373 2213 400 2234 18
422 2212 447 2234 14
464 2224 495 2228 -
512 2212 554 2234 Per
571 2212 645 2233 zelum
664 2211 737 2233 divini
756 2212 795 2233 ho-

229 2252 292 2275 noris
309 2254 428 2274 exercetur
443 2251 519 2273 anima
542 2250 572 2272 ad
589 2250 698 2272 iustitiam
717 2250 761 2272 130
779 2250 793 2271 9

227 2304 258 2308 -
277 2291 376 2314 iustitiae
400 2297 445 2313 non
470 2292 546 2318 potest
570 2289 656 2318 aliquid
683 2289 793 2311 iniustum

228 2331 341 2353 sustinere
359 2330 402 2352 133
416 2330 423 2350 1
442 2342 470 2345 —-
483 2328 617 2356 disciplinae
633 2328 736 2350 dormire
749 2334 794 2350 nou

227 2369 298 2392 debet
309 2369 338 2392 ad
350 2369 437 2391 malum
448 2373 593 2396 consequens
605 2367 794 2395 praecavendum

227 2409 272 2431 135
294 2409 315 2430 11
337 2421 367 2425 -
386 2409 477 2430 fervens
494 2409 642 2435 comparatur
655 2406 709 2429 vino
723 2406 767 2428 136
782 2406 790 2428 i

920 210 1020 240 INDEX
1042 209 1290 239 ALPHABETICUS.

869 288 986 311 ΥοιυΝτΑε
1001 299 1033 307 ν·-
1051 288 1090 311 Dei
1107 287 1191 311 dicitur
1203 287 1264 311 bona
1275 290 1388 316 quantum

822 327 852 350 ad
869 327 1029 352 remissionom
1047 327 1130 354 culpae
1146 326 1304 355 deformantis,
1322 326 1390 350 bene-

823 367 915 394 placens
932 368 1045 395 quantum
1063 366 1093 388 ad
1106 365 1244 388 infusionem
1257 366 1345 393 gratiae
1357 371 1390 388 re-

824 405 942 429 formantis
959 408 981 428 et
998 406 1098 433 perfecta
1117 407 1229 433 quantum
1256 404 1285 427 ad
1303 405 1390 427 fruitio-

822 450 875 468 nem
893 444 979 472 gloriae
997 444 1145 472 praemiantis
1163 443 1207 467 475
1225 443 1240 467 b
1257 456 1288 463 ψ
1308 450 1391 472 appro-

823 484 912 511 priatur
930 483 1023 511 Spiritui
1041 483 1074 510 S„
1090 483 1145 511 quia
1163 483 1254 507 Donum
1273 482 1301 504 17
1320 483 1348 505 12

871 535 902 542 ι-
918 522 1081 551 praeeligendo
1097 522 1171 545 desert
1182 521 1320 544 solutionem
1332 521 1346 545 7
1360 522 1388 545 19

823 574 854 581 22—
871 562 965 590 propria
983 564 1018 584 est
1034 560 1187 589 impretiabile
1198 560 1287 585 bonum
1305 564 1327 584 et
1344 567 1390 584 ma-

824 601 885 625 xime
907 607 986 624 carum
1004 603 1026 623 et
1043 600 1150 623 intimum
1168 599 1213 623 247
1240 601 1264 622 11
1294 612 1325 616 -
1350 599 1389 622 ubi

824 640 889 663 deest
908 639 1055 668 possibilitas,
1072 645 1114 667 pro
1132 640 1190 662 facto
1206 641 1326 667 reputatur
1344 639 1389 661 300

826 678 854 701 17

872 731 903 738 -—
919 718 1061 741 Altissimum
1078 718 1102 740 in
1119 717 1213 740 homine
1231 720 1265 739 est
1277 717 1391 740 'voluntas

825 758 942 781 rationalis
959 757 1004 780 394
1022 757 1035 779 5
1053 770 1083 773 —
1096 756 1238 780 Altissimum
1251 756 1390 779 sacrificium

825 801 859 820 est
876 804 927 820 eam
953 797 1051 819 totaliter
1076 796 1174 819 Domino
1191 801 1327 818 consecrare
1345 795 1390 818 247

826 838 862 859 11.
881 836 925 859 394
944 837 957 858 5

871 889 902 892 -
920 875 1013 904 propria
1032 878 1066 897 est
1083 874 1159 897 omnis
1176 874 1219 902 illa,
1237 880 1298 903 quae
1309 874 1390 897 divino

825 915 923 943 imperio
940 921 984 937 non
1010 914 1094 942 ligatur
1118 916 1140 936 et
1161 913 1275 941 superiori
1296 913 1391 941 regulae

824 961 870 977 non
887 954 997 976 adhaeret
1014 953 1059 975 432
1078 953 1090 974 3
1108 952 1244 980 —propria
1258 952 1344 975 malum
1357 954 1391 974 est

824 994 870 1016 488
889 994 901 1015 2
919 1005 950 1010 -
967 992 1061 1021 propria
1079 992 1191 1014 immitem
1214 994 1237 1014 et
1254 994 1389 1019 protervum

825 1033 893 1055 efficit
911 1032 955 1055 246
974 1033 987 1054 8
1005 1044 1036 1048 -
1060 1037 1153 1059 semper
1175 1031 1339 1053 conformanda
1357 1033 1391 1053 est

824 1072 918 1095 divinae
934 1071 1045 1095 voluntati
1064 1070 1109 1093 125
1127 1071 1148 1092 3.
1167 1069 1211 1092 495
1229 1076 1241 1092 a
1253 1083 1284 1086 -
1297 1070 1390 1098 propria

824 1117 944 1140 nunquam
961 1110 1081 1139 sequenda
1098 1112 1132 1132 est
1154 1109 1199 1131 488
1217 1110 1230 1131 2
1248 1121 1279 1126 —
1297 1109 1390 1137 propria

825 1150 962 1178 abneganda
989 1152 1023 1172 est
1047 1149 1077 1171 ad
1101 1149 1201 1177 perfecte
1229 1148 1390 1171 declinandam

826 1189 961 1218 superbiam
978 1189 1023 1211 245
1042 1189 1056 1211 5
1068 1201 1098 1205 -
1111 1188 1218 1210 Perfectis
1236 1188 1311 1215 magis
1328 1194 1391 1210 com-

825 1230 881 1258 petit
898 1228 1025 1257 gubernari
1042 1228 1159 1250 voluntate
1171 1227 1244 1249 aliena
1256 1233 1327 1256 quam
1341 1233 1391 1255 pro-

825 1269 875 1297 pria
893 1269 934 1291 261
957 1268 985 1290 «12
1003 1281 1033 1283 -
1052 1267 1181 1289 Voluntatis
1198 1267 1308 1295 propriae
1324 1266 1393 1288 abne-

826 1309 888 1336 gatio
911 1307 1021 1335 competit
1045 1305 1192 1334 regularibus
1216 1308 1239 1328 et
1264 1305 1392 1328 coenobitis

826 1347 871 1369 279
890 1348 919 1369 22
936 1359 967 1363 —·
984 1346 1014 1368 ad
1026 1345 1191 1374 poenitendum
1205 1348 1239 1367 est
1251 1344 1392 1367 beneficium

827 1386 915 1414 gratiae
932 1386 945 1408 6
972 1386 1000 1407 12
1024 1397 1054 1401 -
1072 1385 1121 1407 Non
1145 1384 1234 1412 omnia,
1257 1390 1318 1413 quae
1336 1384 1394 1407 fiunt

827 1428 906 1448 contra
929 1425 1071 1448 voluntatem
1097 1424 1205 1451 alicuius,
1231 1423 1261 1446 ad
1285 1423 1393 1446 iniuriam

827 1465 877 1487 eius
893 1464 950 1487 fiunt
968 1464 1013 1486 365
1030 1470 1041 1486 a

874 1516 904 1520 —
922 1503 1001 1526 ultima
1024 1503 1185 1526 defunctorum
1208 1505 1243 1525 cst
1267 1502 1394 1525 immobilis

829 1543 872 1565 418
895 1543 920 1565 18

875 1582 992 1604 Votupms
1001 1594 1031 1598 --
1041 1584 1075 1603 est
1087 1581 1204 1609 appetitus
1216 1581 1327 1609 dulcium,
1340 1581 1394 1603 mol-

827 1622 883 1644 lium
900 1624 922 1643 et
939 1621 1065 1644 carnalium
1084 1620 1097 1642 4
1115 1620 1136 1642 5.
1155 1620 1199 1642 lOS
1218 1621 1230 1642 3
1243 1632 1274 1637 -
1291 1620 1395 1648 designa-

828 1663 865 1683 tur
882 1660 960 1683 bestiis
978 1660 1021 1682 198
1039 1660 1069 1681 70
1082 1672 1112 1675 —
1128 1659 1229 1682 Gloriam
1248 1659 1287 1681 Dei
1306 1662 1396 1681 mutant

829 1700 851 1722 in
863 1699 1037 1722 similitudinem
1050 1698 1188 1727 bestiarum,
1198 1698 1238 1727 qui
1251 1697 1311 1721 bona
1324 1704 1394 1726 opera

1091 1830 1130 1877 Z

825 1987 856 1990 -
873 1974 1002 1996 animarum
1021 1973 1106 2001 duplex
1123 1975 1157 1995 est
1174 1972 1214 1995 441
1238 1973 1266 1994 10
1284 1984 1314 1988 —-
1332 1972 1393 1995 iusti-

826 2014 870 2036 tiae
887 2013 973 2041 duplici
991 2013 1084 2035 caritate
1100 2012 1177 2035 rutilat
1195 2012 1239 2034 133
1259 2012 1272 2034 5
1290 2024 1319 2027 —
1341 2012 1394 2034 Zelo

826 2053 925 2076 iustitiae
942 2055 1017 2081 potest
1034 2052 1086 2081 quis
1103 2052 1181 2074 dicere
1206 2051 1293 2074 malum
1315 2051 1351 2073 vel
1370 2053 1394 2073 ut

826 2092 967 2120 corrigatur,
984 2092 1021 2114 vel
1038 2094 1063 2114 ιιι
1079 2093 1189 2113 caveatur
1201 2090 1245 2113 433
1265 2091 1277 2112 8
1296 2102 1326 2107 —
1344 2090 1394 2112 Nul-

827 2132 861 2154 lus
878 2134 912 2154 est
929 2132 976 2154 Deo
993 2131 1081 2159 gratius
1097 2130 1236 2153 sacrificium
1248 2136 1320 2159 quam
1332 2130 1395 2152 zelus

827 2171 959 2193 animarum
985 2170 1026 2192 143
1053 2170 1065 2192 3
1084 2182 1114 2186 --
1131 2169 1178 2191 Non
1204 2168 1342 2197 prohibetur
1361 2169 1392 2190 ira

827 2216 869 2238 per
886 2210 961 2232 zelum
979 2209 1023 2232 426
1042 2209 1055 2231 4
1068 2221 1098 2224 —
1111 2209 1188 2230 Virtus
1207 2207 1247 2230 zeli
1265 2210 1299 2230 est
1316 2213 1394 2229 neces-

828 2250 887 2272 saria
904 2249 927 2271 in
945 2248 1046 2276 peccatis
1063 2247 1206 2275 corrigendis
1223 2246 1276 2269 ibid.
1289 2259 1320 2263 —-
1337 2247 1395 2268 salu-

828 2288 856 2311 tis
873 2288 1004 2310 animarum
1022 2287 1051 2309 ita
1069 2286 1138 2309 debet
1154 2286 1268 2313 exerceri,
1292 2288 1317 2308 ut
1338 2285 1395 2307 salu-

828 2327 856 2349 tis
868 2327 976 2355 propriae
988 2326 1136 2354 dispendium
1149 2331 1195 2348 non
1206 2325 1338 2347 incurratur
1351 2324 1395 2346 130

833 2366 858 2388 10

876 2417 906 2421 -
926 2411 972 2427 non
988 2406 1103 2427 humanae
1120 2403 1194 2426 laudis
1212 2404 1304 2425 fervore
1322 2402 1397 2431 depri-

1683 249 1734 272 ZEL

1423 294 1467 316 pro
1484 288 1559 311 carnis
1577 288 1692 316 implenda
1704 288 1821 316 voluptate
1834 288 1920 311 faciunt
1931 287 1985 312 ibid.

1422 339 1453 345 -
1470 327 1613 350 incentivum
1631 327 1755 354 voluptatis
1771 330 1805 349 est
1821 327 1988 355 concupiscen-

1423 366 1453 389 tia
1476 367 1504 390 12
1529 367 1542 388 2
1568 379 1599 382 —-
1624 366 1726 389 carnales
1746 367 1846 394 perfecte
1863 366 1987 394 fugiendae

1423 407 1477 427 sunt
1493 404 1538 427 246
1557 405 1569 427 8
1590 417 1621 423 -
1646 406 1664 427 Α
1689 405 1834 433 voluptatum
1859 405 1987 428 carnalium

1423 444 1533 466 servitute
1550 444 1678 467 feriandum
1701 447 1736 467 est
1760 444 1865 466 vacando
1887 445 1987 467 sanctifi-

1423 483 1507 505 cationi
1523 483 1647 511 spirituum
1660 484 1704 505 233
1718 484 1726 505 1
1743 496 1773 501 --
1784 482 1936 511 Contemptus
1948 490 1986 506 vo-

1424 522 1537 550 luptatum
1555 522 1681 545 carnalium
1699 525 1733 545 est
1749 522 1877 545 modestiae
1896 522 1923 544 16
1942 523 1955 544 9

1471 561 1551 583 Vo‘ruiu
1568 573 1598 580 --
1615 563 1649 583 εει
1666 561 1752 584 consilii
1770 564 1792 584 et
1809 562 1831 584 in
1844 565 1936 584 nostrae
1948 567 1987 589 po-

1424 599 1484 622 nitur
1509 599 1595 622 liberae
1625 600 1748 623 voluntatis
1775 600 1869 624 arbitrio
1898 600 1942 623 240
1974 601 1987 623 3

1424 652 1454 656 -
1479 639 1553 662 omitti
1570 641 1646 667 potest
1662 639 1752 668 absque
1769 642 1863 668 peccato
1886 639 1940 662 ibid.
1958 652 1989 657 —

1424 678 1489 706 Opus
1513 678 1619 701 voventis
1641 684 1713 706 opere
1737 685 1783 701 non
1808 679 1913 701 voventis
1939 678 1987 701 Deo

1424 717 1588 745 acceptabilius
1604 719 1638 740 est
1654 717 1699 740 247
1719 718 1747 740 12
1765 729 1796 734 -
1812 717 1923 740 emissum
1940 723 1990 746 spe-

1425 757 1506 779 cialem
1532 756 1696 784 obligationem
1721 756 1881 784 superinducit
1904 755 1933 780 ib.
1959 757 1984 778 11

1424 808 1455 813 --
1471 796 1489 818 Α
1507 798 1561 818 voto
1578 796 1665 818 resilire
1677 802 1721 818 non
1739 796 1791 818 licet
1811 795 1865 818 ibid.
1880 808 1907 811 —
1925 796 1989 824 Quae

1424 842 1450 858 ex
1475 838 1530 858 voto
1548 835 1643 863 proprio
1668 835 1808 863 proveniunt
1825 836 1896 857 homo
1912 834 1989 857 obser·

1424 880 1481 897 vare
1505 874 1575 897 debet
1599 874 1663 896 velut
1686 880 1713 896 ex
1736 876 1860 902 praecepto
1884 874 1924 896 Dei
1942 873 1987 896 134

1424 914 1437 935 7
1463 926 1495 930 -
1519 913 1679 941 Praeceptorie
1704 916 1803 936 vovetur
1824 912 1854 935 ab
1879 912 1988 935 omnibus

1424 952 1558 975 Christianis
1585 952 1608 975 id
1634 953 1696 981 quod
1727 952 1887 980 praeceptorie
1917 952 1990 980 impo-

1425 992 1485 1014 nitur
1502 997 1528 1014 ex
1546 992 1598 1020 lege
1615 992 1654 1014 Dei
1673 991 1718 1014 394
1736 992 1749 1013 3
1772 1004 1801 1007 —
1827 991 1887 1013 Voto
1910 997 1990 1019 super-

1425 1031 1542 1059 veniente,
1561 1030 1694 1053 fortificatur
1719 1031 1778 1053 sacri
1803 1030 1895 1053 Ordinis
1911 1030 1990 1053 vincu-

1425 1071 1472 1093 lum
1498 1073 1521 1093 et
1544 1071 1652 1093 meritum
1678 1070 1808 1098 geminatur
1834 1069 1879 1091 396
1906 1069 1930 1091 11
1959 1081 1992 1086 -

1424 1110 1550 1137 Religionis
1567 1109 1589 1132 in
1606 1112 1666 1132 statu
1683 1108 1828 1137 perfectionis
1839 1108 1935 1131 collocat
1945 1108 1990 1130 248

1426 1149 1454 1171 14
1473 1161 1502 1164 —
1519 1148 1698 1171 adminiculatur
1715 1148 1745 1170 ad
1766 1149 1881 1176 perfectae
1900 1147 1991 1170 virtutis

1425 1188 1572 1215 exercitium,
1589 1187 1766 1210 custoditionem
1787 1189 1809 1209 et
1834 1186 1991 1215 complemen-

1426 1230 1475 1250 tum
1492 1226 1546 1249 ibid.
1560 1239 1589 1242 ——
1601 1226 1690 1255 uxoris,
1708 1226 1791 1249 marito
1803 1226 1901 1248 intrante
1912 1225 1934 1248 in
1946 1226 1990 1248 Re-

1425 1266 1548 1294 ligionem,
1564 1266 1658 1295 quando
1683 1265 1845 1288 solemnizetur
1866 1265 1911 1287 398
1929 1264 1943 1286 5
1960 1276 1991 1282 --

1426 1305 1534 1328 Nazaraei
1551 1308 1584 1328 est
1600 1311 1671 1333 super
1688 1311 1759 1327 omne
1775 1307 1869 1331 votum,
1881 1304 1936 1333 quia
1952 1304 1993 1327 Na-

1427 1350 1522 1367 zaraeus
1539 1347 1610 1367 vovet
1626 1344 1777 1372 semetipsum
1795 1343 1840 1366 248
1860 1344 1888 1366 13

1475 1384 1523 1406 Vox
1540 1396 1571 1400 —
1588 1384 1611 1406 ln
1628 1390 1686 1406 voce
1703 1383 1732 1406 de
1749 1383 1812 1406 caelo
1830 1383 1914 1405 emissa
1931 1383 1992 1407 intel-

1428 1423 1506 1452 ligitur
1524 1424 1589 1445 Pater
1605 1423 1635 1445 73
1653 1423 1676 1445 9.
1692 1423 1722 1445 74
1744 1424 1769 1445 12

1476 1463 1564 1485 Vumus
1581 1474 1611 1479 —-·
1628 1464 1723 1490 generat
1739 1462 1839 1484 fistulam
1863 1462 1907 1483 132
1931 1462 1944 1484 2
1962 1473 1993 1478 -

1428 1501 1472 1525 Cor
1491 1503 1540 1524 lesu
1565 1501 1648 1524 dicitur
1672 1501 1818 1523 vulneratum
1844 1507 1857 1523 a
1874 1506 1954 1523 sorore
1971 1503 1993 1523 ει

1428 1547 1513 1569 sponsa
1532 1540 1576 1563 164
1594 1541 1608 1563 5
1624 1553 1656 1558 -
1671 1540 1762 1563 carnale
1787 1540 1864 1564 cordis
1881 1541 1930 1563 lesu
1947 1540 1994 1562 vul-

1429 1586 1473 1603 nus
1489 1580 1609 1608 spirituale
1625 1579 1725 1602 ostendit
1749 1578 1804 1602 ibid.
1826 1578 1880 1602 Vide
1896 1585 1918 1602 v.
1936 1578 1990 1602 Gor.

1478 1619 1563 1642 Vqucs
1579 1631 1611 1636 —
1627 1621 1680 1641 sunt
1705 1619 1830 1641 daemones
1857 1618 1994 1641 fraudulenti

1430 1658 1459 1680 84
1478 1658 1507 1681 43

1478 1698 1610 1720 νυιτυιιΝυε
1625 1710 1656 1713 -
1674 1697 1719 1719 552
1737 1698 1751 1719 5

1429 1971 1460 1994 mi
1478 1971 1560 1999 debet,
1578 1971 1618 1994 sed
1636 1973 1696 1994 recta
1709 1970 1833 1993 intentione
1845 1973 1867 1993 et
1879 1971 1993 1993 fraternae

1429 2011 1529 2033 caritatis
1545 2011 1629 2039 pietate
1647 2010 1670 2033 in
1687 2011 1758 2033 altum
1776 2010 1834 2038 erigi
1853 2009 1897 2032 150
1916 2010 1944 2032 15
1961 2022 1993 2028 -

1429 2050 1463 2073 Ad
1480 2051 1555 2072 zelum
1577 2049 1676 2072 iustitiae
1701 2049 1828 2071 inflammat
1853 2049 1935 2071 caritas
1952 2049 1992 2071 Dei

1430 2090 1474 2112 136
1502 2090 1509 2111 l
1535 2101 1566 2105 —
1588 2088 1684 2111 iustitiae
1701 2088 1834 2111 accenditur
1856 2093 1898 2116 per
1920 2088 1994 2112 Deum

1435 2129 1474 2151 147
1497 2129 1502 2150 1
1524 2141 1554 2144 -
1571 2127 1701 2150 Differentia
1718 2127 1776 2149 inter
1787 2127 1860 2149 zelum
1873 2126 1994 2154 proprium

1429 2170 1451 2190 et
1468 2168 1542 2190 zelum
1568 2167 1607 2189 Dei
1626 2166 1670 2188 134
1688 2166 1701 2188 8
1719 2178 1749 2183 -
1766 2166 1889 2194 Quomodo
1909 2166 1994 2188 zelator

1430 2205 1505 2228 bonus
1522 2212 1546 2228 se
1564 2211 1644 2233 gerere
1661 2204 1744 2228 debeat
1760 2205 1804 2227 136
1824 2205 1851 2226 17
1864 2217 1894 2220 -
1907 2205 1995 2227 Zelator

1430 2245 1528 2268 iustitiae
1545 2245 1649 2274 quinque
1666 2250 1749 2266 cavere
1767 2243 1837 2266 dehet
1857 2243 1900 2266 135
1919 2244 1947 2266 12
1964 2257 1995 2260 —

1430 2285 1460 2307 lta
1479 2284 1533 2307 foris
1549 2284 1691 2306 exercendus
1708 2286 1742 2306 est
1767 2283 1829 2306 zelus
1846 2283 1995 2311 disciplinae,

1431 2326 1456 2346 ut
1472 2323 1552 2346 lenitas
1569 2329 1615 2345 non
1633 2322 1743 2350 perdatur
1765 2323 1787 2344 in
1807 2324 1883 2344 mente
1903 2321 1947 2344 197
1965 2322 1994 2344 68

1430 2375 1462 2379 -
1478 2363 1529 2385 sine
1546 2361 1684 2385 discretione
1708 2361 1844 2390 praecipitat
1866 2361 1910 2383 142
1934 2362 1948 2383 2
1964 2374 1995 2378 -

1431 2402 1533 2425 invidiae
1550 2402 1572 2424 in
1590 2401 1680 2424 ludaeis
1697 2401 1726 2423 77
1746 2401 1774 2423 24
