2133 3317
545 198 740 227 OPUSCULUM
761 198 791 226 X.
814 198 899 226 Vi'siS
920 197 1068 225 MYSTlm.
1091 197 1351 226 ADDITAMENTUM
1372 197 1412 225 lv.
1796 199 1848 226 211

1008 275 1142 299 inviolatae
1161 275 1275 300 veritatis
1294 276 1318 299 in
1343 275 1428 305 corde,
1454 275 1518 306 quod
1544 275 1705 306 sequerentur
1729 275 1850 306 Aquam,
1874 281 1943 303 Primo,
1957 286 1986 300 se-

1008 325 1126 348 sponsum
1138 319 1271 349 virginum,
1285 325 1442 349 quocumque
1455 318 1513 342 ierit
1522 328 1547 342 >›.
1560 318 1628 347 Ecce,
1642 318 1767 349 virginum
1781 325 1849 348 prae-
1867 307 1949 351 {ffiffiu‘
1961 305 1986 323 A·

113 278 270 311 postpositis,
285 277 435 302 solummodo
454 276 561 301 filiorum
578 276 670 300 mentio
691 275 813 300 habeatur
823 273 840 299 ¹.
855 275 952 300 Discur-

113 322 146 346 rit
164 321 261 346 animus
280 320 305 344 et
329 319 437 350 vagatur
464 319 489 343 et
506 318 594 343 circuit
621 325 688 343 mare
711 318 736 342 et
764 318 870 347 aridam,
889 318 951 342 nihil

17 1267 46 1285 tu
56 1265 93 1284 vir-

0 2164 28 2184 Ὴι
38 2170 87 2184 com-

7 2188 67 2208 noda.

112 363 265 394 inexpertum
292 361 423 393 relinquit,
442 361 624 392 plurimumque
649 361 674 385 et
692 367 782 391 corpus
806 361 951 385 miserorum

112 405 243 438 parentum
262 405 358 429 diverso
371 404 455 428 labore
474 404 606 433 atteritur,
625 403 654 428 ut
667 403 725 428 filiis
745 404 848 434 pecunia
860 403 885 427 et
898 410 952 434 pos-

113 449 187 474 sessio
205 447 369 479 comparetur.
388 447 439 471 Nec
458 447 537 471 adhuc
556 446 701 477 quiescitur,
724 446 798 470 etiam
825 445 952 476 pluribus,

112 498 184 523 quam
203 490 337 515 necessitas
354 489 448 521 exigat,
468 489 626 520 conquisitis,
640 489 697 520 quia
709 489 833 513 occasione
846 488 952 513 dilectio-

111 534 149 558 nis
168 533 275 558 filiorum
295 533 422 557 subintrat
439 532 547 556 avaritia
565 532 612 556 etc.

172 623 257 646 Crescit
274 628 340 644 amor
356 621 458 650 nummi,
476 624 587 650 quantum
605 621 654 649 ipsa
669 621 766 649 pecunia
784 619 891 643 crescit2.

110 705 143 730 Et
155 705 228 729 nimis
240 704 305 728 hanc
322 703 408 734 optat,
426 711 481 728 cum
497 710 546 728 non
559 703 647 731 habet,
666 702 891 734 consequenterque
905 709 953 727 mo-

110 746 209 772 riuntur
228 747 253 771 in
272 746 377 770 miseriis
396 753 470 777 opera
489 745 681 775 misericordiae,
701 745 758 769 dum
773 745 888 769 miseris⁸
908 752 952 769 nec

110 788 215 821 possunt
232 788 339 819 compati
352 795 396 812 nec
414 788 503 812 volunt
516 788 626 812 misereri
645 787 670 812 et
688 795 713 811 se
733 788 800 818 ipsos
819 787 950 811 miserrimi

109 832 225 864 parentes
244 830 338 856 faciunt
356 831 470 862 indignos
488 830 519 854 ad
536 830 727 855 misericordiam
747 829 950 861 consequendam.

109 874 176 903 Iam,
196 873 225 898 ut
249 874 322 904 puto,
350 873 418 897 vides
430 891 436 901 ,
455 872 577 903 quantum
596 873 688 896 malum
708 872 783 896 faciat
811 872 950 896 sollicitudo

108 917 172 942 circa
190 916 255 941 filios
273 915 360 940 habita
378 915 403 940 et
421 915 452 940 ad
471 922 543 946 quem
562 915 636 939 finem
655 915 750 939 tendat.
771 915 897 945 Quantum
910 922 951 939 au-

108 959 158 984 tem
186 958 260 989 putas
284 958 418 982 anxietatis
443 957 514 982 adiici
541 957 616 981 etiam
642 957 712 982 bonis
740 957 901 988 parentibus,
927 958 952 982 et

108 1002 212 1027 maxime
230 1001 366 1030 matribus,
392 1008 454 1032 quae
473 1001 560 1025 maiori
587 1000 669 1025 solent
686 1001 751 1025 circa
778 1000 842 1025 filios
860 1000 950 1025 affeetu

107 1045 215 1074 moveri,
234 1051 289 1069 cum
308 1043 407 1071 vident,
426 1043 504 1068 vitam
523 1042 645 1072 filiorum,
664 1043 787 1067 virtutum
800 1043 901 1068 tramite
917 1050 951 1068 re-

107 1087 180 1117 licto,
199 1087 287 1118 vagari
306 1094 349 1118 per
368 1086 439 1111 devia
457 1086 587 1115 vitiorum,
609 1092 664 1110 cum
683 1085 787 1110 diversis
810 1086 866 1111 illos
885 1085 950 1111 affici

107 1130 193 1156 vident
210 1137 340 1161 corporum
365 1129 568 1158 infirmitatibus,
588 1136 642 1154 cum
668 1129 770 1160 denique
795 1128 896 1153 tandem
920 1129 951 1153 ad

107 1172 195 1198 mortis
213 1172 299 1197 vident
316 1172 446 1196 interitum
466 1171 601 1195 devenire?
626 1170 685 1200 Quis
704 1171 729 1195 in
746 1171 826 1195 tantis
845 1171 950 1196 miseriis

106 1216 175 1241 locus
202 1215 299 1239 divinae
326 1214 529 1245 contemplationi
559 1214 730 1245 relinquitur?
758 1213 882 1243 Quomodo
910 1221 951 1239 cor

107 1265 206 1284 sursum
218 1257 320 1282 habebit
328 1255 338 1268 ¹
351 1257 430 1281 tantis
443 1256 611 1288 gravitatibus
624 1257 788 1288 oppressum?
799 1271 835 1274 —
847 1256 867 1281 O
877 1264 950 1288 quam

107 1301 193 1327 beatae
211 1301 336 1332 virgines,
355 1307 459 1331 quorum
478 1300 588 1331 Sponsus
606 1307 656 1324 non
678 1300 747 1324 ultra
770 1300 832 1324 mori
851 1300 950 1331 potest,

107 1351 213 1376 quarum
231 1343 291 1372 filii,
318 1343 343 1367 id
362 1342 401 1367 est
427 1342 549 1372 virtutes,
578 1350 675 1373 semper
702 1342 805 1372 vivunt,
824 1343 898 1368 immo
926 1343 951 1367 et

106 1387 175 1419 ipsas
193 1386 224 1411 ad
243 1386 320 1411 vitam
340 1385 492 1416 perducunt,
509 1393 614 1416 quarum
628 1385 725 1409 animus
744 1385 775 1409 ad
788 1385 886 1410 diversa
903 1385 951 1410 ter-

107 1437 167 1454 rena
184 1436 234 1454 non
261 1428 411 1453 distenditur
421 1430 438 1457 ⁵,
458 1427 500 1452 sed
527 1427 559 1452 ad
578 1427 658 1452 solum
677 1427 768 1452 bonum
796 1427 949 1457 extenditur,

107 1472 272 1504 posteriorum
291 1471 396 1496 oblitus!
410 1470 518 1496 Portant
536 1471 585 1495 iam
598 1470 708 1502 virgines
721 1470 808 1495 beatae
826 1471 852 1495 in
869 1471 951 1496 mente

107 1523 152 1540 sua
169 1515 263 1540 caelum
282 1522 337 1539 cum
354 1514 465 1545 gaudiis,
484 1514 606 1545 quantum
628 1513 721 1539 homini
746 1514 784 1538 fas
809 1514 861 1544 est,
886 1514 950 1545 quod

106 1558 168 1589 ipsis
187 1557 293 1588 postea⁶
314 1556 353 1581 est
370 1556 490 1581 laturum.
503 1556 558 1580 Iam
577 1556 704 1587 vagantur
726 1563 770 1587 per
787 1557 879 1588 gaudia
900 1564 951 1582 cae-

106 1600 193 1629 lestia,
212 1599 346 1624 transeunt
369 1598 457 1624 choros
481 1598 680 1623 beatissimorum
700 1598 848 1629 spirituum,
869 1599 951 1630 singu-

105 1643 187 1668 lorum
205 1641 335 1667 chororum
353 1641 434 1666 officia
452 1641 552 1672 singula
565 1640 691 1672 spirituali
709 1641 800 1666 mentis
818 1641 951 1666 vivacitate

107 1684 276 1716 perspiciunt,
295 1684 321 1709 et
339 1685 504 1716 singularium
523 1684 649 1715 virginum
667 1684 759 1715 gaudia
777 1684 824 1709 sibi
846 1692 861 1709 a
886 1684 951 1716 Rege

107 1728 132 1753 et
150 1735 165 1752 a
183 1728 278 1759 Sponso
305 1735 349 1752 suo
369 1727 520 1758 praeparata
547 1727 626 1751 libera
644 1727 735 1752 mentis
762 1727 883 1752 aviditate
911 1727 952 1752 de-

107 1770 229 1802 gustant,
256 1770 328 1795 nulla
355 1769 463 1795 filiorum
495 1770 651 1795 terrenorum
679 1769 844 1795 sollicitudine
872 1777 953 1795 remo-

107 1813 186 1838 ratae.

432 1898 516 1923 CAru'r
536 1898 626 1923 XXXI.

225 1984 265 2009 De
284 1984 364 2009 tribus
384 1983 522 2009 commodis
539 1983 643 2013 futurae
661 1983 741 2014 vitae,
761 1990 826 2014 quae

378 2026 526 2052 obtinebunt
543 2027 655 2058 viryines
668 2026 686 2050 ⁷.

179 2112 239 2138 108.
258 2113 407 2144 Sequamur,
427 2112 453 2137 et
470 2119 515 2137 nos
534 2119 713 2143 prosequamur
730 2112 757 2137 in
775 2111 886 2137 tractatu
899 2119 953 2137 ma-

107 2156 184 2181 teriae
203 2156 344 2188 propositae
363 2156 412 2180 tria
430 2155 556 2181 commoda
574 2155 674 2180 futurae
692 2155 773 2185 vitae,
793 2154 886 2180 Christi
904 2155 952 2180 vir-

108 2199 208 2231 ginibus
241 2198 403 2230 singulariter
434 2205 572 2223 accessura.
603 2198 766 2223 Beatissimus
797 2198 952 2229 evangelista

108 2241 215 2267 Ioannes
227 2242 252 2266 iu
265 2241 417 2273 Apocalypsi
429 2248 474 2266 sua
486 2241 496 2254 Β
513 2251 526 2262 «
535 2240 598 2265 vidit
610 2241 737 2266 duodecies
749 2241 861 2266 duodena
873 2241 952 2266 millia

109 2284 252 2310 sanctorum
271 2284 468 2309 citharoedorum
486 2283 598 2309 illibatae
616 2284 770 2315 virginitatis
788 2284 814 2309 in
835 2291 950 2315 corpore,

172 2447 180 2460 ¹
198 2448 239 2471 Ed.
256 2449 264 2470 i
281 2451 303 2471 et
320 2448 376 2471 Bon.
392 2447 533 2471 mentionem
550 2447 662 2476 habeant,
680 2451 703 2470 et
718 2447 816 2471 subinde
829 2449 954 2478 percurrit

111 2485 154 2508 pro
171 2478 262 2503 enauit.

172 2509 181 2523 ²
198 2511 310 2537 luvenal.¹
328 2510 401 2538 Satyr.
419 2510 456 2533 14.
474 2516 498 2532 v.
516 2510 569 2532 ⁴39.

172 2540 181 2554 ³
199 2542 252 2564 non.
270 2547 332 2564 cum.
351 2541 388 2564 ed.
406 2541 427 2570 i,
444 2541 552 2569 superius
573 2547 616 2569 pro
633 2541 704 2564 nimis
718 2540 841 2564 substituto
858 2541 951 2570 minus,

109 2573 193 2596 omiuit
209 2578 281 2602 opera
294 2571 482 2601 misericordiae,
500 2572 557 2595 dum
574 2572 674 2595 miseris.

172 2602 182 2616 ⁴
198 2605 230 2626 lta
245 2604 277 2630 A;
294 2604 350 2626 Bon.
366 2610 420 2626 cum
436 2604 473 2626 ed.
493 2604 500 2625 1
522 2602 605 2626 haberi
617 2605 694 2633 potest
709 2603 741 2626 ad
752 2603 888 2626 Dominum.

173 2634 182 2647 ⁶
198 2635 240 2657 Ed.
258 2635 266 2656 1
288 2637 310 2657 et
327 2635 382 2657 Bon.
400 2637 479 2657 contra
496 2635 515 2657 Α
527 2634 655 2663 descendit,
672 2635 757 2657 omisso
769 2634 810 2658 sed
824 2634 857 2658 ad
872 2634 951 2658 solum

111 2665 198 2689 bonum
215 2665 359 2689 extenditur.

172 2695 182 2709 ⁶
198 2697 228 2719 lta
246 2697 276 2724 Α;
294 2697 349 2719 Bon.
367 2703 428 2719 cum.
446 2696 483 2719 ed.
504 2697 510 2718 1
532 2696 596 2726 ipsas
612 2697 748 2726 praeterea,
765 2697 805 2725 qui
817 2697 886 2719 etiam
898 2696 951 2720 sub-

111 2727 164 2750 inde
181 2731 233 2756 post
249 2729 375 2762 transeunt
391 2734 445 2762 curn
461 2727 498 2750 ed.
518 2728 525 2750 i
547 2728 612 2750 addit
628 2727 795 2757 sinquluriter,
812 2731 835 2751 et
851 2734 893 2756 pro
905 2727 951 2751 sin-

110 2758 167 2788 gula
173 2758 466 2819 ⁷sitizi³sltiugtosrilrffiiiittaqixb
482 2788 618 2813 obtinebunt
633 2789 744 2819 virgines.

173 2819 182 2833 Β
198 2820 254 2849 Cap.
272 2820 313 2848 114,
333 2821 375 2843 t-li.
396 2821 424 2844 ita
441 2822 550 2848 August„
567 2821 596 2843 de
613 2822 694 2843 Sancta
712 2820 857 2848 Virginitate,
874 2827 894 2844 0.
912 2821 949 2844 27.

109 2858 133 2874 n.
151 2851 187 2874 27.
200 2852 243 2874 Pro
259 2851 386 2875 inviolatae
398 2851 503 2875 veritatis
522 2852 528 2876 (
535 2852 564 2874 ita
580 2853 598 2874 Α
616 2858 668 2874 00111
689 2855 749 2874 textu
766 2852 881 2881 originali)
894 2852 950 2875 Bon.

110 2888 163 2905 00111
179 2883 217 2905 ed.
235 2883 243 2904 1
265 2882 390 2906 viriditatis
406 2883 540 2906 inviolatae.

173 2912 183 2926 ⁹
200 2915 230 2936 lta
248 2914 277 2941 Α;
294 2914 350 2936 Bon.
366 2920 420 2936 cum
437 2914 474 2936 ed.
493 2915 501 2936 ri
520 2920 564 2943 per
581 2913 652 2943 quod.

174 2943 193 2957 ¹⁰
209 2946 305 2973 August.
313 2963 318 2973 ,
329 2945 371 2967 loc.
383 2945 433 2967 cit:
446 2944 495 2972 Ubi,
507 2944 584 2973 credo,
596 2946 652 2968 sunt
663 2944 775 2974 =<frumine
786 2944 883 2974 yuudm.
897 2946 950 2968 inre·

108 2975 156 2998 rius
172 2981 214 3003 pro
231 2975 338 2999 insaniae
354 2975 478 2999 mendaces
490 2976 545 2998 Bon.
560 2982 613 2998 cum
631 2976 668 2998 ed.
690 2976 694 2997 Ι
717 2976 802 2999 inerma
819 2975 949 2999 mendacia.

1009 361 1083 384 mium
1103 361 1243 392 singulare,
1263 361 1327 391 quod
1348 368 1391 391 per
1404 360 1413 373 ⁰
1432 361 1550 392 quartum
1569 361 1654 386 folium
1674 360 1742 385 floris
1755 361 1800 385 lilii
1813 361 1851 385 de-

1009 403 1137 433 signatur,
1157 404 1214 434 quia
1232 404 1376 434 sequuntur
1388 403 1493 435 Aglaum
1502 423 1508 433 ,
1522 410 1679 434 quocumque
1693 404 1758 428 ierit.
1777 413 1788 425 (ι
1800 403 1852 432 Quo

1008 446 1043 469 ire
1064 446 1181 476 putamus
1200 446 1265 470 hunc
1284 447 1397 477 Agnum,
1417 454 1464 477 quo
1478 454 1547 471 nemo
1561 454 1614 471 cum
1630 447 1697 477 sequi
1710 446 1749 471 vel
1762 446 1852 471 audeat

1009 488 1047 512 vel
1068 488 1152 512 valeat
1170 489 1217 513 nisi
1236 489 1299 513 vos?
1318 489 1383 518 Quo,
1403 490 1518 520 inquam,
1538 490 1656 520 putamus
1675 497 1729 514 eum
1749 490 1802 514 ire?
1821 489 1853 514 In

1010 537 1070 560 01103
1090 530 1183 559 saltus,
1203 531 1227 554 in
1247 538 1309 561 qua«¹
1329 532 1421 561 prata?
1434 532 1511 560 Illuc,
1531 532 1646 561 aestimo,
1661 532 1702 556 ubi
1721 532 1781 556 suut
1794 538 1852 556 vera

1009 572 1100 603 gaudia
1114 574 1140 601 ²⁰,
1160 580 1208 597 non
1227 573 1318 604 gaudia
1336 573 1410 598 huius
1435 574 1525 598 saeculi
1550 582 1628 604 vana,
1653 575 1763 600 insaniae
1789 582 1853 599 men-

1010 615 1094 644 daces,
1114 622 1158 639 nec
1176 615 1280 646 gaudia,
1300 616 1383 647 qualia
1403 617 1427 640 iu
1446 617 1500 647 ipso
1519 624 1595 648 reguo
1621 617 1665 641 Dei
1690 617 1777 642 ceteris
1802 625 1852 642 11011

1010 658 1148 689 virginibus
1162 659 1336 689 praestantur.
1351 659 1392 683 sed
1406 666 1420 683 a
1433 660 1569 684 ceterorum
1583 661 1691 684 omnium
1703 660 1850 691 gaudiorum

1010 701 1076 725 sorte
1090 699 1107 712 ¹¹
1128 701 1254 725 distincta.
1274 701 1369 726 Gaudia
1388 702 1512 733 virginum
1527 702 1632 731 Christi,
1652 703 1681 727 de
1700 703 1810 732 Christo,
1827 704 1853 727 111

1010 743 1108 769 Christo
1117 763 1122 773 ,
1133 752 1188 769 cum
1200 744 1298 769 Christo
1307 763 1312 771 ,
1326 745 1384 775 post
1396 745 1536 774 Christum,
1551 753 1594 776 per
1608 746 1743 770 Christum.
1757 746 1852 771 Gaudia

1010 787 1110 817 propria
1129 787 1254 818 virginum
1275 787 1367 811 Christi
1387 795 1435 812 nou
1455 788 1514 812 sunt
1533 789 1615 813 eadem
1639 796 1687 813 11011
1712 789 1851 820 virginum,

1008 829 1032 854 id
1052 830 1090 854 est
1108 837 1192 854 eorum
1212 831 1253 861 qui
1273 837 1322 855 nou
1342 830 1401 854 sunt
1419 831 1542 861 virgines,
1563 831 1675 862 quamvis
1695 832 1777 856 tamen
1801 832 1852 856 sint

1009 871 1111 896 Christi.
1131 872 1196 896 Nam
1216 873 1275 897 sunt
1293 870 1349 896 aliis
1368 873 1417 897 alia
1437 873 1542 904 gaudia,
1563 874 1604 897 sed
1623 874 1700 898 nullis
1719 874 1788 898 talia.
1814 874 1852 899 Ite

1007 915 1033 939 in
1052 915 1125 943 haec,
1145 915 1275 945 sequimini
1293 914 1412 946 Agyrium,
1427 922 1583 946 quocumque
1597 916 1663 947 ierit,
1677 917 1734 947 quia
1747 917 1771 941 et
1784 917 1851 948 Agni

1008 965 1064 983 caro
1083 958 1168 989 utique
1187 958 1257 989 virgo
1276 958 1323 982 est.
1343 958 1395 982 Hoc
1413 958 1476 982 enim
1497 959 1521 982 iu
1541 966 1566 982 se
1587 959 1704 988 retinuit,
1717 966 1771 983 cum
1785 960 1850 983 esset

1008 1001 1033 1025 in
1054 1008 1155 1032 corpore
1174 1001 1276 1030 auctus,
1295 1001 1359 1031 quod
1378 1008 1426 1025 uon
1445 1001 1552 1025 abstulit
1564 1002 1639 1026 Matri
1653 1003 1785 1033 conceptus
1800 1003 1852 1026 12».

1007 1043 1084 1074 Virgo
1104 1044 1168 1068 enim
1186 1044 1212 1068 in
1232 1043 1335 1075 Virgine
1354 1044 1487 1074 conceptus
1506 1045 1557 1073 est,
1577 1045 1602 1069 et
1621 1045 1697 1069 natus
1721 1045 1798 1076 Virgo
1823 1045 1852 1069 de

1007 1086 1123 1117 Virgine,
1143 1086 1169 1110 et
1187 1086 1244 1117 post
1261 1086 1419 1111 nativitatem
1432 1094 1486 1111 cum
1502 1086 1603 1118 Virgine
1616 1087 1697 1112 Matre
1710 1087 1787 1119 Virgo
1800 1095 1852 1118 per-

1007 1129 1113 1158 mansit,
1133 1129 1220 1154 auctor
1232 1129 1256 1154 et
1269 1129 1352 1154 custos
1371 1129 1396 1154 et
1414 1130 1511 1154 amator
1529 1130 1683 1161 virginitatis
1702 1131 1726 1155 et
1739 1138 1852 1155 remune-

1008 1171 1077 1197 rator
1104 1172 1273 1203 largissimus,
1304 1171 1419 1196 Christus
1443 1172 1523 1197 Iesus.
1553 1173 1667 1197 «Merito
1691 1173 1769 1204 igitur
1797 1180 1851 1197 eum

1008 1215 1138 1246 sequimini
1156 1215 1231 1239 etiam
1250 1215 1275 1239 111
1294 1214 1340 1239 hac
1358 1215 1411 1239 vita
1430 1215 1576 1246 virginitate
1601 1215 1681 1240 cordis
1706 1215 1731 1240 et
1755 1216 1850 1245 carnis,

1007 1265 1159 1289 quocumque
1179 1258 1242 1282 ierit.
1263 1257 1325 1287 Quid
1345 1259 1383 1282 est
1401 1258 1465 1283 enim
1491 1259 1559 1290 sequi
1584 1259 1633 1283 nisi
1658 1258 1772 1283 imitari?
1794 1259 1852 1290 quia

1011 1299 1130 1325 christus
1142 1307 1234 1331 passus
1248 1302 1285 1326 est
1293 1307 1344 1331 pro
1357 1301 1428 1325 nobis
1436 1320 1442 1332 ‚
1455 1301 1603 1332 relinquens
1615 1301 1684 1326 robis
1697 1302 1837 1333 exemptam
1845 1320 1852 1332 ,

1007 1343 1071 1367 sicut
1089 1343 1126 1367 ait
1144 1342 1281 1374 Apostolus
1295 1343 1385 1367 Petrus
1399 1342 1426 1367 ¹³.
1446 1343 1518 1368 Hunc
1536 1344 1562 1368 in
1575 1350 1602 1368 eo
1615 1344 1717 1375 quisque
1731 1344 1850 1375 sequitur,

1007 1386 1033 1410 111
1051 1393 1099 1416 quo
1122 1386 1248 1415 imitatur,
1276 1386 1302 1410 in
1330 1393 1377 1417 000
1403 1386 1483 1410 multa
1508 1386 1539 1410 ad
1564 1386 1711 1411 imitandum
1740 1387 1853 1412 omnibus

1008 1428 1195 1459 proponuntur,
1215 1429 1349 1460 virginitas
1373 1428 1456 1453 autem
1482 1429 1564 1453 carnis
1583 1437 1632 1454 11011
1651 1430 1772 1454 omnibus.
1796 1430 1852 1455 Non

1007 1471 1072 1495 enim
1091 1470 1195 1500 habent,
1215 1471 1273 1502 quid
1292 1470 1398 1500 faciant,
1418 1471 1447 1495 ut
1465 1472 1574 1502 virgines
1588 1472 1650 1502 siut,
1664 1472 1689 1496 in
1703 1472 1792 1503 quibus
1804 1473 1853 1497 iam

1007 1513 1099 1538 factum
1118 1514 1170 1543 est,
1190 1514 1219 1538 ut
1237 1515 1347 1545 virgines
1365 1521 1414 1539 non
1433 1514 1484 1539 sint
1497 1513 1516 1526 ²⁴
1529 1525 1554 1538 ».
1584 1525 1596 1536 c<
1609 1515 1750 1546 Sequantur
1768 1516 1852 1547 itaque

1007 1557 1108 1587 Agnum
1127 1556 1201 1580 ceteri
1220 1556 1318 1585 fideles,
1338 1557 1379 1588 qui
1400 1557 1570 1588 virginitatem
1583 1558 1693 1588 corporis
1706 1558 1851 1588 amiserunt,

1006 1606 1056 1624 non
1075 1606 1227 1630 quocumque
1239 1599 1310 1630 ierit,
1324 1599 1366 1624 sed
1379 1606 1530 1631 quocumque
1543 1601 1590 1631 ipsi
1604 1600 1730 1631 poterunt.
1744 1601 1854 1626 Possunt

1007 1642 1091 1667 autem
1109 1642 1135 1666 in
1154 1642 1267 1667 omnibus
1286 1642 1437 1671 virtutibus,
1456 1643 1505 1667 nisi
1523 1650 1578 1668 cum
1597 1644 1623 1668 in
1642 1643 1726 1668 decore
1749 1644 1853 1676 virgini-

1007 1685 1069 1710 tatis
1087 1685 1178 1710 incedit
1192 1683 1211 1696 ¹⁵
1223 1695 1248 1709 ».
1271 1695 1284 1707 «
1297 1685 1421 1715 Quomodo
1440 1686 1504 1710 enim
1523 1686 1581 1717 post
1599 1694 1654 1711 eum
1676 1687 1749 1712 ibunt
1767 1687 1854 1712 itinere

1007 1728 1139 1759 virginali,
1158 1729 1199 1759 qui
1217 1727 1263 1753 hoc
1281 1728 1433 1758 amiserunt,
1452 1728 1517 1759 quod
1534 1729 1603 1754 nullo
1623 1729 1693 1755 modo
1710 1730 1852 1761 recipiunt?

1008 1770 1059 1795 Vos
1077 1777 1150 1801 ergo,
1170 1777 1184 1795 0
1203 1771 1313 1802 virgines
1331 1771 1398 1800 eius,
1418 1778 1461 1796 vos
1474 1771 1508 1796 ite
1522 1771 1578 1802 post
1591 1779 1660 1801 eum,
1674 1779 1736 1803 quae
1750 1773 1852 1804 propter

1008 1812 1054 1837 hoc
1072 1820 1163 1842 unum,
1183 1820 1335 1844 quocumque
1348 1813 1416 1843 ierit,
1430 1814 1560 1845 sequimini
1574 1821 1636 1839 eum.
1650 1815 1784 1846 Sequimini
1797 1823 1852 1840 eum

1008 1855 1114 1881 tenendo
1132 1856 1321 1887 perseveranter
1339 1856 1404 1887 quod
1422 1856 1527 1881 vovistis
1546 1857 1676 1887 ardenter,
1696 1858 1769 1883 facite
1787 1858 1852 1890 quod

1009 1898 1127 1929 potestis,
1147 1906 1177 1923 ne
1197 1899 1350 1930 virginitatis
1379 1899 1469 1924 bonum
1494 1899 1563 1924 vobis
1589 1900 1686 1931 pereat,
1712 1901 1751 1925 eui
1774 1901 1852 1926 facere

1009 1941 1071 1966 nihil
1090 1941 1208 1972 potestis,
1228 1942 1257 1966 ut
1275 1941 1359 1966 redeat
1373 1940 1392 1954 ¹⁵
1403 1952 1428 1966 ».
1448 1942 1468 1967 O
1487 1943 1581 1974 quanta
1599 1950 1654 1968 cum
1673 1943 1853 1976 admiratione,

1009 1991 1022 2008 0
1041 1983 1135 2015 quanto
1154 1991 1210 2009 cum
1228 1984 1319 2015 gaudio
1341 1994 1354 2007 ιι
1366 1985 1459 2009 videbit
1479 1992 1523 2010 vos
1541 1986 1623 2011 cetera
1642 1986 1776 2012 multitudo
1795 1987 1853 2012 San-

1008 2026 1118 2056 ctorum,
1137 2034 1199 2058 quae
1218 2027 1319 2058 Agnum
1341 2027 1373 2052 ad
1397 2027 1443 2052 hoc
1467 2028 1536 2059 sequi
1560 2035 1609 2053 non
1635 2028 1728 2059 potest!
1754 2029 1854 2054 Videbit

1008 2076 1053 2094 nec
1069 2069 1203 2099 invidebit,
1223 2070 1248 2095 et
1266 2070 1420 2095 collaetando
1438 2071 1522 2100 vobis,
1541 2071 1606 2102 quod
1624 2072 1650 2096 in
1669 2079 1694 2096 se
1713 2079 1763 2097 non
1775 2072 1851 2097 habet

1007 2112 1109 2137 habebit
1127 2113 1151 2137 in
1171 2112 1249 2138 vobis.
1267 2113 1357 2144 Agnus
1375 2113 1466 2144 quippe
1484 2113 1539 2144 ille,
1554 2121 1625 2145 quem
1639 2121 1683 2139 vos
1699 2122 1851 2146 quocumque

1007 2155 1077 2185 ierit,
1097 2156 1240 2187 sequimini,
1259 2163 1304 2181 nec
1322 2163 1363 2181 eos
1375 2156 1484 2186 deseret,
1499 2157 1541 2188 qui
1553 2164 1608 2182 eum
1622 2164 1670 2182 non
1684 2158 1769 2183 valent
1782 2159 1852 2190 sequi

1007 2206 1055 2230 quo
1068 2206 1126 2229 vos;
1140 2199 1333 2230 omnipotentem
1346 2199 1447 2231 Agnum
1459 2199 1597 2231 loquimur,
1614 2200 1639 2224 et
1657 2200 1727 2226 vobis
1745 2201 1852 2232 praeibit

1007 2241 1033 2266 et
1050 2241 1082 2265 ab
1101 2241 1136 2266 eis
1155 2248 1204 2266 11011
1223 2241 1315 2272 abibit,
1335 2249 1390 2267 cum
1408 2242 1456 2266 erit
1470 2242 1536 2267 Deus
1555 2243 1642 2267 omnia
1653 2243 1682 2268 in
1695 2244 1852 2274 omnibits¹⁷,·

1008 2284 1033 2309 et
1051 2284 1093 2315 qui
1112 2284 1193 2309 minus
1212 2284 1339 2309 habebunt
1357 2292 1372 2309 a
1390 2285 1460 2310 vobis
1477 2292 1527 2310 11011
1546 2285 1697 2316 horrebunt;
1720 2286 1762 2311 ubi
1787 2287 1850 2311 enim

1070 2448 1089 2461 ¹¹
1108 2449 1163 2471 Bon.
1180 2455 1234 2471 cum
1251 2448 1289 2471 ed.
1313 2449 1318 2470 1
1340 2451 1417 2471 contra
1436 2449 1453 2471 Α
1477 2451 1499 2471 et
1515 2452 1600 2472 textum
1618 2449 1752 2478 originalem
1769 2450 1851 2474 ceteris

1004 2481 1170 2509 praestantur,
1187 2479 1228 2502 sed
1244 2486 1259 2514 ci
1276 2479 1358 2513 ceteris
1374 2481 1444 2502 sorte.
1462 2480 1558 2502 Inferius
1575 2486 1601 2503 ex
1618 2481 1636 2503 A
1656 2483 1678 2503 et
1701 2484 1759 2503 textu
1783 2482 1850 2510 origi-

1009 2511 1053 2533 nah
1069 2511 1275 2570 sppgissegvligtiusffit
1290 2509 1330 2564 gl?
1339 2511 1400 2564 ZEslitroit
1412 2542 1573 2569 supplevimus
1584 2543 1669 2566 auctus
1681 2546 1703 2566 et
1714 2545 1849 2573 conceptus,

1007 2573 1071 2602 quod
1088 2573 1156 2595 etiam
1168 2572 1259 2595 exbibet
1270 2573 1423 2600 Augustinus:
1441 2573 1489 2595 Hoc
1500 2573 1560 2595 enim
1574 2573 1595 2595 in
1613 2580 1637 2596 se
1649 2575 1741 2596 retinuit
1756 2578 1851 2602 auctus,

1008 2604 1072 2633 quod
1089 2604 1153 2626 Matri
1170 2610 1215 2626 non
1233 2603 1325 2626 abstulit
1341 2605 1467 2632 conceptus
1484 2607 1505 2626 et
1522 2608 1596 2627 natus.

1071 2634 1090 2647 ¹³
1107 2635 1178 2663 Epist.
1194 2636 1208 2657 1.
1226 2636 1251 2662 2,
1269 2635 1307 2657 21.

1070 2665 1090 2678 ¹4
1107 2668 1216 2694 August,
1234 2666 1263 2688 de
1280 2666 1361 2688 Sancta
1380 2666 1529 2694 Virginitate,
1549 2672 1569 2689 c.
1587 2666 1623 2689 27.
1641 2673 1664 2689 n.
1681 2667 1718 2690 27.
1736 2667 1799 2696 Quae
1815 2673 1851 2690 se-

1007 2699 1110 2726 quuntur
1126 2700 1179 2720 sunt
1195 2697 1250 2719 ibid.
1268 2703 1288 2719 0,
1306 2698 1342 2719 28.
1361 2703 1382 2719 n.
1399 2698 1437 2719 28.

1071 2728 1090 2741 ¹⁵
1107 2729 1192 2751 Textus
1208 2728 1339 2756 originalis:
1356 2728 1397 2751 sed
1415 2734 1537 2757 quousque
1555 2729 1596 2756 ipsi
1615 2729 1736 2757 potuerint.
1754 2730 1850 2752 Possunt

1007 2762 1084 2782 autem
1102 2759 1201 2788 ubique,
1218 2761 1309 2786 praeter
1325 2765 1378 2782 cum
1396 2760 1419 2781 in
1435 2760 1519 2781 decore
1531 2759 1669 2787 virginitatis
1685 2760 1777 2783 incedit.
1794 2762 1849 2784 Bon.

1007 2797 1060 2813 00111
1078 2791 1116 2813 ed.
1134 2791 1141 2812 =l
1163 2789 1287 2813 inceditur.

1070 2820 1090 2834 ¹⁰
1107 2822 1216 2850 August,
1234 2822 1275 2843 loc.
1293 2821 1329 2844 cit.
1346 2827 1366 2844 c.
1384 2822 1421 2843 29.
1439 2828 1461 2844 n.
1473 2822 1510 2844 29.
1526 2822 1568 2844 Pro
1580 2828 1640 2851 quae
1653 2821 1679 2851 [Α
1692 2822 1741 2852 qut]
1751 2824 1849 2853 propter

1008 2852 1051 2875 hoc
1068 2855 1141 2875 textus
1158 2852 1277 2880 originalis
1294 2852 1350 2881 quia
1368 2854 1466 2881 propter
1491 2852 1541 2876 hoc.
1569 2853 1671 2876 Subinde
1691 2853 1788 2876 vocibus
1810 2854 1850 2877 cui

1006 2883 1085 2913 facere
1102 2884 1157 2906 Bon.
1175 2890 1229 2906 cum
1246 2883 1284 2905 ed.
1308 2884 1313 2905 1
1336 2886 1414 2906 conti-a
1432 2886 1517 2906 textum
1530 2884 1664 2912 originalem
1683 2888 1704 2907 et
1721 2886 1739 2907 Α
1756 2885 1847 2908 intersc-

1007 2915 1036 2937 rit
1051 2914 1123 2938 semel
1137 2914 1251 2944 perditae.

1070 2945 1089 2958 ²⁷
1107 2946 1177 2974 Epist.
1197 2947 1212 2968 Ι.
1228 2945 1280 2968 Cor.
1299 2945 1339 2974 15,
1358 2946 1394 2968 28.

1865 1180 1948 1203 Sequere
1954 1184 1997 1199 eum

1869 1203 1924 1222 etiam
1935 1203 1954 1222 iu
1963 1204 2000 1222 hac

1869 1227 1916 1245 vita.
