2133 3317
13 633 80 654 Tertia.

6 1051 78 1075 Quarta.

7 1654 78 1680 Quinta.

321 222 515 251 OPUSCULUM
536 222 601 250 xvt.
624 222 795 250 EXPOSITIO
817 222 919 251 SUPER
940 223 1092 260 REGULAM
1114 225 1266 254 FRATRUM
1287 225 1447 254 MINORUM.
1469 225 1537 254 CAP.
1560 226 1600 254 lv.

96 302 162 330 haec
178 300 319 333 baberent,
335 300 495 328 viderentur
510 308 563 327 non
578 307 661 327 causa
679 299 775 327 salutis
791 300 932 328 hominum

97 346 269 385 praedicare,
290 346 337 374 sed
359 346 444 379 lucri;
466 345 664 382 propemodum
688 345 759 374 vitae
781 346 934 374 necessaria

97 396 235 430 amputat,
258 396 288 421 ut
309 392 443 429 Apostoli,
464 392 590 420 doctores
612 400 692 420 verae
714 392 865 428 religionis,
886 392 934 428 qui

96 439 281 472 instruebant,
302 438 394 467 omnia
413 438 506 466 divina
524 438 696 474 providentia
719 438 885 475 gubernari,
906 446 935 466 se

97 486 169 522 ipsos
192 484 368 513 ostenderent
391 484 460 512 1111111
482 484 601 520 cogitare
626 484 659 513 de
684 484 803 513 crastino
819 496 844 512 n.
867 485 935 513 Haec

96 532 285 567 Hieronymus.

173 578 264 606 Tertia
285 577 369 606 huius
389 577 508 606 mandati
531 578 601 606 ratio
628 581 670 606 est
697 577 855 606 (lecta-ratio
875 577 935 605 vir-

99 624 169 653 tutis
189 624 284 660 ipsius
307 623 424 652 Domini
445 623 616 652 salvatoris
639 624 713 652 Unde
735 632 785 660 pro
807 624 865 652 istis
886 624 936 652 tri-

97 671 150 700 bus
170 670 260 699 causis
280 670 346 699 dicit
365 670 578 707 chrysostomus
598 678 682 707 super
704 671 869 699 Matthaeum
886 671 936 699 ibi-

97 717 158 746 dem
172 718 197 744 ¹:
223 728 237 741 <1
251 717 336 745 Multa
357 724 405 753 per
434 717 486 745 hoc
505 725 592 745 unum
614 716 791 745 emendabat:
814 717 935 753 prInmm

95 763 222 801 quidem,
243 771 296 791 nou
319 766 461 800 suspectos
491 763 592 791 faciens
613 763 769 799 Apostolos;
798 763 935 798 secundo,

95 818 196 839 eruens
206 817 253 838 eos
267 809 301 838 ab
312 810 384 838 omni
401 809 592 843 sollicitudine,
604 812 636 838 ut
648 810 814 838 vacationem
827 818 935 838 omnem

94 857 142 885 Dei
157 856 241 885 verbo
257 856 395 890 tribuant3
412 857 505 890 tertio,
520 856 620 885 docens
641 864 687 884 eos
702 864 778 885 suam
796 856 935 885 virtutem.

94 904 148 932 Hoc
169 911 266 939 nempe
288 903 326 932 eis
347 906 441 939 postea
455 903 535 931 dicit:
555 902 697 940 Nunquid
717 903 831 940 aliquid
845 902 937 939 defuit

94 949 190 982 vobis,
211 949 328 987 quando
350 949 419 977 misi
438 957 488 976 vos
509 949 603 976 ‘nudos
623 953 647 976 et
669 948 878 977 discalceatos?

172 995 275 1031 Quarta
297 995 368 1023 ratio
388 998 429 1023 est
457 994 577 1031 perfecta
608 995 697 1023 omnis
718 995 830 1023 amoris
851 1003 936 1023 mun-

95 1042 168 1070 dani
198 1041 388 1078 exstirpatio,
409 1041 475 1078 quia
506 1041 627 1069 maxima
653 1041 724 1070 inter
752 1041 937 1078 possessiones

95 1088 230 1125 cupiditas
244 1088 312 1116 solet
328 1088 422 1117 baberi
438 1089 586 1124 pecuniae,
602 1088 778 1117 Ecclesiastae
793 1088 898 1117 decimo
909 1089 935 1116 ²:

97 1135 242 1164 Pecuniae
273 1134 407 1163 obediunt
437 1135 555 1168 omnia,-
580 1135 661 1169 item,
682 1135 779 1172 quinto
800 1135 936 1171 capitulo:

97 1183 217 1210 Avarus
238 1190 296 1210 non
317 1181 483 1218 implebitur
502 1182 637 1218 pecunia.
660 1182 692 1210 Et
716 1182 876 1210 Ambrosius
896 1182 937 1210 di-

95 1229 132 1258 cit
153 1229 283 1265 vigesimo
303 1229 400 1265 quinto
429 1229 462 1257 de
491 1228 633 1257 Officiis³:
660 1241 672 1253 α
688 1229 821 1257 Dominus
842 1229 874 1257 ad
896 1229 937 1257 (11-

95 1275 215 1312 scipulos
235 1275 288 1304 ait:
311 1275 402 1303 Nolite
420 1276 569 1312 possidere
590 1284 701 1304 aurum
723 1284 812 1313 neque
832 1284 936 1312 arqen-

95 1325 173 1355 tum,
195 1330 251 1358 quo
266 1322 341 1350 velut
362 1322 430 1350 falce
451 1322 631 1358 pullulantem
647 1322 674 1349 in
690 1324 800 1358 pectore
815 1322 936 1350 humano

95 1368 210 1397 succidit
234 1368 376 1396 avaritiam
392 1380 417 1396 ».
443 1368 655 1404 Chrysostomus
679 1368 760 1396 etiam
788 1368 825 1396 ait
853 1376 936 1404 super

95 1414 205 1443 ideme:
232 1426 245 1440 «
260 1414 385 1443 Radicem
408 1415 543 1443 malorum
570 1414 712 1443 confestim
741 1415 860 1443 evellens
881 1415 934 1443 ait:

95 1460 137 1489 Ne
153 1461 328 1499 possideatis
350 1470 462 1489 aarum
475 1470 564 1499 neque
578 1465 751 1498 amentum:
771 1469 823 1489 uon
849 1461 935 1489 dixit:

94 1508 150 1536 Non
166 1508 281 1544 accipite
297 1508 453 1542 vobiscum,
469 1507 515 1537 sed
530 1508 625 1542 etiam,
641 1507 661 1536 si
684 1507 794 1536 aliunde
809 1508 936 1544 possibile

95 1554 130 1583 sit
150 1555 283 1591 accipere,
304 1554 390 1591 fugite
412 1555 592 1591 perniciosam
610 1555 680 1583 hanc
694 1554 895 1591 aegritudinem
907 1566 933 1583 n.

173 1602 275 1638 Quinta
295 1602 365 1630 ratio
386 1605 442 1636 est,
464 1605 496 1630 ut
515 1605 625 1630 statum
647 1602 826 1630 innocentiae
837 1602 936 1638 perdi-

95 1651 157 1682 tae,
178 1652 210 1677 ut
230 1652 290 1677 erat
311 1648 451 1685 possibile,
474 1653 643 1682 renovaret;
664 1648 690 1676 in
713 1656 783 1685 qua,
806 1648 826 1677 si
853 1649 936 1677 horno

94 1695 228 1729 stetisset,
250 1695 341 1723 omnia
368 1695 485 1724 fuissent
515 1695 686 1729 communia,
712 1698 740 1723 et
771 1695 846 1723 nulla
872 1703 936 1731 pro-

95 1741 197 1778 prietas
212 1744 352 1770 contracta
365 1741 462 1770 suisset
476 1742 509 1770 ad
531 1742 735 1770 multitudinem
758 1742 877 1778 aliquam
893 1742 936 1770 vel

95 1795 249 1825 personam.
271 1788 346 1817 Unde
367 1788 602 1825 Cbrysostomus5
628 1788 706 1823 dicit,
728 1788 801 1825 quod
823 1788 874 1817 hoc
895 1788 936 1816 di-

94 1834 178 1868 xerit,
199 1837 231 1863 ut
251 1834 363 1863 doceret
383 1843 429 1864 eos
457 1843 605 1864 recurrere
635 1835 667 1864 ad
691 1838 808 1869 statum,
831 1835 858 1863 in
880 1843 936 1872 quo

95 1880 177 1909 homo
198 1883 258 1910 erat
278 1884 341 1910 ante
363 1884 514 1918 peccatum.

1776 226 1832 255 [113

1069 302 1153 330 Sexta
1174 303 1243 331 ratio
1260 306 1301 331 est
1316 303 1348 331 ad
1364 303 1529 332 doctrinam
1549 303 1778 341 perfectissimae
1799 304 1832 333 li—

991 347 1161 381 beralitatis,
1183 349 1263 385 quia,
1289 352 1319 377 ut
1339 349 1402 377 dicit
1432 350 1612 386 Hieronymus
1633 350 1660 378 in
1682 350 1800 387 Epistola
1811 351 1831 385 ⁶,

995 404 1008 417 α
1017 401 1097 421 nemo
1108 394 1256 430 perfectius
1264 399 1367 432 erogat,
1379 404 1461 432 quam
1475 396 1521 433 qui
1534 397 1601 424 nihil
1611 396 1659 425 sibi
1674 400 1831 425 reservat».

992 439 1023 467 Et
1051 440 1072 468 si
1095 440 1205 469 beatius
1226 446 1266 470 est
1287 442 1360 470 clare
1380 451 1468 480 quam.
1500 443 1646 480 accipere,
1670 446 1699 471 ut
1730 443 1831 472 dicitur

991 486 1107 514 Actuum
1130 487 1269 523 vigesimo,
1292 488 1466 517 beatissimus
1480 493 1533 524 est,
1549 490 1595 526 qui
1612 498 1662 518 sua
1676 490 1767 518 omnia
1785 490 1831 519 de-

991 531 1030 560 dit
1052 536 1091 566 ct,
1112 537 1143 561 ut
1158 537 1199 562 est
1220 534 1360 570 possibile,
1383 535 1547 571 paucissima
1567 540 1679 564 econtra
1700 536 1811 572 recepit.

1071 579 1190 615 Septima
1211 581 1280 608 ratio
1301 584 1342 609 est
1363 581 1492 609 indiuisa
1507 582 1604 610 cordis
1619 582 1736 611 intentio
1751 583 1832 611 circa

991 625 1237 661 praedicationem
1259 627 1335 655 verbi
1358 628 1414 656 Dei.
1431 628 1505 656 Unde
1520 629 1733 664 Chrysostomus
1747 637 1832 666 super

992 671 1105 700 idem7:
1138 672 1232 701 «Orbi
1265 676 1402 702 terrarum
1435 674 1560 703 doctores
1591 675 1728 704 missurus
1759 679 1833 710 erat,

993 721 1106 754 propter
1128 719 1178 747 boc
1199 720 1309 756 angelos
1330 728 1377 749 eos
1398 729 1433 749 ex
1456 721 1613 750 hominibus
1634 722 1785 755 constituit,
1799 722 1834 750 ab

992 765 1065 793 omni
1087 765 1231 795 absolvens
1247 767 1317 795 vitae
1332 768 1416 796 buius
1437 768 1633 802 sollicitudine,
1654 772 1686 796 ut
1707 776 1760 796 una
1776 769 1833 797 sola

992 811 1167 840 detineantur
1189 821 1272 847 cura,
1294 822 1364 850 quae
1385 817 1427 842 est
1447 822 1515 842 cura
1535 814 1676 843 doctrinae
1690 827 1717 842 υ.

1071 858 1098 886 li.
1121 859 1193 887 Hanc
1215 860 1298 896 igitur
1320 861 1402 888 vitam
1424 861 1509 889 sancti
1532 862 1649 898 Apostoli
1682 864 1832 890 tenuerunt

992 908 1019 932 et
1034 909 1096 933 ante
1111 906 1263 941 passionem
1286 907 1392 935 Domini
1415 911 1442 936 et
1463 910 1531 944 post.
1554 908 1629 936 Unde
1643 909 1758 936 Actuum
1776 911 1832 936 ter-

994 950 1052 979 tioS
1075 952 1188 988 pauperi
1211 952 1412 989 eleemosynam
1433 953 1533 990 petenti
1557 954 1699 990 respoudit
1719 955 1831 982 Petrus:

994 998 1153 1034 Aryentum
1176 1002 1200 1026 ct
1221 1007 1332 1027 aarum
1347 1008 1403 1028 vnon
1419 1004 1459 1028 est
1473 999 1562 1033 1111711,-
1577 1000 1685 1029 Glossa:
1706 1001 1833 1029 «Memor

993 1044 1132 1080 praecepti
1164 1045 1270 1073 Domini
1302 1046 1438 1075 dicentis:
1476 1046 1567 1074 Nolite
1595 1047 1744 1084 possidere
1778 1055 1833 1075 au>-

995 1098 1064 1118 rum
1080 1102 1092 1115 »
1118 1094 1168 1119 etc.
1192 1091 1272 1126 Item,
1295 1092 1454 1121 Ambrosius
1482 1101 1565 1130 super
1594 1094 1681 1122 Lucae
1706 1093 1833 1122 decim0⁹

993 1137 1042 1165 ait:
1069 1148 1081 1161 a
1097 1138 1241 1173 Apostolus
1263 1139 1374 1172 Petrus,
1398 1140 1504 1175 primus
1518 1144 1666 1168 exsecutor
1681 1140 1832 1169 dominicae

993 1184 1159 1218 sententiae,
1181 1185 1311 1219 ostendit,
1337 1194 1390 1214 non
1412 1186 1439 1214 in
1463 1194 1578 1214 vacuum
1611 1186 1697 1215 ess'usa
1725 1186 1831 1215 Domini

994 1229 1128 1257 mandata.
1150 1230 1217 1258 Cum
1232 1231 1310 1270 renim
1332 1240 1348 1259 a
1370 1240 1490 1268 paupere
1512 1236 1685 1268 posceretur,
1701 1236 1732 1261 ut
1746 1233 1769 1261 ei
1785 1233 1833 1261 ali-

992 1276 1059 1313 quid
1081 1277 1213 1312 pecuniae
1235 1277 1393 1314 largiretur,
1415 1279 1466 1306 ait:
1490 1280 1650 1315 Argentum
1676 1283 1701 1307 et
1722 1288 1833 1308 aarum

992 1331 1049 1351 non
1070 1327 1110 1351 est
1130 1322 1210 1351 milii.
1233 1324 1334 1353 Tamen
1357 1333 1410 1353 non
1432 1329 1487 1353 tam
1509 1325 1535 1353 in
1559 1326 1609 1354 hoc
1631 1326 1765 1362 gloriatur
1786 1326 1834 1354 Pe-

993 1372 1069 1403 trus,
1091 1370 1164 1406 quod
1194 1378 1294 1399 aurum
1316 1374 1343 1399 et
1363 1375 1507 1408 argentum
1539 1381 1592 1400 non
1615 1372 1727 1406 habeat,
1750 1381 1832 1409 quam

992 1416 1065 1453 quod
1087 1419 1178 1445 servet
1200 1417 1306 1445 Domini
1321 1418 1479 1446 mandatum
1494 1418 1620 1447 dicentis:
1638 1418 1729 1447 Nolite
1740 1420 1834 1456 possi-

992 1462 1058 1490 dere
1078 1466 1143 1497 etc,
1167 1463 1218 1492 hoc
1239 1467 1296 1496 est,
1319 1464 1394 1493 vides
1417 1473 1459 1493 me
1480 1465 1581 1493 Christi
1603 1465 1786 1502 discipulum,
1807 1469 1834 1494 et

991 1517 1093 1538 aurum
1114 1518 1130 1538 a
1151 1518 1193 1539 me
1209 1511 1328 1547 requiris
1343 1514 1374 1538 »1
1396 1511 1464 1539 Haec
1485 1512 1653 1541 Ambrosius.
1677 1512 1748 1541 Idem
1769 1512 1834 1541 dicit

992 1556 1161 1592 Augustinus
1183 1557 1264 1585 tertio
1295 1557 1328 1586 de
1356 1558 1526 1587 llllrabilibus
1557 1567 1649 1587 sacrae
1675 1559 1834 1595 scripturae

993 1602 1143 1638 penultimo
1171 1603 1291 1639 capitulo
1303 1604 1334 1631 ¹⁰.
1357 1604 1410 1632 Hoc
1431 1603 1501 1632 idem
1523 1604 1604 1633 etiam
1626 1605 1745 1633 servavit
1766 1605 1835 1633 Pau-

993 1648 1043 1677 lus.
1066 1649 1141 1677 Unde
1161 1649 1373 1686 Chrysostomus
1387 1650 1420 1679 de
1435 1651 1573 1680 Laudibus
1591 1651 1665 1680 Pauli
1678 1652 1714 1679 ¹¹:
1741 1662 1754 1676 α
1766 1652 1835 1680 Ρ311-

991 1695 1035 1724 1115
1055 1696 1185 1732 pecunias
1206 1705 1259 1725 non
1276 1697 1410 1733 possedit3
1427 1706 1489 1726 nam
1510 1701 1537 1726 et
1558 1698 1615 1734 ipse
1629 1698 1715 1727 dixit:
1743 1698 1835 1736 Usque

992 1742 1023 1770 in
1050 1741 1127 1771 lianc
1158 1742 1261 1772 lteram
1290 1748 1315 1772 et
1341 1745 1489 1773 esurimus
1519 1748 1544 1773 ct
1573 1745 1729 1773 sitimus».
1761 1745 1833 1774 Idem

992 1792 1066 1825 patet
1080 1789 1113 1817 de
1128 1792 1221 1817 sancto
1243 1790 1341 1819 Ioanne
1362 1791 1528 1827 evangelista
1547 1791 1573 1819 in
1595 1791 1719 1828 Legenda
1739 1791 1833 1825 sua¹²‚

992 1843 1046 1872 qua
1068 1835 1157 1864 utitur
1189 1836 1306 1865 EccleSIa
1338 1837 1465 1866 Romana.
1494 1838 1547 1866 Hoc
1575 1838 1645 1866 idem
1672 1838 1772 1874 legitur
1800 1838 1833 1866 de

992 1881 1100 1910 Simone
1131 1885 1157 1910 et
1188 1882 1253 1911 Iuda
1281 1883 1306 1911 in
1336 1884 1459 1920 Legenda
1487 1892 1545 1913 sua.
1578 1884 1716 1913 Dixerunt
1741 1884 1834 1913 enim:

157 2068 165 2082 ¹
183 2069 273 2092 Scilicet
289 2076 308 2092 c.
328 2070 368 2098 10,
388 2070 414 2097 9,
432 2070 471 2099 qui
489 2071 610 2098 exponitur
627 2077 639 2093 a
656 2071 781 2099 Clirysost.⁷
799 2071 880 2093 Homil.
899 2071 935 2093 32.

95 2107 159 2135 (alias
176 2108 223 2137 33.)
242 2115 264 2130 11.
283 2108 304 2131 4.
322 2109 344 2131 111
363 2109 407 2131 fine
423 2109 534 2137 allegatur
551 2110 606 2132 Luc.
623 2111 660 2136 22,
678 2110 714 2132 35.
732 2109 776 2133 Csr.
794 2116 864 2138 supra
881 2116 935 2138 pag.

95 2146 147 2174 275,
165 2149 218 2169 nota
235 2147 256 2169 3.
274 2147 317 2169 Pro
342 2147 480 2171 emendabat
503 2148 541 2174 (ita
568 2148 632 2177 AG),
655 2149 671 2170 B
694 2147 849 2176 enumdabat,
867 2148 903 2171 ed.
923 2149 931 2170 1

95 2185 263 2215 emendantur,
291 2187 344 2209 vat.
367 2186 540 2210 commendavit
563 2184 671 2216 (καὶγὰρ
698 2184 775 2209 πολλὰ
800 2184 836 2209 διὰ
852 2187 935 2209 τούτου

94 2223 230 2254 κατώρθου).

157 2263 166 2276 ²
185 2264 249 2287 Vei-s.
269 2264 305 2292 19,
323 2267 374 2293 post
390 2271 460 2294 quern
478 2265 500 2291 5,
517 2266 538 2287 9.
556 2277 587 2282 -—
599 2266 711 2293 Superius
728 2266 778 2288 Vat.
795 2266 861 2294 legit:
880 2265 936 2295 quia

94 2302 200 2325 maoeime
216 2302 278 2326 inter
291 2303 451 2332 possessiones
468 2303 567 2333 cupidas
584 2304 659 2327 solent
674 2304 757 2327 haberi
770 2304 891 2334 pecuniae.

157 2340 166 2353 ³
182 2341 244 2364 LIbr.
263 2342 286 2364 ll.
303 2349 324 2364 n.
343 2343 395 2364 128.
413 2343 531 2370 Allegatur
548 2343 624 2365 Mattb.
644 2343 680 2372 10,
697 2344 720 2365 9.
736 2343 782 2366 Ctr.
798 2349 869 2371 supra
882 2349 935 2371 pag.

95 2380 148 2407 281,
165 2383 217 2403 nota
236 2381 256 2403 9.

157 2418 167 2431 ⁴
184 2419 272 2442 Scilicet
284 2420 361 2442 11131111.
374 2420 415 2447 10,
427 2421 453 2448 93
465 2420 543 2442 homil.
555 2421 592 2442 32.
606 2420 670 2449 (alias
682 2421 729 2449 33.)
741 2427 763 2442 n.
776 2420 796 2442 t.
809 2420 854 2443 Csr.
866 2427 936 2448 supra

94 2463 150 2485 pag.
166 2458 219 2485 281,
235 2461 288 2481 nota
304 2459 341 2480 10.
353 2459 396 2481 Pro
404 2458 565 2488 perniciosam
577 2456 694 2488 (πονηρὸν)
707 2459 757 2481 Vat.
766 2458 935 2488 periculosam.

158 2495 167 2508 ⁵
184 2497 226 2519 Pro
243 2498 285 2519 1130
302 2497 412 2519 sententia
429 2498 551 2525 allegatum
570 2498 701 2520 invenimus
713 2498 837 2526 chrysost„
853 2498 935 2520 Homil.

96 2535 133 2557 32.
151 2534 216 2564 (alias
232 2536 288 2564 33.),
306 2536 329 2558 in
351 2542 397 2565 qua
422 2539 497 2558 tamen
515 2543 561 2559 non
579 2536 685 2559 occurrit.
703 2537 724 2558 S.
743 2537 834 2563 Thom.,
851 2536 935 2559 Catena

96 2579 165 2597 aurea
183 2574 205 2597 in
222 2575 299 2597 Matth.
318 2575 354 2597 10.
371 2581 393 2597 n.
411 2576 440 2602 3,
462 2575 560 2598 similem
586 2575 690 2605 Remigio
714 2575 817 2598 attribuit
839 2575 935 2597 dicenti:

96 2612 199 2636 Ostendit
214 2614 282 2636 etiam
302 2614 412 2636 Dominus
429 2614 464 2636 1115
486 2613 575 2642 verbis,
596 2614 651 2643 quia
673 2615 744 2637 sancti
765 2614 937 2642 praedicatores

95 2652 198 2674 revocati
214 2655 267 2675 sunt
282 2653 311 2675 ad
329 2653 397 2681 primi
416 2653 515 2675 hominis
531 2653 679 2681 dignitatem,
696 2653 748 2682 qui,
759 2653 871 2682 quamdiu
888 2659 937 2676 030-

97 2691 164 2714 lestes
180 2692 284 2719 possedit
301 2693 431 2719 thesauros,
448 2692 490 2715 ista
507 2699 554 2715 non
570 2692 715 2721 concupivit,
732 2692 772 2715 sed
786 2699 839 2715 mox
851 2696 936 2720 111ρο0-

97 2730 170 2752 cando
188 2730 223 2752 illa
240 2730 327 2759 amisit,
344 2731 386 2753 ista
403 2731 536 2753 desiderare
553 2731 636 2759 coepit.
653 2731 696 2754 Ctr.
714 2737 783 2759 supra
801 2731 885 2759 Opusc.
899 2731 935 2753 XI.

97 2769 208 2797 Apologia
227 2776 364 2798 pauperum,
381 2776 400 2793 c.
419 2770 440 2792 9.
457 2777 480 2792 n.
497 2770 519 2792 3.
535 2770 595 2792 circa
607 2770 684 2798 finem,
696 2769 735 2792 ubi
748 2770 837 2797 dicitur,
852 2779 863 2790 α
873 2770 937 2799 quod

97 2807 230 2831 huiusmodi
247 2809 404 2837 appropriatio
429 2809 547 2831 descendit
572 2815 598 2831 ex
615 2809 735 2837 iniquitate
750 2809 878 2837 primorum
897 2815 937 2837 pa-

97 2850 199 2874 rentum,
217 2847 284 2876 quia,
301 2847 342 2870 nisi
360 2847 388 2869 illi
406 2850 553 2876 peccassent,
570 2847 702 2870 huiusmodi
717 2847 873 2875 appropriatio
890 2854 936 2870 non

97 2885 175 2908 ruisset
186 2894 208 2908 ι.
225 2898 256 2902 —-
272 2886 383 2914 Superius
398 2892 440 2914 pro
457 2887 582 2909 renovaret
598 2887 614 2908 A
632 2887 754 2909 revocaret
766 2888 789 2908 et
799 2892 842 2914 pro
853 2885 877 2908 in
889 2892 937 2915 qua

98 2923 116 2946 G
132 2923 157 2947 in
173 2930 228 2953 quo.

159 2962 169 2975 ⁶
185 2963 256 2991 Epist.
272 2963 309 2986 52.
328 2963 393 2991 (alias
409 2964 440 2992 2.)
458 2970 480 2986 n.
498 2964 540 2986 46:
557 2966 601 2986 Aut
617 2963 695 2986 divide
712 2963 787 2985 statim
800 2963 863 2992 quod
875 2969 937 2986 acce-

99 3001 171 3030 peris,
189 3004 228 3024 aut
244 3002 262 3024 si
281 3002 375 3025 umidus
391 3002 536 3030 dispensator
548 3009 580 3029 es,
592 3002 681 3025 dimitte
697 3002 836 3031 largitorem,
854 3005 878 3024 ut
894 3008 935 3025 sua

993 2071 1041 2099 ipse
1058 2071 1186 2094 distribuat.
1203 2072 1260 2094 Nolo
1277 2072 1320 2095 sub
1338 2073 1457 2095 occasione
1479 2079 1529 2095 mea
1553 2073 1658 2095 sacculus
1682 2076 1734 2095 tuus
1751 2073 1834 2101 plenus

992 2110 1027 2132 sit.
1044 2111 1116 2133 Nemo
1134 2117 1171 2133 me
1188 2112 1270 2134 melius
1287 2118 1337 2133 mea
1355 2118 1448 2134 servare
1465 2115 1546 2140 potest.
1564 2111 1670 2140 Optimus
1691 2112 1835 2140 dIspensator

992 2153 1039 2177 est,
1056 2150 1097 2178 qui
1113 2149 1156 2172 sihi
1174 2150 1228 2172 nibil
1246 2153 1356 2173 reservat.
1373 2150 1416 2173 Clr.
1434 2151 1503 2173 etiam
1521 2157 1591 2178 supra
1609 2157 1663 2179 pag.
1678 2151 1735 2179 280,
1748 2154 1800 2172 nota
1813 2151 1834 2172 3.

992 2189 1014 2211 111
1032 2189 1083 2211 fine.
1101 2202 1131 2204 —
1148 2188 1252 2211 Subinde
1269 2189 1379 2217 allegatur
1396 2189 1444 2212 Act.
1462 2190 1505 2216 20,
1524 2189 1560 2217 35,
1578 2189 1643 2212 cuius
1662 2189 1835 2217 eprIcationem

993 2227 1047 2250 vide
1062 2233 1133 2255 supra
1150 2227 1234 2255 opusc.
1248 2228 1286 2250 XI.
1298 2228 1410 2256 Apologia
1422 2234 1561 2256 pauperum,
1578 2235 1597 2250 c.
1616 2229 1653 2250 12.
1670 2234 1691 2250 n.
1709 2228 1787 2250 30-33.
1805 2240 1835 2244 —

993 2265 1105 2293 Superius
1121 2271 1163 2293 pro
1182 2265 1328 2289 liberalitatis
1348 2266 1396 2289 Vat.
1415 2265 1536 2289 libertatis.

1055 2303 1063 2316 '¹
1081 2305 1170 2327 Scilicet
1187 2305 1264 2327 Mattli.
1283 2305 1327 2332 10,
1350 2305 1375 2333 9;
1398 2305 1476 2328 homil.
1502 2306 1539 2327 32.
1563 2305 1627 2334 (alias
1645 2305 1691 2333 33.)
1710 2311 1731 2327 n.
1751 2304 1772 2326 4.
1788 2304 1834 2327 Csr.

993 2349 1062 2371 supra
1080 2350 1133 2371 pag.
1152 2344 1205 2371 275,
1222 2347 1275 2366 nota
1292 2344 1313 2366 3.

1055 2381 1064 2394 ¹³
1082 2382 1148 2404 Vers.
1167 2383 1188 2404 6.
1206 2395 1237 2399 -
1253 2383 1332 2405 (110553
1349 2385 1383 2405 est
1399 2382 1524 2405 ordinaria
1542 2382 1579 2411 (ex
1596 2382 1674 2411 Beda),
1692 2382 1713 2404 in
1731 2388 1777 2410 qua
1803 2382 1836 2404 al-

993 2421 1082 2449 legatur
1099 2421 1175 2443 Matth.
1195 2421 1231 2449 10,
1248 2422 1270 2443 9.
1287 2421 1332 2443 Cir.
1350 2427 1419 2449 supra
1437 2427 1491 2449 pag.
1509 2422 1561 2449 283,
1579 2424 1631 2443 nota
1653 2422 1674 2443 6.
1693 2433 1721 2436 —
1739 2421 1782 2443 Pro
1796 2426 1833 2450 pe-

994 2459 1051 2482 tenti
1066 2461 1084 2482 A
1102 2462 1124 2482 et
1140 2460 1178 2482 ed.
1192 2460 1199 2481 1
1218 2459 1332 2489 poscenti.

1055 2497 1065 2510 ⁹
1083 2499 1146 2521 Vers.
1166 2498 1187 2521 t.
1204 2498 1242 2521 lib.
1262 2499 1306 2521 Vll.
1323 2505 1344 2521 n.
1362 2499 1398 2521 55.
1422 2499 1553 2527 Allegantur
1576 2500 1623 2521 Act.
1641 2499 1662 2526 3,
1680 2499 1701 2521 6.
1719 2502 1742 2521 et
1758 2499 1834 2520 Mauri.

994 2537 1030 2565 10,
1046 2538 1068 2559 9.
1085 2537 1130 2560 Csr.
1147 2544 1217 2565 supra
1237 2544 1290 2565 pag.
1311 2537 1363 2564 275,
1388 2540 1439 2559 nota
1465 2538 1500 2559 11.
1526 2538 1568 2559 ΡιὉ
1586 2536 1609 2560 in
1626 2542 1730 2560 vacuam
1747 2537 1793 2559 AG
1810 2540 1832 2559 et

993 2576 1030 2597 ed.
1048 2576 1056 2597 1
1079 2575 1103 2598 in
1119 2582 1216 2598 vanum.

1056 2614 1075 2626 ¹⁰
1092 2615 1211 2643 Notamus,
1230 2614 1293 2643 quod
1311 2615 1355 2637 hoc
1371 2621 1430 2642 opus
1447 2615 1505 2637 inter
1522 2621 1591 2642 opera
1609 2621 1653 2637 non
1671 2614 1770 2642 genuina
1788 2614 1835 2637 Au-

993 2653 1078 2681 gustini
1095 2656 1251 2682 computatur.
1268 2653 1313 2676 Csr.
1330 2659 1400 2681 supra
1416 2659 1471 2681 pag.
1491 2653 1544 2680 276,
1562 2656 1614 2675 nota
1633 2654 1654 2675 1.

1056 2691 1073 2704 ¹¹
1092 2692 1173 2714 HomII.
1187 2692 1207 2714 4.
1220 2693 1249 2714 de
1266 2691 1383 2715 Laudibus
1396 2692 1464 2714 Pauli.
1477 2691 1521 2714 Csr.
1533 2698 1604 2720 supra
1618 2698 1671 2720 pag.
1683 2692 1736 2719 276,
1747 2695 1800 2714 11013
1813 2691 1834 2714 4.

993 2732 1109 2759 Allegatur
1125 2732 1140 2754 l.
1157 2731 1208 2754 Cor.
1227 2731 1248 2759 4,
1266 2732 1303 2753 11.

1056 2769 1075 2782 ²²
1093 2770 1151 2792 Vide
1167 2777 1236 2798 supra
1254 2776 1309 2798 pag.
1326 2769 1382 2797 406,
1404 2772 1482 2792 notam
1500 2770 1520 2792 1.
1538 2772 1559 2792 et
1576 2776 1630 2798 pag.
1648 2770 1701 2798 283,
1718 2773 1794 2792 notam
1812 2770 1835 2792 7.

992 2821 1023 2825 —
1041 2810 1070 2831 Ex
1088 2809 1104 2831 Β
1114 2808 1130 2831 C
1147 2809 1309 2837 supplevimus
1326 2815 1373 2838 qua
1387 2808 1463 2832 utitur
1475 2808 1579 2832 Ecclesia
1591 2809 1705 2837 Romana,
1717 2811 1740 2831 et
1751 2809 1835 2831 deinde

993 2847 1041 2870 Hoc
1058 2847 1118 2870 idem
1135 2847 1221 2877 tegitur
1239 2847 1267 2870 de
1283 2847 1379 2871 Simone
1395 2849 1416 2870 et
1441 2847 1500 2870 Iuda
1518 2847 1542 2870 in
1559 2847 1668 2877 Legenda
1683 2854 1741 2876 sua,
1758 2848 1834 2870 eidem

993 2885 1079 2908 Abdiae
1096 2885 1217 2913 attributa,
1235 2885 1284 2908 libr.
1303 2886 1338 2908 VI.
1357 2886 1387 2908 de
1403 2886 1499 2908 Historia
1512 2886 1643 2909 certaminis
1659 2886 1834 2915 Apostolorum,

993 2931 1048 2952 pag.
1064 2925 1113 2947 78⁸¹.
1130 2924 1176 2947 Ctr.
1193 2924 1284 2951 Euseb„
1302 2925 1317 2946 l.
1339 2924 1464 2947 Ecclesiast.
1491 2925 1573 2947 Histor.
1591 2931 1611 2948 c.
1630 2926 1666 2947 13.
1683 2925 1707 2947 111
1724 2926 1768 2948 flne
1790 2926 1835 2954 (su-

993 2970 1034 2992 pra
1052 2969 1105 2991 pag.
1123 2964 1176 2990 283,
1194 2966 1246 2986 nota
1264 2964 1285 2985 8.
1297 2964 1443 2992 allegatum),
1461 2963 1500 2986 ubi
1517 2964 1591 2986 simile
1602 2964 1632 2986 de
1643 2964 1697 2986 luda
1709 2964 1834 2987 Thaddaeo

993 3002 1128 3025 insinuatur.

1849 311 1911 329 Sexta.

1850 592 1940 616 Septima.

1850 871 1901 890 I-Iauc
1914 871 1970 890 vitam

1858 896 1959 913 tenuerunt

1861 918 1953 942 Apostoli.
