2133 3317
933 372 1244 409 OPUSOULUM
1268 373 1339 409 III.

711 513 1159 578 LiGNUM
1210 514 1559 578 VITAE

1046 1124 1227 1154 PROLOGUS.

336 1246 359 1272 1.
385 1243 499 1273 Christo
521 1243 655 1281 confixas
676 1252 743 1272 sam
765 1244 862 1278 cruci,
885 1243 918 1272 ad
933 1243 1042 1273 Galatas
1064 1252 1105 1273 se-

254 1291 344 1321 cundo
357 1292 375 1319 1.

207 1370 211 1371 ⁷
332 1339 423 1367 Verus
444 1338 493 1367 Dei
512 1338 602 1367 cultor
617 1338 777 1375 Christique
796 1338 963 1375 discipulus,
979 1338 1026 1375 qui
1049 1338 1107 1366 Sal—

115 1386 341 1415 eruxcmisuvatori
364 1386 489 1414 omnium
512 1394 562 1423 pro
584 1394 613 1414 se
635 1386 772 1414 crucifixo
793 1385 915 1422 perfecte
937 1385 1105 1423 configurari

106 1421 241 1462 ἷῗὲῗῖῗεῗηῖῗέἷ
253 1433 402 1467 desiderat,
425 1433 460 1461 ad
481 1433 534 1461 hoc
555 1433 730 1470 potissimum
753 1436 857 1461 attento
879 1433 980 1461 mentis
1005 1436 1107 1461 conatu

106 1466 172 1485 “nm''
253 1480 334 1509 debet
355 1480 514 1514 intendere,
536 1483 568 1509 ut
589 1480 690 1509 Christi
714 1480 774 1509 lesu
793 1488 905 1509 crucem
927 1480 1107 1509 circumferat

252 1528 354 1565 iugiter
376 1531 431 1556 tam
455 1531 546 1556 mente
567 1536 651 1565 qnam
674 1536 774 1562 carne,
796 1530 935 1564 quatenus
950 1527 1104 1564 praefatum

252 1575 371 1612 Apostoli
400 1575 518 1604 verbum
540 1575 677 1603 veraciter
705 1575 795 1603 valeat
819 1574 847 1603 in
875 1574 1023 1611 semetipso
1045 1582 1106 1603 sen-

112 1631 239 1658 emmenu-
252 1622 313 1651 tire.
337 1623 422 1651 Porro
443 1622 603 1651 huiusmodi
633 1622 763 1650 affectum
792 1624 819 1650 et
840 1629 952 1650 sensum
981 1621 1004 1650 is
1035 1621 1106 1649 dnn-

106 1655 239 1696 {amemu-
253 1672 331 1698 taxat
351 1669 425 1706 apud
447 1677 475 1698 se
497 1669 630 1698 vivaciter
651 1669 774 1705 experiri
797 1672 935 1703 meretur,
965 1668 1030 1705 qui,
1059 1668 1103 1697 do-

253 1717 371 1746 minicae
392 1716 528 1753 passionis
549 1724 603 1744 non
626 1716 772 1745 immemor
793 1724 843 1745 nee
865 1716 1008 1753 ingratus,
1031 1715 1106 1744 labo—

252 1772 312 1793 rem
335 1766 362 1792 et
382 1763 506 1792 dolorem
529 1770 710 1800 amoremque
725 1763 855 1792 crucifixi
877 1763 937 1791 Iesu
959 1765 1106 1791 1011101110-

252 1811 366 1840 moriae
380 1810 538 1845 vivacitate,
553 1813 630 1839 tanto
644 1810 801 1839 intellectus
815 1810 953 1844 acumine,
971 1812 1045 1838 tanta
1059 1818 1107 1839 von

253 1858 374 1886 [amatis
389 1858 504 1887 caritate
519 1857 684 1892 considerat,
701 1857 774 1895 quod
790 1857 926 1886 veraciter
941 1857 1009 1886 illud
1025 1865 1107 1894 spon-

253 1913 298 1934 sae
316 1905 443 1942 proferre
461 1907 552 1942 potest
573 1905 715 1942 eloquium
728 1904 751 1933 ²²:
775 1904 951 1933 Fasciculus
965 1904 1107 1943 myrrhae

252 1952 373 1980 dilectas
387 1961 469 1980 meas
483 1951 570 1986 milii,
585 1952 660 1980 inter
676 1952 768 1981 ubera
783 1960 847 1981 mea
863 1952 1105 1981 commorabitur.

332 2001 358 2028 Ξ.
380 2000 414 2028 Ut
436 1999 521 2037 igitur
542 1999 684 2036 praefatus
705 2000 733 2028 in
754 1999 834 2028 nobis
855 1999 1023 2028 accendatur
1036 2000 1046 2016 3
1068 1999 1107 2028 af-

111 2055 191 2082 tumista>
204 2060 237 2074 au*
252 2046 354 2081 fectus,
375 2046 513 2075 formetur
535 2046 685 2083 cogitatus,
707 2046 885 2083 imprimatur
907 2046 1054 2081 memoria,
1070 2055 1106 2076 ex

139 2081 203 2098 ⁰²⁰⁸&
253 2094 324 2122 sacri
357 2093 494 2131 Evangelii
517 2093 599 2127 silva,
621 2093 649 2121 in
680 2101 736 2130 qua
757 2093 791 2122 de
811 2093 890 2127 vita,
913 2093 1052 2130 passione
1080 2096 1107 2122 et

252 2139 467 2177 ylorificatione
488 2140 549 2168 Iesu
563 2140 665 2168 Christ-i
687 2140 786 2169 diffuse
802 2142 954 2174 tractatur,
977 2140 1106 2177 colligere

1164 1244 1258 1273 studui
1280 1245 1356 1273 hunc
1376 1244 1518 1283 myrrhae
1538 1244 1735 1283 fasciculam,
1757 1254 1840 1283 quem
1863 1249 1890 1275 et
1908 1247 2014 1284 paucis

1164 1295 1191 1320 et
1213 1292 1360 1321 ordinati-9
1381 1295 1408 1321 et
1430 1292 1722 1330 correspondentibus
1749 1293 1799 1322 sibi
1829 1294 1923 1323 verbis
1944 1302 2018 1323 com-

1164 1339 1225 1376 pegi
1249 1343 1363 1376 propter
1384 1339 1543 1368 facilitatem
1570 1340 1736 1375 memoriae,
1758 1348 1809 1369 nec
1830 1349 1885 1369 non
1905 1341 2017 1378 simpli-

1164 1386 1263 1420 cibus,
1294 1387 1438 1415 consuetis
1469 1390 1496 1415 et
1518 1387 1645 1416 rudibus
1677 1391 1791 1425 propter
1823 1388 2017 1417 declinandum
2127 1391 2129 1421 l

1164 1433 1333 1462 curiositatis
1356 1434 1471 1468 vitium,
1493 1434 1638 1463 fovendam
1660 1443 1773 1472 quoque
1794 1435 1969 1464 devotionem
1990 1439 2017 1465 et
2128 1451 2129 1463 1

1164 1480 1361 1509 aedificandam
1378 1481 1439 1509 fidei
1455 1481 1594 1518 pietatem.
1610 1498 1648 1502 —
1664 1481 1695 1510 Et
1709 1482 1839 1519 quoniam
1858 1482 2017 1519 imaginatio
2043 1490 2130 1518 Arhia-il

1164 1527 1241 1556 iuvat
1264 1527 1485 1564 intelligentiam,
1507 1527 1568 1556 ideo
1583 1536 1655 1565 quae
1666 1528 1678 1544 4
1699 1536 1735 1556 ex
1749 1528 1845 1557 multis
1859 1537 1947 1566 pauca
1962 1529 2016 1558 col·
2030 1520 2101 1557 5223?
2114 1515 2129 1534 '³'

1164 1574 1216 1611 legi
1239 1575 1265 1602 in
1288 1574 1450 1611 imaginaria
1472 1574 1591 1611 quadam
1613 1575 1713 1604 arbore
1734 1575 1772 1604 sic
1794 1575 1918 1604 ordinavi
1933 1578 2017 1613 atque

1164 1621 1303 1658 disposui,
1325 1625 1357 1650 ut
1378 1621 1405 1649 in
1421 1621 1511 1658 prima
1532 1624 1559 1650 et
1580 1621 1675 1650 infima
1690 1630 1833 1651 ramorum
1856 1623 1944 1659 ipsius
1965 1631 2015 1652 ex-

1164 1669 1296 1705 pansione
1318 1668 1468 1697 Salvatoris
1483 1668 1565 1706 orz'yo
1587 1668 1762 1698 describatur
1778 1673 1804 1698 et
1825 1670 1902 1704 vica,
1918 1670 1945 1698 in
1960 1678 2017 1699 me-

2130 1687 2131 1698 i

1164 1716 1208 1745 dia
1226 1716 1343 1753 passio,
1366 1719 1393 1745 et
1413 1716 1590 1753 ylorz'sicatio
1612 1718 1639 1746 in
1662 1725 1802 1754 suprema.
1826 1718 1857 1746 Et
1878 1718 1905 1746 in
1926 1718 2017 1755 prima
2130 1702 2133 1843 Ῑ

2132 1917 2133 1936 l

2132 2029 2133 2055 l

1164 1763 1275 1801 quidem
1292 1772 1436 1792 ramorum
1458 1764 1530 1792 serie
1545 1768 1667 1801 quatuor
1681 1764 1847 1793 altrinsecus
1862 1765 2016 1794 secundum

1163 1810 1303 1848 alphabeti
1335 1810 1461 1839 ordinem
1493 1814 1632 1847 ponentur
1664 1811 1811 1846 versiculi,
1833 1811 1960 1840 similiter
1988 1812 2016 1840 in

1164 1858 1285 1887 secunda
1305 1861 1333 1887 et
1347 1858 1442 1892 tertia⁷
1464 1866 1500 1886 ex
1519 1867 1640 1895 quorum
1657 1859 1781 1896 quolibet
1798 1859 1885 1888 instar
1906 1859 2017 1888 fructus

1164 1905 1247 1933 unica
1264 1905 1411 1942 pullulatio
1431 1905 1545 1942 pendet,
1567 1908 1600 1934 ut
1628 1905 1666 1934 sic
1688 1906 1743 1935 sint
1764 1906 1843 1943 quasi
1871 1905 2016 1935 duodecim

1164 1952 1234 1980 rami
1256 1952 1403 1981 afferentes
1434 1952 1581 1981 duodecim
1612 1953 1722 1982 fructus
1743 1953 1824 1982 iuxta
1851 1953 2016 1990 mysterium

1165 1999 1239 2037 Itym·
1258 1999 1334 2027 vitae
1349 1999 1368 2027 5.

1243 2046 1269 2075 3.
1291 2046 1423 2075 Describe
1444 2046 1530 2083 igitur
1551 2046 1578 2074 in
1601 2046 1702 2084 spiritu
1722 2047 1824 2076 mentis
1849 2050 1913 2076 tuae
1935 2047 2016 2076 arbo·
2036 2056 2133 2091 ipsa-meri

1164 2101 1222 2121 rem
1250 2093 1405 2130 quandam,
1428 2093 1509 2122 cuius
1534 2093 1616 2122 radix
1637 2094 1771 2131 irrigetur
1794 2094 1869 2123 fonte
1898 2080 2133 2124 50311111-ᾱειιεοῃικξιὶῖ

1163 2140 1245 2168 tionis
1276 2143 1443 2177 perpetuae,
1473 2141 1521 2178 qui
1553 2141 1634 2169 etiam
1663 2145 1813 2170 excrescat
1838 2141 2016 2179 1“11]’11101“11111

319 2381 326 2394 ¹
345 2382 412 2405 Yers.
431 2382 468 2404 Ἰ11).
486 2395 514 2398 —-
533 2381 630 2405 Codices
648 2382 677 2405 27
695 2389 706 2405 a
725 2382 792 2405 nobis
811 2383 885 2405 collati
908 2386 994 2405 tantam
1018 2383 1107 2405 varian-

255 2422 313 2444 tium
331 2422 455 2444 100110110111
473 2422 613 2450 farraginem
630 2421 801 2450 praebuerunt,
814 2425 974 2445 01110111010111
993 2423 1106 2445 linearum

255 2461 361 2484 editionis
388 2461 511 2484 vaticanae
536 2462 617 2483 saltem
643 2461 714 2489 duplo
733 2462 877 2484 excederent.
897 2462 940 2484 Sed
960 2463 1043 2484 harum
1061 2463 1106 2490 ple-

253 2506 352 2529 raeque,
366 2501 438 2523 ‘unius
455 2501 491 2523 vel
508 2507 638 2529 paucorum
660 2500 769 2523 codicum
782 2501 917 2523 auctoritate
934 2502 1053 2530 suffultae,
1071 2508 1107 2524 re-

255 2540 358 2567 fragante
375 2539 492 2562 communi
510 2540 633 2562 meliorum
651 2540 772 2569 utriusque
799 2540 898 2563 familiae
922 2540 1032 2568 lectione,
1058 2541 1106 2563 nul-

254 2579 297 2601 lius
310 2579 420 2601 momenti
437 2579 594 2601 aestimandae
611 2582 675 2606 sunt,
694 2580 830 2607 praesertim
848 2586 902 2602 cum
920 2586 967 2602 11011
984 2579 1106 2602 exhibeant

254 2618 296 2640 nisi
313 2624 350 2640 res
367 2618 468 2640 minutas
485 2621 507 2640 01
525 2619 590 2647 tales,
608 2625 668 2647 quae
686 2619 763 2641 minus
780 2619 936 2647 respondeant
959 2618 1009 2641 stilo
1030 2621 1052 2641 et
1074 2619 1106 2641 in-

254 2657 299 2680 doli
317 2657 388 2679 nostri
406 2657 517 2680 Doctoris.
535 2658 592 2680 111110
610 2659 692 2680 harum
711 2660 799 2680 tantum
817 2664 915 2687 11011003,
934 2664 994 2687 quae.
1010 2658 1106 2681 alicuius

255 2697 365 2718 momenti
383 2703 433 2719 esse
450 2696 603 2725 videbantur,
629 2697 659 2719 ad
685 2697 770 2719 calcem
797 2697 935 2720 notavimus.
954 2697 1106 2720 Nihilominus

254 2738 340 2758 textum
358 2737 480 2765 hucusque
497 2737 619 2764 vulgatum
645 2737 669 2758 iu
692 2737 769 2759 multis
795 2737 850 2759 10015
874 2738 1029 2765 correximus,
1051 2743 1105 2760 011111

254 2781 323 2802 saepe
340 2775 387 2797 fere
403 2781 484 2797 omnes
501 2776 593 2797 codices
614 2776 734 2805 utriusque
752 2776 861 2803 familiae,
880 2776 910 2799 de
927 2783 972 2805 qua
990 2777 1013 2798 in
1032 2777 1106 2799 Ρ1010-

254 2814 360 2841 gomenis
377 2815 460 2836 nostris
477 2821 496 2837 c.
515 2815 529 2837 1.
547 2814 561 2842 Ξ,
575 2816 595 2837 3.
613 2815 683 2837 locuti
702 2822 795 2843 sumus,
812 2815 970 2838 emendationi
987 2815 1106 2838 faciendae

253 2854 442 2881 suffragarentur.
461 2854 485 2876 ln
502 2855 545 2877 1100
562 2861 617 2877 0050
635 2855 783 2877 solummodo
800 2855 962 2883 corrigendam
981 2855 1106 2877 vaticanae

253 2893 374 2915 lectionem
393 2893 421 2915 ad
440 2894 525 2916 calcem
548 2895 682 2923 posuimus,
700 2895 756 2923 quin
776 2894 845 2917 codd.
863 2894 930 2917 nobis
948 2895 1104 2917 testimonium

254 2932 377 2955 reddentes
394 2933 555 2960 allegaremus.
573 2934 671 2961 Quando
695 2937 771 2956 autem
790 2934 912 2962 pauciores
933 2934 1026 2957 codices
1050 2940 1104 2956 cum

253 2972 341 2994 ratione
359 2972 480 2994 intrinseca
498 2973 586 3000 vulgati
605 2975 677 2995 textus
695 2973 860 2995 correctionem
879 2976 1014 3000 suaserunt,
1029 2973 1105 3001 singu-

253 3011 287 3034 los
304 3011 396 3034 codices
414 3014 438 3034 ut
455 3014 524 3034 testes
541 3012 706 3040 allegavimus,
724 3012 824 3040 exceptis
841 3012 912 3035 rebus
932 3013 1040 3035 minimis.

1227 2383 1236 2396 2
1253 2383 1318 2406 Cant..
1336 2384 1357 2411 ll,
1377 2384 1414 2406 y12.

1227 2422 1236 2435 ³
1254 2423 1307 2445 Yat.
1324 2429 1449 2451 perperam
1475 2422 1626 2451 attendatur,
1651 2422 1824 2451 refragantibus
1840 2423 1909 2446 codd.
1927 2423 2015 2446 Deinde

1164 2468 1206 2490 pro
1225 2462 1249 2485 in
1266 2468 1314 2492 qua
1339 2469 1385 2485 non
1414 2463 1483 2491 pauci
1508 2462 1590 2490 codd.‚
1608 2462 1649 2485 sed
1668 2469 1715 2485 non
1732 2463 1851 2491 meliores,
1868 2462 1894 2485 in
1911 2468 1970 2492 quo,
1993 2465 2015 2485 et

1164 2508 1207 2529 pro
1230 2503 1330 2531 propter
1354 2501 1494 2532 facilitatem
1519 2501 1650 2524 memoriae
1676 2502 1745 2524 altera
1771 2501 1869 2530 familia,
1892 2501 1916 2524 in
1937 2502 2015 2530 specie

1164 2541 1181 2563 Α
1191 2540 1207 2563 C
1218 2541 1237 2563 H
1247 2541 1302 2563 WZ
1320 2544 1342 2563 et
1360 2541 1397 2563 ed.
1416 2541 1437 2568 ll,
1449 2540 1481 2563 acl
1498 2540 1631 2564 habendam
1648 2540 1786 2570 facilitatem
1797 2540 1934 2564 memoriae.
1950 2540 2015 2563 Deni-

1164 2586 1210 2609 que
1227 2586 1270 2608 pro
1288 2579 1434 2603 det-ottonem
1451 2581 1473 2603 et
1489 2579 1663 2610 aedificandam
1685 2579 1741 2610 fidei
1759 2579 1873 2609 pietatem
1889 2580 1960 2602 iidem
1977 2581 2015 2602 lia-

1164 2619 1219 2641 bent
1235 2618 1381 2642 devotionem
1406 2626 1437 2642 eat
1462 2625 1518 2642 cera
1533 2618 1700 2648 procedentem
1725 2618 1871 2642 christianae
1895 2618 1951 2649 fidei
1971 2625 2014 2648 pu-

1162 2658 1241 2682 ritate.

1225 2697 1235 2709 4
1253 2698 1305 2720 Yat.
1322 2704 1376 2720 011111
1394 2697 1501 2725 pluribus
1523 2697 1593 2720 codd.
1615 2697 1698 2720 omittit
1721 2703 1781 2727 (sicae
1805 2700 1885 2720 contra
1907 2698 2014 2720 meliores

1165 2737 1246 2764 codd.‚
1264 2743 1365 2766 qnorum
1384 2740 1460 2759 tamen
1478 2738 1557 2765 plures
1574 2736 1679 2760 scribunt
1699 2736 1804 2767 ideoque.
1826 2737 1913 2760 Eadem
1930 2737 2014 2760 omittit

1163 2776 1187 2799 in
1205 2780 1257 2799 ante
1274 2776 1429 2806 inzaqinaricz.

1225 2815 1235 2827 ⁵
1253 2816 1383 2844 Respicitur
1409 2816 1445 2838 1110
1470 2819 1493 2838 01
1517 2816 1539 2838 111
1564 2815 1715 2845 sequentibus
1740 2816 1813 2844 Apoe.
1839 2816 1881 2843 22,
1906 2816 1927 2838 1.
1944 2816 1970 2838 2:
1988 2817 2014 2839 Et

1163 2855 1262 2877 ostendit
1280 2855 1335 2877 mihi
1353 2855 1451 2877 fluvium
1468 2861 1543 2883 aquae
1561 2855 1642 2883 vivae,
1660 2855 1811 2882 splendidum
1837 2857 1947 2883 tanquam
1965 2860 2013 2882 cry-

1163 2895 1266 2923 stallum,
1285 2894 1451 2922 procedentem
1468 2894 1498 2917 de
1515 2894 1570 2917 sede
1588 2894 1628 2916 Dei
1645 2897 1667 2916 et
1685 2894 1752 2921 Agni.
1779 2894 1801 2916 ln
1827 2894 1904 2916 medio
1924 2894 2012 2921 plateae

1163 2933 1213 2955 0105
1229 2936 1251 2955 01
1268 2939 1299 2955 ece
1315 2935 1419 2962 utraque
1432 2934 1504 2962 parte
1520 2932 1628 2962 flaminis
1646 2932 1739 2962 {tynum
1756 2932 1828 2960 vitae,
1846 2933 1944 2954 aderens
1959 2932 2013 2961 sru-

1162 2973 1214 2995 ctus
1231 2972 1368 3000 duodecim,
1386 2978 1428 3000 per
1446 2978 1538 2995 menses
1559 2972 1663 3000 singulos
1688 2972 1789 2995 reddens
1813 2973 1912 2994 fructum
1930 2977 2012 3000 suum,

1162 3014 1184 3034 et
1199 3011 1259 3041 solia
1277 3011 1337 3041 liqui
1351 3011 1383 3034 acl
1399 3011 1526 3034 saniaitem
1543 3010 1656 3041 gentium.
