2133 3317
154 527 202 546 Hinc
215 527 275 546 caele-

141 551 177 570 stia
185 552 229 570 sunt
238 556 276 569 me-

141 574 226 593 ditanda.

154 948 269 968 Notandum.

152 1066 206 1085 Aliae
219 1071 272 1089 regu·

287 206 345 235 490

287 284 441 313 delectatur
451 295 479 319 »ς
501 292 567 321 ergo
594 291 644 320 per
673 284 764 312 locum
787 292 806 312 α
827 283 1005 318 contrariis,
1033 286 1138 321 quanto

288 331 351 368 quis
371 331 474 360 fastidit
495 333 622 365 terrena,
638 333 714 359 tanto
729 330 785 359 Deo
800 330 986 368 propinquius
1000 333 1050 359 est.
1072 331 1138 359 Pro-

288 380 350 414 pter
371 377 446 414 quod
466 377 575 406 dicebat
596 377 782 414 Apostolus¹:
808 377 916 406 Omnia
941 377 1079 414 reputavi
1106 381 1140 406 ut

286 427 435 457 stercora,
457 428 491 452 ut
513 422 664 452 Christum
686 423 886 461 lucrifaciam.

367 472 393 499 Ξ).
415 471 491 500 Unde
512 471 533 500 si
556 471 598 500 vis
623 474 735 500 terrena
756 471 826 500 bene
848 474 1041 507 contemnere,
1067 480 1139 501 sem-

287 525 337 554 per
358 518 486 546 caelestia
512 518 654 547 meditare.
683 518 725 546 Ait
752 518 825 547 enim
853 518 1046 556 Gregorius2:
1079 530 1092 544 «
1111 519 1137 548 Si

288 564 510 600 consideremus,
532 573 604 602 quae
626 568 653 593 et
674 568 778 602 quanta
799 568 864 594 sunt
881 574 953 603 quae
974 566 1053 595 nobis
1074 574 1139 603 pro-

287 611 439 640 mittuntur
460 612 487 640 in
513 612 614 647 caelis;
643 612 781 641 vilescunt
809 612 901 641 animo
932 613 1038 648 omnia,
1067 621 1139 650 quae

289 658 428 687 habentur
450 659 478 687 in
499 659 583 688 terris
597 671 623 687 ».
646 659 731 688 Beati
751 659 837 696 igitur
850 667 996 697 pauperes
1013 660 1138 697 spiritu,

288 704 429 742 quoniam
450 705 585 743 ipsorum
606 709 646 734 est
666 714 792 743 reymtm
817 706 974 734 caetorum.
1002 706 1088 743 Igitur
1116 706 1138 735 si

286 759 337 788 per
358 754 551 789 paupertatem
573 755 749 781 terrenorum
779 752 943 789 pervenitur
967 753 1001 781 ad
1022 752 1138 790 gloriam

288 798 451 833 Beatorum‚
480 799 561 828 stude
588 807 698 836 semper
725 799 928 828 strictissimam
955 802 1050 829 tenere
1071 808 1139 836 pau-

287 848 439 882 pertatem,
462 846 584 875 maxime
605 846 633 875 in
655 846 733 875 libris
753 848 780 875 et
802 846 883 875 soleis
911 850 938 875 et
970 846 1086 881 tunicis,
1108 850 1140 875 ut

287 899 334 921 eas
354 900 409 921 non
432 893 549 927 habeas,
573 893 623 922 nisi
646 893 718 922 sicut
736 897 801 923 tuae
820 893 974 923 necessitati
990 894 1086 923 stricte
1100 893 1140 922 vi—

288 938 363 968 deris
383 940 525 977 expedire.
546 940 641 977 Neque
655 941 799 978 superflua
814 941 970 970 necessaria
983 941 1073 976 dicas,
1092 941 1139 970 sed

289 986 381 1023 potius
402 986 462 1023 ipsa
482 987 638 1016 necessaria
659 987 803 1024 superflua
824 988 930 1017 timeas.

368 1033 394 1062 3.
417 1034 459 1062 Ait
480 1034 552 1063 enim
575 1033 769 1071 Gregorius³:
797 1046 810 1060 «
825 1035 908 1071 Quia,
924 1034 946 1063 si
962 1034 1027 1063 solis
1048 1042 1140 1064 neces-

290 1080 370 1110 sariis
384 1081 507 1116 utimur,
529 1081 711 1118 probabimus
729 1082 817 1111 multa
836 1082 980 1119 superflua
994 1082 1021 1110 in
1037 1082 1140 1111 nostris

746 205 944 235 OPUSCULUM
966 205 1020 234 XX.
1042 205 1170 235 REGULA
1191 206 1408 236 NOVITIORUM.
1431 207 1499 236 CAP.
1523 207 1588 236 XVI.

1194 284 1373 314 facultatibus
1394 285 1525 314 habuisse
1539 297 1566 313 ».
1588 285 1665 314 Unde
1686 286 1756 314 nihil
1784 286 1886 315 habeas
1914 294 1964 316 nec
1992 296 2041 325 per

1195 333 1222 360 te
1243 340 1293 360 nec
1314 340 1365 369 per
1386 332 1578 369 interpositam
1600 340 1763 369 personam,
1785 335 1812 361 et
1833 333 1943 362 attende
1971 342 2042 363 sem-

1195 387 1263 416 per,
1284 382 1316 407 ut
1336 379 1406 407 nihil
1427 379 1531 408 habeas
1552 380 1580 408 in
1605 380 1673 408 cella
1694 380 1746 409 nisi
1762 380 1933 415 necessaria,
1948 383 1976 409 et
1990 381 2041 411 hoc

1195 425 1256 454 dico
1284 425 1366 454 etiam
1395 425 1429 454 de
1457 426 1579 455 minimis
1606 426 1708 461 rebus,
1733 434 1768 455 ne
1789 426 1861 456 forte
1882 427 2043 464 negligendo

1197 473 1303 501 modica
1331 472 1464 509 paulatim
1496 472 1577 501 cadas
1605 473 1639 501 ad
1660 474 1773 502 maiora.
1796 474 1837 502 Ait
1857 474 1930 503 enim
1952 475 2043 512 Augu-

1196 520 1286 548 stinus
1296 521 1324 547 4;
1344 531 1357 545 «
1372 519 1469 548 Vitasti
1484 519 1614 557 grandia,
1629 528 1704 555 cave,
1719 529 1754 550 ne
1768 521 1898 550 obruaris
1918 529 2003 550 arena
2015 533 2042 550 ».

1195 583 1234 587 -
1249 566 1431 604 Apprehende
1445 574 1512 603 ergo
1533 566 1598 595 totis
1612 567 1720 596 viribus
1741 570 1948 605 paupertatem,
1964 568 2043 605 quia,

1196 616 1266 643 teste
1287 614 1447 651 Scriptura,
1469 613 1583 651 azynum
1603 613 1680 642 vitae
1701 617 1742 643 est
1760 613 1806 643 his
1820 614 1873 652 qui
1885 613 2044 651 apprehen-

1196 660 1292 689 derint
1313 668 1395 694 eam,
1416 663 1441 688 et
1461 660 1514 698 qui
1534 659 1658 688 tenuerit
1679 669 1761 695 eam,
1788 660 1896 689 beatus.
1925 660 2001 689 Unde
2022 662 2045 690 si

1196 709 1319 735 sanctam
1342 709 1534 743 paupertatem
1560 706 1681 735 finaliter
1703 707 1850 741 retinebis,
1873 707 1907 735 ad
1928 715 2045 745 regnum

1197 753 1338 782 caelorum
1359 753 1464 789 poteris
1486 753 1648 790 pervenire,
1671 754 1737 790 quia
1751 754 1811 791 ipsa
1828 754 1936 783 Veritas
1957 754 2046 792 perfe-

1197 800 1248 829 ctis
1270 800 1442 837 pauperibus
1464 800 1623 837 repromisit
1643 800 1780 829 dicens⁵:
1803 801 1888 829 Beati
1899 809 2046 838 pauperes

1196 847 1322 884 spiritu,
1351 846 1493 884 quoniam
1517 847 1652 884 ipsorum
1673 851 1714 876 est
1734 856 1859 885 reynum
1881 847 2045 882 caetorum,

1197 893 1271 931 quod
1293 893 1405 930 quidem
1434 901 1552 930 regnum
1573 896 1649 923 tanto
1676 897 1718 923 est
1745 894 1859 929 utilius,
1887 897 1992 931 quanto
2011 894 2047 924 fe-

1197 940 1331 974 cundius3
1353 942 1430 969 tanto
1451 940 1594 975 securius,
1616 943 1721 978 quanto
1736 941 1899 976 sublimius,
1914 944 1990 970 tanto
2004 941 2047 971 iu-

1197 987 1331 1021 cundius,
1353 990 1458 1024 quanto
1487 987 1624 1022 lucidius3
1646 990 1726 1016 tanto
1747 988 1884 1022 nobilius,
1906 991 2010 1025 quanto
2030 997 2046 1017 a

1196 1034 1381 1063 nobilioribus
1409 1034 1585 1071 possidetur;
1614 1034 1648 1063 ad
1669 1035 1745 1072 quod
1765 1043 1816 1064 nos
1837 1034 1971 1073 perducat
1998 1035 2047 1072 qui

1197 1081 1265 1110 vivit
1286 1084 1313 1110 et
1334 1084 1432 1118 regnat
1451 1081 1479 1109 in
1501 1081 1611 1110 saecula
1632 1082 1807 1111 saeculorum
1819 1082 1839 1110 ⁶.
1861 1082 1953 1111 Amen.

937 1205 1064 1233 Exrmcir
1086 1204 1200 1233 amum
1221 1204 1401 1233 Novnmnum.

353 1410 361 1423 ¹
380 1411 437 1433 Phil.
454 1411 481 1437 3,
499 1412 525 1433 8:
544 1410 626 1433 Omnia
644 1411 809 1433 detrimentum
828 1411 870 1433 feci
889 1414 911 1433 et
928 1411 1028 1434 arbitror
1046 1414 1070 1434 ut
1087 1414 1144 1434 ster-

291 1456 344 1472 cora
361 1452 405 1472 etc.
426 1462 455 1465 —
473 1449 530 1472 Cod.
548 1450 564 1471 B
582 1449 661 1472 addit:
686 1450 713 1472 Et
737 1449 791 1472 alibi
818 1449 870 1479 [cfr.
895 1450 950 1472 Vlll.
968 1450 1044 1472 Moral.
1061 1456 1081 1472 c.
1100 1450 1142 1477 lss,

291 1495 315 1511 n.
332 1489 377 1516 28;
395 1489 474 1511 XVlll.
493 1495 514 1511 c.
534 1488 571 1510 38.
590 1495 612 1511 n.
631 1489 675 1517 59,
694 1489 762 1511 XXll
780 1495 801 1511 c.
819 1490 840 1511 2.
859 1495 879 1511 n.
899 1489 929 1518 4,]
943 1489 1084 1517 Gregorius:
1101 1488 1143 1511 Ce-

291 1530 353 1550 terae
371 1528 477 1557 [cunctae
486 1527 506 1557 ⁵2]
532 1531 652 1550 creaturae
669 1528 792 1556 vilescant,
811 1531 835 1550 ut
851 1528 947 1550 Creator
964 1528 987 1550 in
1005 1528 1075 1550 eorde
1093 1528 1143 1550 dul-

291 1569 374 1590 cescat.
391 1566 435 1589 Csr.
453 1573 524 1595 supra
542 1573 596 1595 pag.
615 1567 656 1594 48,
674 1570 727 1589 nota
746 1567 772 1595 9,
792 1567 830 1589 ubi
847 1568 929 1590 eadem
943 1567 1053 1589 sententia
1066 1568 1143 1595 Augu-

290 1607 350 1629 stino
367 1609 390 1628 et
407 1606 524 1628 Bernardo
542 1605 656 1628 tribuitur.

354 1644 363 1657 2
381 1644 442 1667 Libr.
460 1645 484 1667 ll.
501 1645 585 1667 Homil.
602 1645 625 1666 in
644 1646 730 1672 Evang.
753 1645 831 1667 homil.
854 1645 890 1667 37.
908 1651 930 1667 n.
949 1645 969 1666 fl.
987 1657 1017 1660 —
1035 1645 1143 1673 Sequitur

293 1685 368 1707 Mattli.
387 1684 413 1711 5,
431 1684 451 1706 3.
469 1697 499 1700 —
518 1683 630 1711 Superius
648 1689 690 1711 pro
705 1685 801 1706 terrena
813 1682 874 1706 bona.
889 1685 1037 1707 contemnere
1054 1689 1081 1706 ex
1098 1684 1142 1705 ΑΒ

292 1724 310 1746 ll
321 1725 325 1746 l
344 1723 507 1746 substituimus
524 1724 620 1745 terrena
633 1722 688 1745 bene
700 1724 855 1745 contemnere.
870 1722 965 1744 inferius
977 1728 1020 1750 pro
1029 1728 1073 1751 per·
1085 1728 1142 1752 pau-

289 1764 407 1793 pertatem
425 1763 443 1785 H
458 1769 503 1792 per
517 1762 655 1792 penuriam.

355 1801 364 1814 ³
382 1802 428 1825 Cfr.
446 1802 498 1824 XX.
525 1802 601 1824 Moral.
624 1808 643 1824 c.
668 1801 706 1824 1¹4.
728 1808 750 1824 n.
771 1802 808 1824 28.
826 1808 874 1830 seq.
893 1804 915 1824 et
932 1801 1007 1824 XXX.
1025 1807 1045 1824 c.
1064 1802 1101 1823 43,
1118 1808 1142 1824 n.

293 1842 331 1863 611.
348 1847 427 1870 seqq,
445 1840 484 1864 ubi
504 1841 585 1868 docet,
602 1844 710 1863 naturam
728 1844 750 1863 et
767 1841 911 1869 voluptatem
937 1841 1007 1863 multa
1025 1840 1143 1868 superflua

293 1880 337 1903 sub
354 1880 495 1903 necessitatis
513 1880 590 1908 specie
607 1886 727 1908 quaerere.
745 1881 854 1908 August.‚
878 1881 979 1902 Enarrat.
998 1880 1019 1902 in
1037 1880 1071 1902 Ps.
1095 1879 1143 1902 147.

294 1926 316 1942 n.
335 1920 362 1942 le
374 1928 378 1942 :
399 1928 410 1939 ιι
424 1919 491 1942 Multa
505 1921 582 1941 autem
595 1919 712 1947 superflua
730 1918 856 1947 habemus,
870 1919 889 1941 si
901 1925 947 1941 non
959 1919 1003 1941 nisi
1015 1919 1144 1941 necessaria

294 1962 430 1986 teneamus;
447 1964 500 1980 nam
518 1958 536 1981 si
555 1958 629 1980 inania
646 1964 800 1987 quaeramus,
813 1959 868 1980 nihil
880 1958 964 1981 sufficit
976 1968 997 1980 υ.
1011 1958 1109 1980 Textum
1121 1958 1143 1980 in

294 1998 347 2021 edd.
366 2000 502 2025 corruptum
521 1997 567 2020 fide
584 1997 652 2020 codd.
670 1997 821 2020 correximus.

358 2035 368 2048 ⁴
385 2037 488 2059 Enarrat.
514 2036 537 2058 in
558 2037 593 2059 Ps.
611 2036 650 2058 39.
667 2043 690 2059 n.
707 2037 752 2058 22:
778 2036 915 2058 Praecavisti
939 2042 1047 2064 magna...
1072 2036 1145 2058 moles

296 2076 352 2098 istae
377 2078 430 2098 sunt
454 2078 612 2103 peccatorum.
638 2076 718 2104 Magna
741 2076 892 2103 praecavisti,
919 2075 947 2097 de
972 2075 1066 2097 minutis
1088 2075 1145 2104 quid

296 2114 364 2142 agis?
382 2115 416 2137 An
433 2121 478 2137 non
496 2114 564 2137 times
581 2114 688 2136 minuta?
706 2114 822 2137 Proiecisti
842 2114 938 2142 molem,
957 2114 1023 2142 vide,
1035 2120 1064 2136 ne
1076 2120 1145 2136 arena

296 2153 411 2176 obruaris.
428 2153 472 2177 Csr.
491 2160 562 2182 supra
579 2160 633 2182 pag.
651 2153 709 2181 480,
727 2156 779 2176 nota
797 2153 819 2176 7.
838 2154 880 2176 Pro
898 2152 1048 2182 Auqustmus
1072 2153 1117 2175 AB
1128 2153 1145 2174 D

297 2192 446 2222 Gregorius,-
464 2194 505 2215 cfr.
523 2193 552 2215 X.
569 2193 647 2215 llloral.
664 2199 683 2215 c,
703 2193 739 2214 ll.
757 2199 778 2215 u.
797 2193 835 2215 21.
853 2195 874 2215 et
891 2192 972 2220 Regul.
996 2192 1103 2220 pastoral.
1121 2198 1144 2220 p.

297 2232 330 2254 lll.
347 2238 367 2254 c.
384 2232 423 2254 33.
442 2232 487 2255 Cfr.
506 2232 571 2255 Eccli.
591 2233 633 2259 49,
651 2232 675 2254 i:
694 2232 737 2261 Qui
754 2232 842 2260 spernit
866 2231 958 2254 modica
980 2231 1091 2259 paulatim
1108 2231 1145 2253 de·

297 2271 358 2294 cidet
376 2271 429 2300 (pro
443 2270 565 2301 paulatim
583 2270 656 2294 cados
672 2272 689 2294 A
704 2270 825 2300 paulatim
851 2270 960 2298 caderes,
986 2270 1003 2292 B
1025 2269 1146 2299 paulatim

298 2310 424 2338 ascendas,
444 2310 478 2332 Dl
494 2309 615 2340 paulatim
627 2309 737 2338 accedas,
757 2310 776 2332 H
792 2309 913 2339 paulatim
925 2309 1035 2337 labaris).
1047 2322 1078 2326 —
1090 2309 1147 2332 Sub-

298 2350 351 2372 inde
367 2349 481 2377 allegatur
499 2350 566 2372 Prov.
585 2350 611 2377 3,
624 2350 664 2377 48,
676 2352 729 2372 ante
741 2355 811 2378 quem
825 2356 851 2372 ex
869 2349 886 2371 A
897 2350 914 2371 B
925 2349 941 2371 D
952 2349 970 2371 H
987 2348 1146 2377 supplevimus

298 2388 452 2418 Apprehende
468 2394 525 2418 erqo
543 2387 596 2411 totis
613 2387 703 2411 viribus
718 2389 893 2418 paupertatem.

360 2427 369 2440 ⁵
387 2429 462 2450 Matth.
481 2428 507 2455 5,
525 2428 547 2450 3.

361 2466 370 2480 Β
388 2467 444 2490 Cod.
462 2468 478 2489 Β
494 2473 538 2490 nos
552 2466 672 2497 perducat
688 2468 753 2490 lesus
772 2466 894 2495 Christus,
912 2466 954 2496 qui
969 2465 1147 2490 estbenedictus

299 2507 323 2530 in
334 2506 431 2530 saecula
442 2506 605 2530 saeculorum.
614 2507 696 2530 Amen.
707 2519 739 2523 -
751 2507 802 2529 Vat.
815 2507 838 2528 in
850 2507 895 2529 fine
907 2506 1011 2534 opusculi
1025 2507 1082 2528 hanc
1099 2512 1147 2528 nar-

299 2546 411 2568 rationem
424 2546 545 2574 adiungit:
563 2546 585 2568 ln
603 2548 717 2568 conventu
729 2546 835 2568 Fratrum
854 2545 967 2568 Minorum
981 2545 1083 2572 Parisiis,
1095 2551 1147 2568 con-

300 2587 407 2607 versante
419 2584 495 2607 bonae
513 2585 640 2607 memoriae
657 2586 726 2607 fratre
737 2585 898 2607 Bonaventura
907 2602 912 2612 ,
926 2587 980 2607 tunc
992 2585 1091 2613 generali
1109 2585 1148 2607 Mi-

300 2624 370 2647 nistro
383 2626 469 2652 etpost
485 2624 607 2652 cardinali,
627 2625 694 2646 frater
712 2624 802 2646 iuvenis
819 2623 915 2646 studens
927 2624 1013 2646 ibidem
1032 2623 1106 2646 bonae
1117 2624 1148 2646 in·

1199 1411 1257 1434 dolis
1275 1414 1297 1433 et
1313 1411 1335 1433 ei
1352 1411 1406 1433 satis
1424 1411 1541 1433 familiaris
1558 1411 1653 1433 accessit
1670 1411 1698 1433 ad
1716 1417 1770 1433 eum
1788 1411 1860 1433 semel
1877 1413 1899 1433 et
1914 1411 1999 1434 devote
2015 1417 2048 1434 ro-

1199 1450 1276 1478 gavit,
1289 1452 1313 1471 ut
1324 1448 1367 1471 sibi
1386 1455 1502 1477 exponere
1518 1449 1666 1477 dignaretur,
1679 1455 1726 1477 quo
1747 1449 1856 1471 iuventus
1871 1455 1913 1471 sua
1930 1452 2007 1477 posset
2024 1449 2047 1472 in
2082 1468 2087 1472 .

1199 1488 1285 1511 Ordine
1297 1488 1430 1511 conservari
1447 1489 1496 1510 sine
1514 1489 1603 1511 macula
1621 1491 1643 1510 et
1660 1488 1752 1517 querela
1765 1491 1787 1510 et
1798 1488 1828 1511 ad
1842 1488 1914 1510 vitam
1931 1491 2048 1511 aeternam

1199 1528 1321 1557 proficere.
1333 1528 1377 1556 Qui
1395 1533 1480 1555 magno
1498 1533 1551 1549 cum
1569 1527 1672 1556 quodam
1690 1527 1790 1555 suspirio
1807 1527 1841 1549 sic
1857 1527 1992 1555 respondit:
2009 1527 2049 1550 Fili

1200 1567 1231 1589 mi
1248 1567 1351 1595 iuvenis⁷
1369 1567 1387 1588 si
1405 1566 1441 1588 vis
1457 1567 1507 1588 sine
1524 1567 1614 1588 macula
1638 1569 1660 1588 et
1682 1566 1731 1588 sine
1753 1565 1804 1588 lahe
1828 1566 1936 1589 infamiae
1957 1572 2049 1589 conser-

1200 1607 1249 1629 vari
1272 1607 1294 1628 in
1312 1606 1442 1634 RelIgione,
1461 1612 1498 1628 sex
1517 1605 1557 1628 tibi
1578 1605 1686 1628 mandata
1712 1606 1787 1628 recole
1809 1608 1832 1628 et
1856 1605 1995 1628 incessanter
2016 1612 2049 1628 re.-

1200 1651 1273 1674 pone‚
1296 1651 1357 1674 quae
1375 1645 1520 1667 documentis
1537 1647 1559 1667 et
1576 1645 1687 1673 exemplis
1708 1648 1841 1667 sanctorum
1868 1645 1959 1667 Petrum
1985 1651 2049 1668 acce-

1200 1684 1286 1712 pimus.

1264 1723 1352 1752 l‘rimo,
1369 1724 1429 1745 circa
1447 1723 1576 1745 orationem
1595 1725 1617 1745 et
1631 1723 1768 1746 Sanctorum
1780 1723 1902 1746 lectionem
1914 1729 2007 1751 semper
2018 1723 2049 1746 vi-

1200 1763 1258 1791 gila,
1277 1769 1338 1791 quae
1354 1763 1401 1785 duo
1419 1765 1443 1785 ut
1461 1762 1573 1790 perficere
1590 1762 1665 1790 possis
1690 1765 1713 1784 et
1738 1768 1782 1784 non
1800 1762 1912 1790 perdere,
1929 1762 2049 1785 ecclesiam

1200 1802 1268 1825 valde
1285 1803 1417 1831 frequenta,
1435 1802 1473 1824 die
1490 1804 1512 1824 et
1529 1804 1596 1824 nocte
1613 1802 1693 1824 cellam
1710 1801 1818 1824 continua
1831 1807 1901 1829 super
1918 1801 2007 1828 omnia,
2018 1801 2049 1823 ita

1200 1842 1263 1870 quod
1281 1844 1344 1864 extra
1361 1848 1411 1863 eam
1430 1841 1466 1863 vel
1485 1841 1605 1863 ecclesiam
1624 1847 1743 1870 nunquam
1761 1841 1884 1863 inveniaris
1901 1847 1954 1863 cum
1972 1840 2049 1869 aliquo

1200 1881 1288 1903 otiosus
1305 1881 1328 1903 in
1346 1881 1396 1907 via,
1421 1881 1458 1903 vel
1485 1880 1506 1902 in
1533 1880 1620 1908 platea,
1646 1880 1687 1902 sed
1709 1886 1816 1908 semper,
1834 1880 1898 1902 finito
1915 1879 1991 1902 officio
2012 1879 2049 1902 vel

1201 1920 1264 1943 finita
1281 1920 1423 1942 comestione
1439 1920 1477 1942 vel
1494 1920 1589 1942 servitio
1606 1920 1643 1942 vel
1660 1919 1753 1942 alterius
1770 1919 1916 1942 obedientiae
1933 1918 2050 1946 mandato,

1201 1960 1250 1982 sine
1267 1960 1343 1988 aliqua
1360 1966 1425 1982 mora
1443 1959 1582 1987 regrediaris
1598 1959 1628 1981 ad
1646 1959 1725 1981 cellam
1743 1959 1816 1981 oculis
1837 1958 1951 1981 inclinatis
1974 1961 1997 1980 et
2017 1957 2050 1980 ibi

1201 1999 1294 2027 redigas
1312 2002 1340 2021 te.
1357 2011 1388 2015 —
1406 1998 1526 2025 Secundo,
1550 1998 1609 2020 circa
1636 1999 1779 2020 honestatem
1804 1998 1881 2020 cordis
1906 2000 1928 2020 et
1945 1997 2050 2020 omnium

1202 2043 1313 2060 sensuum
1331 2038 1435 2065 corporis
1453 2037 1485 2060 tui
1502 2043 1572 2065 super
1589 2037 1667 2059 omnia
1685 2037 1767 2064 stude,
1790 2043 1850 2066 quae
1866 2036 1914 2059 duo
1932 2039 1956 2059 ut
1973 2036 2049 2059 valeas

1203 2077 1343 2105 adimplere,
1361 2083 1479 2105 nunquam
1498 2083 1551 2099 cum
1568 2077 1644 2105 aliqua
1664 2082 1761 2104 persona
1774 2076 1917 2104 spiritualem
1935 2075 2050 2098 familiari-

1202 2118 1272 2138 tatem
1290 2115 1387 2143 habeas,
1406 2115 1446 2137 sed
1465 2114 1574 2137 omnibus
1591 2115 1622 2137 sis
1639 2115 1784 2142 communis,
1796 2115 1825 2137 ita
1837 2115 1901 2144 quod
1913 2115 1988 2137 nullus
1999 2121 2050 2143 pos-

1202 2154 1231 2176 sit
1248 2154 1370 2176 advertere
1386 2156 1407 2176 te
1424 2153 1467 2176 nisi
1486 2159 1635 2175 communem
1653 2155 1676 2175 et
1693 2153 1745 2175 nulli
1763 2153 1898 2181 specialem,
1915 2152 1986 2175 modo
2003 2153 2050 2175 iam

1203 2193 1273 2216 dicto.
1292 2205 1323 2209 —
1340 2192 1430 2221 Tertio,
1448 2193 1508 2214 circa
1527 2192 1656 2215 custodiam
1675 2193 1768 2220 linguae
1785 2192 1969 2215 studiosissimus
1990 2195 2049 2219 esto,

1203 2232 1232 2255 ita
1249 2232 1326 2261 quod,
1343 2232 1438 2261 quando
1455 2234 1502 2254 stas
1518 2238 1572 2254 cum
1590 2232 1650 2258 aliis,
1667 2237 1786 2260 nunquam
1798 2232 1900 2260 loquaris
1911 2231 1955 2254 nisi
1972 2237 2051 2254 neces-

1203 2272 1273 2300 saria,
1290 2274 1312 2294 el
1330 2274 1383 2294 tunc
1402 2278 1446 2294 non
1464 2271 1506 2293 nisi
1524 2271 1656 2299 requisitus.
1674 2271 1719 2293 Nec
1736 2271 1817 2293 laudes
1838 2271 1939 2300 aliquem
1956 2276 2000 2293 nec
2016 2270 2050 2293 vi-

1204 2313 1297 2339 tuperes
1314 2310 1432 2333 absentem
1457 2311 1494 2332 vel
1516 2313 1674 2338 praesentem,
1691 2313 1881 2339 quantocumque
1898 2310 1979 2333 audias
1995 2310 2051 2333 alios

1203 2349 1286 2372 similia
1304 2349 1413 2371 dicentes.
1429 2361 1460 2365 —
1478 2349 1577 2377 Quarto,
1594 2349 1625 2371 sis
1642 2355 1733 2371 summe
1750 2349 1871 2378 sollicitus,
1889 2352 1914 2372 ut
1930 2354 2050 2378 nunquam

1203 2390 1289 2411 reseras
1306 2389 1343 2411 vel
1361 2388 1463 2417 loquaris
1479 2394 1533 2411 cum
1550 2388 1628 2417 aliquo
1645 2388 1675 2411 de
1692 2388 1727 2411 his
1743 2394 1804 2417 quae
1815 2388 1882 2411 audis
1893 2388 1924 2410 de
1934 2388 1995 2415 aliis,
2007 2388 2051 2410 nisi

1204 2428 1240 2450 illa
1257 2428 1303 2450 sint
1319 2427 1481 2450 aedificatoria.
1498 2439 1529 2443 —
1547 2427 1643 2456 Quinto,
1657 2430 1762 2450 versetur
1774 2427 1803 2449 ad
1815 2433 1855 2450 cor
1867 2429 1932 2450 tuum
1944 2428 2050 2456 frequen-

1204 2470 1237 2490 ter
1254 2467 1366 2490 memoria
1384 2466 1551 2489 beneficiorum
1573 2467 1612 2489 Dei
1635 2469 1657 2489 et
1677 2469 1826 2495 peccatorum
1844 2469 1937 2489 tuorum
1954 2469 1976 2489 et
1993 2466 2051 2489 desi-

1204 2507 1323 2529 deriorum
1341 2506 1441 2534 paradisi
1455 2509 1477 2528 et
1488 2512 1617 2534 poenarum
1630 2506 1723 2534 inferni,
1735 2506 1803 2528 etiam
1816 2506 1933 2534 omnium,
1945 2506 1984 2535 qui
1998 2508 2051 2528 sunt

1204 2546 1225 2568 in
1244 2546 1390 2568 tribulatione
1402 2545 1530 2572 constituti,
1548 2548 1570 2567 et
1586 2545 1655 2567 etiam
1672 2545 1817 2567 miseriarum
1830 2545 1918 2567 mundi.
1929 2557 1960 2561 —
1971 2546 2050 2572 Sexto,

1204 2585 1236 2607 sis
1252 2585 1361 2607 sollicitus
1378 2591 1423 2607 non
1441 2585 1544 2607 iudicare
1561 2584 1583 2607 in
1606 2584 1677 2607 corde
1698 2587 1738 2607 tuo
1755 2585 1791 2607 vel
1810 2590 1850 2606 ore
1866 2584 1909 2607 nisi
1928 2586 1949 2606 te
1965 2585 2051 2612 ipsum.

1204 2624 1266 2646 Haec
1283 2624 1377 2651 faciens,
1395 2623 1522 2646 salvaberis
1540 2623 1597 2646 inter
1615 2623 1728 2646 homines.

2065 575 2110 595 Laus
2123 583 2133 598 fl.
