2133 3317
5 485 62 506 nolio.

13 532 64 552 intel-

5 556 19 575 ii
28 555 64 580 pri-

0 1091 59 1111 artius.

3 1369 57 1389 Beda.

0 1652 56 1667 3111118.

542 214 739 243 OPUSCULUM
759 214 801 243 XI.
823 214 983 245 APOLOGIA
1004 216 1185 246 PAUPERUM.
1207 217 1274 246 CAP.
1297 217 1350 246 vll.

78 295 130 325 dici
150 294 261 323 doctore
285 293 346 330 piae
369 292 568 321 catholicorum
592 299 675 320 aures
698 291 858 321 abhorrent.
882 309 917 313 —

78 340 277 371 Attendendum
296 342 338 368 est
364 347 446 376 ergo,
473 338 549 376 quod
578 346 641 367 cum
670 339 788 375 Apostoli
815 339 919 368 fuerint

78 387 158 426 primi
172 386 345 424 fundatores
359 385 499 422 religionis
512 385 678 414 christianae
692 388 719 414 et
738 384 919 422 professores

78 433 251 472 perfectionis
271 432 412 466 excelsae,
433 431 619 468 professores,
648 432 777 469 inquam,
798 435 825 461 et
846 432 918 461 sicut

77 481 210 519 privatae
230 487 372 516 personae
398 481 426 507 et
457 478 529 507 sicut
552 478 734 515 ememplaria
754 478 917 516 quaedam,

79 526 216 565 praedicta
235 525 343 554 Domini
358 525 443 554 verba
457 525 609 562 intelligere
624 532 784 562 possumus,
805 525 844 554 eis
858 533 918 554 esse

79 574 149 603 dicta
169 575 300 609 tanquam
313 571 527 610 fundatoribus
541 572 707 601 christianae
721 572 877 609 religionis;
891 575 918 601 et

77 621 115 649 sic
135 619 328 656 intelliguntur
349 618 460 647 extendi
487 618 521 647 ad
549 626 652 647 omnes.
674 618 725 647 Sed
746 626 800 647 non
821 625 918 647 omnes

76 666 221 695 Christiani
242 668 401 699 arctantur,
416 668 448 694 ut
468 666 539 694 hanc
561 665 632 694 vitae
653 665 777 701 regulam
798 667 918 699 teneant,

76 714 146 742 sicut
166 712 315 741 Manichaei
337 711 405 741 falso
424 712 625 749 dogmatizant;
646 711 708 740 ideo
727 715 824 740 contra
844 712 918 748 ipsos

76 760 192 796 loquens
217 758 423 787 haereticorum
450 758 567 787 malleus
593 758 763 794 Augustinus
782 758 916 792 ostendit,

75 805 148 842 quod
168 805 236 834 haec
257 804 342 834 verba
362 804 562 842 spiritualiter
581 803 767 841 intelliyenda
786 808 872 838 sant,
895 804 916 833 si

75 851 113 881 sic
133 851 305 888 accipiantur
325 854 456 888 tanquam
477 851 607 879 omnihus
626 850 681 879 sint
702 853 856 887 praecepta.
879 867 917 871 -—

75 899 224 928 Possumus
254 898 335 927 etiam
367 898 534 934 intelligere,
559 897 698 934 praedicta
730 897 815 925 verba
845 896 918 926 dicta

74 945 158 974 fuisse
171 945 306 981 Apostolis
326 948 458 981 tanquam
479 943 696 980 exemplaribus
712 943 916 981 perfectionis,-

75 994 102 1021 et
115 991 154 1020 sic
174 991 368 1028 intelliguntur
389 998 438 1027 per
460 990 573 1019 modum
594 990 721 1024 consilii,
737 990 812 1027 quod
832 989 866 1018 de
887 998 916 1019 se

75 1046 128 1067 non
149 1038 263 1075 obligat,
284 1037 336 1066 nisi
362 1045 410 1066 eos
436 1037 484 1074 qui
506 1037 577 1065 hanc
599 1036 705 1065 vivendi
727 1036 845 1065 formam
869 1045 916 1065 vo-

74 1084 193 1114 luntarie
213 1084 380 1121 profitentur
407 1086 435 1112 et
456 1086 564 1112 vovent.
587 1100 624 1104 —
645 1083 798 1119 Intelligere
819 1090 916 1120 possu-

73 1139 136 1160 mus
156 1131 271 1167 insuper
291 1130 363 1159 dicta
384 1130 469 1158 fuisse
499 1130 632 1167 Apostolis
653 1130 725 1158 sicut
744 1130 831 1158 certis
848 1139 916 1167 per-

72 1178 151 1207 sonis
180 1177 335 1215 primisque
365 1176 601 1214 praedicatoribus
632 1176 804 1213 evangelicae
832 1176 914 1214 legis;

73 1227 99 1253 et
120 1223 174 1258 sic,
196 1231 260 1252 cum
281 1223 336 1252 duo
358 1223 534 1252 insinuentur
555 1222 583 1251 in
599 1223 690 1251 verbis
705 1223 774 1257 illis,
790 1223 916 1252 videlicet

72 1269 218 1299 abdicatio
241 1269 447 1306 temporalium
474 1272 502 1298 et
533 1269 654 1306 receptio
684 1269 914 1306 stipemliorum,

73 1317 194 1354 primum
222 1316 385 1353 intelligitur
413 1316 498 1345 fuisse
526 1319 730 1353 praeceptam,
758 1316 829 1345 sicut
850 1316 915 1345 dicit

73 1364 190 1392 textus²
211 1365 239 1392 et
258 1362 360 1391 Glossa.
382 1362 458 1391 Unde
480 1362 587 1391 Betim:
614 1374 627 1386 α
642 1362 729 1391 Missis
752 1362 785 1391 ad
807 1362 916 1399 praedi-

73 1409 190 1439 candum
211 1409 369 1446 discipulis,
392 1418 425 1437 ne
446 1408 518 1447 quid
537 1408 665 1437 tollerent
678 1409 709 1437 in
723 1409 783 1443 via,
797 1417 915 1446 praece-

70 1456 151 1493 pit».
173 1456 330 1485 Secundum
351 1459 445 1485 autem
466 1463 520 1484 non
542 1455 625 1484 fuisse
650 1459 845 1492 praeceptum,
867 1455 913 1484 sed

72 1511 237 1531 concessum
258 1503 316 1531 sive
333 1502 520 1539 permissam.
543 1501 619 1530 Unde
638 1501 733 1530 Glossa
747 1510 831 1538 super
846 1502 914 1530 illud

72 1549 200 1578 Lucae⁸:
221 1549 256 1577 In
277 1549 376 1577 eadem
390 1549 474 1577 domo
489 1552 601 1577 manete
615 1551 681 1577 etc:
701 1559 714 1573 ιι
729 1548 781 1585 Qui
802 1556 914 1578 saccum

72 1599 98 1625 et
118 1604 213 1633 peram
234 1596 378 1633 prohibuit
398 1598 507 1625 sumtus
534 1603 571 1624 ex
596 1595 798 1632 praedicatione
818 1603 915 1625 conce-

72 1643 148 1672 dit».
177 1660 216 1664 —
241 1643 272 1671 Et
293 1642 447 1671 Rabanus⁴
474 1650 559 1679 super
586 1642 770 1671 Matthaeum:
797 1642 915 1671 «Claret

71 1692 178 1724 autem,
198 1690 252 1718 hoc
271 1688 419 1718 Dominum
439 1697 498 1717 noct
511 1689 554 1717 ita
565 1689 761 1726 praecepisse,
783 1691 914 1726 tanquam

72 1736 253 1773 evangelistae
274 1736 369 1765 vivere
398 1735 509 1764 aliunde
540 1743 596 1764 non
615 1735 748 1769 debeant,
770 1743 853 1772 quam
874 1735 914 1764 eis

72 1782 284 1820 praebentibus,
315 1782 418 1820 quibus
445 1783 610 1811 annuntiant
635 1782 828 1819 Evangelium3
849 1782 916 1810 alio-

72 1829 139 1866 quin
160 1831 255 1858 contra
275 1829 328 1858 hoc
348 1831 527 1866 praeceptum
547 1829 611 1858 fecit
624 1829 782 1865 Apostolus,
805 1829 853 1866 qui
874 1829 914 1858 vi-

72 1879 149 1904 ctum
162 1875 196 1904 de
209 1883 343 1904 manuum
365 1883 481 1904 suarum
502 1875 646 1904 laboribus
665 1875 845 1912 transigebam
868 1875 915 1904 sed

69 1925 239 1959 potestatem
260 1921 386 1956 dedisse,
407 1922 435 1950 in
458 1929 514 1958 qua
535 1921 637 1950 scirent
658 1921 709 1950 ista
739 1921 790 1950 sibi
811 1921 914 1950 deberi.

73 1968 142 1997 Cum
162 1971 254 1997 autem
276 1971 397 2005 potestas
424 1968 522 2002 datur,
546 1968 608 1997 licet
628 1968 731 2005 cuique
750 1976 805 1997 non
826 1968 867 1997 uti
889 1971 916 1997 et

74 2018 204 2052 tanquam
225 2015 259 2044 de
280 2015 341 2044 iure
362 2022 413 2044 suo
434 2015 570 2044 cedere».
586 2015 656 2043 llaec
670 2015 806 2044 Rabanus.
820 2031 860 2037 —-
875 2015 915 2043 Ex

74 2061 118 2090 his
130 2061 274 2090 manifeste
288 2061 426 2098 colligitur
435 2084 442 2095 ,
457 2061 531 2098 quod
546 2061 685 2098 praedicta
698 2061 806 2090 Domini
831 2061 916 2090 verba

74 2107 153 2136 iuxta
174 2107 406 2137 considerationes
427 2107 591 2144 praemissas
618 2108 732 2145 intelligi
754 2110 869 2145 possunt
889 2111 917 2137 et

72 2154 268 2191 spiritualiter
295 2157 323 2183 et
350 2155 390 2183 ad
418 2155 543 2183 litteram
574 2158 601 2183 et
632 2158 663 2183 ut
684 2154 814 2183 consulta
837 2158 864 2183 et
885 2158 916 2183 ut

70 2204 227 2238 praecepta
248 2204 275 2230 et
295 2204 326 2230 ut
346 2201 499 2238 permissa.
516 2201 628 2238 Propter
647 2201 721 2238 quod
741 2201 830 2230 omnis
851 2209 915 2230 con-

137 2411 145 2424 ¹
163 2412 230 2435 Marc.
247 2413 273 2440 6,
291 2412 317 2434 8:
334 2413 360 2434 Et
377 2413 493 2440 praecepit
504 2413 549 2440 eis,
563 2419 590 2435 ne
602 2413 658 2442 quid
670 2413 772 2436 tollerent
790 2414 810 2435 in
825 2414 861 2435 ria
873 2417 916 2436 etc.

75 2451 178 2473 Glossam
197 2451 251 2473 vide
267 2452 336 2479 paulo
355 2451 456 2474 inferius.
469 2464 500 2468 —
512 2452 623 2480 Superius
640 2458 682 2480 pro
694 2452 865 2482 stipendiorum
877 2453 916 2481 (ila

75 2488 174 2512 ABCD
189 2492 211 2512 et
228 2489 265 2512 ed.
283 2490 305 2518 1)
324 2490 375 2512 Vat.
392 2493 414 2512 et
430 2490 468 2512 ed.
486 2491 500 2512 2
517 2489 702 2519 dispendiorum.

136 2526 146 2540 ²
162 2527 224 2550 Libr.
240 2528 277 2550 Vl.
295 2528 318 2550 in
335 2529 389 2551 Luc.
407 2529 448 2555 22,
466 2529 510 2556 36‚-
526 2529 581 2551 ride
598 2529 691 2551 interius
708 2535 730 2551 n.
746 2529 782 2551 39.
796 2529 864 2551 huius
881 2535 916 2552 ca-

75 2565 153 2593 pituli,
171 2566 210 2589 ubi
229 2567 317 2595 integer
333 2568 397 2590 locus
414 2568 490 2590 nedae
510 2568 610 2590 affertur.
632 2568 748 2595 Alleg-atur
765 2569 833 2591 Marc.
850 2569 877 2595 6,
895 2569 916 2591 8.

75 2604 120 2627 cfr.
137 2605 160 2628 ll.
178 2605 199 2627 in
217 2606 284 2628 Marc.
302 2607 328 2633 6,
346 2608 368 2629 8.
385 2610 407 2629 et
424 2607 456 2629 111.
474 2607 495 2629 in
514 2607 567 2629 Luc.
586 2608 622 2633 110,
641 2607 662 2629 4.

137 2642 147 2656 ⁸
163 2643 218 2672 Cap.
237 2645 273 2672 10,
290 2645 312 2667 7.
329 2646 408 2668 Glossa
425 2649 459 2668 est
476 2645 600 2668 ordinaria
613 2651 639 2667 ex
651 2646 754 2673 Greg01·.,
767 2646 780 2667 l.
794 2646 875 2668 lloniil.
894 2646 916 2668 in

76 2682 161 2710 Erang.
179 2683 257 2705 homil.
275 2683 310 2706 17,
329 2690 351 2706 n.
368 2684 395 2712 7,
412 2690 482 2713 quein
495 2685 598 2713 sequitur
610 2684 670 2706 Beda
679 2702 684 2712 ,
696 2685 729 2706 111.
741 2684 762 2706 in
774 2685 828 2706 Luc.
842 2684 882 2711 to,
895 2684 917 2706 6.

137 2720 148 2734 ⁴
165 2721 226 2744 Libr.
243 2723 276 2744 lli.
292 2723 314 2744 in
332 2723 409 2745 Matth.
428 2723 463 2750 to,
481 2723 502 2745 9.
520 2729 577 2752 seq..
594 2722 634 2745 ubi
651 2723 754 2751 sequitur
772 2724 875 2751 August„
893 2723 918 2745 11.

77 2760 108 2782 de
121 2759 238 2783 Consensu
257 2762 394 2790 evangelist.
411 2768 431 2784 c.
457 2762 493 2784 30.
520 2769 542 2784 n.
563 2762 600 2784 73.
626 2762 754 2790 Respicitur
771 2763 820 2784 Act.
843 2762 877 2788 18,
895 2762 916 2784 3.

78 2798 127 2825 (cfr.
143 2799 181 2826 20,
198 2799 234 2822 34.
252 2802 274 2822 et
291 2801 305 2822 1·.
322 2799 374 2823 Cor.
393 2800 414 2827 4,
435 2801 480 2828 ¹2.)
498 2800 527 2823 de
545 2800 621 2823 Paulo.
641 2799 742 2822 Vocibus
762 2799 821 2823 Cum
838 2801 916 2823 autem

77 2840 149 2860 textus
165 2838 281 2866 originalis
298 2839 431 2867 praemittit:
449 2839 507 2862 Cum
524 2843 600 2861 autem
626 2845 638 2861 a
656 2839 754 2861 Domino
771 2839 856 2868 aliquid
878 2839 919 2861 im-

77 2878 177 2904 peratur,
194 2877 237 2899 nisi
254 2877 300 2904 flat,
318 2877 485 2900 inobedientiae
502 2878 569 2906 culpa
587 2881 627 2900 est.

139 2914 148 2927 ⁵
166 2916 234 2943 Epist.
253 2916 289 2938 5-2.
308 2916 372 2943 (alias
390 2917 421 2945 2.)
440 2923 462 2938 n.
479 2916 501 2939 5.
519 2917 576 2939 Vide
594 2917 662 2944 paulo
679 2916 773 2938 interius
789 2919 866 2938 notam
883 2915 905 2938 7.

138 2952 148 2965 ⁶
166 2953 225 2976 Libr.
244 2955 267 2976 11.
285 2954 368 2976 lloniil.
386 2955 407 2976 in
426 2955 514 2982 Erang.
533 2955 612 2977 homil.
628 2954 665 2976 3⁶2.
682 2961 704 2976 n.
721 2955 742 2976 2.
754 2966 785 2971 -—
797 2954 844 2976 Col.
856 2955 877 2981 3,
890 2954 917 2976 9:

79 2992 243 3022 Exspoliantes
260 2999 302 3015 vos
319 2997 420 3016 veterem
438 2994 554 3016 hominem
571 3000 624 3016 cum
642 2993 731 3016 actibus
748 2993 803 3016 suis.

1761 221 1818 249 279

977 294 1126 323 trarietatis
1146 294 1285 323 calumnia
1304 295 1339 324 de
1359 295 1450 324 medio
1464 296 1587 331 tollitur,
1602 296 1624 325 si
1639 296 1816 326 multiformis

975 340 1061 369 huius
1079 341 1246 378 acceptionis
1266 341 1444 379 intelligentia
1465 350 1530 371 sane
1551 342 1686 379 capiatur.

1053 388 1100 415 21.
1122 387 1167 416 llis
1187 387 1270 416 etiam
1291 396 1344 416 non
1375 388 1484 417 obsistit
1515 389 1581 418 illud
1605 389 1760 426 Hieronymi
1782 389 1816 418 ad

975 432 1156 469 Nepotianum
1166 433 1187 467 ⁵,
1216 434 1264 462 ubi
1290 434 1369 468 dicit,
1390 435 1463 471 quod
1489 446 1501 460 a
1518 435 1613 464 vivens
1639 435 1673 464 de
1704 435 1817 465 decimis

974 482 1001 507 et
1021 479 1116 508 altaris
1137 479 1273 509 oblatione
1294 483 1479 515 sustentatus,
1502 482 1603 511 nudam
1625 489 1737 511 crucem
1765 491 1818 511 nu-

974 525 1027 554 dus
1047 526 1175 563 sequitur
1185 538 1213 560 ι),
1228 529 1358 564 tanquam
1374 528 1510 564 perfectae
1524 529 1696 566 paupertatis
1709 537 1817 559 summa

974 572 1105 601 consistat
1125 572 1153 601 in
1175 573 1291 602 vivendo
1310 573 1345 602 de
1358 573 1472 603 decimis
1492 579 1519 603 et
1533 575 1730 610 oblationibus,
1746 576 1818 605 sicut

974 618 1129 647 sacerdotes
1150 622 1177 648 et
1197 619 1289 648 clerici
1315 620 1420 649 vivunt.
1445 638 1481 642 —
1503 621 1548 650 Est
1568 622 1642 650 enim
1670 623 1817 659 multiplex

974 664 1077 701 gradus
1102 668 1130 694 et
1156 665 1310 695 differentia
1335 667 1482 702 nuditatis,
1510 671 1538 697 et
1564 668 1617 696 alia
1643 669 1754 706 quidem
1776 672 1818 698 est

974 711 1088 745 cordis,
1109 712 1162 740 alia
1182 713 1280 741 cordis
1300 717 1325 741 et
1352 714 1494 751 corporis.
1522 714 1636 743 Nuditas
1656 715 1754 744 cordis
1775 719 1816 744 est

974 765 1024 794 per
1045 759 1272 795 exspoliationem
1293 760 1408 797 spiritus
1428 760 1464 789 ab
1477 761 1551 789 omni
1568 769 1699 797 perverso
1717 762 1816 791 affectu

974 804 1105 833 avaritiae
1126 807 1153 833 et
1173 805 1340 842 cupiditatis.
1362 806 1393 834 Et
1420 806 1454 836 de
1476 807 1527 835 hac
1548 807 1697 844 Gregorius
1718 808 1745 836 in
1767 808 1816 836 ho-

974 850 1086 879 milia⁶:
1113 862 1127 876 «t
1141 851 1211 880 Nudi
1232 860 1296 881 cum
1317 853 1392 881 nudo
1413 853 1512 882 luctari
1533 854 1682 888 debemus,
1704 855 1778 892 quia,
1794 855 1815 883 si

974 897 1090 925 vestitus
1110 898 1229 934 quisque
1250 906 1313 927 cum
1345 899 1419 927 nudo
1445 900 1582 934 luctatur,
1604 900 1686 929 citius
1706 902 1740 930 ad
1762 905 1817 930 ter-

974 950 1033 971 ram
1055 943 1200 977 dejicitur,
1221 944 1287 981 quia
1301 944 1396 979 habet,
1412 945 1485 974 unde
1506 949 1633 975 teneatur
1644 959 1670 975 ι».
1688 948 1740 976 Hoc
1755 948 1816 985 qui-

973 988 1035 1017 dem
1060 990 1223 1026 intelligitur
1253 991 1419 1027 generaliter
1450 992 1555 1021 dictum
1587 993 1717 1022 omnibus
1738 994 1816 1022 Chri-

973 1036 1076 1064 stianis.

1051 1084 1097 1111 22.
1120 1083 1233 1112 Nuditas
1252 1086 1346 1113 autem
1368 1085 1466 1113 cord-is
1485 1089 1511 1114 et
1524 1086 1658 1122 corporis
1679 1086 1815 1123 triplicem

973 1129 1056 1158 habet
1075 1129 1202 1166 gradum.
1225 1130 1291 1159 Nam
1312 1131 1447 1168 quaedam
1468 1135 1509 1160 est
1537 1141 1662 1170 mayna,
1683 1141 1754 1170 quae
1775 1137 1815 1162 at-

972 1176 1097 1205 tenditur
1116 1176 1143 1204 in
1174 1176 1327 1206 abiectione
1356 1178 1445 1207 omnis
1472 1179 1673 1216 superfluitatis
1703 1184 1730 1209 et
1751 1188 1815 1217 pro-

972 1222 1118 1259 prietariae
1139 1223 1328 1260 possessionis.
1350 1224 1380 1252 Et
1401 1224 1485 1259 haec,
1507 1233 1675 1263 quamquam
1697 1235 1751 1254 non
1780 1227 1815 1255 sit

971 1268 1005 1297 de
1025 1269 1203 1303 necessitate,
1224 1273 1266 1298 est
1292 1272 1383 1299 tamen
1411 1271 1445 1300 de
1472 1272 1652 1309 congruentia
1680 1276 1767 1302 status
1788 1276 1815 1301 et

971 1315 1076 1344 ordinis
1097 1316 1239 1345 clericalis.
1254 1316 1286 1345 Et
1307 1317 1341 1345 de
1362 1317 1413 1346 hac
1434 1318 1615 1355 Hieronymus
1636 1319 1669 1347 ad
1691 1320 1814 1356 Nepotia-

971 1370 1039 1391 num
1052 1362 1077 1390 ⁷:
1104 1374 1118 1388 α
1133 1363 1159 1391 Si
1180 1366 1273 1392 autem
1295 1371 1345 1400 ego
1370 1372 1447 1400 pars
1468 1365 1587 1394 Domini
1606 1373 1668 1394 sum
1689 1370 1715 1394 et
1734 1365 1815 1403 funi-

971 1409 1057 1437 culus
1087 1408 1256 1438 hereditatis
1284 1410 1364 1444 eius,
1386 1418 1436 1440 nec
1467 1411 1580 1449 accipio
1602 1415 1718 1449 partem
1740 1413 1815 1442 inter

971 1459 1082 1484 ceteras
1103 1456 1214 1490 tribus,
1236 1456 1283 1485 sed
1304 1457 1383 1494 quasi
1405 1458 1487 1487 levita
1507 1461 1534 1487 et
1555 1459 1683 1488 sacerdos
1704 1460 1767 1488 vivo
1781 1460 1815 1488 de

971 1501 1099 1537 decimis,
1115 1505 1142 1531 et
1155 1503 1234 1531 altari
1256 1503 1426 1536 deserviens,
1448 1504 1542 1533 altaris
1556 1505 1693 1534 oblatione
1707 1509 1815 1535 susten-

972 1551 1031 1583 tor,
1052 1549 1157 1578 hahens
1178 1549 1282 1578 victum
1304 1553 1331 1579 et
1347 1551 1492 1585 vestitum,
1508 1551 1552 1580 his
1566 1555 1712 1581 contentus
1726 1561 1774 1581 ero
1788 1556 1815 1582 et

971 1595 1073 1624 nudam
1095 1603 1207 1625 crucem
1228 1596 1322 1625 nudus
1341 1604 1479 1634 sequar».
1502 1613 1540 1619 —
1561 1598 1607 1627 Est
1627 1602 1654 1627 et
1684 1599 1736 1628 alia
1763 1608 1815 1628 nu-

971 1641 1042 1671 ditas
1062 1643 1176 1677 maior,
1199 1651 1271 1680 quae
1291 1651 1345 1672 non
1377 1644 1467 1672 solum
1495 1645 1620 1674 consistit
1640 1645 1667 1673 in
1690 1645 1747 1680 his,
1770 1654 1816 1675 ve-

972 1696 1036 1717 rum
1058 1689 1140 1718 etiam
1161 1689 1188 1717 in
1210 1689 1381 1719 abdicatione
1402 1691 1545 1727 potestatis
1575 1691 1730 1728 possidendi
1752 1700 1815 1729 pro-

972 1735 1066 1772 prium
1086 1739 1113 1764 et
1141 1736 1321 1773 abnegatione
1347 1737 1476 1774 propriae
1505 1738 1668 1772 voluntatis3
1690 1742 1718 1767 et
1749 1739 1816 1768 haec

972 1782 1103 1819 competit
1124 1783 1299 1820 regularibus
1320 1787 1348 1813 et
1368 1785 1534 1819 coenobitis,
1555 1785 1590 1814 de
1610 1794 1665 1822 qua
1687 1786 1817 1822 Hierony-

972 1836 1035 1857 mus
1056 1829 1089 1858 ad
1111 1829 1308 1858 Heliodorum8
1329 1830 1384 1859 ait:
1410 1842 1425 1856 α
1439 1831 1505 1860 Nolo
1526 1831 1708 1868 pristinarum
1723 1840 1817 1861 neces-

973 1875 1126 1904 situdinum
1147 1876 1320 1911 recorderis;
1341 1877 1430 1906 nudos
1450 1880 1525 1906 amat
1545 1886 1657 1908 eremus
1671 1890 1698 1907 n.
1714 1878 1815 1907 Nudos

972 1921 1099 1959 intelligit
1119 1930 1173 1951 non
1195 1923 1284 1951 solum
1305 1931 1321 1951 a
1342 1923 1504 1952 facultatum
1518 1925 1755 1961 appropriatione,
1770 1932 1816 1954 ve—

972 1976 1036 1997 rum
1057 1969 1139 1997 etiam
1161 1977 1177 1997 a
1197 1969 1309 2006 propria
1330 1970 1487 2005 voluntate,
1508 1971 1589 1999 iuxta
1602 1971 1671 2000 illud
1685 1971 1815 2000 Bernardi

972 2015 1006 2044 de
1026 2015 1167 2053 Colloqnio
1188 2016 1306 2046 Simonis
1333 2019 1360 2046 et
1388 2017 1487 2046 lesu⁹z
1513 2028 1527 2042 ιι
1541 2018 1596 2054 Age
1616 2025 1697 2055 ergo,
1719 2021 1746 2047 et
1767 2019 1815 2055 qui

973 2061 1131 2099 relinquere
1152 2063 1243 2091 omnia
1273 2063 1412 2100 disponis,
1442 2066 1468 2093 te
1498 2072 1612 2101 quoque
1638 2065 1710 2094 inter
1733 2066 1815 2094 relin-

972 2108 1081 2145 quenda
1107 2117 1255 2138 numerare
1276 2113 1429 2144 memento,
1450 2110 1535 2139 immo
1559 2118 1626 2140 vero
1647 2111 1767 2140 maxime
1789 2115 1816 2141 et

972 2155 1161 2192 principaliter
1182 2155 1287 2193 abnega
1308 2157 1496 2193 temetipsum,
1518 2157 1540 2186 si
1571 2157 1708 2186 deliberas
1737 2158 1814 2195 sequi

972 2209 1037 2230 eum
1064 2202 1112 2239 qui
1143 2203 1306 2231 exinaniuit
1336 2207 1449 2240 propter
1477 2207 1503 2233 te
1531 2205 1714 2242 semetipsum
1729 2218 1755 2233 ».
1777 2221 1815 2226 —

1035 2414 1043 2427 ⁷
1061 2415 1130 2443 Epist.
1149 2415 1187 2437 52.
1205 2415 1270 2443 (alias
1287 2417 1317 2444 ⁵2.)
1335 2422 1357 2438 n.
1376 2416 1397 2438 5.
1415 2417 1437 2438 ln
1455 2416 1568 2444 principio
1586 2416 1708 2444 respicitur
1726 2419 1815 2444 etymo-

972 2453 1031 2480 logia
1049 2453 1151 2475 nominis
1167 2453 1280 2481 cleiicus,
1296 2460 1367 2482 quam
1380 2454 1471 2476 Hieron.
1485 2453 1539 2476 ibid.
1552 2454 1681 2482 praemisit:
1696 2463 1707 2474 α
1717 2454 1739 2476 Si
1752 2454 1813 2476 enim

972 2491 1057 2520 κλῆρος
1073 2492 1171 2518 Graece,
1188 2497 1242 2515 sors
1259 2492 1338 2514 Latine
1353 2493 1489 2520 appellatur,
1507 2495 1630 2520 propterea
1647 2495 1760 2515 vocantur
1771 2493 1813 2516 cle·

972 2529 1023 2557 rici,
1041 2530 1077 2552 vel
1094 2530 1149 2559 quia
1162 2531 1191 2553 de
1207 2533 1268 2553 sorte
1280 2533 1333 2553 sunt
1344 2531 1442 2558 Domini,
1454 2531 1491 2553 vel
1501 2531 1555 2560 quia
1568 2531 1617 2559 ipse
1630 2531 1741 2553 Dominus
1752 2537 1813 2558 sors,

973 2568 995 2590 id
1013 2571 1047 2590 est
1069 2574 1123 2596 pars
1148 2569 1283 2591 clericorum
1306 2572 1348 2591 est.
1370 2569 1413 2597 Qui
1438 2572 1516 2592 autem
1533 2569 1569 2591 vel
1588 2569 1638 2597 ipse
1654 2575 1707 2597 pars
1725 2570 1813 2592 Domini

973 2610 1017 2634 est,
1036 2607 1071 2630 vel
1088 2607 1213 2629 Dominum
1231 2610 1319 2635 partem
1338 2607 1419 2635 habet,
1437 2608 1504 2630 talem
1521 2614 1546 2630 se
1567 2608 1675 2631 exhibere
1691 2608 1772 2635 debet,
1791 2611 1815 2631 ut

973 2648 995 2668 et
1012 2646 1061 2674 ipse
1086 2646 1202 2673 possideat
1228 2646 1349 2668 Dominum
1375 2649 1397 2668 et
1422 2646 1567 2674 possideatur
1592 2652 1604 2669 a
1630 2647 1727 2669 Domino
1740 2656 1751 2667 »
1771 2650 1813 2670 etc.

973 2684 1038 2706 Dent.
1055 2685 1097 2712 3⁴2,
1115 2685 1140 2706 9:
1159 2685 1212 2707 Pars
1228 2687 1305 2707 autem
1322 2685 1415 2707 Domini
1431 2685 1532 2713 populus
1548 2685 1605 2712 eius,
1623 2685 1690 2708 iacob
1702 2686 1815 2708 funiculus

973 2723 1104 2745 hereditatis
1120 2723 1177 2745 eius.
1194 2723 1238 2745 Ctr.
1256 2724 1290 2745 ΡΞ.
1310 2724 1346 2750 115,
1364 2723 1386 2746 5.
1403 2723 1506 2746 Subinde
1522 2724 1676 2752 respiciuntur
1692 2725 1758 2747 Num.
1777 2725 1813 2752 iS,

973 2762 1010 2784 20.
1028 2768 1092 2790 seqq.
1110 2762 1159 2788 (cfr.
1178 2763 1242 2784 Deut.
1261 2763 1300 2789 to,
1318 2763 1343 2790 9;
1362 2763 1399 2789 ⁴8,
1418 2763 1438 2785 sl.
1455 2769 1512 2791 seq„
1530 2763 1595 2785 losue
1613 2763 1648 2792 16,
1667 2764 1713 2793 3.);
1731 2764 1745 2786 l.
1763 2763 1813 2786 Cor.

973 2801 1000 2827 9,
1019 2801 1054 2823 13.
1073 2803 1094 2823 et
1113 2801 1126 2822 1.
1144 2801 1204 2822 Tim.
1221 2801 1242 2828 6,
1260 2801 1283 2823 8.

1035 2838 1044 2851 ⁸
1061 2839 1131 2867 Epist.
1152 2839 1185 2861 14.
1204 2839 1267 2868 (alias
1288 2840 1317 2867 1.)
1336 2846 1358 2862 n.
1377 2840 1401 2861 l:
1420 2840 1475 2862 Nolo
1492 2840 1639 2868 pristinarum
1653 2841 1813 2864 necessitatum

973 2878 1101 2900 recorderis
1117 2881 1160 2900 etc.

1034 2915 1044 2928 ²³
1061 2917 1114 2938 Sive
1132 2917 1293 2939 Declamation.
1310 2920 1353 2940 etc.
1371 2918 1419 2945 (cfr.
1437 2923 1506 2945 supra
1525 2924 1577 2946 pag.
1597 2918 1638 2945 45,
1656 2922 1709 2940 nota
1730 2919 1760 2947 8.)
1782 2918 1815 2940 111.

973 2961 993 2977 n.
1012 2954 1033 2976 3.
1051 2955 1166 2982 Allegatur
1184 2955 1239 2978 Phil.
1258 2956 1285 2983 2,
1302 2955 1324 2978 7.

1830 395 1872 414 Non
1891 396 1963 415 dissen-

1795 436 1800 440 ,
1838 419 1861 437 tit
1874 419 1964 443 [lierony-

1836 447 1883 461 mus.

1866 628 1962 652 Multiplex

1830 652 1898 675 gradus
1907 652 1962 670 huius

1830 675 1927 694 nuditatis.

1834 721 1914 740 Nuditas
1923 726 1962 740 cor·

1878 745 1914 763 dis.

1832 1096 1905 1115 Gradus
1924 1102 1957 1115 nu—

1839 1119 1903 1145 ditatis
1911 1125 1951 1138 cor-

1838 1142 1867 1161 dis
1880 1145 1899 1161 et
1911 1148 1952 1162 coi·-

1847 1167 1898 1192 poris
1911 1169 1940 1185 est

1828 1189 1903 1213 triplex.
1914 1190 1954 1208 Pri-

1866 1218 1914 1231 mus.

1832 1607 1936 1627 Secundus.
