2133 3317
11 864 78 886 Primo,

21 888 78 908 Deum

20 970 83 1007 exstit:z

8 1009 46 1024 nom
54 1006 84 1022 tri-

4 1033 9 1048 t
19 1026 66 1047 vitii.

20 1306 79 1334 ptum

421 218 617 248 OPUSCULUM
637 217 714 246 XVll.
736 217 846 246 SERMO
868 217 970 246 SUPER
991 217 1145 246 REGULAM
1165 217 1318 246 FRATRUM
1339 216 1501 246 MlNORUM.

93 306 206 328 mensus
233 300 275 327 est
302 298 371 334 Papa
399 296 550 330 Honorius,
578 295 626 332 qui
654 302 713 323 eam
742 294 933 328 confirmavit3

93 345 223 384 quoniam
245 345 292 381 qui
313 342 541 381 perseveraverit
561 342 587 370 in
609 349 641 370 ea
668 349 758 379 usque
779 341 810 369 in
831 341 934 377 finem,

93 392 139 421 liic
158 391 260 420 salvus
280 391 352 424 erit,
374 389 525 418 secundum
548 388 622 425 quod
642 388 744 417 dicitur
765 388 793 416 in
814 388 867 416 fine
888 387 935 416 de-

93 439 155 468 cimi
171 437 296 474 capituli,
318 436 470 465 secundum
492 435 566 472 quod
581 435 646 463 dicit
667 435 836 472 Augustinus
849 442 935 471 expo-

93 484 182 514 nendo
203 483 324 520 primum
345 482 496 519 capitulum
520 490 586 510 suae
607 482 733 518 Regulae.

171 530 197 559 3.
220 530 323 566 Regula
348 529 419 558 idem
440 532 481 558 est
509 528 583 565 quod
605 536 716 563 norma;
738 531 765 557 et
792 528 893 557 dicitur
921 536 937 556 a

94 577 271 615 regula-ndo,
293 576 359 613 quia
380 583 429 612 per
447 583 507 604 eam
529 575 670 604 subiectus
691 575 807 612 quilibet
828 575 937 611 regula-

95 627 158 658 tur,
179 623 283 652 seilicet
310 622 400 659 quoad
429 622 516 651 Deum
529 623 547 650 ¹.
576 621 696 658 Quilibet
723 624 815 650 autem
843 621 937 649 Frater

54 677 59 682 ·
95 679 144 709 per
165 670 296 707 Regulam
317 677 394 698 suam
417 668 635 706 quadrupliciter
656 668 813 704 regulatur,
835 667 939 696 scilicet

76 714 184 755 'quoad
208 717 312 750 Deum,
334 715 424 753 quoad
445 715 604 749 mundum,
626 714 716 751 quoad
737 723 766 743 se
787 714 884 751 ipsum
912 718 939 743 et

94 764 183 802 quoad
204 763 331 801 fratrem
352 771 439 791 suum
452 763 471 790 ².

172 811 198 839 [ι.
224 809 319 846 Quoad
348 810 440 838 Deum
468 808 702 846 quadrupliciter:
731 808 821 844 primo
849 807 939 844 quoad

95 856 332 893 exstirpationem
353 855 484 883 omnium
498 854 652 888 vitiorum,
668 854 733 890 quia
749 854 821 882 Deus
836 856 863 882 et
877 853 940 881 Fra-

96 906 138 932 ter
159 903 274 931 vitiosus
295 910 349 930 non
377 901 459 930 simul
487 900 660 934 cohabitant,
683 900 754 929 sicut
775 900 825 928 lux
854 902 881 928 et
901 903 940 928 te-

96 950 197 983 nebra,
219 950 284 986 quia
306 949 382 977 Deus
404 948 456 976 tux
476 952 517 976 est
528 948 549 981 ³,
571 950 598 976 et
620 947 733 976 tenebra
750 946 857 975 vitium.
881 946 941 975 ideo

96 997 162 1026 dicit
182 996 338 1033 Apostolus:
363 996 444 1031 Quae
464 994 611 1023 conventio
633 994 706 1022 lueis
727 994 767 1022 ad
788 993 941 1022 tenebras?

96 1043 157 1072 Ideo
179 1043 276 1072 beatus
296 1042 457 1070 Francisous
471 1049 552 1069 omne
572 1041 675 1069 vitium
692 1040 822 1077 relegavit
843 1040 878 1068 ab
893 1039 941 1068 Or-

95 1090 158 1119 dine
179 1089 300 1126 capitulo
321 1088 442 1117 decimo:
462 1099 476 1113 α
491 1088 629 1116 Admoneo
642 1091 670 1116 et
690 1087 825 1116 exhortor
846 1094 942 1115 omnes

96 1137 204 1166 Fratres
225 1144 300 1164 meos
322 1135 348 1164 in
370 1135 486 1163 Domino
508 1135 567 1163 lesu
582 1134 704 1168 Christo,
727 1137 758 1162 ut
779 1137 893 1163 caveant
907 1134 942 1162 ab

95 1183 170 1212 omni
193 1182 324 1220 superbia
337 1193 369 1216 »;
390 1185 417 1210 et
435 1182 522 1218 tangit
543 1181 578 1210 ibi
596 1181 697 1218 triplex
720 1181 817 1210 vitium
840 1181 941 1218 princi-

96 1230 175 1267 pale:
191 1229 281 1266 quoad
298 1229 403 1262 Deum,
425 1228 515 1265 quoad
530 1228 702 1256 mundumet
731 1228 821 1265 quoad
840 1228 942 1264 prosci-

96 1285 187 1305 mum.
209 1276 304 1312 Quoad
328 1276 418 1304 Deum
435 1275 521 1312 tangit
541 1279 666 1303 matrem
687 1278 714 1303 et
731 1274 856 1312 prolem,
878 1282 942 1303 cum

55 1343 60 1348 -
97 1323 177 1353 dicit:
204 1335 218 1348 α
232 1323 270 1352 Ab
290 1323 364 1351 omni
386 1322 515 1359 superbia
531 1334 558 1356 n,
580 1330 651 1359 quae
678 1325 720 1350 est
740 1324 841 1355 mater,
868 1333 881 1346 «
896 1329 943 1349 va-

97 1378 132 1399 na
146 1370 248 1407 gloria,
269 1369 371 1398 invidia
385 1380 413 1403 ι),
435 1377 506 1406 quae
527 1372 593 1397 sunt
614 1368 705 1405 proles
726 1368 885 1404 superbiae,
901 1376 942 1396 se-

97 1417 219 1446 cundum
242 1416 436 1453 Gregorium4.
459 1416 490 1444 Et
511 1415 650 1452 signanter
671 1415 755 1443 dicit:
781 1426 794 1439 «
810 1415 848 1443 Ab
869 1415 942 1443 omni

98 1463 228 1501 superbia
238 1475 266 1497 n,
281 1463 346 1500 quia
360 1462 490 1499 superbia
505 1465 546 1491 est
565 1465 693 1498 respectu
710 1462 883 1498 superioris,
900 1462 944 1489 in-

96 1509 217 1548 ferioris
238 1513 265 1539 et
284 1509 378 1547 paris.
394 1509 468 1538 Unde
489 1517 574 1546 super
589 1508 656 1537 illud
678 1509 760 1537 lob⁵:
777 1508 943 1536 Parentum

98 1557 202 1586 oceidit
233 1556 362 1590 invidia,
387 1556 453 1584 dicit
483 1555 649 1592 Gregorius:
675 1555 846 1591 «Superbus
874 1554 944 1583 invi-

99 1604 145 1633 det
164 1603 386 1641 superioribus,
408 1603 474 1640 quia
495 1610 548 1630 non
570 1605 708 1639 aequatur
729 1602 783 1635 eis,
801 1601 943 1638 paribus,

100 1650 166 1687 quia
186 1652 342 1686 aequantur
363 1649 401 1683 ei,
422 1648 626 1686 inferioribus,
648 1655 682 1676 ne
703 1651 858 1684 aequentur
879 1647 942 1676 ei».

99 1696 161 1725 Ideo
181 1696 247 1725 dicit
278 1695 446 1733 Augustinus
477 1695 548 1724 libro
575 1698 672 1723 octavo
702 1694 736 1723 de
766 1694 943 1723 Trinitatess:

102 1918 143 1945 40,
161 1918 198 1940 22.
211 1917 262 1945 (24,
276 1917 330 1946 ta),
342 1917 381 1946 qui
394 1917 416 1938 in
430 1917 473 1939 fine
486 1923 505 1938 c.
520 1917 554 1938 iO.
568 1917 669 1944 Regulae
682 1917 801 1944 allegatur.
813 1917 910 1944 August.
923 1916 944 1938 in

100 1957 203 1984 Regulae
219 1956 306 1978 clericis
318 1956 412 1978 traditae
428 1956 566 1983 Fragmento
584 1955 655 1983 (inter
672 1961 742 1983 opera
760 1956 878 1983 August.):
900 1963 910 1975 α
922 1956 945 1977 ln

101 1995 200 2018 Domino
217 2001 273 2023 ergo
291 1995 339 2017 iure
361 1994 530 2017 observationis
552 2001 593 2017 nos
610 2000 729 2017 teneamus
750 1997 772 2017 et
788 1994 810 2016 in
827 2001 855 2016 eo
872 2000 946 2023 usque

102 2034 124 2056 in
142 2034 211 2056 finem
231 2040 424 2062 permaneamus,
447 2033 556 2062 quoniam
575 2034 596 2055 in
617 2033 667 2061 lege
693 2033 803 2061 scriptum
826 2036 875 2055 est:
900 2032 947 2060 Qui

98 2072 287 2102 perseveraverit
312 2078 387 2102 usque
414 2072 437 2095 in
465 2072 552 2101 finem,
578 2071 615 2095 laic
640 2071 720 2095 salvus
746 2071 826 2094 erit».
853 2073 874 2094 ln
903 2073 946 2093 hoc

102 2111 239 2139 Fragmento
256 2117 335 2134 revera
349 2111 449 2139 primum
463 2111 587 2138 capitulum
605 2111 706 2138 Regulae
719 2111 839 2138 Augustini
857 2110 884 2132 ad
898 2111 947 2132 Ser-

103 2157 146 2173 vos
163 2150 215 2177 Dei,
232 2150 296 2179 quod
313 2150 367 2172 nibil
385 2150 506 2178 proprium
523 2150 609 2172 liabere-
620 2149 731 2177 debeant,
749 2150 880 2178 explicatur.
900 2149 945 2172 Cl'r.

103 2195 173 2217 supra
191 2195 245 2217 pag.
262 2189 320 2216 284,
338 2192 390 2211 nota
409 2190 429 2211 8.

167 2227 174 2240 ¹
193 2229 302 2256 August„
319 2229 420 2250 Enarrat.
438 2228 460 2250 in
483 2229 517 2250 Ps.
535 2228 572 2250 93.
591 2234 613 2250 n.
633 2229 672 2250 '182
696 2228 727 2250 Ne
744 2228 883 2250 voluntatem
907 2228 947 2250 Dei

104 2268 161 2289 velis
178 2271 285 2296 torquere
302 2267 331 2289 ad
343 2267 483 2289 voluntatem
496 2270 571 2294 tuam,
589 2267 629 2289 sed
642 2269 704 2289 tuam
718 2267 807 2294 corrige
824 2267 851 2289 ad
871 2266 948 2288 volun-

105 2309 173 2328 tatem
192 2306 240 2328 Dei.
259 2306 371 2328 Voluntas
389 2306 428 2328 Dei
446 2306 478 2327 sic
495 2308 529 2328 est
546 2306 664 2334 quomodo
685 2306 775 2333 regula3
799 2311 863 2332 ecce,
881 2308 948 2333 puta,

105 2346 189 2368 torsisti
200 2346 316 2373 regulam,
333 2345 394 2367 unde
412 2344 482 2367 habes
494 2345 594 2372 corrigi?
613 2345 649 2367 llla
667 2348 743 2367 autem
756 2345 843 2372 integra
861 2347 948 2371 manet;

106 2385 184 2413 regula
203 2388 236 2406 est
253 2384 314 2406 enim
338 2383 540 2405 incommutabilis.
557 2384 673 2412 Quamdiu
696 2384 783 2411 integra
807 2386 841 2405 est
857 2383 948 2411 regula,

106 2423 178 2446 habes
195 2430 242 2452 quo
264 2426 284 2445 te
310 2426 430 2445 convertas
447 2425 469 2445 et
493 2423 597 2450 corrigas
615 2422 751 2450 praxitatem
777 2425 852 2449 tuam,
878 2421 950 2444 habes

106 2462 168 2485 unde
185 2462 288 2490 corrigas
310 2461 374 2491 quod
392 2462 414 2483 in
435 2464 456 2483 te
482 2464 566 2483 tortum
590 2464 632 2483 est.
654 2461 698 2483 Csr.
721 2466 790 2488 supra
813 2466 866 2488 pag.
891 2460 948 2487 393,

106 2504 158 2524 nota
177 2501 197 2523 4.

169 2538 178 2552 ²
197 2540 255 2562 Vide
272 2546 342 2568 supra
364 2540 450 2567 Opnsc.
467 2539 527 2562 XVl.
552 2539 665 2567 Expositio
682 2545 752 2567 super
774 2539 886 2566 Regulam
909 2538 948 2560 FF.

107 2579 159 2601 Min.
175 2585 195 2601 c.
213 2579 234 2602 3.
251 2585 274 2601 n.
293 2579 318 2606 t,
335 2585 355 2601 e.
373 2578 394 2601 4.
411 2585 434 2600 n.
456 2580 478 2605 t;
495 2585 515 2600 c.
533 2579 554 2600 6.
572 2585 594 2600 n.
612 2579 648 2600 26.
666 2581 688 2600 et
705 2584 723 2600 e.
743 2578 780 2599 40.
797 2584 817 2600 n.
836 2578 856 2600 2.
874 2583 940 2606 seqq.

169 2616 179 2630 ³
196 2618 266 2646 Epist.
286 2618 300 2640 l.
318 2618 376 2640 toan.
398 2618 420 2644 i,
439 2618 464 2639 5.
483 2618 595 2645 Quoniam
615 2618 674 2639 Deus
692 2617 729 2639 lux
741 2620 787 2643 est,
805 2619 826 2638 et
844 2616 950 2638 tenebrae

108 2656 130 2678 in
148 2662 175 2678 eo
192 2662 237 2678 non
255 2658 308 2678 sunt
325 2656 389 2678 ullae.
402 2669 432 2671 —
445 2655 547 2677 Subinde
563 2656 673 2683 allegatur
691 2655 714 2677 ΙΙ.
726 2654 776 2677 Cor.
795 2656 820 2682 6,
837 2654 870 2676 14.
889 2660 950 2682 seq.:

109 2695 174 2723 Quae
190 2695 287 2717 societas
304 2695 347 2717 luci
365 2695 392 2717 ad
411 2694 536 2717 tenebras?
554 2695 617 2722 Quae
635 2697 710 2716 autem
729 2693 851 2715 conventio
868 2693 951 2715 Christi

110 2734 137 2756 ad
157 2734 243 2755 Belial?

173 2772 182 2785 ⁴
199 2773 261 2795 Libr.
278 2773 360 2795 XXXl.
378 2773 454 2795 Moral.
477 2778 496 2794 c.
516 2772 552 2794 45.
574 2778 597 2794 n.
615 2772 656 2794 87:
675 2772 744 2793 Radix
768 2771 855 2799 quippe
877 2771 950 2793 cuncti

111 2811 162 2834 mali
180 2811 287 2839 superbia
306 2815 352 2839 est,
365 2811 394 2833 de
406 2818 459 2840 qua,
472 2811 586 2838 Scriptura
606 2810 681 2839 [Eceli.
702 2811 740 2837 10,
759 2809 803 2838 i5.]
822 2812 950 2837 attestante,

111 2850 205 2872 dicitur:
225 2849 321 2872 Initium
338 2849 414 2872 omnis
424 2849 516 2878 peccati
531 2850 564 2871 est
580 2848 699 2877 superbia.
713 2848 800 2870 Primae
815 2852 890 2870 autem
903 2848 952 2869 eius

111 2888 212 2916 soboles,
230 2892 317 2916 septem
335 2889 443 2910 nimirum
462 2888 593 2915 principalia
607 2887 672 2914 vitia,
690 2887 718 2909 de
737 2888 778 2909 bac
796 2887 906 2908 virulenta
920 2893 952 2909 ra·

111 2927 162 2950 dice
179 2929 338 2955 proferuntur,
355 2927 440 2949 scilicet
457 2927 529 2949 inanis
547 2927 630 2954 gloria,
648 2926 731 2948 invidia
750 2929 791 2948 ete.

174 2964 184 2977 ⁶
201 2965 256 2992 Cap.
275 2965 299 2992 5,
318 2966 343 2992 2,
360 2971 430 2993 quem
442 2965 535 2992 exponit
546 2966 652 2992 Gregon,
667 2965 692 2986 V.
706 2965 782 2986 Moral.
794 2970 812 2985 c,
827 2964 862 2986 46.
880 2970 902 2986 n.
915 2963 952 2985 84.

111 3011 189 3033 seqq.,
207 3008 228 3027 et
245 3005 339 3033 quidem
358 3005 399 3031 ita,
417 3004 480 3032 quod
500 3012 510 3023 α
524 3004 627 3025 inxiderc
645 3010 689 3025 non
708 3009 842 3031 possumus,
861 3003 902 3025 nisi
921 3003 953 3025 eis
980 2991 982 3029 J

1778 215 1834 244 439

995 306 1009 319 «τ
1024 295 1131 331 Quanto
1153 303 1250 323 sumus
1270 303 1286 323 a
1307 298 1416 324 tumore
1430 294 1577 332 superbiae
1598 294 1737 327 saniores,
1759 296 1835 321 tanto

991 349 1089 370 sumus
1109 341 1201 369 divina
1221 341 1364 370 dilectione
1386 342 1559 378 pleniores».

1071 388 1096 415 5.
1118 387 1243 416 Secundo
1258 388 1343 425 tangit
1364 388 1461 416 vitium
1476 388 1627 424 principale
1645 387 1735 424 quoad
1750 395 1835 415 ntun-

992 434 1080 467 dum,
1103 442 1165 462 cum
1194 434 1297 462 dicit⁷:
1323 434 1482 468 «Avaritia,
1510 442 1578 463 cura
1599 437 1626 463 et
1653 433 1835 463 sollicitudine

993 481 1077 509 huius
1091 481 1232 509 saeculi».
1249 481 1280 510 Et
1301 482 1387 518 tangit
1400 485 1539 515 matrem,
1564 489 1629 510 eum
1643 481 1724 509 dicit:
1744 492 1757 505 ιι
1772 488 1836 509 ava-

993 528 1056 556 ritia
1070 538 1101 561 »;
1120 528 1246 564 prolem,
1268 536 1331 557 cum
1346 528 1427 557 dicit:
1453 540 1467 553 a
1482 536 1549 557 cura
1564 532 1591 557 et
1613 527 1796 557 sollicitudine
1809 539 1835 562 n,

993 574 1059 610 quia
1080 581 1147 602 cura
1168 577 1195 602 et
1217 574 1371 603 sollicitudo
1393 574 1477 603 huius
1497 575 1598 603 saeculi
1614 574 1703 611 surgit
1723 574 1757 603 de
1778 582 1838 602 ava-

994 620 1072 654 ritia;
1095 620 1155 649 ideo
1176 620 1277 649 dicitur
1293 621 1397 657 primae
1412 621 1445 649 ad
1461 621 1635 650 Timotheum
1658 621 1763 658 primo:
1779 621 1838 649 Ra-

995 667 1047 695 dix
1071 666 1202 695 omnium
1230 667 1379 696 malorum
1406 668 1570 704 cupiditas,
1598 676 1688 706 quam
1716 667 1838 705 quidam

995 717 1170 750 appetentes,
1191 718 1367 742 erraverunt
1388 722 1406 742 a
1427 714 1500 750 fide,
1522 714 1588 751 quia
1608 714 1676 743 fides
1696 714 1790 751 dirigit
1805 713 1839 742 ad

996 760 1157 794 invisibilia;
1179 760 1331 789 secundum
1352 761 1574 797 Augustinumss,
1601 772 1613 786 (ι
1629 761 1696 790 fides
1717 764 1759 789 est
1780 768 1839 789 cre-

995 806 1061 835 dere
1081 806 1155 843 quod
1176 814 1230 834 non
1256 806 1332 835 vides
1347 818 1373 834 ».
1395 806 1536 843 Cupiditas
1557 810 1584 835 et
1610 807 1725 835 avaritia
1746 806 1840 843 dirigit

996 853 1029 882 ad
1051 853 1102 882 ista
1117 853 1248 887 visibilia;
1270 853 1343 882 unde
1358 853 1423 882 dicit
1445 854 1614 890 Augustinus
1629 854 1699 882 libro
1720 861 1792 882 nono
1807 853 1840 882 de

997 900 1145 928 Trinitate:
1173 900 1337 936 «Cupiditas
1358 903 1414 934 est,
1436 900 1546 937 quando
1567 903 1695 928 creatura
1716 900 1840 936 diligitur

997 949 1111 982 propter
1125 954 1170 980 se,
1185 946 1300 979 caritas,
1316 946 1426 983 quando
1444 946 1568 983 diligitur
1582 950 1697 983 propter
1714 947 1799 975 Deum
1813 959 1839 974 ».

997 993 1128 1029 Sequitur
1140 993 1164 1020 ⁹:
1182 993 1215 1021 Et
1230 993 1416 1021 inseruerunt
1434 1001 1463 1021 se
1477 992 1626 1021 doloribus
1647 993 1760 1026 multis,
1777 993 1842 1029 quia

998 1039 1133 1076 cupiditas
1154 1042 1181 1068 et
1194 1039 1309 1067 avaritia
1331 1047 1379 1076 per
1400 1047 1495 1068 curam
1515 1043 1543 1068 et
1560 1039 1772 1068 sollicitudinem
1787 1047 1843 1068 sae-

998 1086 1052 1115 culi
1075 1086 1169 1114 multis
1189 1086 1332 1114 doloribus
1352 1086 1523 1123 affliguntur.

1077 1133 1102 1160 6.
1125 1132 1217 1161 Tertio
1239 1133 1325 1169 tangit
1345 1132 1443 1161 vitium
1466 1133 1615 1169 principale
1630 1132 1721 1169 quoad
1739 1133 1843 1169 proxi-

999 1188 1094 1213 mum,
1110 1187 1173 1208 cum
1188 1179 1253 1208 dicit
1266 1179 1303 1207 ¹⁰:
1324 1190 1337 1204 «
1349 1179 1522 1208 Detractione
1537 1182 1564 1208 et
1578 1179 1801 1208 murmuratione
1817 1192 1842 1207 ».

1000 1226 1060 1255 ldeo
1075 1226 1176 1254 dieitur
1198 1225 1375 1254 Ecclesiastae
1389 1226 1509 1254 decimo:
1529 1226 1562 1254 Sa·
1574 1226 1706 1254 mordeat
1725 1234 1844 1263 serpens

1001 1273 1031 1302 in
1051 1273 1180 1307 silentio,
1202 1271 1276 1300 m’lzz‘t
1296 1272 1396 1300 minus
1417 1272 1500 1301 habet
1520 1281 1566 1306 eo,
1589 1273 1641 1310 qttz'
1661 1272 1767 1301 oeeulle
1796 1273 1842 1301 de-

1000 1319 1098 1348 trahit.
1114 1320 1221 1348 Morsus
1236 1319 1286 1347 iste
1298 1319 1416 1347 multum
1433 1319 1510 1348 virus
1522 1319 1640 1348 infundit
1654 1319 1765 1353 Ordini,
1781 1319 1846 1356 quia

1000 1367 1095 1395 turbat
1122 1367 1224 1395 multos
1256 1374 1349 1402 pacem
1380 1366 1530 1401 habentes3
1563 1370 1591 1395 et
1617 1366 1678 1395 ideo
1705 1375 1847 1394 susurro-

999 1422 1049 1442 nes
1071 1417 1095 1442 et
1117 1413 1293 1442 detractores
1319 1413 1375 1441 Deo
1403 1417 1471 1441 sunt
1493 1413 1627 1447 odibiles,
1649 1413 1681 1442 ad
1711 1414 1846 1442 Romanos

1000 1461 1100 1497 primo.

1079 1508 1105 1535 7.
1128 1507 1253 1536 Secundo
1273 1507 1363 1544 quoad
1377 1507 1588 1544 plantationem
1603 1507 1734 1535 omnium
1752 1507 1846 1535 virtu-

1001 1557 1071 1582 tum.
1099 1553 1150 1582 Sed
1181 1554 1286 1590 duplex
1314 1557 1355 1582 est
1386 1553 1491 1588 virtus,
1523 1553 1627 1582 seilicet
1657 1553 1787 1582 ordinans
1818 1553 1845 1581 in

1003 1601 1093 1629 Deum
1124 1609 1174 1637 per
1202 1601 1301 1629 mentis
1332 1600 1526 1635 elevationem,
1562 1600 1692 1629 ordinans
1720 1600 1747 1629 in
1777 1609 1847 1637 pro-

1001 1647 1115 1675 ximum
1138 1654 1186 1683 per
1216 1646 1356 1683 pacificam
1386 1646 1631 1675 conversationem.
1661 1646 1797 1675 Ordinans
1819 1647 1846 1674 in

1004 1694 1095 1722 Deum
1109 1696 1150 1722 est
1165 1693 1290 1727 devotz'o;
1311 1693 1384 1722 unde
1399 1693 1572 1722 distinctione
1587 1693 1727 1730 trigesima
1741 1696 1846 1728 octava,

1001 1922 1060 1944 quos
1076 1915 1142 1938 nobis
1155 1915 1177 1937 in
1192 1915 1268 1944 aliquo
1281 1915 1387 1937 meliores
1404 1917 1537 1942 putamus..
1550 1915 1662 1937 Parvulus
1673 1915 1751 1943 itaque
1762 1916 1796 1936 est
1808 1915 1847 1943 qui

1001 1955 1086 1976 invidia
1104 1954 1228 1981 occiditur,
1245 1954 1297 1982 quia
1316 1954 1358 1976 nisi
1378 1954 1426 1981 ipse
1444 1954 1536 1976 interior
1554 1954 1670 1981 existeret,
1696 1953 1725 1976 de
1743 1953 1803 1976 bono
1820 1955 1850 1976 al-

1002 1994 1072 2016 terius
1090 2000 1134 2015 non
1152 1993 1272 2015 doleret».
1290 1994 1398 2020 August,
1412 1993 1450 2015 ΧΙ.
1464 1993 1493 2015 de
1511 1993 1565 2015 Gen.
1584 1993 1613 2015 ad
1630 1993 1662 2014 lit.
1679 1998 1698 2014 c.
1718 1993 1752 2015 tt.
1771 1999 1792 2015 n.
1809 1994 1849 2016 18;

1002 2033 1107 2056 Amando
1124 2032 1184 2054 enim
1202 2032 1301 2060 quisque
1313 2031 1468 2054 excellentiam
1486 2037 1565 2058 suam,
1582 2032 1618 2053 vel
1636 2031 1732 2059 paribus
1749 2032 1849 2060 invidet,

1002 2071 1065 2100 quod
1084 2071 1103 2093 ei
1121 2074 1289 2099 coaequentur;
1307 2071 1342 2092 vel
1359 2070 1518 2098 interioribus,
1531 2076 1559 2092 ne
1571 2069 1615 2092 sibi
1627 2073 1795 2098 coaequentur3
1813 2070 1849 2092 vel

1003 2109 1174 2137 superioribus,
1192 2110 1255 2138 quod
1273 2110 1305 2131 eis
1326 2116 1370 2131 non
1388 2112 1536 2138 coaequetur.
1554 2108 1714 2136 Superbiendo
1732 2109 1801 2136 igitur
1820 2109 1850 2131 in-

1004 2149 1083 2175 vidus,
1102 2155 1146 2171 non
1165 2149 1289 2171 invidendo
1306 2149 1404 2177 quisque
1421 2148 1536 2176 superbus
1553 2150 1595 2170 est.

1069 2187 1078 2199 ⁶
1096 2187 1150 2216 Cap.
1169 2188 1190 2209 8.
1208 2194 1230 2210 n.
1249 2188 1285 2210 42.

1067 2226 1075 2239 ⁷
1094 2228 1115 2249 S.
1133 2227 1268 2249 Franciscus
1286 2227 1307 2249 in
1325 2227 1407 2249 eodem
1425 2233 1445 2249 c.
1467 2227 1499 2248 ΙΟ.
1522 2227 1631 2254 Regulae.
1648 2239 1679 2242 —-
1699 2235 1711 2246 α
1724 2226 1755 2248 De
1776 2227 1850 2248 avari-

1005 2266 1048 2294 tia,
1065 2266 1193 2288 secundum
1212 2267 1319 2294 (Ji-egon,
1342 2266 1425 2288 XXXI.
1443 2266 1519 2288 Moral.
1540 2272 1560 2287 c.
1579 2265 1614 2288 45.
1632 2272 1654 2287 n.
1672 2266 1714 2292 88,
1738 2265 1850 2294 proditio,

1005 2306 1077 2332 fraus,
1096 2306 1194 2332 fallacia,
1212 2305 1325 2333 periuria,
1343 2305 1491 2333 inquietudo,
1503 2305 1624 2327 violentiae
1636 2308 1656 2326 et
1670 2307 1747 2326 contra
1766 2304 1850 2327 miseri-

1005 2345 1108 2367 cordiam
1125 2344 1290 2366 obdurationes
1307 2344 1383 2366 cordis
1400 2344 1504 2366 oriuntur
1517 2352 1539 2366 r».
1550 2356 1581 2359 —
1598 2343 1700 2366 Subinde
1713 2344 1823 2371 allegatur
1836 2343 1851 2366 l.

1007 2383 1067 2405 Tim.
1085 2384 1110 2411 6,
1129 2383 1165 2404 40.

1068 2420 1077 2433 Β
1097 2423 1117 2443 Ιῐ]
1136 2422 1197 2443 loan.
1215 2422 1301 2449 Evang.
1321 2424 1347 2443 tr.
1367 2421 1402 2443 40.
1421 2428 1443 2443 n.
1461 2421 1485 2443 9:
1504 2421 1563 2449 Quid
1581 2423 1614 2442 est
1632 2421 1692 2442 enim
1716 2420 1784 2448 fides,
1808 2420 1850 2442 nisi

1007 2460 1101 2482 credere
1118 2460 1181 2488 quod
1199 2466 1244 2482 non
1262 2460 1344 2482 vides?
1362 2459 1407 2482 Csr.
1420 2460 1516 2485 Bonan,
1534 2463 1589 2481 tom.
1606 2460 1638 2481 lll.
1652 2465 1705 2486 pag.
1723 2459 1781 2485 501,
1798 2462 1851 2481 nota

1007 2500 1027 2521 3.
1045 2512 1075 2515 —
1092 2499 1199 2527 Sequitur
1217 2500 1327 2526 August,
1345 2499 1382 2520 tx.
1400 2498 1429 2520 de
1447 2498 1509 2520 Trin.
1526 2504 1546 2520 c.
1565 2498 1585 2520 8,
1604 2505 1625 2520 n.
1645 2498 1684 2520 ¹13:
1703 2498 1724 2519 Si
1742 2498 1771 2520 ad
1784 2498 1851 2520 Crea-

1007 2541 1078 2560 torem
1098 2539 1194 2560 rel'ertur
1212 2537 1247 2559 ille
1264 2544 1340 2564 amor,
1359 2543 1403 2559 non
1421 2537 1465 2558 iam
1484 2537 1610 2564 cupidum,
1628 2537 1668 2559 sed
1692 2537 1773 2559 caritas
1796 2537 1850 2564 erit;

1007 2580 1060 2599 tunc
1078 2577 1138 2599 enim
1156 2579 1189 2598 est
1206 2576 1329 2603 cupiditas,
1347 2582 1400 2597 cuni
1418 2578 1512 2603 propter
1529 2582 1553 2597 se
1570 2579 1661 2597 amatur
1677 2578 1787 2597 creatura.

1069 2614 1078 2627 ⁹
1096 2615 1184 2637 Scilicet
1207 2615 1228 2636 in
1253 2617 1312 2636 textu
1336 2614 1437 2642 Apostoli
1459 2615 1473 2636 l.
1498 2614 1557 2636 Tim.
1581 2614 1606 2640 6,
1634 2614 1668 2635 ΙΟ.
1690 2614 1796 2641 superius
1821 2615 1852 2636 al-

1007 2655 1088 2682 legato.

1070 2691 1089 2705 ¹⁰
1107 2693 1129 2714 S.
1147 2692 1280 2714 Franciscns
1297 2692 1318 2713 in
1335 2698 1354 2714 e.
1376 2692 1410 2714 to.
1424 2692 1532 2719 [tegulae.
1546 2703 1576 2707 —
1590 2691 1640 2713 Duo
1656 2697 1722 2720 seqq.
1739 2691 1780 2713 loci
1798 2694 1852 2714 sunt

1008 2732 1071 2754 Eccle
1101 2732 1138 2757 10,
1160 2732 1192 2753 11.
1212 2734 1234 2753 et
1251 2732 1317 2753 Rom.
1339 2731 1362 2758 l,
1380 2732 1420 2758 ΞΕ),
1443 2736 1504 2759 seq.:
1523 2731 1677 2758 Susurrones,
1699 2731 1850 2758 ‹leuvam-es,

1008 2771 1054 2792 Deo
1080 2769 1189 2794 odibiles,
1215 2769 1393 2791 contumeliosos
1410 2772 1462 2795 ete,
1490 2769 1528 2791 ubi
1546 2769 1624 2791 Glossa
1650 2768 1774 2791 ordinaria
1801 2770 1851 2797 (cfr.

1008 2809 1135 2832 Comment.
1154 2809 1177 2830 in
1189 2810 1249 2830 hunc
1266 2809 1341 2830 iocum
1350 2825 1356 2835 ,
1368 2808 1430 2836 quod
1443 2807 1540 2829 liabetur
1553 2808 1610 2830 inter
1622 2814 1690 2835 opera
1709 2808 1851 2836 Ambrosii):

1009 2849 1168 2874 Deo-actores,
1186 2847 1226 2876 qui
1244 2847 1340 2870 aliorum
1359 2846 1418 2869 bona
1436 2850 1534 2874 negant,
1552 2848 1586 2869 vel
1605 2848 1727 2870 invertunt.
1740 2848 1785 2870 Deo
1803 2847 1852 2870 odi-

1009 2886 1071 2909 biles.
1089 2887 1119 2908 Ne
1137 2886 1193 2908 levis
1211 2889 1303 2913 putetur
1320 2886 1446 2908 susurratio
1464 2886 1498 2907 vel
1517 2886 1638 2913 detractio,
1656 2886 1709 2914 quia
1727 2886 1750 2908 in
1773 2886 1851 2909 verbis

1009 2928 1073 2952 sunt,
1091 2925 1154 2947 addit
1177 2925 1205 2947 de
1222 2925 1266 2947 eis:
1291 2925 1337 2947 Deo
1354 2923 1461 2951 odibiles,
1481 2927 1504 2947 ut
1521 2925 1653 2953 intelligant,
1675 2931 1698 2947 se
1716 2931 1757 2953 per
1778 2925 1851 2947 solam

1009 2964 1188 2986 susurrationem
1207 2966 1228 2986 ct
1241 2964 1403 2986 detractionem
1418 2966 1533 2985 aeternam
1546 2964 1662 2986 incurrere
1680 2970 1747 2992 posse
1759 2964 1851 2987 damna—

1010 3004 1101 3025 tionem.

1882 392 1969 411 Secundo
1975 406 1982 414 .

1858 416 1919 439 quoad
1930 421 1983 434 muu-

1852 440 1896 481 ἷίθυΐιῗι
1903 438 1982 463 duplici-

1889 1137 1963 1159 Tertio,

1856 1161 1917 1185 quoad
1927 1160 1989 1184 proxi-

1894 1190 1950 1203 mum.

1872 1514 1980 1533 Secundum
1986 1527 1991 1536 ,

1875 1537 1936 1561 quoad
1959 1537 1990 1556 du·

1874 1562 1941 1585 plicem
1957 1561 1993 1579 vir-

1875 1586 1940 1604 tutem.

1864 1686 1892 1705 De
1905 1686 1988 1705 devotio-

1909 1714 1938 1728 ne.
