2133 3317
124 629 185 648 Aliter
201 634 242 648 seu-

124 653 173 672 tium
190 652 241 671 laici.

129 1288 243 1315 Conquestio

151 1317 219 1335 prima.

150 1382 243 1401 Secunda.

124 1664 153 1691 [ld
166 1669 247 1688 conque—

116 1690 196 1706 stionem
219 1693 247 1707 se-

115 1711 202 1730 euudam.

257 217 313 246 35ss

257 298 285 324 et
314 294 489 332 frequentius
522 301 587 322 eum
618 292 729 330 indigne
760 295 932 321 contrectant
962 295 990 321 et
1019 292 1108 330 perci-

257 341 350 378 piunt,
366 344 441 369 tanto
456 340 543 377 magis
558 340 670 368 indurat
691 342 718 368 et
739 339 905 376 profundius
926 339 1024 368 cadere
1045 347 1108 376 per-

257 388 356 422 mittit,
378 390 409 416 ut
430 395 485 415 non
506 387 596 415 solum
618 386 668 423 ipsi
685 386 740 415 sint
752 387 762 403 ¹
778 386 843 414 mali
857 386 885 414 in
901 394 946 421 se,
962 386 1009 415 sed
1024 386 1107 415 etiam

257 435 325 463 alios
353 442 447 463 secum
476 434 562 463 malos
584 441 644 462 esse
664 433 823 462 desiderent
843 436 871 462 et
891 433 979 462 bonos
999 434 1109 463 oderint

257 485 284 510 et
299 489 369 518 quos
384 481 485 510 imitari
507 481 606 510 nolunt
627 483 723 518 optent
738 488 791 509 non
807 488 880 515 esse,
896 484 923 510 et
938 489 1108 518 persequan-

257 531 304 557 tur
326 536 372 557 eos
394 536 464 565 quos
485 528 536 557 sibi
558 527 705 557 dissimiles
726 535 786 556 esse
807 527 916 562 doleut3
938 528 1107 556 Salomon²z

262 575 371 603 Gravis
392 578 433 603 cst
452 574 535 604 nobis
557 575 597 603 ad
618 575 776 603 videndum
796 578 868 609 etc.;
890 574 990 603 ibidem
1014 575 1109 611 plures

258 622 292 650 de
314 622 461 659 praedictis
490 625 652 659 tanguntur.
682 622 754 650 Laici
783 629 865 656 vero,
887 622 954 659 quia
974 622 1008 650 de
1030 630 1109 658 prae—

258 668 338 697 dictis
359 669 450 698 causis
470 669 551 698 etiam
571 669 664 697 minus
678 668 796 703 habent,
818 668 901 697 etiam
922 668 1038 697 minus³
1060 677 1110 698 nos

621 215 818 244 OPUSCULUM
839 214 903 243 XIII.
926 214 1235 243 DETERMINATIONES
1256 215 1498 252 QUAESTIONUM.
1521 215 1601 244 PARS
1622 215 1650 244 11.

1164 293 1296 328 oderunt,
1319 293 1402 322 immo
1423 294 1505 322 etiam
1526 293 1646 331 diligunt
1667 293 1714 331 qui
1740 293 1881 328 sentiunt,
1903 302 1952 323 nos
1971 303 2014 324 sa-

1164 340 1251 369 lutem
1279 349 1358 369 suam
1385 341 1516 378 diligere,
1538 345 1565 369 et
1587 343 1713 377 sperant,
1730 348 1779 377 per
1794 348 1844 369 nos
1864 349 1924 370 eam
1946 342 2013 371 fide-

1165 387 1228 415 liter
1248 387 1322 424 apud
1343 388 1431 416 Deum
1453 395 1513 416 esse
1534 387 1750 424 promovendam
1772 388 1935 423 oratione-²,
1957 396 2014 418 me-

1165 434 1226 463 ritis
1253 437 1280 463 et
1307 434 1449 463 doctrinis.
1476 434 1574 463 Clerici
1595 434 1693 469 etiam,
1722 435 1770 472 qui
1796 443 1862 464 sane
1887 436 2013 472 sapiunt,

1165 481 1259 509 eadem
1289 481 1396 509 ratione
1428 489 1478 509 nos
1505 481 1599 510 fovent
1627 484 1654 510 et
1686 481 1805 518 diligunt
1836 482 1915 519 quasi
1944 483 2015 512 filios

1165 536 1231 557 suos
1258 531 1284 556 et
1309 528 1450 556 adiutores
1471 531 1498 556 et
1519 531 1713 565 cooperatores
1739 532 1793 557 tam
1823 537 1889 558 suae
1917 530 2014 559 salutis

1166 584 1249 612 quam
1271 583 1337 604 suae
1359 575 1551 603 solllcitudinis
1566 575 1617 603 sibi
1643 575 1806 605 commissae
1828 576 1855 604 in
1877 576 1934 605 suis
1949 577 2015 605 sub-

1166 622 1230 651 ditis
1244 622 1415 651 necessarios
1436 621 1577 650 adiutores
1595 624 1623 650 et
1640 622 1733 651 oneris
1747 623 1798 651 sibi
1814 623 1933 660 impositi
1949 623 2016 653 fide-

1166 669 1206 698 les
1227 669 1426 698 sublevatores.
1450 669 1481 697 Et
1502 668 1536 697 de
1558 669 1601 697 his
1622 669 1742 698 sufficiat
1753 670 1773 698 ⁵.

1018 808 1174 853 PARS
1204 809 1260 854 ΙΙ.

596 952 735 988 QUAEs'rro
758 952 774 980 1.

308 1046 368 1075 Car
391 1047 514 1075 Fratres
535 1055 555 1074 a
576 1046 690 1075 clericis
711 1050 899 1081 accusentur,
922 1046 1000 1084 quod
1020 1046 1061 1074 eis

405 1092 562 1122 detrahant
583 1097 609 1121 et
629 1093 707 1122 alias
725 1093 932 1130 praciadicent
942 1093 961 1121 θ.

340 1188 451 1216 Praeter
474 1187 541 1221 hoc,
564 1186 639 1223 quod
660 1186 802 1223 surripitis
833 1186 940 1215 clericis
962 1187 1112 1223 eleemosy-

260 1242 324 1268 nas,
347 1241 419 1271 quae
441 1233 507 1270 ipsis
534 1233 685 1266 darentur,
708 1233 730 1261 si
758 1241 808 1261 vos
829 1241 883 1261 non
912 1233 1020 1267 essetis,
1047 1240 1111 1261 con-

260 1283 438 1318 queruntur,
460 1280 534 1317 quod
563 1280 716 1309 detrahatis
744 1280 784 1309 eis
815 1280 843 1308 in
875 1280 978 1317 populo
999 1284 1025 1308 et
1047 1288 1112 1308 con-

260 1327 382 1356 fundatis
404 1335 451 1356 eos
472 1327 500 1355 in
522 1326 774 1364 praedicationibus
795 1327 911 1361 vestris,
934 1327 999 1355 vitia
1014 1334 1112 1355 eorum

261 1375 439 1412 propalando.
463 1391 499 1395 —
523 1374 654 1410 Insuper,
677 1374 751 1411 quod
773 1373 912 1402 suadeatis
935 1373 1112 1407 hominibus,

260 1430 295 1451 ne
317 1421 502 1450 confiteantur
523 1421 563 1450 eis
584 1424 612 1450 et
632 1429 667 1449 ne
688 1421 754 1449 dent
775 1421 815 1449 eis
835 1421 988 1449 oblationes
1009 1424 1036 1449 et
1060 1421 1114 1449 alia

261 1476 333 1506 quae
355 1468 504 1502 deberent,
526 1476 589 1496 cum
613 1468 662 1505 ipsi
685 1468 741 1496 sint
769 1468 861 1504 potius
889 1476 974 1505 quam
996 1476 1044 1497 vos
1065 1467 1113 1505 qui

258 1525 316 1553 pro
338 1515 497 1544 animabus
524 1523 621 1544 eorum
652 1518 717 1544 sunt
745 1515 890 1544 rationem
913 1515 1028 1544 Domino
1050 1515 1114 1543 red-

262 1563 358 1591 dituri
368 1563 387 1590 ⁷.

342 1609 502 1646 Respondeo
523 1610 556 1638 ad
579 1610 630 1638 ista
651 1610 804 1638 secundum
830 1609 956 1638 ordinem
967 1609 987 1637 ⁸.
1007 1609 1114 1643 Omnia,

264 1665 335 1694 quae
350 1657 417 1694 ipsis
432 1657 494 1686 iure
508 1657 646 1685 debentur
662 1656 688 1685 in
704 1656 899 1685 oblationibus
914 1660 940 1685 et
953 1656 1073 1685 decimis
1088 1659 1115 1685 et

264 1704 333 1739 aliis,
348 1704 391 1733 vel
406 1704 439 1733 de
454 1704 607 1741 approbata
628 1704 668 1732 eis
687 1704 887 1732 consuetudine
908 1703 967 1732 dari
990 1704 1079 1732 solent
1100 1712 1116 1732 a

263 1751 381 1788 populo,
398 1759 447 1780 nos
462 1751 555 1788 potius
570 1751 720 1780 suademus
735 1750 774 1779 eis
788 1750 862 1785 dari,
885 1758 969 1788 quam
984 1750 1116 1787 impedia-

327 1921 335 1934 1
357 1923 405 1944 Vat.
425 1921 490 1944 Unde
506 1928 555 1944 non
571 1921 650 1944 solum
668 1921 715 1951 ipsi
730 1923 786 1944 sunl
798 1924 820 1944 ct
832 1921 933 1944 subinde
949 1925 1117 1951 consequenter

265 1960 423 1984 desiderant...
443 1960 550 1984 ocltnnt...
568 1962 673 1989 optant...
695 1962 875 1990 persequantur
899 1960 945 1989 (ed.
974 1962 978 1982 l
1005 1964 1115 1989 exparte

264 2004 298 2022 est
315 2007 368 2022 cun]
387 2000 468 2027 codd,
486 2006 514 2022 cx
532 2003 597 2027 parte
613 2006 667 2022 cum
686 2000 756 2028 Vat.).

328 2038 336 2051 2
355 2039 409 2067 Sap.
428 2040 454 2066 2,
477 2039 509 2060 15.
530 2039 572 2060 Pro
589 2040 630 2061 ele.
648 2039 701 2061 edd.
719 2040 740 2061 et
757 2040 822 2062 tnnc.

329 2077 337 2090 ³
355 2078 412 2100 Edd.
431 2077 481 2100 ideo
499 2077 587 2100 winus.

328 2116 337 2129 4
356 2117 413 2139 Edd.
430 2123 477 2140 ore.
496 2117 592 2139 lnscrius
610 2123 652 2144 pro
673 2118 693 2139 cl
716 2116 838 2140 adiutores
856 2117 896 2145 (ita
914 2117 940 2145 B)
959 2117 1003 2140 AC
1020 2119 1042 2140 ct
1058 2116 1117 2139 dire-

266 2157 354 2183 olores,
374 2156 427 2178 edd.
445 2157 466 2178 el
483 2157 614 2178 vocatores.

329 2194 338 2207 ⁵
356 2195 385 2217 lta
403 2195 462 2223 ΑΒ;
481 2194 496 2217 C
516 2194 545 2217 Et
561 2194 589 2217 de
606 2194 642 2217 his
660 2193 722 2217 dicta
739 2194 871 2224 sufficiant,
895 2195 949 2217 edd.
971 2194 1001 2217 Et
1021 2194 1048 2217 de
1066 2194 1117 2217 istis

266 2234 324 2257 satis
341 2236 383 2257 etc.
402 2234 477 2257 Codd.
494 2234 511 2256 Α
522 2234 538 2255 Β
556 2234 660 2256 addunt:
683 2234 810 2261 Expliciunt
828 2234 1033 2256 determinationes
1050 2240 1118 2262 quae·

266 2274 367 2296 stionum
386 2274 532 2302 quarundam
546 2274 721 2295 Bonnventurae
732 2273 867 2302 [hucusque
884 2273 918 2302 B],
931 2274 949 2296 Α
960 2280 1030 2296 vero:
1043 2273 1118 2296 editae

267 2319 279 2335 a
297 2313 391 2336 doctore
409 2314 507 2340 devoto,
524 2313 609 2335 scilicet
622 2313 642 2335 S.
657 2314 829 2341 Bonaventura‚
845 2313 873 2335 de
886 2316 946 2335 statu
964 2313 1056 2336 Ordinis
1068 2314 1119 2335 Fra-

269 2356 329 2375 trum
348 2353 459 2375 Minorum
477 2356 556 2375 contra
575 2353 716 2375 detractores
728 2353 832 2380 chulne
845 2353 866 2374 S.
880 2353 994 2375 Francisci
1009 2352 1119 2381 (scriptus

268 2395 302 2414 est
318 2392 370 2414 cod.
388 2392 406 2413 Α
424 2398 459 2414 an.
480 2391 559 2419 iiim).

331 2430 340 2443 6
359 2431 433 2459 Supra
452 2437 505 2458 pag.
524 2431 568 2452 337
585 2433 639 2453 nota
659 2432 679 2453 1,
699 2431 744 2452 iam
763 2430 953 2457 observavimus,
966 2432 1024 2453 hanc
1037 2437 1119 2453 secun-

268 2470 322 2492 dam
341 2472 430 2497 partem
449 2471 571 2498 hucusque
588 2470 672 2492 editam
686 2476 736 2492 6556
749 2473 859 2498 tanquam
875 2470 999 2497 specialem
1017 2469 1117 2491 libellum

269 2515 322 2531 cum
341 2509 420 2531 titulo:
441 2518 452 2529 z<
464 2508 565 2531 Libellus
581 2509 741 2537 apologeucus
759 2509 780 2531 in
798 2515 838 2531 eos
855 2509 895 2538 qui
913 2509 994 2532 Ordini
1015 2509 1120 2531 Fratrum

269 2548 381 2570 Minorum
400 2548 553 2571 adversantur
566 2556 577 2567 »
598 2548 636 2575 (ita
655 2548 728 2577 Vat.),
746 2549 796 2575 vel,
809 2548 868 2571 utin
880 2548 954 2576 prima
968 2548 1068 2571 editione
1080 2548 1122 2570 Ar-

269 2587 361 2615 gentina
379 2589 401 2609 et
418 2587 544 2609 Venetiana
563 2587 635 2616 (npud
651 2594 694 2609 1105
711 2587 764 2610 cdd.
784 2588 792 2609 1
815 2590 837 2609 et
854 2588 891 2616 2):
912 2587 1016 2615 «incipit
1032 2587 1121 2609 libellus

271 2626 442 2654 apologeticus,
461 2627 483 2649 id
501 2629 536 2649 est
553 2627 711 2649 excusatorius
732 2627 754 2649 S.
774 2627 948 2649 [lonaventurae
961 2635 983 2649 n.
1000 2627 1122 2649 Verumta-

271 2672 324 2688 men
341 2666 378 2688 hic
395 2665 486 2688 libellus
504 2666 553 2694 ipse
570 2672 595 2688 se
612 2666 719 2694 patefacit
736 2672 786 2688 esse
809 2666 1005 2688 continuationem
1025 2666 1122 2688 alicuius

269 2705 327 2727 alius
338 2705 455 2733 opusculi,
472 2708 494 2727 et
507 2706 550 2728 hoc
562 2706 657 2734 quidem
675 2706 720 2727 iam
739 2706 789 2733 ipso
801 2712 843 2728 suo
856 2705 962 2733 exordio,
974 2705 1038 2734 quod
1051 2705 1122 2727 omni-

271 2743 315 2766 bus
336 2744 390 2766 edd.
413 2747 446 2766 est
469 2751 606 2772 commune,
630 2745 716 2767 scillcet
742 2744 837 2767 verbis:
865 2745 963 2768 Praeter
985 2744 1039 2773 hoc,
1059 2744 1122 2774 qaod

270 2782 393 2812 sum-ipius
409 2785 451 2805 etc.
471 2784 492 2806 ln
515 2784 560 2806 line
578 2784 639 2806 enim
663 2784 732 2806 huius
754 2784 844 2812 primae
867 2784 939 2812 partis
961 2784 994 2813 (q.
1011 2784 1057 2812 27.)
1075 2784 1122 2806 iam

272 2821 358 2843 mentio
375 2821 399 2843 tit
417 2822 445 2844 de
463 2822 619 2850 praeiudicio,
637 2822 701 2851 quod
727 2823 816 2845 Fratres
834 2823 918 2844 saciant
937 2822 1025 2845 clericis
1044 2822 1123 2851 quoad

272 2861 406 2888 temporalia
413 2869 419 2887 3
432 2861 494 2883 unde
507 2862 563 2884 haec
575 2861 647 2884 verba
659 2862 757 2884 Praeter
770 2861 814 2885 hoc
825 2862 880 2884 satis
892 2862 993 2884 indicant
1003 2861 1122 2890 quandam

272 2899 463 2926 praecedentium
481 2900 641 2928 quaestionum
654 2901 859 2923 continuationem.
871 2901 954 2923 Adhuc
966 2901 1049 2923 elarius
1060 2901 1122 2923 idem

273 2938 377 2966 sequitur
401 2938 458 2960 infra
480 2945 507 2961 ex
529 2939 678 2967 responsione
701 2940 730 2962 ad
753 2943 842 2968 quaest.
862 2940 904 2967 14,
922 2939 962 2962 ubi
980 2939 1076 2968 legitur:
1094 2939 1124 2962 Ut

272 2982 348 3006 snpra
371 2976 434 3005 disci,
460 2977 518 3000 dam
538 2978 612 3007 pauci
633 2985 743 3007 eramus,
763 2978 850 3008 paucis
876 2978 1040 3008 indiyebctmus
1066 2982 1123 3006 etc.,

273 3016 336 3044 quod
354 3016 474 3039 manifeste
491 3017 585 3045 respicit
602 3017 631 3039 ad
649 3018 670 3039 8.
688 3018 848 3046 quaestionem
863 3018 936 3046 partis
948 3019 962 3040 l.
974 3031 1005 3034 —
1017 3018 1123 3045 Accedit,

1170 959 1247 985 mus,
1279 951 1364 979 immo
1390 951 1537 980 hortamur
1567 951 1700 988 populum
1730 951 1770 980 eis
1797 952 1850 981 ista.
1870 960 1925 981 non
1952 952 2018 981 sub-

1169 999 1282 1027 trahere
1304 1006 1354 1027 nec
1376 998 1404 1027 in
1425 998 1493 1027 alios
1514 999 1596 1027 etiam
1618 998 1678 1035 pios
1699 1007 1768 1028 usus
1789 1007 1905 1036 erogare
1926 1002 1953 1028 et
1973 999 2017 1029 ius

1169 1054 1252 1074 suum
1281 1046 1383 1083 cuique
1414 1046 1555 1080 tribuere,
1584 1045 1666 1074 etiam
1695 1047 1841 1083 peccatori.
1868 1047 1894 1075 Si
1922 1049 2017 1076 autem

1169 1093 1337 1130 quandoque
1359 1096 1499 1130 quaerunt
1521 1093 1682 1127 consilium,
1698 1093 1745 1122 ubi
1762 1093 1915 1122 secundum
1931 1094 2020 1123 Deum

1168 1140 1268 1168 melius
1289 1140 1324 1168 sit
1344 1140 1411 1169 dare
1432 1140 1656 1178 eleemosynam,
1678 1140 1712 1169 ad
1733 1148 1816 1177 quam
1848 1149 1903 1169 non
1926 1143 2021 1170 tenen-

1169 1190 1216 1215 tur
1237 1195 1274 1215 611
1295 1187 1403 1222 debit0;
1425 1187 1543 1216 dicimus
1566 1187 1668 1222 libere,
1689 1187 1764 1224 quod
1789 1187 1826 1216 ibi
1848 1187 1884 1216 sit
1908 1188 2021 1223 melius,

1169 1234 1217 1262 ubi
1241 1234 1283 1262 vel
1311 1234 1399 1262 maior
1428 1236 1470 1263 est
1490 1234 1655 1271 indigentia,
1676 1235 1720 1263 vel
1741 1234 1829 1263 maior
1850 1235 1907 1264 Deo
1933 1235 2021 1264 honor

1169 1281 1337 1315 exhibetur,
1360 1283 1387 1309 et
1408 1281 1475 1317 ipsis
1496 1281 1627 1310 dantibus
1654 1281 1756 1310 exinde
1784 1281 1939 1310 efficaciora
1959 1290 2022 1311 ora-

1169 1327 1276 1356 tionum
1300 1327 1431 1364 suffragia
1447 1328 1594 1364 provenire
1615 1328 1785 1362 creduntur,
1806 1328 1851 1357 vel
1872 1337 1927 1365 quo
1949 1329 2022 1366 ipso-

1171 1382 1235 1403 rum
1263 1374 1372 1403 devotio
1393 1374 1427 1402 ad
1449 1374 1675 1403 benefaciendum
1702 1383 1754 1412 pro
1785 1375 1842 1404 Deo
1869 1375 2022 1405 ferventius

1170 1421 1329 1450 inclinatur.

1250 1469 1329 1505 Quod
1350 1472 1442 1498 autem
1464 1469 1589 1505 plebanis
1610 1469 1668 1498 suis
1689 1469 1895 1506 confiteantur,
1918 1473 1949 1499 ut
1975 1470 2022 1499 de·
2036 1479 2133 1500 eonium.

1172 1516 1247 1550 hent,
1269 1516 1419 1544 suademus
1440 1516 1523 1544 etiam
1539 1516 1583 1544 his
1598 1516 1646 1553 qui
1667 1516 1747 1545 nobis
1768 1516 1883 1546 confessi
1905 1516 2022 1552 fuerint,

1173 1567 1205 1592 ut
1225 1566 1376 1600 agnoscant
1390 1570 1488 1591 eorum
1504 1563 1701 1597 conscientias,
1716 1571 1787 1600 quos
1802 1571 1899 1601 regere
1913 1563 2023 1598 debent,

1174 1612 1206 1639 ut
1226 1609 1329 1644 sciant,
1352 1610 1456 1646 quibus
1484 1609 1619 1638 exhibere
1648 1610 1691 1639 vel
1719 1618 1821 1647 negare
1841 1610 1959 1640 debeant
1980 1618 2024 1640 ec-

1173 1656 1326 1685 clesiastica
1347 1656 1525 1684 Sacramenta
1536 1655 1556 1690 ⁹,
1578 1656 1629 1685 nisi
1645 1656 1716 1685 forte
1731 1656 1799 1685 tales
1820 1657 1875 1685 sint
1892 1657 1988 1694 aliqui,
2009 1665 2025 1686 a

1173 1703 1277 1741 quibus
1302 1703 1469 1740 prohibeant
1497 1711 1629 1738 canones,
1650 1704 1829 1733 Sacramenta
1850 1704 1972 1741 requiri,
1994 1707 2026 1733 ut

1173 1749 1299 1787 suspensi
1321 1749 1356 1778 ab
1377 1749 1483 1784 officio,
1508 1750 1552 1779 vel
1576 1750 1762 1787 irregulares,
1788 1750 1831 1779 vel
1855 1750 1900 1779 ius
1924 1750 2026 1788 ligandi

1175 1921 1239 1950 quod
1257 1921 1326 1943 ctiam
1343 1920 1467 1944 methodus
1479 1927 1529 1943 rem
1542 1920 1653 1943 tractandi
1666 1920 1748 1943 eadem
1761 1923 1795 1943 est
1810 1921 1832 1943 in
1844 1924 1942 1950 utraque
1953 1923 2025 1949 parte.

1175 1961 1220 1983 Nec
1238 1960 1325 1988 obstat,
1343 1961 1407 1989 quod
1424 1960 1532 1983 rubricae
1554 1961 1678 1988 inscriptae
1698 1960 1797 1988 singulis
1813 1960 1988 1989 quaestionibus
2004 1960 2027 1983 111

1175 2000 1230 2023 edd.
1248 2000 1329 2028 primis
1347 2004 1369 2022 et
1386 2000 1408 2022 iu
1426 2000 1478 2022 Vat.
1500 2006 1546 2022 non
1569 1999 1695 2028 habentur,
1717 2000 1758 2022 sed
1781 2006 1794 2022 a
1817 1999 1884 2022 nobis
1905 2000 2028 2022 adiunctae

1175 2042 1229 2061 sunt
1246 2042 1342 2067 propter
1359 2039 1544 2061 conformitatem
1567 2045 1620 2061 cum
1643 2039 1714 2066 priori
1738 2041 1803 2066 parte
1824 2039 1892 2061 huius
1914 2038 2027 2066 opusculi.

1176 2079 1231 2101 Nam
1251 2079 1306 2101 istae
1323 2078 1430 2100 rubricae
1447 2078 1516 2100 etiam
1534 2078 1613 2106 quoad
1626 2078 1725 2105 primam
1745 2081 1833 2106 partem
1846 2078 1945 2100 omissae
1962 2080 2028 2100 erant

1176 2119 1198 2140 in
1216 2119 1270 2140 edd.
1292 2119 1296 2140 1
1319 2121 1341 2140 et
1359 2119 1384 2145 2,
1402 2121 1424 2140 et
1442 2118 1464 2139 in
1491 2118 1542 2139 Vat.
1564 2117 1613 2140 aliis
1634 2117 1714 2139 verbis
1736 2123 1871 2145 expressae,
1894 2117 1980 2146 quibus
2000 2123 2027 2140 ex

1175 2157 1260 2179 nostris
1277 2157 1346 2179 codd.
1364 2156 1525 2179 substituimus
1546 2156 1609 2179 alias.
1631 2157 1841 2185 Frequentissimae
1863 2157 1884 2179 in
1905 2157 1973 2180 codd.
1991 2163 2027 2180 so-

1176 2198 1222 2220 lent
1239 2202 1289 2218 esse
1307 2196 1448 2218 differentiae
1465 2196 1552 2218 similes
1569 2196 1647 2224 quoad
1665 2195 1777 2219 rubricas.

1240 2235 1307 2263 Quod
1325 2235 1394 2257 etiam
1412 2236 1468 2256 haec
1485 2240 1540 2262 pars
1557 2235 1605 2256 sive
1623 2234 1713 2257 libellus
1729 2235 1887 2263 apologeticus
1910 2235 1999 2263 integre
2015 2241 2028 2258 a

1177 2275 1200 2296 S.
1225 2275 1386 2296 Bouarentura
1411 2274 1438 2296 sit
1464 2274 1561 2301 scripta,
1587 2274 1647 2296 duce
1668 2274 1759 2297 Oudino
1778 2274 1902 2297 admittunt
1925 2275 1962 2297 alii
1982 2275 2029 2297 edi-

1177 2317 1238 2335 tores
1255 2319 1336 2335 omnes
1353 2319 1406 2335 cuin
1425 2313 1533 2335 Sbaralea
1552 2316 1573 2335 et
1590 2313 1689 2341 Bonelli,
1705 2319 1746 2335 nec
1758 2319 1800 2335 nos
1813 2313 1927 2336 habemus
1945 2320 2029 2341 graves

1179 2352 1201 2374 10
1219 2353 1360 2374 contrarium
1378 2352 1485 2374 rationes.
1503 2352 1551 2374 Non
1570 2356 1646 2374 tamen
1663 2352 1731 2374 nobis
1748 2352 1813 2375 deest
1829 2353 1943 2381 suspicio,
1959 2359 2030 2381 quos-

1178 2392 1232 2414 dam
1251 2392 1313 2414 locos
1330 2392 1367 2414 vel
1385 2395 1519 2419 corruptos,
1537 2392 1572 2413 vel
1587 2391 1617 2413 ab
1630 2391 1678 2413 aliis
1691 2391 1824 2420 adiunctos,
1836 2392 1872 2414 vel
1885 2392 2029 2421 aliquatenus

1178 2434 1278 2453 mutatos
1295 2436 1354 2452 esse.
1372 2430 1462 2452 Similes
1479 2430 1640 2458 corruptiones
1657 2431 1693 2452 vel
1712 2431 1847 2453 insertiones
1863 2431 1886 2453 in
1903 2431 1953 2453 aliis
1972 2437 2030 2459 opu-

1178 2469 1260 2496 5611115,
1278 2469 1414 2497 praesertim
1433 2469 1502 2492 huius
1519 2469 1587 2497 torni,
1605 2470 1650 2491 iam
1673 2470 1759 2497 pluries
1779 2470 1866 2498 experti
1886 2476 1967 2493 sumus
1989 2476 2030 2493 no-

1178 2515 1283 2537 vumque
1304 2509 1436 2536 exemplum
1455 2508 1570 2531 habemus
1581 2509 1604 2531 in
1616 2509 1720 2537 sequenti
1738 2509 1851 2537 opusculo
1869 2509 1928 2532 XlV.
1940 2509 2029 2532 Ultimis

1178 2547 1248 2570 etiam
1265 2547 1344 2570 vorbis
1362 2548 1430 2570 huius
1448 2547 1519 2575 partis
1536 2551 1635 2575 augetur
1652 2548 1709 2570 haec
1726 2548 1841 2575 suspicio,
1853 2554 1906 2570 cum
1924 2547 1956 2570 ibi
1971 2548 2029 2571 dica-

1178 2589 1230 2608 tur:
1251 2595 1262 2606 u
1275 2587 1318 2615 Qui
1335 2589 1412 2609 auten]
1430 2587 1546 2609 voluerint
1559 2588 1663 2616 possunt
1675 2586 1751 2616 plura
1771 2586 1931 2616 superaddere
1949 2589 1971 2610 et
1986 2588 2030 2610 ista

1178 2632 1240 2654 quae
1256 2626 1292 2648 hic
1305 2626 1378 2654 posita
1391 2628 1457 2652 sunt,
1474 2625 1559 2648 melius
1576 2625 1728 2655 emplanare»
1744 2630 1827 2648 etc.—
1838 2626 1873 2648 Ad
1890 2627 1950 2649 hanc
1962 2632 2030 2656 quae-

1177 2665 1275 2687 stionem
1289 2665 1371 2687 melius
1388 2665 1556 2687 enucleandam
1573 2668 1595 2687 et
1607 2668 1692 2687 textum
1707 2665 1855 2693 purgandum
1869 2665 1951 2688 defecit
1963 2665 2029 2688 nobIS

1179 2704 1287 2727 auxihum
1301 2705 1448 2733 antiquorum
1462 2704 1581 2732 codicum,
1599 2704 1671 2726 immo
1682 2704 1744 2727 nullo
1762 2704 1842 2727 codice
1854 2704 1886 2727 uti
1903 2705 2030 2733 potuimus.

1179 2735 1265 2766 Unicus
1277 2744 1337 2766 enim
1349 2744 1389 2772 qui
1401 2743 1467 2766 uobiS
1485 2744 1581 2766 innotuit
1593 2743 1644 2766 cod.
1657 2744 1774 2766 Romanus
1791 2743 1885 2772 Collegii
1902 2745 1925 2766 S.
1937 2744 2029 2772 lsidori,

1179 2789 1249 2812 quem
1267 2783 1372 2805 meminit
1389 2783 1485 2812 Bonelli,
1497 2786 1520 2805 et
1531 2783 1585 2805 citat
1602 2783 1652 2812 (sed
1669 2784 1731 2812 raro)
1749 2787 1828 2806 auctor
1842 2783 1948 2806 editionis
1959 2784 1984 2812 3,
1997 2783 2030 2806 ibi

1180 2828 1241 2844 nunc
1258 2828 1305 2844 nou
1323 2822 1440 2844 invenitur
1458 2822 1507 2851 (cfr.
1525 2822 1654 2850 Prolegom.
1671 2828 1690 2844 c.
1708 2823 1723 2844 l.
1741 2822 1754 2850 S
1773 2822 1828 2851 13.).

1243 2860 1252 2873 ⁷
1269 2860 1339 2883 Hebr.
1359 2861 1400 2889 13,
1420 2861 1455 2883 «17.
1473 2873 1504 2877 —
1522 2861 1633 2889 Superius
1650 2867 1693 2889 pro
1710 2867 1765 2884 cum
1782 2860 1828 2890 z'psz'
1843 2860 1891 2884 sint
1905 2861 1957 2883 Vai.
1974 2867 2029 2884 cum

1179 2899 1226 2929 ipsi
1242 2901 1305 2923 smzt.

1243 2938 1252 2951 Β
1270 2940 1321 2962 Vat.
1338 2942 1361 2962 et
1377 2939 1415 2962 ed.
1433 2939 1446 2961 3
1461 2945 1506 2968 per
1529 2938 1650 2967 ordinem,
1667 2945 1729 2968 quae
1754 2939 1848 2968 insuper
1866 2939 1959 2962 interius
1976 2941 2030 2967 post

1181 2978 1205 3001 in
1222 2978 1282 3001 altos
1300 2979 1409 3001 omittunt
1426 2978 1504 3001 etnim.

1243 3016 1252 3029 ⁹
1270 3017 1315 3040 (111.
1332 3019 1388 3040 infra
1406 3017 1492 3046 Opuse.
1510 3018 1569 3040 XlV.
1588 3024 1611 3040 0.
1632 3018 1668 3040 14.
1685 3024 1751 3047 seqq.
