2133 3317
3 733 96 779 gfflt.

0 2153 34 2169 m
41 2149 99 2169 nomi-

0 2172 11 2192 ἰι
18 2172 58 2193 lesu
66 2178 98 2192 1111-

556 220 751 249 OPL'SCL'LUM
771 221 802 249 X.
825 220 911 248 VlTlS
931 220 1080 249 MYSTICA.
1103 220 1363 250 ADDITAMENTUM
1384 221 1415 249 V.

8 307 105 351 μαρᾱοαο·
117 299 179 329 Quid
198 299 280 324 autem
300 299 379 324 dicere
398 299 426 323 de
444 298 490 324 hoc
515 298 587 323 odore
611 298 766 329 poterimus?
784 298 907 322 Mirabilis
932 298 957 323 et

9 338 20 354 ο
33 337 50 352 vl
65 336 80 350 0.

117 349 193 373 supra
211 349 284 373 quam
298 342 382 373 potest
393 341 459 366 credi
471 341 516 366 ant
528 341 633 372 cogitari
645 341 835 366 inaestimabilis
848 341 886 365 est
899 340 958 366 odor

115 385 162 410 iste
180 385 239 409 vitis
262 384 362 410 nostrae
387 385 453 409 omni
471 391 561 416 genere
585 383 674 409 florum
698 383 839 409 florentis1.
858 383 957 408 Florue-

115 427 175 452 runt
192 427 217 452 et
235 427 278 452 alii
297 427 377 452 sancti
397 427 512 458 palmites
531 427 590 451 vitis
609 427 695 456 huius,
710 427 735 451 in
749 426 839 458 quibus
858 426 884 451 et
903 427 956 457 ipse

114 470 223 502 profecto
236 470 334 500 floruit3
354 470 396 495 sed
414 470 550 495 certissime
569 470 617 501 ipsi
636 470 682 495 viti
702 470 762 499 soli,
781 470 857 501 capiti
870 469 957 494 nostro

113 512 171 537 Iesu
188 512 281 537 clamat
303 512 347 537 illa
366 512 505 543 spiritualis
524 510 648 543 sponsa²t
662 512 777 537 Meliora
798 513 860 537 sunt
878 511 957 536 ubera

114 556 159 580 tua
177 555 250 585 vino,
268 554 418 587 fragyrantia
444 555 582 586 unquentis
607 555 718 586 optimis.
740 554 829 579 Oleum
848 553 957 584 effusum

113 604 204 622 nomen
223 599 310 626 tuum,·
330 597 384 622 ideo
410 597 614 622 adolescentulae
641 597 785 621 dilexerunt
809 598 840 621 te.
871 596 956 622 Trahc

112 647 151 665 me
164 642 226 671 post
239 642 276 669 te,·
294 648 427 665 curremus
441 641 469 665 in
482 641 557 665 odore
570 641 760 672 unquentorum
774 641 884 665 tuorum.
899 639 956 664 Non

113 683 152 708 est
170 683 272 714 mirum,
292 683 313 707 si
332 683 391 708 odor
403 683 593 708 inaestimabilis
606 683 679 708 nimis
691 683 720 707 de
739 682 786 707 hac
799 682 849 707 vite
868 682 956 707 nostra

113 725 217 751 florente
236 726 359 757 procedit,
379 726 400 750 si
419 726 519 751 nomina
538 726 590 750 eius
614 725 759 757 diligentius
784 725 955 754 attendamus,

113 776 175 800 quae
194 768 254 793 sunt
272 768 359 797 Iesus,
383 767 516 799 Christus,
536 769 701 793 Nazarenus.
720 768 794 792 Iesus
813 767 908 796 autem,
927 767 957 792 ut

113 811 196 840 scitis,
216 811 336 835 salutaris
354 811 393 835 vel
422 811 533 836 salvator
552 811 749 842 interpretatur3
773 810 802 835 de
820 817 868 842 quo
888 810 956 835 Psal-

113 854 188 879 mista
198 856 218 878 ³:
242 853 363 879 Converte
381 862 442 885 nos,
456 855 536 885 Deus,
549 853 675 879 salutaris
693 855 795 883 noster,-
808 854 833 878 et
851 854 954 878 iterum:

112 896 227 922 Salvasti
244 904 292 922 nos
310 897 340 921 cle
358 897 533 928 affliyentibus
545 904 600 922 nos.
615 896 674 926 Quis
687 896 771 921 autem
784 897 810 921 in
823 896 956 921 afflictione

112 939 208 971 positus
226 940 320 964 salvari
333 940 414 965 nolit?
426 939 450 964 Si
464 940 502 964 vis
520 939 625 969 salvari,
645 939 746 964 attrahe
765 939 863 964 odorem
881 939 956 964 huius

111 982 217 1007 nominis
236 982 367 1011 salutaris,
386 982 450 1013 quod
469 981 578 1011 effusum
597 981 635 1006 est
653 981 718 1006 sieut
737 980 855 1011 oleum&-
876 982 955 1012 incipe

111 1024 228 1049 delectari
245 1025 271 1049 in
287 1024 429 1049 dulcissimo
447 1024 504 1049 Iesu
524 1024 550 1049 et
567 1024 719 1049 confidenter
738 1025 834 1055 require
853 1025 879 1048 in
897 1031 956 1049 vero

111 1067 218 1092 salutari
237 1067 357 1096 salutem,
377 1074 427 1092 11011
454 1067 574 1092 imitando
593 1067 649 1092 illos
669 1067 715 1098 qui
733 1067 879 1098 laetantur,
898 1073 955 1091 cum

110 1109 178 1135 male
195 1109 316 1141 fecerint,
335 1111 359 1134 et
377 1110 509 1135 exsultant
527 1110 554 1134 in
573 1110 646 1135 rebus
666 1110 801 1141 pessimis,
821 1110 847 1134 in
866 1110 956 1141 quibus

111 1152 201 1177 salutis
220 1160 279 1177 suae
306 1160 428 1177 summam
456 1153 570 1178 constare
589 1153 694 1184 putant;
721 1153 763 1177 sed
782 1153 865 1184 potius
893 1160 955 1183 eam,

110 1196 179 1221 cuius
202 1196 311 1226 spiritus
328 1196 465 1221 exsultavit
484 1197 511 1220 in
529 1196 585 1221 Deo
604 1196 719 1221 salutari
745 1203 807 1227 suo,
826 1204 889 1228 quae
915 1203 956 1221 110-

110 1239 184 1263 minis
202 1239 277 1263 huius
295 1239 415 1263 salutaris
433 1239 530 1264 odorem
544 1239 615 1264 tanto
629 1240 731 1264 suavius
749 1239 890 1264 attraxerat
903 1247 956 1270 per-

111 1282 246 1313 fectiusque
266 1282 392 1313 senserat,
412 1282 505 1313 quanto
525 1282 563 1306 illi
582 1282 640 1311 fide,
660 1290 704 1313 spe
729 1282 754 1307 et
772 1282 877 1307 caritate
897 1283 956 1307 vici-

110 1325 165 1350 nior
183 1324 279 1354 fuerat,
293 1332 355 1356 quae
374 1325 456 1356 ipsum
469 1325 498 1349 de
511 1326 562 1349 suis
575 1325 697 1356 genuerat
709 1325 854 1356 visceribus,
868 1332 956 1356 nempe

110 1375 196 1393 verum
216 1368 241 1392 et
259 1368 395 1399 perfectum
415 1368 493 1392 Deum
512 1367 537 1392 et
555 1367 691 1397 hominem,
712 1368 848 1392 salutarem
862 1368 955 1393 Iesum.

110 1411 168 1437 Non
185 1411 319 1442 ignorabat
337 1411 413 1440 enim,
433 1411 540 1442 qualiter
568 1411 620 1435 sine
644 1411 711 1435 omni
729 1411 824 1435 carnali
843 1412 955 1442 concupi-

111 1453 204 1479 scentia
222 1454 363 1485 eonceptus‚
383 1453 491 1485 qualiter
510 1454 562 1478 sine
581 1453 647 1478 omni
659 1453 742 1478 dolore
761 1461 789 1478 ex
802 1454 858 1484 ipsa
871 1453 954 1483 natus,

110 1496 229 1528 quomodo
249 1504 264 1521 a
283 1496 425 1527 pastoribus
444 1496 615 1527 praedicatus,
635 1496 755 1527 quomodo
774 1503 788 1521 a
806 1496 888 1528 Magis
901 1496 956 1521 ado-

110 1540 195 1569 ratus,
215 1539 335 1571 quomodo
359 1546 403 1564 suo
427 1539 539 1570 virgineo
567 1539 632 1564 lacte
654 1539 782 1568 nutritus,
802 1539 922 1570 quomodo
941 1547 955 1563 a

110 1583 220 1608 Simeone
239 1583 264 1607 et
291 1582 366 1607 Anna
393 1582 587 1608 commendatus.
616 1582 742 1612 Noverat,
762 1583 876 1614 inquam,
896 1583 956 1608 haec

110 1625 192 1650 omnia
210 1625 235 1650 et
253 1625 333 1650 multo
352 1625 426 1656 plura
444 1625 515 1656 virgo
543 1625 587 1649 illa
615 1624 769 1655 felicissima,
796 1625 954 1654 beatissima,

109 1667 283 1693 fecundissima
302 1668 327 1692 et
345 1667 525 1699 perfectissima
543 1668 590 1692 fide
609 1668 745 1692 salutarem
764 1668 816 1693 veri
835 1668 955 1692 salutaris

110 1711 260 1743 sequebatur
278 1711 384 1736 odorem.
404 1711 457 1736 Nec
475 1711 575 1742 poterat
593 1718 642 1736 non
661 1718 762 1742 sperare
775 1711 800 1736 in
814 1718 869 1736 eum
882 1718 955 1742 quem

109 1754 157 1779 fide
176 1754 356 1786 perfectissima
381 1754 544 1786 cognoscebat
571 1754 597 1779 et
625 1761 696 1785 posse
724 1754 749 1778 et
768 1754 830 1779 scire
848 1754 874 1778 et
892 1754 955 1778 velle

111 1797 209 1822 salvare
227 1804 311 1822 omnes
329 1797 498 1822 desiderantes
517 1796 632 1821 salutem.
660 1797 787 1826 Quantum
806 1797 871 1822 enim
899 1797 955 1828 quis

110 1840 201 1870 credit,
221 1839 322 1864 tantum
350 1839 448 1871 sperat;
477 1839 599 1871 quantum
628 1839 725 1870 sperat,
751 1839 852 1864 tantum
877 1839 954 1864 amat.

111 1883 209 1913 Quanto
227 1890 286 1915 ergo
304 1883 365 1908 haec
392 1882 487 1914 optima
512 1882 593 1907 Mater
621 1882 752 1914 perfectior
777 1882 832 1908 erat
850 1883 875 1907 in
894 1882 954 1912 fide,

110 1926 183 1951 tanto
201 1926 227 1951 111
246 1933 290 1957 spe
309 1925 397 1951 fortior
415 1925 441 1950 et
459 1926 485 1950 in
504 1925 609 1950 caritate
632 1925 782 1955 ferventior,
802 1932 900 1950 onmem
918 1932 955 1950 co-

108 1969 221 2001 gitatum
245 1969 347 1994 iactans
374 1969 400 1994 in
428 1968 503 1994 eum⁵
527 1976 599 2000 quem
628 1969 721 1993 sciebat
745 1969 826 2000 ipsam
844 1968 955 1993 enutrire

110 2012 205 2038 debere.

180 2054 240 2080 142.
262 2054 351 2080 Oleum
369 2056 434 2080 enim
453 2054 562 2084 effusmn
579 2056 617 2080 est
630 2061 721 2079 nomen
738 2052 837 2079 tuumss.
857 2054 955 2084 Quare?

110 2098 172 2128 Quia
200 2098 252 2123 oleo
280 2098 433 2123 nutriuntur
457 2097 572 2129 infirmi,
592 2098 739 2128 pascuntur
763 2096 891 2128 famelici,
916 2097 955 2122 lu-

109 2141 181 2166 mina
204 2142 370 2172 reparantur.
392 2155 428 2159 —
450 2140 509 2170 Quis
532 2141 597 2166 enim
620 2140 672 2165 tam
690 2140 823 2171 infirmus,
842 2140 885 2171 qui
908 2140 955 2165 1100

110 2185 162 2210 0100
181 2184 300 2214 salutari,
319 2185 418 2210 nomine
437 2184 530 2212 scilicet
548 2184 671 2209 salutiferi
696 2183 766 2212 Iesu,
785 2183 888 2208 curatus
904 2190 953 2208 non

109 2227 198 2257 fuerit,
217 2227 347 2253 dummodo
365 2227 427 2252 velit
444 2227 545 2252 curari?
562 2226 605 2252 Ita
624 2227 688 2252 enim
705 2227 741 2251 ait
753 2227 806 2258 ipse
820 2226 935 2252 Salvator
945 2227 954 2241 ⁷

109 2270 206 2296 cuidam
227 2270 372 2302 languenti,
397 2270 439 2301 qui
464 2270 560 2295 iacebat
583 2270 615 2295 ad
640 2270 759 2301 piscinam
785 2270 953 2301 probaticam:

114 2312 159 2338 Vis
177 2319 256 2338 sanus
274 2311 352 2343 fieri?
372 2312 406 2337 Et
424 2312 479 2337 ille:
499 2312 622 2344 Domine,
643 2312 771 2337 hominem
788 2320 842 2337 non
860 2312 953 2343 habeo,

109 2356 152 2387 ut,
166 2362 223 2380 cum
240 2357 311 2380 mota
322 2354 403 2385 faerit
415 2362 499 2387 aqua,
512 2355 598 2380 mittat
612 2362 651 2380 me
663 2355 692 2379 in
706 2355 844 2386 piscinam.
858 2355 952 2385 Stulte,

110 2405 174 2428 ecce,
193 2398 277 2423 oleum
295 2398 452 2423 salutiferum
471 2398 591 2423 salutaris
609 2398 694 2427 Iesus,
714 2398 783 2423 cuius
801 2405 890 2423 nomen
916 2398 955 2422 est

110 2441 174 2466 sicut
193 2441 273 2466 oleum
292 2441 405 2466 effusum.
425 2441 488 2470 Quid
507 2440 552 2466 tibi
571 2448 626 2466 cum
639 2439 727 2472 aqua?
746 2440 771 2465 Si
791 2441 828 2465 vis
847 2440 954 2471 recipere

1800 223 1855 250 219

1015 298 1135 328 salutem,
1154 306 1221 328 ecce,
1240 298 1295 324 fons
1320 299 1366 324 olei
1391 299 1585 329 misericordiae,
1605 299 1630 324 in
1655 307 1702 330 quo
1721 299 1746 324 te
1771 300 1856 326 nullus

1014 341 1128 372 prohibet
1146 341 1280 373 baptizari,
1300 342 1369 366 cuius
1381 349 1469 367 nomen
1489 342 1568 367 oleum
1588 342 1626 367 est
1644 342 1762 372 effusum,
1782 343 1806 367 id
1819 344 1857 368 est

1014 383 1127 408 omnibus
1145 384 1262 415 gentibus
1287 384 1459 414 manifestum,
1478 392 1526 416 quo
1545 385 1597 410 oleo
1622 385 1690 410 uncti
1709 385 1801 410 infirmi
1820 393 1856 411 sa-

1012 426 1115 450 nantur.
1135 426 1271 456 Quomodo,
1291 434 1346 451 cum
1365 427 1435 452 audis
1454 428 1479 452 et
1492 428 1612 459 intelligis
1632 429 1855 459 supereminentem

1013 468 1204 493 misericordiam
1224 470 1311 500 optimi
1331 469 1388 494 Iesu
1410 485 1444 488 —
1463 471 1504 502 qui
1524 471 1626 502 propter
1645 470 1669 496 te
1688 471 1856 496 redimendum

1013 511 1041 535 de
1061 512 1117 535 sinn
1130 511 1215 536 Patris
1233 512 1359 536 descendit
1370 513 1394 537 iu
1415 513 1510 543 terras,
1529 513 1571 538 ubi
1585 513 1609 538 te
1628 514 1856 539 misericordissima

1013 555 1127 585 passione
1155 562 1200 579 sua
1226 555 1329 579 redemit
1350 570 1385 573 —
1406 563 1455 580 non
1480 557 1610 582 oboritur⁶
1635 557 1680 581 tibi
1699 557 1767 582 certa
1786 564 1857 588 spes,

1013 596 1077 627 qnod
1096 596 1120 621 te
1146 597 1299 628 redemptum
1325 598 1397 623 tanto
1416 599 1495 629 pretio
1514 600 1577 624 nolit
1595 600 1708 631 perdere,
1734 607 1806 631 quem
1828 600 1857 625 de

1012 639 1079 664 caelo
1098 640 1167 664 venit
1185 640 1322 665 redimere?
1340 640 1395 665 Iam
1413 648 1471 673 ergo
1491 641 1536 666 tibi
1556 643 1590 667 sic
1608 642 1737 674 cogitanti,
1752 643 1785 667 sic
1805 650 1857 674 spe-

1013 682 1080 706 ranti
1099 682 1178 707 oleum
1198 683 1304 708 nominis
1322 683 1380 708 Iesu
1399 684 1444 708 tibi
1457 684 1561 709 effusum
1580 685 1626 709 est.
1646 685 1716 716 Unge
1733 686 1757 710 te
1776 692 1815 715 eo,
1829 685 1857 710 ut

1013 725 1122 754 saneris;
1142 725 1165 749 id
1185 725 1235 756 est,
1255 733 1328 756 spera
1346 726 1371 750 in
1391 727 1557 751 misericordia
1576 727 1727 757 Salvatoris,
1747 728 1789 758 qui
1809 728 1858 752 sal-

1012 767 1056 792 vat
1075 774 1159 792 ornnes
1179 768 1309 799 sperantes
1327 769 1352 793 in
1372 776 1397 793 se
1407 767 1425 793 ⁹.

1084 810 1143 834 143.
1163 810 1332 836 Nihilominns
1348 812 1431 836 autem
1451 812 1530 836 oleum
1549 812 1594 837 1100
1609 813 1696 843 pascit
1716 814 1750 841 te,
1771 813 1791 837 si
1816 812 1858 842 fa-
1871 818 1922 841 nem.
1936 818 2003 843 pascit.

1011 853 1116 878 melicus
1135 861 1174 883 es,
1194 854 1215 878 31
1228 855 1318 883 esuris,
1333 854 1435 878 verbum
1448 854 1495 879 est.
1514 855 1545 879 Iu
1558 855 1602 880 hoc
1621 855 1673 880 0100
1687 855 1730 879 1)οἰ
1744 855 1818 880 Verbi
1830 856 1857 885 ¹⁰,

1012 895 1098 927 optimi
1117 896 1189 926 Iesu,
1208 897 1305 921 invenis
1323 897 1387 927 quod
1406 897 1481 921 satiet
1499 897 1538 926 te,
1558 898 1579 921 si
1597 897 1669 922 dictis
1683 898 1707 922 et
1720 898 1793 922 factis
1806 899 1858 923 eius

1012 945 1097 962 aurem
1116 938 1196 963 cordis
1215 938 1253 963 tui
1271 939 1333 963 velis
1352 939 1479 963 inclinare.
1498 939 1580 964 Satiat
1599 940 1663 964 enim
1676 940 1785 964 animam
1803 948 1858 965 esu-

1012 981 1116 1006 rientem
1135 981 1253 1012 quidquid
1272 981 1348 1010 dixit,
1367 981 1485 1012 quidquid
1505 981 1562 1006 fecit
1586 982 1665 1006 (1111013
1684 982 1763 1007 Iesus.
1789 982 1858 1012 Quod

1012 1025 1033 1048 si
1051 1024 1131 1048 esuris
1150 1024 1175 1048 et
1194 1024 1249 1048 sitis
1268 1024 1405 1053 iustitiam,
1425 1024 1528 1049 satiabit
1554 1024 1578 1049 te
1604 1025 1705 1049 verbum
1731 1025 1780 1050 oris
1806 1026 1858 1050 eius

1012 1067 1053 1098 qui
1078 1067 1140 1091 dixit
1151 1065 1184 1091 ¹¹:
1209 1067 1300 1097 Beati,
1329 1067 1374 1098 qui
1401 1067 1519 1092 esuriunt
1546 1069 1570 1092 et
1595 1068 1689 1092 sitiant
1716 1068 1858 1100 iustitiam,

1012 1110 1135 1140 quoniam
1163 1110 1213 1141 ipsi
1237 1110 1436 1134 saturabuntur.
1460 1124 1495 1127 -——
1519 1110 1630 1135 Fovet¹²
1654 1118 1749 1142 quoque
1774 1111 1857 1142 ignem

1012 1153 1104 1182 oleum,
1124 1152 1189 1183 quod
1208 1152 1264 1177 huic
1282 1153 1375 1177 nomini
1394 1153 1452 1178 Iesu
1471 1153 1563 1184 optime
1582 1153 1713 1183 convenit,
1740 1154 1797 1185 quia
1816 1154 1858 1179 hu-

1012 1195 1050 1220 ius
1075 1196 1182 1220 nominis
1200 1195 1294 1220 virtute
1319 1195 1380 1220 fides
1400 1195 1576 1225 confirmatur,
1602 1196 1694 1221 caritas
1713 1196 1857 1221 exardescit.

1011 1238 1088 1264 Pauci
1113 1239 1178 1263 enim
1199 1238 1271 1263 fidem
1296 1238 1438 1263 habuerunt
1456 1239 1514 1263 ante
1538 1239 1611 1264 huius
1636 1239 1681 1264 olei
1701 1239 1857 1269 effusionem,

1012 1281 1037 1306 id
1055 1282 1094 1306 est
1107 1281 1165 1306 ante
1185 1281 1392 1313 praedicationem
1406 1282 1512 1306 nominis
1531 1282 1582 1311 tui,
1602 1289 1615 1307 0
1629 1282 1690 1307 bone
1703 1282 1772 1311 Iesu,
1787 1283 1859 1313 pauci

1012 1325 1119 1356 igniculo
1132 1324 1246 1349 caritatis
1259 1324 1384 1349 arserunt.
1404 1324 1449 1349 Sed
1463 1332 1528 1356 ecce,
1545 1325 1588 1349 illo
1602 1324 1692 1353 effuso,
1710 1325 1798 1356 quanti
1811 1325 1858 1350 fide

1011 1367 1161 1397 illuminati,
1180 1367 1267 1398 quanti
1280 1367 1385 1392 caritate
1404 1368 1514 1392 succensi
1533 1367 1606 1392 sunt!
1621 1367 1695 1392 Dedit
1707 1367 1817 1397 odorem,
1834 1368 1860 1392 id

1011 1411 1050 1435 est
1068 1411 1158 1435 bonam
1177 1410 1283 1440 samam,
1307 1411 1387 1435 oleum
1412 1411 1518 1435 nominis
1537 1411 1594 1435 boni
1613 1410 1671 1435 Iesu
1690 1410 1809 1440 effusum,
1834 1410 1860 1435 et

1012 1453 1109 1484 patuit,
1128 1460 1183 1478 eum
1202 1461 1255 1478 esse
1274 1453 1347 1477 etiam
1369 1453 1511 1483 Christum,
1530 1453 1554 1478 id
1567 1453 1606 1478 est
1619 1453 1729 1478 unctum.
1743 1453 1781 1478 Sic
1794 1454 1859 1478 enim

1011 1496 1048 1521 ait
1066 1496 1202 1521 Psalmista
1220 1496 1249 1521 de
1268 1503 1295 1521 eo
1306 1495 1338 1520 ¹³:
1365 1495 1443 1521 Unoeit
1462 1497 1498 1527 te,
1517 1497 1603 1527 Deus,
1627 1496 1698 1521 Deus
1721 1497 1781 1521 tuas
1806 1496 1859 1521 oleo

1013 1539 1125 1564 laetitiae
1138 1546 1206 1570 prae
1226 1539 1387 1564 consortibus
1402 1540 1460 1564 tuis.
1480 1539 1547 1571 Ergo
1560 1540 1585 1564 et
1603 1539 1682 1564 oleum
1701 1540 1859 1570 unquentum

1011 1583 1060 1612 est,
1073 1583 1131 1614 quia
1144 1583 1301 1614 unguentum
1320 1583 1349 1607 de
1362 1583 1414 1607 oleo
1434 1582 1459 1607 et
1471 1583 1625 1608 aromatibus
1644 1582 1781 1607 conficitur.
1795 1582 1858 1612 Quid

1011 1632 1069 1657 ergo
1089 1626 1138 1650 iam
1163 1626 1268 1655 mirum,
1294 1626 1315 1650 si
1334 1625 1394 1650 haec
1418 1625 1478 1649 vitis
1503 1625 1640 1650 mirabilem
1660 1625 1727 1650 dedit
1746 1625 1858 1654 odorem,

1011 1675 1073 1699 quae
1092 1668 1118 1692 et
1136 1668 1212 1693 uncta
1231 1668 1269 1693 est
1287 1668 1312 1693 et
1331 1668 1444 1693 florens?
1463 1668 1618 1693 Naearenus
1637 1668 1701 1692 enim
1721 1667 1811 1693 florens
1824 1668 1859 1692 in-

1011 1711 1167 1742 terpretatur
1177 1710 1205 1735 ²⁴.

1083 1753 1143 1778 144.
1161 1754 1227 1779 Vitis
1246 1754 1346 1783 nostra,
1366 1754 1437 1779 Iesus
1463 1754 1578 1779 Christus
1601 1754 1754 1783 Nazarenus,
1773 1754 1798 1778 id
1819 1753 1858 1779 est

1011 1796 1143 1826 salutaris,
1163 1797 1239 1821 uncta
1258 1797 1283 1821 et
1301 1797 1405 1826 florens,
1428 1797 1489 1828 quot
1506 1804 1555 1822 non
1573 1796 1734 1821 attraheret?
1752 1796 1856 1827 Omnes,

1011 1841 1053 1872 qui
1065 1840 1188 1869 salutem,
1206 1840 1332 1872 qim-iam,
1352 1839 1455 1865 divitias
1468 1840 1507 1864 vel
1518 1838 1537 1851 ¹⁵
1550 1839 1655 1865 delicias
1667 1839 1859 1870 concupiscunt,

1011 1882 1113 1907 veniant
1131 1883 1163 1907 ad
1181 1882 1257 1907 vitem
1282 1883 1355 1907 hanc.
1371 1882 1448 1907 Dabit
1473 1883 1537 1907 enim
1563 1882 1634 1907 Iesus
1658 1882 1782 1912 salutem,
1801 1882 1859 1913 quia

1011 1926 1131 1950 salutaris
1150 1926 1202 1955 est3
1231 1926 1300 1950 dabit
1319 1925 1434 1950 Christus
1452 1932 1575 1957 reynum,
1594 1925 1619 1949 in
1639 1932 1686 1956 quo
1705 1925 1785 1956 gloria
1804 1932 1858 1949 cum

1011 1968 1105 1993 divitiis
1123 1968 1244 1998 habetur,
1264 1969 1322 1999 quia
1341 1968 1432 1993 unctus
1451 1968 1502 1997 est,
1528 1967 1593 1999 quod
1612 1968 1711 1998 proprie
1736 1967 1768 1992 ad
1787 1974 1858 1998 reges

1012 2011 1134 2042 pertinet;
1154 2011 1223 2036 dabit
1242 2011 1388 2035 Nazarenus
1406 2010 1524 2041 delicias,
1545 2011 1602 2042 quia
1620 2010 1710 2035 florens
1729 2010 1776 2035 est.
1796 2009 1859 2039 Quid

1011 2055 1075 2079 enim
1094 2054 1224 2079 iucundius
1247 2053 1328 2079 flore?
1346 2054 1421 2078 Multi
1439 2054 1537 2082 autem,
1557 2054 1631 2078 immo
1656 2060 1752 2084 omnes,
1772 2052 1796 2077 id
1821 2053 1859 2077 est

1011 2097 1119 2122 omnium
1138 2096 1262 2121 virtutum
1276 2096 1349 2122 flores
1367 2097 1393 2121 in
1411 2096 1497 2121 nostro
1511 2096 1641 2121 Nazareno
1660 2096 1732 2125 sunt,
1752 2102 1857 2127 quarum

1010 2139 1150 2164 delectabili
1169 2139 1242 2164 odore
1261 2139 1341 2165 totum
1361 2139 1479 2164 mundum
1499 2138 1578 2164 traxit
1596 2138 1654 2170 post
1672 2145 1706 2163 se.
1725 2138 1791 2162 Nam
1816 2138 1858 2169 qui

1010 2182 1114 2207 veniunt
1132 2182 1164 2207 ad
1176 2183 1258 2213 ipsum
1278 2182 1380 2213 propter
1393 2182 1575 2212 humilitatem,
1589 2182 1668 2206 violae
1686 2181 1738 2206 eius
1752 2188 1859 2212 sequun-

1010 2225 1052 2250 tur
1071 2225 1182 2255 odorem3
1203 2226 1244 2257 qui
1258 2225 1361 2257 propter
1379 2225 1536 2255 castitatem,
1549 2225 1609 2255 lilii3
1624 2225 1665 2256 qui
1685 2224 1788 2256 propter
1801 2230 1859 2255 pas-

1010 2268 1086 2293 sionis
1099 2268 1242 2298 caritatem,
1256 2275 1340 2298 rosae3
1360 2269 1402 2299 qui
1421 2268 1523 2300 propter
1537 2268 1727 2297 abstinentiam,
1747 2267 1810 2292 croci
1824 2274 1858 2291 se-

1010 2311 1122 2343 quuntur
1135 2311 1241 2337 odorem.
1252 2311 1298 2336 His
1311 2319 1370 2343 ergo
1383 2311 1520 2336 virtutibus
1534 2310 1621 2342 optimi
1634 2310 1692 2335 Iesu
1704 2310 1797 2335 Christi
1810 2309 1859 2334 Na-

1010 2355 1093 2379 zareni
1106 2354 1196 2386 ubique
1215 2362 1259 2386 per
1278 2354 1461 2386 praedicatores
1483 2354 1603 2385 tanquam
1623 2353 1728 2385 quodam
1751 2353 1858 2384 pretioso

1010 2397 1138 2428 unguento
1150 2396 1249 2427 effusis,
1268 2396 1430 2422 extraxerunt
1443 2396 1540 2422 odorem
1560 2396 1612 2421 eius
1625 2395 1821 2421 adolescentulae
1834 2394 1859 2419 et

1010 2440 1036 2464 111
1050 2439 1121 2465 odore
1134 2440 1186 2464 eius
1206 2439 1308 2465 mirifico
1326 2439 1475 2469 delectatae,
1499 2439 1662 2464 cucurrerunt
1681 2438 1738 2469 post
1756 2438 1858 2462 unctum

174 2629 180 2642 ¹
199 2631 229 2652 Ex
248 2633 265 2652 Α
282 2630 442 2658 supplevimus
459 2629 525 2653 enini
540 2636 625 2658 uenere
641 2630 730 2659 florum
747 2630 866 2659 florentes.

172 2660 181 2673 ²
198 2661 260 2684 Cant.
284 2662 306 2688 1,
326 2661 370 2683 4-3.
386 2673 418 2678 -.
435 2662 491 2684 Bon.
516 2667 569 2683 curn
594 2661 632 2683 ed.
661 2662 665 2682 Ι
695 2660 736 2684 sed
760 2660 889 2684 certissime
911 2660 959 2684 viri

110 2691 147 2714 illi
162 2691 208 2715 soli
224 2692 295 2721 capiti
310 2694 404 2720 nostro,
421 2693 508 2722 optimo
525 2693 578 2715 lesa
595 2691 743 2720 clamabant,
760 2698 842 2721 nempe
860 2691 901 2715 illa
913 2692 958 2721 spi-

109 2722 205 2747 ritualis
221 2729 317 2752 spensa.

172 2753 182 2767 ⁸
198 2755 282 2777 Psalm.
300 2755 342 2783 84,
360 2755 386 2783 5,
403 2758 456 2783 post
472 2761 541 2784 quern
561 2754 603 2781 43,
621 2755 642 2777 8.
659 2767 690 2771 -
711 2754 743 2776 Dc
768 2754 957 2782 interpretatione

110 2785 210 2808 nominis
227 2786 279 2809 lesu
298 2788 337 2809 cfr.
355 2792 425 2814 supra
443 2792 497 2814 pag.
516 2786 553 2813 92,
570 2789 624 2808 nota
640 2785 663 2807 7.

172 2816 181 2828 ⁴
198 2816 262 2839 Cant.
281 2818 307 2844 l,
330 2818 352 2839 2.
374 2830 404 2833 —
431 2817 481 2840 Duo
504 2823 570 2846 seqq.
594 2817 637 2839 loci
662 2819 714 2838 sunt
736 2816 803 2838 Prov.
822 2817 843 2843 2,
873 2816 908 2838 14.
933 2819 956 2838 et

110 2847 328 2907 Lue.⁶t,Re457p.icim
347 2880 380 2901 Ρ3.
398 2879 435 2907 54,
454 2880 496 2907 23;
514 2880 554 2901 cfr.
572 2884 642 2907 supra
661 2884 714 2906 pag.
736 2878 785 2904 163,
803 2881 855 2900 nota
871 2879 906 2900 to.
926 2891 955 2894 —

110 2911 140 2932 Ex
155 2910 174 2932 A
192 2910 353 2938 supplevimus
370 2916 463 2939 quem...
481 2910 570 2933 debere.

171 2940 181 2953 ⁰
198 2941 262 2964 Cant.
280 2942 300 2969 i,
318 2942 341 2964 2.
356 2953 388 2958 —
404 2940 459 2964 Cod.
477 2942 494 2964 Α
512 2941 614 2971 effusum
630 2946 716 2964 nomen
733 2939 783 2963 eius
800 2941 858 2963 erat.

171 2970 180 2984 ⁷
199 2973 258 2995 ioan.
276 2973 303 3000 ὅ,
321 2973 343 2995 6.
362 2975 384 2994 et
400 2972 423 2994 7.

172 3002 180 3015 Β
198 3004 241 3026 Pro
258 3010 305 3027 mm
322 3002 429 3027 oboritur
447 3003 464 3025 Α
482 3002 569 3026 oritur.

1077 2628 1086 2641 ⁹
1104 2629 1186 2651 Psalni.
1207 2629 1246 2655 16,
1263 2629 1289 2651 7:
1308 2628 1398 2650 Mirifica
1417 2627 1586 2650 misericordias
1605 2630 1665 2653 tuas,
1682 2627 1721 2655 qui
1736 2627 1813 2649 salvos
1831 2628 1858 2649 sa-

1014 2667 1046 2683 ms
1063 2663 1265 2717 spfilagite;;1rssgtc:
1280 2696 1333 2713 curn
1351 2690 1388 2712 ed.
1412 2690 1416 2711 Ι
1439 2690 1465 2712 ln
1477 2689 1520 2712 hoc
1539 2688 1607 2712 vet-110
1627 2689 1666 2712 Dei
1676 2692 1698 2711 et
1710 2689 1804 2711 inferius
1815 2689 1858 2712 Sa-

1013 2724 1056 2745 uat
1071 2722 1133 2745 enim
1151 2728 1193 2750 pro
1211 2721 1288 2745 satiat
1304 2721 1374 2744 enim.

1077 2752 1094 2765 ¹¹
1113 2754 1189 2776 Matth.
1206 2753 1231 2781 5,
1253 2754 1274 2774 6.
1291 2765 1321 2769 -
1339 2752 1450 2780 Superius
1468 2758 1510 2780 pro
1531 2751 1626 2774 satiabit
1642 2752 1696 2774 Bon.
1719 2757 1772 2774 011111
1790 2751 1827 2774 ed.
1848 2752 1853 2773 1

1012 2783 1113 2807 sanabit.

1077 2814 1095 2829 ¹²
1113 2816 1141 2837 lta
1160 2815 1190 2842 Α;
1208 2815 1262 2837 Bon.
1279 2820 1332 2837 curn
1352 2814 1390 2836 od.
1411 2815 1416 2836 1
1438 2813 1519 2837 Addet.
1530 2813 1575 2837 Csr.
1594 2813 1714 2840 Bernard.,
1732 2814 1805 2835 Serm.
1820 2813 1855 2836 Ἰ15.

1013 2846 1036 2868 111
1053 2846 1116 2868 Cant.
1134 2853 1156 2868 n.
1174 2846 1201 2868 5:
1218 2846 1289 2868 Fovet
1307 2844 1405 2875 [oleum]
1423 2845 1514 2873 ignem,
1531 2846 1602 2868 nutrit
1623 2851 1728 2873 carnem,
1749 2845 1803 2867 lenit
1820 2845 1858 2867 (10-

1012 2877 1108 2900 lorem...
1126 2878 1195 2899 Lucet
1218 2877 1389 2905 praedicatum,
1407 2877 1479 2904 pascit
1499 2877 1663 2905 recogitatum,
1682 2877 1812 2899 invocatum
1830 2876 1857 2898 le-

1012 2909 1044 2931 nit
1061 2912 1083 2931 et
1101 2909 1173 2936 ungit.

1075 2939 1095 2952 ¹³
1113 2940 1194 2962 Psalm.
1213 2938 1254 2968 44,
1272 2940 1293 2961 8.

1075 2969 1095 2983 ²⁴
1111 2970 1157 2993 Csr.
1176 2976 1245 2998 supra
1263 2976 1317 2998 pag.
1338 2970 1392 2997 194,
1409 2973 1463 2992 nota
1480 2970 1501 2992 5.

1075 3001 1094 3014 ¹⁵
1111 3001 1168 3024 Cod.
1185 3002 1202 3024 Α
1220 3001 1324 3031 pieriam
1342 3001 1365 3025 in
1382 3000 1468 3025 divinis
1486 3003 1514 3025 et.

1876 1117 1927 1139 item,
1941 1117 1997 1136 fovet.

1898 1759 1964 1782 Magna
1977 1760 2005 1778 ab·

1875 1783 1941 1801 tractio
1950 1783 2005 1801 huius

1874 1806 1924 1824 vitis.
