2133 3317
133 354 218 376 Apparet
228 352 263 370 Pa-

147 381 180 403 pae
194 376 263 398 Grego-

145 405 180 418 rio.

137 1290 188 1312 ltem,
204 1290 266 1309 Fratri

162 1313 237 1332 Minori.

279 221 335 249 550
630 217 829 246 OPUSCULUM
850 216 938 245 xxili.
960 215 1111 245 LEGENDA
1133 215 1246 245 SANCTI
1267 215 1441 244 FRANCISCI.
1463 215 1626 244 MIRACULA
1647 216 1664 250 ἓ
1686 214 1703 243 Ι.

280 298 477 335 suffragantur.
500 296 595 325 Felicis
622 303 742 332 namque
771 294 969 325 recordationis
1000 294 1130 323 dominus

279 346 430 382 Gregorius
452 345 522 381 Papa
543 351 649 377 nonus,
671 342 704 371 de
726 350 782 379 quo
803 342 847 370 vir
875 344 988 370 sanctus
1010 341 1130 378 prophe-

280 392 363 422 tando
385 391 575 428 praedixerat,
597 389 672 426 quod
692 389 726 417 ad
747 388 908 425 dignitatem
929 388 1001 417 foret
1022 391 1132 425 aposto-

280 441 361 469 licam
382 437 606 470 sublimandus1,
627 439 776 473 antequam
799 436 891 464 crucis
912 436 1074 473 signiferum
1090 444 1131 464 ca-

280 487 370 522 talogo
399 486 563 513 Sanctorum
596 483 763 517 ascriberet,
793 483 957 520 scrupulum
990 482 1127 519 quendam

280 532 459 562 dubitationis
481 532 507 559 in
530 531 612 559 corde
633 530 747 567 gerebat
767 530 801 558 de
816 530 932 558 vulnere
946 530 1063 558 laterali.
1079 530 1131 558 No-

281 584 323 609 cte
344 587 410 608 vero
432 578 566 616 quadam,
588 577 661 606 sicut
681 577 739 613 ipse
761 577 828 605 felix
857 576 971 605 antistes
992 576 1130 605 referebat

281 635 344 656 cum
367 626 509 662 lacrymis,
531 625 629 654 beatus
660 624 684 653 ei
713 624 891 658 Franciscus‚
913 623 1032 660 quadam
1053 623 1131 652 faciei

280 677 427 710 praetensa
447 672 566 706 duritia,
588 672 616 700 in
638 671 742 700 somnis
773 670 903 707 apparuit
924 673 951 699 et
974 670 1131 698 haesitatio-

280 729 343 750 nem
365 720 456 748 cordis
471 719 558 756 ipsius
573 718 753 755 redarguens,
768 717 886 746 elevavit
901 711 1047 746 brachium
1062 716 1131 745 dex-

281 771 373 802 trum,
395 767 501 795 detexit
522 766 625 795 vulnus
646 766 825 802 phialamque
853 764 977 801 poposcit
999 764 1033 792 ab
1056 764 1131 801 ipso,

281 818 313 844 ut
333 814 531 843 scaturientem
553 813 690 849 reciperet
711 812 892 849 sanguinem,
914 811 961 848 qui
984 819 1021 840 ex
1044 811 1130 840 latere

281 861 428 891 defluebat.
451 860 559 889 Obtulit
573 859 599 888 in
622 859 727 888 visione
742 859 874 887 Summus
889 858 1015 886 Pontifex
1027 857 1037 873 ²
1053 857 1131 894 phia-

280 910 335 938 lam
357 908 540 946 postulatam,
562 914 634 944 quae
655 914 745 943 usque
776 905 810 934 ad
832 913 973 934 summum
997 904 1131 941 sanguine

281 956 438 994 profluente
469 955 502 984 de
530 955 616 983 latere
637 953 783 982 videbatur
804 952 923 989 impleri.
947 952 987 980 Ex
1010 955 1076 980 tunc
1098 951 1132 980 ad

281 1004 349 1033 illud
371 1011 481 1032 sacrum
504 1001 671 1031 miraculum
694 1003 770 1029 tanta
791 1000 880 1037 coepit
901 999 1045 1028 devotione
1060 998 1131 1027 affici

282 1056 309 1081 et
330 1050 513 1079 aemulatione
534 1049 658 1082 fervere,
682 1051 712 1076 ut
744 1047 821 1075 nullo
842 1046 924 1075 modo
946 1046 1000 1083 pati
1024 1048 1131 1083 posset,

282 1098 357 1136 quod
378 1097 478 1134 aliquis
510 1095 711 1133 praefulgentia
742 1095 788 1122 illa
809 1094 887 1131 signa
908 1093 1030 1130 superba
1051 1100 1131 1129 prae-

282 1148 406 1175 sumeret
427 1143 634 1181 impugnatione
655 1142 780 1176 fuscare,
802 1141 870 1178 quin
892 1148 955 1169 eum
979 1148 1076 1169 severa
1091 1139 1132 1167 in-

283 1192 440 1229 crepatione
461 1190 557 1219 feriret
568 1190 588 1217 3.

362 1239 388 1267 3.
411 1238 505 1266 Frater
527 1236 639 1274 quidam
662 1235 765 1264 Ordine
787 1235 890 1269 Minor,
912 1234 1002 1263 officio
1026 1233 1134 1270 praedi-

282 1289 368 1319 cator,
390 1284 502 1314 virtutis
523 1287 549 1313 et
571 1283 659 1312 famae
675 1282 867 1320 praerogativa
881 1281 1068 1318 praepollens,
1088 1279 1132 1309 cui

282 1333 401 1361 firmiter
423 1334 482 1360 erat
503 1331 537 1359 de
558 1330 648 1359 Sancti
671 1329 846 1366 stigmatibus
868 1335 1043 1365 persuasum,
1065 1327 1132 1355 dum

282 1381 407 1408 humano
428 1387 511 1407 sensu
535 1378 660 1406 miraculi
684 1377 769 1405 huius
783 1376 855 1413 apud
872 1384 901 1405 se
916 1375 1051 1404 rationem
1071 1382 1133 1411 per-

283 1427 423 1464 quireret,
445 1425 625 1455 dubitationis
647 1424 736 1461 coepit
767 1423 911 1452 cuiusdam
945 1422 1079 1459 scrupulo
1100 1421 1134 1450 ti-

283 1475 375 1503 tillari.
397 1474 466 1502 Cum
498 1473 584 1510 igitur
611 1480 661 1509 per
692 1472 750 1500 dies
782 1471 933 1508 plurimos,
955 1469 1134 1499 sensualitate

284 1525 411 1552 sumente
442 1521 582 1558 vigorem,
614 1520 716 1548 luctam
734 1520 745 1535 4
778 1518 938 1547 huiusmodi
973 1520 1133 1554 pateretur3

283 1573 363 1598 nocte
384 1568 531 1597 dormienti
553 1570 666 1596 sanctus
686 1566 849 1595 Franciscus
874 1565 991 1602 pedibus
1012 1564 1133 1593 lutulen-

284 1617 318 1645 tis
349 1615 495 1653 apparuit,
529 1614 673 1643 humiliter
704 1613 794 1642 durus
822 1615 849 1641 et
877 1612 1013 1649 patienter
1036 1612 1132 1639 iratus.

288 1675 301 1689 «
318 1664 348 1692 Et
370 1670 441 1700 quae
463 1665 540 1696 sunt,
562 1661 615 1695 ait,
638 1661 690 1689 ista
711 1660 738 1688 in
762 1663 787 1688 te
816 1659 1051 1688 conflictationum
1074 1666 1134 1686 cer-

284 1711 406 1745 tamina,
439 1717 510 1746 quae
541 1708 747 1737 dubitationum
780 1707 904 1736 sordes?
934 1706 1000 1735 Vide
1025 1714 1135 1734 memus

283 1757 386 1786 meus⁵
408 1760 435 1786 et
457 1756 539 1793 pedes
561 1763 674 1784 meos».
697 1755 824 1791 Cumque
846 1754 891 1782 ille
913 1753 1020 1782 videret
1035 1760 1135 1781 manus

284 1804 422 1839 confixas,
444 1803 648 1832 lutulentorum
671 1801 772 1839 pedum
795 1801 923 1838 stigmata
945 1809 998 1829 non
1014 1800 1133 1828 videbat.

289 1852 452 1885 «Remove,
473 1850 577 1887 inquit,
599 1850 689 1878 lutum
712 1857 728 1877 a
749 1848 866 1886 pedibus
888 1848 956 1877 meis
977 1851 1003 1876 et
1035 1855 1134 1884 cogno—

284 1907 329 1928 sce
350 1899 410 1927 loca
431 1898 573 1926 clavorum
590 1908 617 1924 ».
640 1897 715 1933 Quos
736 1904 800 1925 cum
829 1895 875 1924 ille
905 1894 1136 1932 apprehendisset

283 1946 396 1980 devote,
419 1946 509 1974 lutum
532 1944 584 1973 sihi
606 1944 753 1973 videbatur
774 1943 934 1980 abstergere
950 1942 1065 1979 locaque
1080 1942 1135 1971 cla-

284 2002 383 2023 vorum
416 1992 544 2022 manibus
569 1994 750 2020 contrectare.
784 1990 933 2023 Continuo,
956 1993 987 2018 ut
1008 1989 1134 2026 evigilat,

284 2041 414 2077 lacrymis
435 2040 568 2077 irrigatur
590 2041 617 2067 et
638 2038 747 2075 priores
767 2038 882 2066 affectus
903 2037 1023 2074 quodam
1054 2036 1135 2065 modo

252 2082 253 2086 ¹
286 2088 438 2116 lutulentos
460 2090 514 2115 tam
537 2087 724 2122 lacrymarum
748 2084 886 2121 profluvio
917 2092 1001 2121 quam
1025 2084 1136 2121 publica

146 2234 221 2252 Factum
235 2233 269 2250 mi-

150 2262 191 2275 rum
206 2256 267 2279 quoad

158 2281 258 2303 imaginem

174 2304 244 2323 Sancti.

285 2134 455 2163 confessione
475 2133 599 2162 detersit.

364 2182 390 2210 li.
422 2181 449 2209 [n
478 2180 548 2209 urbe
576 2180 661 2208 Roma
689 2182 815 2207 matrona
843 2178 994 2215 quaedam,
1024 2186 1135 2206 morum

285 2228 410 2257 claritate
432 2235 463 2256 ac
486 2229 632 2264 parentum
654 2226 742 2263 gloria
770 2225 881 2259 nobilis,
904 2228 1030 2254 sanctum
1052 2225 1136 2253 Fran-

285 2276 390 2304 ciscum
412 2275 438 2303 in
468 2282 551 2303 suum
583 2274 703 2311 elegerat
723 2273 901 2306 advocatum,
923 2273 1010 2309 ipsius
1032 2272 1136 2301 habens

286 2323 420 2360 depictam
443 2321 590 2359 imaginem
613 2321 639 2349 in
661 2323 768 2349 secreto
790 2320 935 2354 cubiculo,
950 2320 998 2348 ubi
1013 2320 1136 2348 Patrem

286 2371 317 2398 z'sn
349 2369 517 2398 abscondito
548 2368 721 2397 exorabat?
744 2367 793 2396 Die
822 2375 888 2396 vero
920 2367 1039 2404 quadam
1072 2374 1136 2395 cum

286 2417 403 2446 orationi
426 2419 551 2450 vacaret,
573 2415 751 2444 considerans
776 2414 923 2451 imaginem
945 2414 1035 2442 Sancti
1058 2421 1137 2442 sacra

286 2465 332 2493 illa
353 2464 431 2501 signa
459 2464 618 2501 stigmatum
648 2471 702 2491 non
730 2462 894 2496 habentem,
926 2461 1020 2490 dolere
1047 2461 1137 2498 coepit

285 2520 340 2541 non
362 2511 500 2540 modicum
523 2513 551 2539 et
572 2510 677 2539 mirari.
700 2510 751 2539 Sed
784 2518 838 2538 non
860 2510 980 2543 mirum,
1002 2509 1023 2538 si
1046 2509 1074 2537 in
1096 2509 1137 2546 pi-

288 2563 368 2588 ctura
390 2567 444 2587 non
466 2562 525 2587 erat
553 2558 628 2595 quod
659 2558 748 2594 pictor
777 2557 917 2586 omiserat.
939 2556 1065 2593 Cumque
1086 2564 1136 2593 per

1187 294 1282 331 plures
1303 294 1375 328 dies,
1397 293 1464 331 quid
1492 301 1591 322 causae
1621 292 1693 321 foret
1723 292 1847 322 defectus
1875 293 2034 322 huiusmodi

1186 344 1278 370 mente
1300 341 1415 370 sollicita
1436 343 1632 377 pertractaret;
1648 348 1724 374 ecce,
1739 340 1831 369 subito
1852 340 1896 369 die
1917 341 2036 377 quadam

1187 391 1379 425 apparuerunt
1400 388 1477 425 signa
1508 388 1554 416 illa
1576 387 1694 416 mirifica
1721 387 1749 415 in
1775 387 1893 423 pictura,
1916 388 1988 416 sicut
2009 388 2036 417 in

1187 435 1248 464 aliis
1268 435 1356 472 ipsius
1377 435 1468 463 Sancti
1501 435 1668 471 imaginibus
1701 434 1773 471 pingi
1802 434 1899 463 solent.
1923 435 2036 464 Treme-

1187 482 1259 511 facta
1279 482 1325 511 illa
1346 482 1431 511 filiam
1453 489 1532 510 suam
1555 482 1611 510 Deo
1638 481 1765 510 devotam
1794 481 1922 518 protinus
1953 482 2036 510 advo-

1189 529 1276 563 cavit,
1298 529 1460 566 requirens,
1483 529 1505 557 si
1525 528 1631 565 absque
1662 528 1837 565 stigmatibus
1859 536 1949 565 usque
1971 532 2037 558 tunc

1188 576 1278 612 imago
1299 575 1404 604 fuisset.
1427 575 1551 604 Affirmat
1571 575 1618 603 illa
1649 578 1675 603 et
1707 575 1793 608 iurat,
1823 575 1861 603 sic
1882 575 1947 603 olim
1979 575 2038 604 sine

1189 623 1385 660 stigmatibus⁷
1407 622 1547 651 exstitisse
1562 624 1589 650 et
1603 630 1677 651 nunc
1699 630 1764 651 vere
1786 630 1848 651 cum
1864 622 2038 659 stigmatibus

1189 678 1332 707 apparere.
1355 670 1476 703 Verum,
1505 669 1571 706 quia
1603 677 1680 697 mens
1709 669 1830 697 humana
1862 669 2036 706 semetipsam

1188 716 1350 753 frequenter
1371 716 1501 753 impellit,
1522 719 1555 744 ut
1575 716 1668 749 cadat,
1691 718 1719 744 et
1739 716 1766 744 in
1788 715 1904 744 dubium
1926 718 2038 744 revocat

1189 764 1347 798 veritatem;
1369 763 1510 792 subintrat
1537 763 1639 792 iterum
1671 770 1718 791 cor
1751 762 1876 791 mulieris
1903 762 2039 791 dubitatio

1189 812 1289 846 noxia,
1311 819 1346 840 ne
1367 811 1438 839 forte
1459 810 1498 840 sic
1519 810 1616 839 fuisset
1644 810 1734 847 imago
1756 818 1772 839 a
1793 809 1929 847 principio
1954 810 2040 839 consi-

1189 861 1280 896 gnata.
1295 858 1327 887 At
1341 858 1389 886 Dei
1405 858 1510 892 virtus,
1526 865 1560 886 ne
1575 857 1696 894 primum
1712 861 1937 886 contemneretur
1955 857 2039 886 mira-

1189 906 1301 939 culum,
1317 905 1421 933 addidit
1435 908 1462 934 et
1477 904 1640 933 secundum.
1656 904 1792 933 Continuo
1813 912 1933 941 namque
1948 904 2038 941 dispa-

1189 953 1317 982 rentibus
1331 952 1416 989 signis
1430 952 1493 987 illis,
1508 952 1611 980 nudata
1626 952 1777 989 privilegiis
1791 952 1881 989 imago
1896 952 2039 987 remansit,

1189 1003 1221 1028 ut
1241 1007 1291 1036 per
1313 1007 1432 1036 sequens
1453 999 1563 1036 signum
1585 999 1664 1027 fieret
1690 998 1816 1035 probatio
1840 998 2038 1035 praecedentis.

1270 1047 1295 1075 5.
1318 1046 1346 1074 ln
1368 1046 1528 1075 Catalaunia
1548 1054 1661 1083 quoque
1675 1045 1749 1082 apud
1771 1045 1909 1074 11erdam⁸
1924 1045 2039 1080 accidit,

1190 1094 1281 1122 virum
1303 1093 1441 1130 quendam
1463 1093 1575 1122 nomine
1596 1093 1723 1121 loannem
1738 1093 1820 1121 beato
1833 1092 1977 1121 Fraucisco
1991 1092 2038 1122 de-

1190 1144 1285 1170 votum
1307 1141 1426 1178 quodam
1448 1148 1510 1169 sero
1531 1148 1581 1177 per
1602 1140 1741 1177 quandam
1762 1140 1890 1169 incedere
1910 1140 1996 1174 viam,
2012 1140 2040 1169 in

1190 1196 1245 1225 qua
1266 1196 1317 1225 pro
1339 1187 1480 1216 inferenda
1501 1190 1591 1215 morte
1606 1187 1750 1215 latitabant
1763 1186 1891 1221 insidiae,
1908 1195 1962 1215 non
1977 1187 2039 1224 qui-

1189 1235 1251 1264 dem
1285 1235 1352 1272 ipsi,
1381 1235 1429 1271 qui
1450 1234 1608 1263 inimicitias
1638 1242 1693 1262 non
1725 1234 1857 1267 habebat,
1890 1233 1936 1262 sed
1958 1233 2038 1262 alteri

1190 1282 1309 1317 cuidam,
1331 1282 1379 1319 qui
1401 1281 1546 1310 videbatur
1578 1281 1675 1309 similis
1703 1281 1763 1309 eius
1794 1283 1821 1309 et
1842 1283 1909 1309 tunc
1930 1283 1990 1309 erat
2012 1280 2039 1309 in

1191 1329 1323 1358 comitatu
1344 1329 1439 1366 ipsius.
1455 1329 1617 1365 Exsurgens
1631 1331 1724 1356 autem
1739 1327 1852 1364 quidam
1866 1327 1900 1356 de
1922 1327 2039 1362 insidiis,

1190 1385 1254 1406 cum
1276 1377 1383 1405 hostem
1406 1384 1489 1405 suum
1511 1376 1586 1404 hunc
1608 1383 1667 1404 esse
1689 1378 1816 1412 putaret,
1845 1378 1901 1403 tam
1922 1375 2040 1404 letaliter

1190 1432 1254 1453 eum
1278 1424 1365 1460 plagis
1385 1423 1536 1460 pluribus⁹
1557 1422 1696 1459 gladiavit,
1719 1425 1750 1451 ut
1770 1422 1847 1451 nulla
1861 1430 1978 1459 prorsus
1992 1430 2041 1451 su-

1190 1474 1314 1509 peresset
1336 1479 1398 1508 spes
1419 1470 1627 1507 recuperandae
1658 1470 1764 1498 salutis.
1787 1469 1928 1507 Siquidem
1951 1469 2040 1506 primo

1190 1518 1295 1547 inflicta
1315 1517 1458 1555 percussio
1479 1517 1629 1546 humerum
1652 1525 1716 1545 cum
1730 1517 1845 1545 brachio
1860 1524 1930 1553 pene
1951 1519 2041 1545 totum

1191 1566 1361 1599 absciderat,
1383 1568 1411 1593 et
1431 1565 1503 1594 ictus
1524 1564 1595 1593 alius
1616 1564 1669 1593 sub
1700 1564 1851 1592 mammilla
1872 1567 1974 1592 tantam
1997 1572 2041 1593 re-

1191 1614 1312 1651 liquerat
1333 1615 1508 1649 aperturam,
1530 1614 1562 1640 ut
1593 1611 1677 1640 ssatus
1702 1611 1764 1640 inde
1790 1611 1943 1648 procedens
1968 1611 2042 1640 circa

1192 1669 1242 1690 sex
1264 1660 1391 1689 candelas
1412 1659 1496 1688 simul
1517 1659 1627 1687 iunctas
1647 1658 1848 1696 exstingueret.
1865 1658 1934 1687 Cum
1955 1658 2041 1695 igitur

1192 1707 1293 1737 iudicio
1305 1707 1328 1724 ¹⁰
1350 1706 1520 1736 medicorum
1543 1706 1631 1743 ipsius
1646 1705 1822 1742 impossibilis
1836 1708 1909 1734 esset
1923 1706 2041 1740 curatio,

1191 1763 1242 1792 pro
1263 1762 1296 1783 eo
1317 1753 1400 1791 quod,
1413 1752 1638 1790 putrescentibus
1660 1752 1761 1790 plagis⁷
1776 1760 1813 1781 ex
1828 1752 1867 1781 eis
1881 1752 1969 1781 foetor
1986 1755 2042 1781 tam

1191 1801 1373 1830 intolerabilis
1393 1800 1554 1833 exhalaret,
1576 1803 1608 1828 ut
1629 1800 1711 1828 etiam
1740 1799 1800 1836 ipsa
1820 1799 1880 1828 eius
1901 1807 1976 1828 uxor
1999 1807 2042 1828 ve-

1192 1849 1337 1878 hementer
1366 1848 1510 1882 horreret,
1538 1847 1679 1884 nullisque
1706 1847 1760 1875 iam
1794 1846 1923 1875 humanis
1951 1846 2041 1875 iuvari

1191 1898 1284 1933 posset
1306 1895 1449 1929 remediis;
1472 1894 1609 1923 convertit
1630 1902 1659 1923 se
1689 1894 1722 1922 ad
1754 1894 1826 1923 beati
1848 1894 1936 1923 Patris
1957 1894 2042 1922 Fran-

1192 1943 1256 1972 cisci
1284 1942 1468 1979 patrocinium
1490 1944 1594 1978 quanta
1615 1943 1724 1978 poterat
1751 1940 1896 1970 devotione
1928 1948 2042 1978 poscen-

1191 1991 1271 2024 dum,
1293 1998 1377 2027 quem
1399 1992 1426 2018 et
1447 1989 1519 2018 inter
1540 1989 1614 2026 ipsos
1635 1989 1707 2017 ictus
1729 1996 1785 2017 una
1806 1996 1870 2017 cum
1885 1988 1965 2017 beata
1981 1988 2042 2017 Vir—

1192 2038 1255 2075 gine
1276 2036 1455 2066 fidentissime
1476 2036 1618 2064 invocarat
1631 2037 1661 2064 ¹¹.
1685 2036 1716 2064 Et
1737 2043 1815 2069 ecce,
1831 2035 1933 2064 misero
1954 2035 1982 2063 in
2004 2035 2042 2064 le-

1193 2085 1267 2113 ctulo
1289 2084 1452 2113 calamitatis
1472 2083 1595 2112 solitario
1622 2083 1785 2117 decubanti,
1815 2090 1879 2111 cum
1904 2082 2040 2111 Francisci

1192 2139 1291 2160 nomen
1324 2131 1441 2168 vigilans
1472 2133 1498 2159 et
1530 2130 1636 2159 eiulans
1672 2129 1847 2167 frequentius
1878 2129 2041 2166 replicaret,

1192 2178 1278 2207 astitit
1299 2178 1412 2215 quidam
1433 2177 1461 2206 in
1484 2177 1581 2206 habitu
1611 2177 1712 2205 Fratris
1740 2176 1868 2211 Minoris,
1897 2184 1946 2213 per
1967 2176 2042 2206 fene-

1193 2228 1295 2260 stram,
1318 2228 1350 2254 ut
1369 2225 1393 2254 ei
1416 2225 1578 2259 videbatur,
1600 2224 1750 2261 ingressus.
1780 2224 1831 2260 Qui
1854 2232 1956 2252 vocans
1977 2232 2041 2253 eum

1193 2281 1229 2302 ex
1250 2273 1377 2306 nomine,
1399 2272 1486 2301 dixit:
1513 2283 1526 2297 «
1540 2271 1610 2308 Quia
1631 2271 1761 2300 fiduciam
1788 2271 1910 2299 habuisti
1932 2271 1959 2299 in
1982 2278 2041 2305 me,

1193 2328 1265 2354 ecce,
1287 2320 1421 2348 Dominus
1442 2319 1570 2348 liberabit
1591 2322 1656 2347 te».
1671 2319 1690 2347 A
1705 2326 1761 2355 quo
1776 2326 1840 2347 cum
1862 2326 1957 2355 aeger,
1979 2318 2043 2355 quis

1193 2370 1280 2401 esset,
1301 2367 1456 2404 inquireret
1468 2366 1501 2400 ¹²,
1517 2366 1692 2394 Franciscum
1707 2365 1752 2394 ille
1771 2373 1800 2394 se
1821 2373 1880 2394 esse
1901 2365 2043 2402 respondit

1194 2418 1220 2443 et
1248 2414 1340 2443 statim
1369 2413 1535 2451 appropians
1563 2413 1712 2441 vulnerum
1740 2412 1815 2441 illius
1836 2412 1969 2449 ligaturas
2000 2420 2042 2441 re-

1194 2461 1274 2490 solvit
1296 2464 1322 2490 et
1344 2469 1407 2490 eum
1430 2464 1572 2497 unguento
1595 2468 1644 2497 per
1666 2468 1761 2489 omnes
1782 2460 1892 2497 plagas,
1914 2461 1946 2488 ut
1967 2459 2043 2488 videa

1193 2509 1289 2543 batur,
1312 2508 1454 2545 perunxit.
1477 2508 1573 2536 Statim
1595 2511 1704 2541 autem,
1720 2510 1752 2535 ut
1767 2506 1851 2535 sensit
1865 2506 1977 2534 illarum
1999 2514 2042 2535 sa-

1194 2564 1306 2585 crarum
1328 2562 1462 2583 manuum
1484 2555 1643 2591 stigmatum
1660 2554 1810 2582 Salvatoris
1825 2553 1928 2582 virtute
1943 2560 2041 2581 sanare

352 2718 357 2731 ¹
376 2717 420 2740 Ct'r.
438 2724 509 2745 supra
528 2723 582 2745 pag.
601 2717 657 2743 52¹,
676 2720 727 2739 nota
747 2717 767 2738 6.
786 2719 808 2738 et
825 2722 843 2738 c.
867 2716 899 2738 15.
918 2722 940 2738 n.
957 2716 978 2738 ’7.

350 2756 359 2769 2
377 2758 399 2778 ln
416 2758 434 2779 Α
451 2756 552 2779 secunda
572 2762 655 2778 manus
673 2756 732 2778 male
749 2755 866 2778 substituit
882 2755 982 2778 Summo
1001 2754 1116 2785 Pontifici.

350 2795 359 2808 ³
376 2796 409 2818 De
427 2798 469 2818 hac
486 2796 575 2818 visione
592 2796 646 2818 vide
674 2795 806 2822 Wadding„
824 2796 866 2817 loc.
888 2795 934 2821 cit„
951 2795 980 2817 ad
1006 2801 1042 2816 an.
1067 2795 1137 2821 1228,

289 2842 310 2857 n.
329 2835 353 2862 3,
371 2835 411 2864 qui
429 2836 497 2857 etiam
515 2835 544 2857 ad
563 2841 598 2857 au.
621 2835 689 2861 12:37,
707 2842 729 2857 n.
751 2836 768 2856 1.
786 2841 851 2863 seqq.
869 2834 911 2856 tria
933 2834 1014 2856 Brevia
1031 2834 1136 2856 eiusdem

289 2874 401 2896 Pontificis
419 2874 447 2896 de
464 2874 611 2902 stigmatibus
629 2875 652 2896 S.
666 2874 779 2896 Francisci
797 2874 874 2900 affert,
890 2874 913 2895 in
931 2872 1017 2902 quibus
1034 2873 1083 2900 ipsa
1102 2873 1138 2895 sti-

289 2916 366 2940 gmata
383 2913 576 2935 commendantur
597 2916 619 2935 et
640 2913 796 2935 defenduntur
818 2915 895 2934 contra
918 2912 1089 2940 impugnantes.
1108 2925 1138 2927 —

289 2952 400 2979 Superius
419 2951 514 2974 vocibus
532 2951 573 2974 illst
590 2951 657 2981 Siqua
676 2951 730 2974 edd.
749 2952 886 2973 interserunt
903 2957 982 2974 sacra.

350 2990 360 3002 ⁴
379 2991 434 3012 Edd.
453 2990 578 3013 luelmm'n.
596 2990 653 3013 Cod.
670 2992 686 3012 ti
704 2992 762 3013 lisine
780 2991 892 3013 visionem
911 2991 1001 3012 omittit.

1257 2714 1267 2727 ⁶
1284 2715 1360 2737 illatth.
1379 2715 1405 2742 ὃ,
1424 2714 1444 2736 6.
1462 2726 1493 2730 -
1511 2713 1606 2735 Interius
1624 2719 1665 2741 pro
1684 2718 1738 2735 cum
1755 2711 1860 2735 oratrom·
1877 2713 1971 2735 narraret
1988 2711 2041 2733 edd.

1194 2754 1251 2777 ditm
1269 2753 1373 2777 orationi
1391 2755 1491 2776 rctcrtret.

1258 2792 1266 2805 ⁷
1284 2793 1340 2815 Edd.
1359 2794 1381 2815 ct
1397 2792 1469 2820 iurat,
1487 2791 1544 2814 olz'm
1561 2791 1611 2814 siue
1628 2790 1675 2813 illis
1700 2790 1777 2813 sucrt's
1802 2789 1959 2819 stigmatibus.
1987 2790 2042 2812 luse-

1195 2833 1242 2854 rius
1259 2833 1277 2854 A
1295 2831 1378 2854 omittit
1395 2832 1489 2859 [tet-um,
1509 2834 1531 2853 et
1548 2836 1590 2858 pro
1616 2831 1806 2853 condemnet-etm-
1829 2829 1883 2851 edd.
1900 2828 2040 2851 substituunt

1195 2872 1360 2894 contemneret.
1696 2868 1705 2880 ⁸
1724 2869 1786 2891 Nunc
1804 2867 1887 2891 Leridu
1906 2868 2040 2895 appellatur.

1258 2909 1267 2921 ⁹
1284 2910 1340 2932 Edu.
1359 2916 1412 2932 cum
1431 2909 1510 2937 paucis
1527 2909 1595 2931 codd.
1610 2907 1732 2937 plurimis.

1258 2948 1277 2961 ¹⁰
1296 2949 1352 2970 Edd.
1369 2947 1474 2971 consilto.
1651 2946 1668 2958 ¹¹
1689 2947 1738 2968 Vat.
1756 2952 1809 2968 cum
1827 2946 1863 2968 ed.
1886 2946 1889 2967 1
1913 2945 2041 2967 auocaret.

1259 2987 1277 3000 ¹²
1295 2989 1352 3010 Edd.
1370 2987 1508 3017 requireret.
1522 2987 1618 3009 interius
1636 2992 1677 3014 pro
1695 2985 1734 3008 ille
1751 2991 1775 3008 se
1792 2991 1841 3008 esse
1853 2986 1907 3007 Acta
1920 2985 1958 3006 SS.
1972 2983 2038 3005 illum

1195 3034 1219 3050 se
1236 3033 1292 3050 esse.

2056 1051 2111 1079 Sauat
2116 1058 2133 1077 gr.

2055 1080 2112 1094 t'lSSlrt
2117 1082 2133 1096 Vl]

2081 1104 2120 1119 ner.
