2133 3317
143 457 257 476 Secundum.

167 644 259 663 Tertium.

161 878 257 901 Quartum.

161 1160 257 1183 Quintum.

152 2151 266 2170 Prohibetur

155 2174 262 2194 sollicitudo

155 2198 179 2217 de
197 2198 263 2217 erasti-

167 2227 198 2245 no,
211 2226 249 2240 non

163 2245 252 2269 provisio.

275 231 331 261 342

276 309 341 346 quia
369 308 477 345 pompis
504 305 696 335 renuntiantes
724 303 826 332 saeculi
855 302 883 331 in
911 304 1075 339 paupertate
1097 304 1124 329 et

274 355 431 385 humilitate
458 361 525 382 vera
552 351 743 389 promiserunt
770 350 886 378 Domino
914 348 1061 377 famulari:
1092 347 1125 376 Si

275 403 374 431 em'm1
401 409 435 429 ea
464 408 538 438 qaae
566 397 716 431 destruxi,
746 397 853 425 iterum
885 395 955 424 llaec
986 394 1123 431 aedifico,

272 448 546 486 praevaricatorem
562 454 604 473 me
626 445 777 473 constituo.
794 460 830 464 —-
846 443 988 477 Secundo,
1010 445 1124 479 propter

276 495 387 524 malam
410 492 588 529 exemplam,
617 500 673 528 quo
701 491 746 519 alii
775 490 885 519 discunt
909 490 944 518 ab
965 489 1004 518 eis
1026 489 1125 518 similia

274 542 380 574 facere,
409 540 453 568 vel
481 538 718 573 scandalizantur,
744 537 855 575 quando
876 536 984 571 vident,
1009 544 1055 565 eos
1076 535 1124 572 qui

275 587 435 617 huiusmodi
464 594 515 623 pro
544 585 654 614 Christo
682 592 814 621 spernere
842 584 990 617 deberent,
1022 583 1124 611 iterum

276 642 411 672 quaerere
433 634 477 662 vel
498 633 606 662 sectari.
630 649 666 652 —
689 632 797 665 Tertio,
819 634 933 668 propter
948 629 1124 668 inquietudi—

274 690 339 710 nem
361 682 507 709 Fratrum
528 682 643 716 propter
666 678 824 707 huiusmodi
844 677 968 706 aedificia
982 680 1009 705 et
1024 684 1125 713 procu-

275 728 411 761 rationes,
440 727 506 764 quia
526 729 553 755 et
573 725 682 754 devotio
704 724 911 761 exstinguitur,
933 726 960 752 et
981 723 1126 760 disciplina

276 774 422 811 Religionis
443 774 595 810 plurimum
617 772 781 808 dissipatur,
796 774 828 800 ut
842 771 944 799 dicitur
959 770 1042 799 Isaiae
1057 778 1126 807 qua-

275 822 430 859 dragesimo
445 830 517 850 nono
529 821 555 848 ²:
575 820 717 848 Veneram
731 822 890 847 structores
913 818 957 846 tui
977 818 1126 846 destruen-

276 873 315 898 tes
337 872 374 903 le,
396 873 421 898 et
442 868 618 905 dissipantes
639 876 659 895 a
681 870 705 895 te
726 866 852 895 exibam.
869 883 907 886 —
922 866 1040 902 Quarto,
1063 873 1126 901 pro-

276 919 337 954 pter
358 916 560 954 spoliationem
576 915 705 943 aliorum
718 922 904 950 pauperum,
927 912 1030 949 quibus
1045 920 1126 948 saepe

276 964 465 1000 eleemosynae
486 962 712 999 praeripiuntur,
735 964 762 990 et
785 960 943 989 huiusmodi
966 962 1126 988 structurae

275 1011 362 1045 fiunt,
384 1018 420 1039 ex
442 1010 545 1047 quibus
567 1009 605 1037 illi
627 1008 762 1037 deberent
783 1007 878 1036 vestiri
900 1009 928 1035 et
948 1006 1039 1043 pasci,
1060 1006 1127 1034 dum

276 1058 350 1095 quod
372 1057 432 1086 isus
452 1057 534 1086 datur
556 1056 595 1085 eis
616 1058 750 1092 negatur,
773 1055 838 1092 quia
857 1054 890 1083 ad
905 1053 1028 1083 dandum
1042 1053 1127 1082 utris-

276 1113 331 1142 que
360 1112 441 1141 saepe
468 1104 561 1132 delicit
588 1103 712 1131 dantium
742 1102 854 1139 largitas
883 1104 910 1130 et
938 1101 1062 1130 facultas.
1088 1116 1128 1120 —

276 1153 394 1189 Quinto,
416 1151 497 1188 quia,
520 1151 586 1179 dum
606 1149 695 1178 iiiiiiis
711 1157 852 1186 urgemus
868 1147 997 1177 homines
1012 1147 1045 1176 ad
1061 1147 1128 1175 dan—

276 1199 358 1233 dum,
388 1198 509 1235 perdunt
537 1197 709 1226 devotionem
738 1196 770 1224 ad
799 1204 849 1224 nos
877 1195 956 1232 prius
988 1194 1127 1228 habitam,

276 1246 351 1283 quod
372 1253 422 1274 nec
443 1245 476 1273 de
498 1244 702 1281 praedicatione
727 1251 777 1272 nec
806 1242 944 1279 exemplis
971 1249 1022 1270 nec
1051 1241 1127 1275 aliis,

276 1301 348 1330 quae
369 1292 501 1325 facimus,
523 1291 713 1320 aedificantur.
735 1289 811 1319 Unde
833 1297 897 1318 cum
912 1289 1005 1317 vident
1020 1296 1070 1317 nos
1084 1295 1129 1316 ac-

277 1339 390 1373 cedere,
420 1341 563 1367 terrentur
591 1341 618 1366 et
646 1337 759 1371 timent,
788 1336 862 1373 quod
883 1335 988 1373 aliquid
1012 1335 1129 1364 velimus

277 1387 311 1415 ab
333 1386 372 1415 eis
393 1388 541 1423 expetere,
568 1384 642 1422 quod
665 1391 749 1421 grave
771 1383 806 1412 sit
827 1383 866 1412 eIs
887 1382 953 1411 dare
978 1385 1004 1411 et
1028 1382 1129 1411 erube-

278 1437 354 1462 scant
376 1441 495 1470 negare;
518 1436 545 1461 et
566 1432 587 1460 si
603 1431 730 1460 dederint
745 1438 799 1459 non
815 1430 948 1463 libenter,
964 1429 1057 1458 minus
1071 1437 1129 1457 me-

277 1483 392 1514 rentur,
414 1483 441 1508 et
462 1480 500 1508 sic
520 1479 617 1512 rebus,
633 1477 778 1506 devotione
793 1481 820 1506 et
835 1477 934 1506 merito
946 1477 956 1493 ³
972 1476 1127 1513 privantur.

593 1573 732 1609 Quaestio
754 1571 807 1599 VII.

296 1669 394 1704 Qaare
415 1668 539 1696 Fratres
557 1666 650 1704 plara
672 1669 844 1703 congregent
864 1665 907 1694 vel
928 1668 1108 1698 conservent,

528 1722 595 1742 cam
617 1713 676 1742 sint
694 1720 842 1750 pauperes
854 1712 873 1740 4.

358 1809 423 1837 Item
439 1816 562 1845 quaero:
579 1815 643 1836 cum
660 1806 795 1835 Dominus
809 1806 837 1834 in
853 1805 999 1843 Evangelio
1010 1806 1020 1823 ⁵
1040 1805 1128 1835 dicat:

277 1855 370 1885 Nolite
390 1855 508 1884 solliciti
528 1863 587 1883 esse
608 1854 640 1883 in
662 1853 846 1887 erastinum,
869 1856 896 1882 et
917 1861 966 1882 vos
987 1853 1046 1882 sitis
1061 1861 1130 1890 pau-

276 1903 392 1941 pertatiS
419 1902 592 1939 evangehcae
621 1901 810 1939 professores3
840 1909 896 1929 non
920 1900 1026 1930 dehetis
1047 1901 1130 1937 plura

277 1951 406 1988 colligere
427 1950 471 1979 vel
492 1957 620 1983 servare,
643 1956 727 1986 quarn
750 1948 825 1985 quod
847 1948 932 1985 possit
953 1947 1076 1985 quotidie
1095 1947 1129 1976 ad

277 1997 362 2026 unius
382 1997 435 2026 diei
457 1996 562 2026 victum
587 1996 725 2025 sufficere.
748 1995 800 2024 Sed
828 1995 955 2029 videtur,
977 1994 1052 2032 quod
1073 2002 1129 2023 non

279 2045 403 2074 servetis.

357 2091 525 2128 Respondeo.
555 2090 581 2119 Si
609 2089 755 2126 diligenter
784 2089 871 2118 sancti
898 2088 1036 2125 Evangelii
1057 2088 1130 2117 dicta

278 2146 443 2176 pensamus,
465 2136 690 2166 sollicitudinem
712 2136 745 2164 (le
766 2136 914 2169 crastino,
930 2135 978 2164 sed
992 2143 1047 2163 non
1058 2143 1129 2172 pro-

279 2185 420 2214 visionem
447 2184 596 2221 prohibere
624 2183 743 2212 videtur.
773 2182 849 2211 Unde
877 2182 964 2211 sancti
992 2182 1128 2219 Apostoli,

278 2231 417 2269 Evangelii
439 2230 541 2259 Christi
562 2229 756 2267 perfectissimi
778 2229 987 2263 observatores,
1007 2231 1063 2257 tam
1078 2236 1129 2265 pro

278 2286 308 2308 se
329 2286 413 2316 quam
435 2286 486 2315 pro
507 2277 567 2306 aliis
587 2276 689 2305 Christi
706 2276 893 2313 pauperibus,
908 2276 957 2313 qui
972 2275 1064 2304 omnia
1078 2283 1130 2312 pro

279 2325 388 2354 Christo
409 2324 601 2361 reliquerunt,
623 2332 639 2352 a
659 2323 788 2352 fidelibus
816 2322 971 2352 subsidium
997 2330 1048 2359 pro
1069 2330 1129 2351 cor-

279 2371 355 2409 poris
375 2371 539 2400 necessitate
560 2370 642 2399 etiam
664 2370 692 2398 in
713 2369 810 2398 futuro
828 2369 958 2407 petebant
973 2372 1000 2398 et
1014 2369 1129 2406 recipie-

278 2419 364 2453 bant;
386 2418 458 2447 sicut
478 2418 592 2452 Paulus,
614 2420 727 2454 rogatus
748 2424 764 2445 a
785 2417 880 2451 Petro,
910 2416 1008 2445 Ioanne
1036 2418 1064 2445 et
1090 2415 1130 2444 Ia-

344 2598 352 2612 ¹
370 2600 398 2622 Ut
414 2599 497 2622 dicitur
514 2599 563 2621 Gal.
575 2600 601 2626 2,
617 2599 650 2621 18.
662 2611 693 2615 -
705 2599 775 2621 Paulo
792 2601 844 2620 ante
862 2598 969 2621 alluditur
986 2598 1015 2621 ad
1027 2598 1130 2626 Regulae

280 2645 300 2662 c.
318 2639 347 2662 6:
367 2648 378 2660 «
390 2639 412 2661 in
430 2641 567 2667 paupertate
583 2641 606 2661 et
622 2638 750 2661 humililate
769 2638 867 2661 Domino
885 2639 1021 2661 famulantes
1035 2647 1056 2661 u.

343 2677 352 2690 ²
370 2678 435 2700 Vers.
455 2678 490 2706 ¹17,
509 2684 580 2706 quem
597 2676 667 2700 ABG
685 2677 715 2699 ita
733 2677 856 2700 exhibent:
875 2677 992 2699 Venerunt
1005 2677 1130 2699 destructo-

281 2723 317 2740 res
334 2717 378 2744 tui,
396 2717 541 2740 destruentes
558 2723 570 2739 a
589 2719 610 2739 te
626 2716 728 2739 exibunt.

344 2756 352 2768 ³
370 2757 438 2779 Edd.:
455 2758 477 2779 et
492 2756 527 2779 sic
543 2755 613 2779 rebas
631 2757 653 2779 et
669 2755 799 2779 devotionis
816 2755 908 2778 merito.

343 2794 353 2807 ‘¹
371 2795 437 2817 Vnt:
457 2795 505 2818 Cur
524 2795 622 2818 Fratres
638 2794 743 2818 Minores
752 2794 828 2824 plura
843 2794 957 2824 colliqant
972 2794 1009 2818 vel
1025 2795 1129 2822 servent,

282 2840 354 2863 quam
371 2833 489 2864 sufficiant
507 2833 539 2857 acl
555 2834 628 2858 zozius
645 2833 691 2857 [liei
706 2833 804 2857 victurii.

344 2872 354 2885 ⁵
371 2873 448 2895 Matth.
466 2874 492 2902 6,
510 2874 548 2896 34.

345 2910 355 2923 ⁶
372 2912 420 2934 Gal.
440 2913 466 2939 2,
485 2913 506 2934 9.
524 2919 573 2941 seq.
593 2916 614 2935 et
632 2913 656 2935 tl.
673 2912 725 2935 Cor.
742 2913 769 2940 8,
789 2912 809 2934 4.
827 2918 893 2941 seqq.
916 2912 962 2935 Csr.
980 2913 995 2934 I.
1013 2911 1064 2935 Cor.
1091 2912 1128 2940 16,

283 2951 338 2978 rl-4;
356 2952 422 2973 Rom.
441 2951 483 2978 45,
502 2952 540 2974 26.
555 2958 619 2980 seq.;
642 2952 691 2974 Act.
715 2951 756 2980 24,
784 2952 817 2974 17.
842 2951 900 2974 Vide
921 2951 1029 2978 Hierou.‚
1050 2953 1129 2973 contra

282 2989 444 3017 Vigilantium,
462 2996 485 3012 n.
504 2990 545 3018 .qu
562 2990 591 3012 de
608 2996 655 3018 quo
673 2996 744 3018 supra
761 2996 816 3018 pag.
837 2990 895 3017 286,
913 2992 965 3013 nota
983 2990 1004 3013 4.
1016 3003 1047 3006 -
1059 2991 1130 3018 Supe-

281 3028 330 3051 rius
347 3034 389 3056 pro
407 3027 431 3051 in
448 3028 531 3058 futuro
548 3029 603 3051 edd.
619 3028 644 3051 m
660 3028 782 3058 futurum.

641 225 837 256 OPUSCULUM
858 224 923 252 XIII.
945 222 1254 252 DETERMINATIONES
1276 221 1517 258 QUAESTIONUM.
1540 221 1620 250 PARS
1640 221 1659 249 Ι.

1181 300 1264 335 coho,
1286 300 1413 329 collectas
1434 300 1494 329 fieri
1516 307 1566 337 per
1587 299 1716 328 ecclesias
1737 307 1788 336 pro
1806 299 1908 328 Christi
1924 307 2025 337 paupe-

1181 347 1260 375 ribus
1281 346 1468 375 sustentandis
1488 346 1643 380 mandavit,
1665 346 1698 374 ad
1723 346 1831 375 Galatas
1859 346 1979 375 secundo
2000 349 2026 375 et

1181 393 1215 422 ad
1236 393 1427 427 Corinthi0s⁶‚
1450 396 1477 422 et
1492 394 1518 421 in
1533 393 1593 422 aliis
1614 393 1681 422 Iocis
1702 393 1831 429 pluribus
1847 393 1986 429 reperitur
2000 393 2024 422 id

1180 440 1295 474 fecisse;
1318 440 1365 477 qui
1387 440 1469 469 etjam
1490 448 1542 476 pro
1563 439 1739 476 acquirendis
1758 439 1920 468 necessariis
1935 439 2027 469 sibiet

1181 487 1262 516 sociis
1282 487 1341 515 suis
1362 487 1497 515 laboravit
1518 486 1646 515 manibus
1657 486 1676 514 ⁷.
1699 486 1868 515 Sollicitudo
1887 486 1959 515 enim
1980 495 2028 515 no·
2044 491 2121 517 Nouum.

1182 536 1221 562 tat
1242 541 1326 562 curae
1347 533 1531 567 anxietatem,
1554 533 1675 562 illicitam
1698 533 1944 570 conquisitionem,
1966 541 2028 562 ava-

1182 589 1241 609 ram
1257 580 1466 617 superfluorum
1488 579 1682 616 provisionem.
1705 580 1782 609 Sicut
1803 580 1876 608 enim
1898 580 1925 608 in
1946 588 2029 617 opere

1182 628 1279 656 salutis
1303 630 1414 656 nostrae
1440 627 1629 664 principaliter
1650 635 1729 664 spem
1751 627 1782 655 in
1805 627 1896 655 Deam
1917 627 2029 656 iactare

1182 674 1353 708 debemusg,
1376 674 1413 702 ita
1431 677 1457 702 et
1472 674 1500 702 in
1515 674 1651 710 corporali
1673 673 1796 702 subsidio
1817 674 2029 703 sollicitudinem

1182 722 1315 751 debemus
1336 721 1359 750 ei
1382 721 1570 754 committere,
1592 723 1619 749 et
1640 724 1749 754 tamen,
1765 721 1812 749 uhi
1828 729 1950 758 congrue
1968 729 2030 758 pos-

1183 777 1296 803 sumus,
1318 769 1377 797 sine
1398 768 1506 796 iactura
1526 767 1678 804 spirltualis
1703 768 1844 804 profectus
1871 768 1959 797 nostri
1987 768 2030 797 vel

1183 817 1316 850 aliorum,
1339 815 1418 844 nobis
1442 815 1596 844 necessaria
1617 815 1778 851 providere,
1800 823 1835 844 ne
1856 815 1935 844 aliter
1950 815 2029 852 quasi

1183 863 1271 892 Deum
1293 866 1399 891 tentare
1420 862 1581 896 videamur,
1609 865 1641 890 ut
1669 861 1848 896 miraculose,
1874 862 1946 891 sicut
1966 861 2030 890 olim

1183 910 1247 939 filiis
1261 910 1356 944 Israel,
1372 909 1451 938 nobis
1465 909 1587 946 quotidie
1601 909 1729 937 alimonia
1743 909 1978 938 subministretur.
1994 926 2032 930 —

2099 579 2102 619 l

1184 958 1257 987 Licet
1279 957 1351 986 enim
1367 957 1493 994 priorum
1510 957 1638 984 Fratrum
1654 956 1762 993 puritas
1776 964 1827 993 pro
1842 956 1954 985 maioris
1968 964 2032 993 per·
2044 964 2133 988 rui-iam

1184 1005 1309 1033 sectionis
1330 1004 1430 1033 ardore
1452 1004 1584 1040 pauciora
1605 1011 1690 1040 quam
1710 1011 1786 1032 nunc
1807 1003 1982 1032 consueverit
1997 1003 2030 1032 ad

1185 1051 1288 1080 victum
1311 1051 1440 1088 colligere
1461 1050 1632 1084 necessaria,
1654 1053 1681 1078 et
1695 1050 1816 1087 populus
1830 1058 1866 1079 ex
1881 1050 1933 1079 hoc
1948 1050 2031 1079 talem

1184 1099 1340 1135 opinionem
1362 1097 1535 1134 conceperit,
1556 1097 1630 1134 quod
1645 1097 1684 1126 nil
1699 1097 1777 1126 nobis
1792 1097 1855 1126 licet
1868 1105 2033 1126 conservare

1184 1146 1211 1175 in
1235 1146 1405 1179 crastInum3
1429 1149 1519 1174 tamen
1542 1152 1592 1174 nec
1615 1147 1682 1173 tunc
1703 1152 1754 1173 nec
1775 1152 1850 1173 nunc
1870 1144 1963 1182 aliquo
1984 1152 2032 1173 no—

1185 1193 1227 1222 bis
1249 1193 1421 1230 prohibitum
1443 1195 1484 1221 est
1506 1194 1625 1226 statuto,
1646 1192 1712 1229 qum
1729 1192 1866 1228 possimus
1880 1191 1914 1219 ad
1929 1191 2031 1220 victum

1185 1240 1278 1277 aliqua
1306 1240 1387 1268 etiam
1415 1239 1569 1268 necessarIa
1591 1239 1618 1268 in
1640 1239 1768 1268 futurum
1789 1247 1840 1275 pro
1861 1238 1936 1267 alio⁹
1964 1241 2033 1267 tem-

1185 1294 1253 1324 pore
1268 1286 1427 1323 providere,
1443 1286 1565 1314 maxime
1579 1285 1613 1314 de
1629 1285 1672 1314 his
1686 1293 1757 1322 quae
1771 1285 1799 1313 in
1814 1287 1955 1322 promptu,
1970 1292 2032 1313 cum

1185 1333 1388 1369 indigeremus,
1417 1340 1471 1361 non
1499 1340 1649 1369 possumus
1677 1331 1823 1368 acquirere
1844 1330 2032 1359 mendicando.

1186 1381 1256 1409 Sunt
1269 1380 1343 1409 enim
1358 1388 1429 1417 quae
1444 1379 1496 1408 nisi
1513 1379 1674 1416 colligamus
1686 1382 1762 1408 certo
1773 1381 1907 1415 tempore,
1922 1378 2033 1416 quaudo

1186 1430 1227 1456 est
1248 1427 1341 1464 copia,
1356 1427 1467 1464 quando
1483 1427 1555 1455 inter
1572 1433 1671 1454 manus
1685 1425 1869 1454 communiter
1884 1425 2032 1460 habentur,

1186 1482 1202 1502 a
1222 1474 1325 1511 populo
1346 1473 1521 1510 postmodum
1545 1481 1595 1502 nec
1621 1481 1671 1510 pro
1699 1472 1817 1501 infirmis
1837 1480 1892 1501 nec
1913 1480 1964 1510 pro
1985 1472 2035 1501 ho-

1186 1521 1304 1558 spitibus
1325 1529 1375 1549 nec
1397 1529 1448 1557 pro
1462 1520 1522 1549 aliis
1537 1520 1596 1549 sine
1609 1528 1709 1557 magna
1723 1519 1886 1549 difficultate
1896 1543 1903 1554 ,
1918 1519 1961 1548 vel
1976 1519 2034 1548 sine

1186 1577 1287 1605 magno
1302 1568 1390 1605 pretio
1405 1570 1536 1605 poterunt
1551 1567 1657 1596 haberi.
1680 1567 1794 1596 Mendici
1816 1567 1890 1596 enim
1911 1566 2034 1596 maxime

1186 1616 1233 1644 illo
1254 1618 1379 1652 tempore
1400 1615 1488 1644 solent
1508 1614 1664 1644 necessaria
1686 1617 1795 1651 petere,
1810 1622 1866 1651 quo
1881 1614 1985 1649 sciunt,
2004 1621 2036 1643 ea

1187 1662 1344 1700 promptius
1364 1670 1380 1690 a
1400 1662 1531 1691 dantibus
1552 1661 1625 1690 inter
1650 1669 1750 1690 manus
1777 1661 1889 1696 haberi,
1911 1663 1943 1690 ut
1963 1661 2037 1690 circa

1187 1710 1285 1739 horam
1306 1709 1475 1738 comedendi.
1498 1709 1541 1737 Sic
1562 1711 1589 1738 et
1607 1708 1741 1737 Dominus
1758 1708 1860 1745 populo
1876 1711 1952 1737 certo
1967 1710 2036 1737 tem-

1187 1765 1254 1794 pore
1274 1756 1416 1794 praecepit
1437 1764 1554 1785 mannae
1568 1755 1726 1784 alimoniam
1742 1755 1886 1793 colligere,
1902 1755 1968 1793 quia
1981 1763 2036 1784 non

1186 1804 1260 1833 omni
1282 1807 1409 1841 tempore
1430 1804 1457 1832 in
1479 1812 1562 1841 agro,
1584 1803 1666 1832 etiam
1689 1803 1711 1832 si
1733 1805 1915 1841 quaererent,
1931 1802 2036 1832 inveni-

1186 1854 1262 1886 rent,
1285 1851 1371 1879 Exodi
1392 1851 1498 1880 decimo
1520 1853 1600 1880 sexto
1612 1851 1650 1886 ¹⁰,
1672 1853 1699 1880 et
1713 1850 1741 1879 in
1762 1850 1887 1879 Psalmo:
1917 1850 1959 1879 Ta
1981 1850 2036 1879 das

1186 1907 1284 1927 eseam
1311 1897 1369 1926 illis
1397 1901 1522 1935 tempore
1550 1901 1721 1935 opportuno.
1751 1898 1779 1926 In
1804 1897 1857 1926 hoc
1878 1897 1951 1926 enim
1979 1905 2034 1926 non

1188 1949 1243 1974 tam
1264 1945 1343 1974 nobis
1364 1953 1448 1982 quam
1469 1945 1538 1980 illis,
1554 1953 1570 1973 a
1585 1945 1688 1982 quihus
1702 1945 1820 1982 petitur,
1841 1944 2036 1981 providemus,

1187 1992 1298 2029 quando
1320 1992 1366 2021 tali
1387 1995 1513 2029 tempore
1533 1992 1669 2028 petimus,
1691 2000 1747 2029 quo
1768 1991 1820 2029 ipsi
1841 1991 1948 2020 facilius
1969 1991 2035 2021 dare

1186 2042 1303 2076 possunt
1323 2041 1351 2068 et
1372 2039 1459 2076 magis
1473 2041 1540 2067 sunt
1553 2038 1702 2067 voluntarii
1717 2038 1751 2067 ad
1766 2038 1967 2074 eleemosynam
1981 2037 2036 2066 lar-

1186 2086 1321 2123 giendam.

1500 2179 1639 2216 QUAEsrlo
1661 2178 1724 2208 VIII.

1234 2274 1296 2303 Car
1318 2274 1441 2302 Fratres
1462 2273 1546 2302 modo
1565 2273 1658 2310 plara
1676 2275 1778 2310 petant
1799 2280 1890 2311 qaam
1911 2272 1987 2301 olim.

1266 2368 1331 2396 Item
1354 2375 1477 2405 quaero:
1501 2366 1568 2404 quid
1590 2369 1646 2401 est,
1661 2366 1737 2404 quod
1750 2365 1832 2395 modo
1847 2366 1929 2404 plura
1942 2365 2035 2403 petitis

1187 2423 1272 2453 quam
1293 2414 1372 2449 olim,
1394 2418 1441 2450 ut,
1465 2422 1528 2444 cum
1544 2417 1612 2443 tunc
1626 2414 1675 2443 vix
1690 2413 1718 2442 in
1732 2422 1789 2443 una
1802 2413 1867 2443 villa
1880 2413 1924 2442 vel
1937 2413 2035 2450 paucis

1250 2598 1260 2613 ⁷
1277 2597 1321 2621 Csr.
1339 2603 1411 2626 supra
1427 2603 1482 2625 pag.
1499 2597 1552 2625 321,
1570 2598 1623 2618 nota
1639 2596 1662 2618 7.

1250 2635 1259 2649 Β
1277 2638 1360 2660 psalm.
1379 2637 1422 2665 72,
1440 2637 1485 2659 28:
1503 2636 1556 2658 Mihi
1574 2638 1651 2658 autem
1669 2635 1796 2658 adhaerere
1812 2634 1860 2657 Deo
1883 2633 1971 2656 bonum
1987 2635 2035 2661 est,

1188 2682 1275 2705 ponere
1292 2676 1314 2698 in
1333 2676 1432 2698 Domino
1457 2675 1504 2698 Deo
1522 2681 1589 2703 spem
1606 2680 1691 2696 meam.
1708 2674 1743 2696 Ps.
1762 2673 1804 2701 54,
1822 2673 1867 2696 23:
1885 2673 1943 2695 laeta
1964 2678 2035 2700 super

1188 2716 1313 2738 Dominum
1335 2721 1416 2738 curam
1433 2717 1510 2743 tuam,
1527 2716 1550 2736 et
1566 2714 1615 2742 ipse
1637 2716 1659 2736 te
1679 2713 1786 2735 enutriet.
1802 2725 1833 2729 —
1849 2712 1883 2734 De
1899 2711 2034 2734 miraculosa

1187 2754 1301 2777 cibatione
1319 2753 1419 2776 filiorum
1436 2753 1503 2776 Israel
1520 2754 1560 2776 cfr.
1579 2752 1650 2775 Exod.
1669 2753 1709 2781 116,
1729 2752 1765 2774 43.
1783 2758 1847 2780 seqq.
1865 2753 1887 2773 et
1898 2751 1934 2773 Ps.
1944 2750 1982 2778 77,
1995 2749 2033 2772 24.

1187 2800 1254 2823 seqq.
1265 2807 1296 2810 —
1308 2793 1420 2821 Superius
1437 2799 1480 2821 pro
1497 2798 1567 2822 opere
1584 2792 1623 2821 (ita
1641 2791 1692 2820 BC)
1711 2791 1765 2814 edd.
1779 2789 1926 2820 operatione,
1944 2791 1966 2812 et
1982 2789 2036 2811 inse-

1187 2832 1236 2855 rius
1253 2833 1304 2855 voci
1318 2832 1445 2862 providere
1462 2831 1478 2854 C
1496 2831 1603 2860 praefigit
1615 2836 1752 2860 procurare
1768 2829 1812 2853 vel.

1251 2870 1260 2884 ⁵³
1278 2871 1336 2895 Edd.
1346 2877 1393 2901 pro
1410 2870 1504 2900 aliquo,
1518 2873 1540 2893 et
1552 2870 1646 2892 inferius
1662 2875 1710 2893 mm
1723 2874 1849 2899 possemus
1866 2874 1909 2896 pro
1924 2873 1973 2890 non
1981 2872 2034 2896 pos-

1187 2916 1280 2934 samus.

1251 2948 1270 2962 ¹⁰
1287 2949 1354 2972 Vers.
1372 2950 1410 2972 21.
1426 2951 1449 2971 et
1465 2948 1502 2971 27.
1519 2961 1550 2964 —
1567 2947 1676 2976 Sequitur
1691 2948 1726 2970 Ps.
1740 2946 1796 2975 144,
1814 2945 1856 2974 ¹15,
1871 2945 1911 2968 ubi
1928 2951 1970 2973 pro
1987 2943 2036 2967 iltis

1187 2990 1291 3018 tempore
1308 2989 1409 3016 Vulgata
1425 2987 1524 3011 illorum
1541 2987 1567 3010 in
1583 2988 1694 3016 tempore.

2059 993 2096 1007 rum
2108 995 2120 1010 ᾗ.

2077 1013 2103 1031 tru

2105 1097 2109 1128 l

2051 1576 2104 1595 Exom
2110 1565 2133 1596 ⁴tit.
