2133 3317
28 433 84 451 natur

3 433 25 515 Ἳ
29 457 61 475 teo.

475 205 672 234 OPUSCULUM
693 205 781 234 XXlll.
804 205 955 234 LEGENDA
975 206 1090 235 SANCTI
1111 207 1286 236 FRANCISCI.
1309 208 1377 236 CAP.
1400 209 1463 237 Vlll.

99 292 151 313 non
173 291 262 312 cessas
278 295 304 311 ι».
326 284 413 312 Tanta
433 283 594 320 frequenter
614 283 787 311 afficiebatur
806 283 942 312 moestitia

99 338 181 367 super
203 329 330 358 scandalo
346 330 354 346 ¹
377 329 557 366 pusillorum,
579 332 611 357 ut
631 329 749 358 deficere
770 338 799 358 se
815 333 940 366 putaret,

98 376 148 406 nisi
169 376 276 405 divinae
297 376 394 405 fuisset
413 376 574 404 clementiae
595 376 779 405 consolatione
800 377 940 405 suffultus.

98 423 164 451 Cum
185 425 278 451 autem
300 423 383 451 semel
405 422 485 451 malis
514 422 643 451 turbatus
674 423 822 459 exemplis,
854 424 939 452 anxio

98 469 196 506 spiritu
218 468 423 497 misericordem
455 469 561 497 Patrem
591 472 754 505 precaretur
783 478 832 506 pro
861 470 939 504 filiis,

97 523 258 552 responsum
281 514 438 543 huiusmodi
468 515 619 551 reportavit
650 524 666 543 a
694 515 824 544 Domino:
855 516 939 544 «Cur

96 564 141 595 tu,
164 569 268 598 pauper
290 561 450 595 homuncio,
472 561 669 590 conturbaris?
691 562 728 590 An
750 570 799 598 ego
814 565 840 590 te
855 570 939 598 super

97 608 260 645 Religionem
284 615 371 636 meam
393 608 432 636 sic
453 611 589 644 pastorem
613 608 733 642 institui,
754 612 785 637 ut
806 617 849 637 me
866 609 938 646 prin-

96 655 208 692 cipalem
231 655 335 683 nescias
355 663 415 683 esse
438 658 604 691 patronum?
620 655 758 684 Hominem
787 656 939 692 simplicem

96 702 129 731 ad
151 702 202 730 hoc
224 704 250 730 te
272 702 417 735 constitui,
440 705 470 730 ut
492 710 562 738 quae
584 702 610 730 in
634 705 659 730 te
679 702 786 736 fecero,
808 711 860 730 non
888 703 939 731 hu-

95 756 190 778 manae
212 748 377 782 industriae,
399 748 445 777 sed
468 756 605 785 supernae
626 749 730 785 gratiae
754 749 937 778 ascribantur.

95 796 148 833 Ego
169 795 278 829 vocavi,
301 795 417 824 servabo
438 799 465 824 et
486 804 612 832 pascam,
634 799 661 824 et
672 796 732 824 aliis
746 796 938 825 excidentibus

95 843 161 871 alios
181 842 354 879 subrogabo,
377 843 414 871 ita
437 846 482 876 ut,
505 843 526 870 si
543 842 597 871 nati
621 851 674 870 non
698 843 812 877 fuerint,
828 843 937 877 faciam,

94 889 154 918 illos
175 889 264 922 nasci,
287 893 314 918 et
334 889 568 926 quantiscumque
589 889 673 917 suerit
694 889 859 925 impulsibus
873 898 939 926 pau-

93 935 205 973 percula
233 936 300 964 haec
332 944 465 965 concussa
491 936 608 973 Religio,
637 936 712 964 salva
738 944 847 973 semper
877 945 937 966 meo

93 990 208 1011 munere
229 983 400 1019 permanehit
416 984 426 998 ²
442 995 468 1010 ι».

170 1029 196 1057 [ι.
220 1029 401 1058 Detractionis
429 1038 540 1066 quoque
569 1029 665 1058 vitium
695 1030 837 1058 inimicum
869 1030 936 1059 fonti

93 1076 201 1114 pietatis
221 1080 248 1104 et
269 1077 372 1113 gratiae
401 1079 531 1113 tanquam
554 1077 743 1113 serpentinum
769 1077 937 1106 abhorrebat

65 1119 70 1125 ’
92 1130 215 1151 morsum
238 1125 265 1151 et
286 1123 484 1151 atrocissimam
508 1127 610 1159 pestem
627 1126 654 1151 et
668 1124 791 1160 piissimo
805 1124 861 1152 Deo
876 1124 938 1153 abo-

92 1169 220 1198 minabile
241 1169 299 1198 fore
320 1170 449 1198 firmabat
464 1170 484 1203 ³,
506 1178 556 1206 pro
577 1178 609 1198 eo
624 1170 697 1207 quod
719 1170 858 1199 detractor
879 1171 936 1199 ani-

41 1237 46 1243 .
93 1224 201 1246 marum
224 1217 357 1253 sanguine
378 1217 517 1253 pascitur,
532 1225 601 1254 quas
616 1217 705 1253 gladio
721 1217 829 1254 linguae
848 1222 935 1246 necat.

92 1263 210 1292 Audiens
231 1264 331 1297 semel,
354 1264 476 1292 Fratrem
503 1263 639 1300 quendam
661 1264 806 1300 denigrare
836 1264 934 1293 samam

93 1310 222 1344 alterius,
238 1317 389 1339 conversus
403 1310 436 1339 ad
453 1310 591 1339 Vicarium
607 1318 689 1339 suum
704 1310 790 1339 dixit:
811 1322 823 1335 ει
835 1311 935 1348 Surge,

93 1364 191 1394 surge,
212 1356 318 1385 discute
339 1357 500 1394 diligenter,
527 1360 553 1385 et
575 1357 596 1386 si
623 1360 783 1386 accusatum
812 1358 934 1386 Fratrem

92 1403 262 1432 innocentem
285 1404 437 1440 repereris,
460 1407 634 1433 accusantem
667 1404 738 1432 dura
764 1405 934 1434 correctione

92 1450 198 1479 cunctis
219 1449 302 1478 redde
334 1450 480 1479 notabilem
497 1462 523 1478 n.
546 1451 747 1487 Nonnunquam
776 1459 842 1479 vero
870 1459 932 1480 eum

92 1496 138 1533 qui
160 1497 282 1525 Fratrem
305 1505 387 1525 suum
410 1497 496 1526 famae
517 1497 604 1534 gloria
625 1497 771 1534 spoliaret,
797 1498 934 1527 iudicabat

92 1543 188 1572 habitu
207 1543 393 1580 spoliandum,
409 1552 458 1573 nec
473 1544 506 1572 ad
521 1544 608 1573 Deum
623 1545 718 1573 oculos
732 1552 811 1582 posse
827 1545 933 1579 levare,

91 1590 142 1619 nisi
164 1590 242 1627 prius
262 1590 336 1627 quod
351 1590 503 1619 abstulerat
518 1591 633 1619 reddere
654 1600 705 1628 pro
720 1599 799 1628 posse
813 1595 932 1621 curaret.

96 1648 110 1662 <x
121 1637 206 1665 Tanto
221 1637 308 1665 maior
322 1639 372 1671 est,
384 1637 490 1671 aiebat,
504 1637 693 1666 detractorum
710 1638 836 1675 impietas
850 1647 932 1675 quam

93 1683 246 1718 latronum,
268 1686 372 1721 quanto
394 1684 439 1712 lex
461 1684 578 1718 Christi,
607 1692 678 1721 quae
706 1685 732 1713 in
760 1685 933 1714 observantia

91 1730 199 1767 pietatis
219 1731 359 1768 impletur,
382 1731 468 1768 magis
489 1732 643 1760 animarum
673 1740 755 1769 quam
785 1740 932 1769 corporum

91 1784 140 1805 nos
160 1777 287 1814 astringit
307 1780 404 1814 optare
425 1778 541 1806 salutem
554 1790 579 1805 υ.

169 1825 195 1852 5.
217 1824 329 1853 Afflictis
349 1833 461 1861 quoque
482 1825 678 1862 qualicumque
699 1825 834 1862 corporali
851 1825 934 1854 mole-

92 1870 143 1900 stia
163 1871 232 1899 mira
254 1871 451 1908 compassionis
466 1871 650 1900 teneritudine
665 1872 897 1906 condescendens,
912 1872 933 1900 si

95 1917 160 1955 quid
182 1918 329 1955 penuriae,
352 1918 372 1947 si
396 1918 463 1955 quid
484 1918 608 1947 defectus
630 1919 655 1947 in
678 1919 771 1956 aliquo
792 1922 933 1954 cerneret,

92 1964 128 2001 pii
150 1964 240 1993 cordis
261 1964 405 1994 dulcedine
427 1965 571 2002 regerebat
592 1965 618 1993 in
635 1965 784 1994 Christum.
800 1966 870 1994 Sane
884 1966 935 1995 cle-

93 2012 221 2040 mentiam
238 2011 356 2040 habebat
370 2012 519 2048 ingenitam
531 2012 552 2046 4,
567 2020 650 2049 quam
666 2012 842 2049 superinfusa
856 2013 934 2041 Chri-

92 2057 123 2086 sti
147 2058 232 2095 pietas
253 2058 418 2095 duplicabat.
441 2059 534 2095 ltaque
556 2058 724 2095 liquescebat
745 2059 854 2088 animus
874 2059 934 2088 eius

91 2103 125 2133 ad
145 2112 282 2142 pauperes
301 2108 328 2133 et
349 2104 489 2139 infirmos,
511 2108 538 2134 et
559 2105 661 2142 quibus
682 2113 735 2134 non
755 2108 863 2142 poterat
877 2114 934 2134 ma—

71 2159 172 2184 ·num,
194 2151 345 2180 exhibebat
365 2152 503 2181 affectum.
525 2152 644 2189 Contigit
658 2152 757 2186 semel,
773 2156 803 2181 ut
818 2152 933 2189 pauperi

47 2192 51 2198 ’
92 2197 199 2227 cuidam
220 2198 421 2234 eleemosynam
444 2199 601 2235 importune
623 2199 723 2235 petenti
746 2207 820 2228 unus
841 2207 856 2228 e
870 2199 933 2228 Fra-

92 2244 181 2273 tribus
201 2244 300 2274 durius
321 2245 509 2281 responderet.
531 2245 607 2281 Quod
636 2245 751 2274 audiens
778 2253 932 2282 pauperum

92 2291 154 2328 pius
174 2294 289 2326 amator,
310 2291 398 2320 Fratri
420 2291 574 2328 praecepit,
596 2294 628 2320 ut
647 2291 680 2320 ad
702 2291 776 2320 illius
804 2291 934 2328 pauperis

92 2337 174 2374 pedes
195 2345 224 2367 se
245 2337 379 2367 nudatum
401 2341 604 2375 prosterneret,
629 2338 813 2375 proclamaret
840 2339 934 2375 culpa-

92 2384 189 2419 bilem,
220 2385 352 2413 orationis
383 2385 545 2422 suffragium
577 2385 730 2422 postularet
760 2388 787 2413 et
817 2385 933 2414 veniam.

93 2431 168 2468 Quod
190 2439 254 2461 cum
275 2431 319 2461 ille
340 2431 449 2461 fecisset
470 2431 622 2466 humiliter,
636 2431 754 2460 dulciter
769 2432 848 2460 Pater
862 2431 935 2460 adie—

93 2478 143 2507 cit:
169 2490 182 2504 α
197 2479 268 2508 Dum
290 2487 440 2516 pauperem
463 2478 554 2513 vides,
575 2487 592 2507 o
606 2479 709 2513 Frater,
725 2479 869 2516 speculum
886 2478 933 2507 tibi

93 2525 255 2562 proponitur
277 2525 384 2554 Domini
405 2528 432 2554 et
453 2525 583 2563 pauperis
604 2525 697 2554 Matris
717 2525 785 2554 eius.
809 2526 836 2554 ln
857 2525 934 2554 insir-

1788 211 1843 239 5027

998 284 1050 312 mis
1065 284 1192 313 similiter
1207 285 1389 320 infirmitates,
1404 295 1473 323 quas
1487 287 1626 321 assumsit,
1638 287 1781 316 considera
1792 288 1841 316 ⁵».

998 330 1123 367 Cumque
1145 331 1171 359 in
1194 332 1364 368 pauperibus
1385 334 1491 362 cunctis
1512 337 1539 362 et
1564 334 1621 371 ipse
1649 334 1843 363 christianissi-

998 385 1061 405 mus
1082 386 1187 414 pauper
1202 378 1319 415 effigiem
1335 379 1436 408 Christi
1453 381 1637 417 prospiceret,
1653 381 1673 409 si
1689 389 1744 418 qua
1759 381 1840 410 etiam

998 424 1152 452 necessaria
1174 425 1245 453 vitae
1266 425 1316 453 sibi
1339 427 1436 454 collata
1458 427 1589 461 fuissent,
1611 428 1650 456 eis
1671 428 1842 456 occurrenti-

998 470 1051 498 bus
1066 479 1118 499 non
1135 471 1223 499 solum
1239 472 1389 501 liberaliter
1404 473 1570 508 conferebat,
1587 482 1683 503 verum
1699 475 1794 508 etiam,
1810 483 1841 503 ac

998 517 1019 545 si
1041 517 1151 545 illorum
1168 518 1280 554 propria
1294 522 1400 553 essent,
1416 520 1553 549 iudicabat
1567 529 1627 549 esse
1642 521 1788 549 reddenda.
1802 538 1841 541 —

997 563 1098 592 Accidit
1119 565 1235 598 semelss,
1257 568 1287 593 ut
1308 566 1395 594 eidem
1418 566 1542 595 redeunti
1569 567 1602 595 de
1631 568 1707 596 Senis
1735 576 1840 605 pauper

997 610 1107 646 quidam
1130 615 1305 644 occurreret,
1329 620 1391 640 cum
1413 613 1555 642 occasione
1574 614 1741 643 infirmitatis
1755 623 1839 652 super

997 656 1120 685 habitum
1144 658 1253 693 palliolo
1274 659 1393 695 quodam
1414 663 1485 688 esset
1506 661 1631 689 amictus.
1653 661 1738 690 Cuius
1760 662 1840 690 mise-

996 703 1036 731 ria
1057 704 1137 732 oculo
1152 705 1278 733 clementi
1294 710 1454 742 conspecta:
1474 718 1487 731 «
1499 707 1629 743 Oportet,
1645 708 1734 744 inquit
1749 709 1781 737 ad
1797 717 1839 737 so-

996 749 1085 784 cium,
1108 754 1138 778 ut
1160 751 1307 780 reddamus
1330 753 1489 781 mantellum
1512 754 1681 790 pauperculo
1701 755 1760 788 isti;
1777 763 1838 783 nam

996 796 1082 832 ipsius
1103 800 1151 825 est.
1175 798 1269 826 Mutuo
1290 799 1362 826 enim
1379 799 1468 835 ipsum
1483 800 1656 836 accepimus,
1671 801 1756 829 donec
1771 810 1839 838 pau-

995 844 1132 879 periorem
1156 844 1280 873 invenire
1308 845 1519 882 contingeret».
1553 847 1647 875 socius
1678 851 1769 876 autem
1802 848 1837 884 pii

995 889 1081 918 Patris
1102 891 1290 919 necessitatem
1312 892 1504 927 considerans,
1527 893 1703 929 pertinaciter
1724 895 1838 924 obsiste-

994 935 1055 969 bat,
1077 945 1110 965 ne
1132 937 1290 973 provideret
1311 938 1371 972 alii,
1394 947 1422 967 se
1450 939 1582 976 neglecto.
1611 941 1642 968 At
1670 940 1730 969 ille:
1758 953 1770 966 α
1786 942 1837 969 Pro

994 982 1068 1011 furto
1090 983 1173 1017 mihi,
1195 984 1248 1017 ait,
1270 988 1369 1021 reputo
1390 994 1406 1013 a
1427 994 1525 1022 magno
1547 987 1766 1023 Eleemosynario
1788 988 1837 1016 im-

995 1030 1163 1066 putandum,
1186 1031 1206 1059 si
1240 1031 1291 1059 hoc
1322 1032 1394 1068 quod
1428 1032 1501 1066 fero,
1534 1041 1587 1061 non
1618 1033 1719 1062 dedero
1751 1035 1837 1071 magis

993 1076 1124 1112 egenti».
1148 1077 1294 1114 Propterea
1314 1079 1347 1107 de
1368 1079 1512 1113 omnibus,
1534 1088 1605 1116 quae
1627 1080 1676 1109 sibi
1699 1081 1837 1110 dabantur

993 1123 1026 1151 ad
1048 1124 1237 1153 necessitatem
1259 1126 1383 1162 corporis
1405 1126 1596 1161 relevandam,
1619 1127 1716 1156 solitus
1740 1132 1800 1156 erat
1821 1137 1836 1157 a

993 1170 1122 1198 dantibus
1144 1171 1278 1199 licentiam
1302 1175 1410 1208 petere,
1433 1176 1464 1201 ut
1486 1173 1557 1201 licite
1579 1177 1685 1209 posset,
1707 1175 1728 1202 si
1752 1175 1836 1212 magis

993 1224 1096 1253 egenus
1116 1221 1289 1251 occurreret,
1311 1226 1433 1255 erogare.
1457 1219 1526 1247 Nulli
1549 1228 1665 1256 prorsus
1688 1221 1724 1249 rei
1742 1229 1836 1258 parce-

992 1263 1054 1297 bat,
1076 1271 1125 1292 nec
1147 1264 1283 1293 mantellis
1305 1273 1354 1293 nec
1376 1266 1475 1294 tunicis
1496 1274 1546 1295 nec
1569 1267 1645 1295 libris
1674 1276 1723 1296 nec
1753 1269 1834 1297 etiam

992 1311 1159 1346 paramentis
1179 1311 1288 1345 altaris,
1310 1313 1376 1348 quin
1399 1313 1490 1341 omnia
1518 1314 1600 1347 haec,
1629 1314 1696 1342 duni
1728 1319 1834 1351 posset,

991 1360 1022 1385 ut
1044 1357 1151 1394 pietatis
1173 1358 1298 1394 impleret
1319 1359 1453 1393 officium,
1476 1359 1662 1396 indigentibus
1678 1362 1834 1398 largiretur.

992 1404 1109 1438 l’luries,
1131 1412 1194 1433 cum
1209 1406 1329 1433 oneratis
1343 1406 1467 1434 obviaret
1483 1406 1509 1435 in
1525 1407 1568 1435 via
1584 1408 1768 1444 pauperibus,
1785 1409 1835 1437 im—

990 1451 1100 1479 becilles
1123 1451 1254 1480 humeros
1275 1452 1385 1481 illorum
1407 1453 1538 1482 oneribus
1559 1454 1739 1490 supponebat.

1070 1499 1094 1526 6.
1111 1498 1332 1527 Consideratione
1347 1507 1458 1536 quoque
1471 1499 1575 1536 primae
1585 1501 1699 1537 originis
1710 1501 1833 1530 omnium

990 1545 1182 1573 abundantiori
1206 1545 1305 1581 pietate
1327 1547 1465 1582 repletus,
1494 1550 1636 1575 creaturas
1664 1549 1833 1584 quantumli-

990 1591 1036 1620 bet
1058 1599 1156 1627 parvas
1177 1590 1285 1627 fratris
1307 1592 1349 1620 vel
1364 1593 1476 1621 sororis
1491 1593 1645 1629 appellabat
1660 1594 1832 1629 nominibus,

990 1646 1041 1674 pro
1063 1646 1095 1666 eo
1116 1638 1189 1674 quod
1211 1638 1326 1672 sciebat,
1348 1647 1394 1668 eas
1415 1647 1502 1668 unum
1525 1648 1618 1668 secum
1634 1641 1736 1669 hahere
1758 1642 1833 1678 prin-

991 1685 1102 1722 cipium.
1126 1685 1186 1713 lllas
1217 1688 1307 1714 tamen
1338 1686 1503 1715 viscerosius
1535 1688 1785 1724 complexabatur⁷
1807 1691 1834 1717 et

990 1730 1114 1764 dulcius,
1136 1739 1208 1768 quae
1228 1731 1328 1760 Christi
1352 1733 1591 1762 mansuetudinem
1613 1734 1684 1770 piam
1707 1734 1834 1763 similitu-

990 1777 1054 1806 dine
1075 1778 1193 1806 naturali
1216 1778 1400 1814 praetendunt
1421 1782 1449 1807 et
1463 1779 1621 1816 scripturae
1636 1780 1833 1817 significatione

992 1824 1122 1861 figurant.
1145 1824 1267 1853 Redemit
1288 1825 1449 1861 frequenter
1470 1834 1569 1862 agnos,
1591 1826 1639 1863 qui
1660 1827 1833 1856 ducebantur

991 1871 1024 1900 ad
1046 1874 1179 1906 mortem,
1202 1871 1275 1900 illius
1296 1879 1401 1900 memor
1422 1872 1489 1909 Agni
1511 1873 1663 1908 mitissimi,
1679 1874 1725 1910 qui
1741 1874 1774 1902 ad
1789 1882 1833 1902 oc-

992 1918 1120 1947 cisionem
1144 1918 1205 1947 duci
1229 1919 1316 1947 voluit
1338 1927 1388 1955 pro
1416 1919 1607 1956 peccatoribus
1635 1920 1802 1950 redimendis
1813 1920 1833 1949 ⁸.

991 1965 1130 2001 Hospitato
1151 1965 1269 2005 quadam
1291 1965 1350 1994 vice
1371 1973 1451 1994 servo
1473 1966 1520 1994 Dei
1542 1966 1614 2003 apud
1640 1967 1834 1996 Monasterium

991 2012 1075 2040 sancti
1105 2011 1258 2040 Verecundi
1290 2012 1324 2040 de
1355 2012 1514 2049 episcopatu
1546 2013 1695 2050 Eugubii⁹‚
1727 2014 1835 2043 ovicula

990 2058 1124 2095 quaedam
1146 2058 1305 2095 agniculum
1327 2059 1434 2095 peperit
1461 2059 1507 2088 illa
1538 2063 1625 2088 nocte.
1658 2060 1756 2089 Aderat
1787 2069 1835 2089 sus

990 2105 1175 2139 ferocissima,
1197 2113 1268 2142 quae
1289 2105 1360 2134 vitae
1382 2106 1534 2135 innocentis
1555 2115 1609 2135 non
1637 2115 1769 2144 parcens,
1791 2116 1834 2136 ra-

990 2152 1049 2189 paci
1071 2159 1135 2180 eum
1157 2160 1253 2181 morsu
1275 2153 1389 2181 necavit.
1406 2153 1459 2182 Hoc
1474 2153 1580 2188 audito,
1595 2154 1658 2191 pius
1673 2155 1750 2183 Pater
1765 2155 1835 2183 mira

990 2199 1178 2236 compassione
1198 2202 1353 2228 commotus
1373 2203 1400 2228 et
1420 2201 1485 2237 Agni
1507 2201 1566 2229 sine
1584 2201 1692 2230 macula
1707 2201 1835 2230 recorda-

990 2249 1051 2280 tus,
1074 2246 1276 2275 lamentabatur
1297 2255 1348 2283 pro
1369 2250 1457 2276 morte
1478 2248 1597 2284 agniculi
1625 2256 1717 2277 coram
1746 2249 1835 2277 omni-

990 2292 1058 2327 bus,
1080 2292 1188 2321 dicens:
1216 2304 1229 2318 <r
1244 2293 1301 2321 Heu
1322 2301 1381 2327 me,
1402 2293 1488 2322 frater
1509 2293 1650 2331 agnicule,
1672 2295 1771 2323 animal
1794 2295 1835 2323 in-

990 2347 1106 2373 nocens,
1127 2339 1269 2368 Christum
1291 2339 1449 2368 hominibus
1469 2344 1696 2377 repraesentans,
1722 2341 1833 2370 maledi-

991 2387 1034 2413 cta
1054 2384 1089 2413 sit
1110 2385 1210 2421 impia,
1232 2393 1304 2422 quae
1325 2389 1352 2414 te
1373 2386 1525 2420 interfecit,
1556 2386 1707 2424 nullusque
1737 2387 1771 2415 (le
1802 2395 1833 2416 ea

991 2431 1116 2460 comedat
1137 2432 1218 2460 bomo
1246 2432 1288 2461 vel
1316 2432 1444 2461 bestia».
1470 2433 1592 2462 Mirabile
1619 2434 1713 2463 dictu!
1742 2435 1833 2463 statim

992 2477 1124 2507 infirmari
1148 2479 1236 2516 coepit
1257 2487 1341 2516 porca
1362 2479 1485 2508 malefica
1507 2483 1534 2509 et
1556 2481 1646 2510 tribus
1660 2481 1758 2510 diebus
1772 2490 1833 2510 cor-

990 2533 1101 2562 poream
1124 2533 1239 2562 poenam
1261 2527 1423 2570 exsolvens,
1446 2527 1573 2556 ultricem
1595 2528 1704 2557 tandem
1720 2529 1834 2565 pertulit

155 2716 162 2730 ¹
181 2718 233 2742 Vat.
249 2721 271 2741 ct
287 2718 324 2741 ed.
344 2720 350 2740 l
372 2718 495 2742 scandale.
512 2719 605 2741 luterins
618 2719 715 2742 vocibus
732 2719 841 2743 turbatus
858 2726 934 2742 ezem-

91 2755 138 2785 plis
154 2756 205 2779 Vat.
222 2760 244 2780 et
260 2757 297 2780 ed.
311 2758 318 2779 1
335 2757 473 2780 interserunt
489 2759 559 2786 esset,
576 2758 705 2786 deindeque
724 2758 774 2780 Vat.
791 2758 843 2780 voci
859 2758 933 2781 anxio

94 2795 198 2823 praefigit
213 2797 242 2818 et.

155 2834 164 2847 ⁹
181 2834 224 2858 Csr.
238 2835 371 2863 Wadding.,
383 2835 425 2858 loc.
437 2835 482 2863 cit„
494 2836 524 2858 ad
536 2842 571 2858 an.
586 2836 686 2862 1221,[1.
698 2836 734 2858 26.
746 2848 776 2852 -—
789 2836 831 2858 Pro
842 2841 933 2865 semper

94 2878 144 2897 meo
161 2874 178 2896 A
188 2874 205 2896 B
221 2880 314 2904 semper
330 2874 355 2897 in
372 2880 405 2897 eo.

156 2911 164 2925 ³
181 2913 247 2936 Rom.
269 2914 291 2941 l,
308 2914 350 2936 30:
369 2914 523 2940 Detractores,
541 2914 587 2936 Deo
604 2913 708 2936 odibiles.

155 2951 164 2964 ‘
182 2951 225 2974 cfr.
242 2958 311 2980 supra
329 2958 382 2980 pag.
400 2953 458 2980 506,
475 2955 527 2975 nota
545 2953 566 2975 2.

156 2988 165 3002 ⁶
184 2990 242 3013 Vide
259 2991 397 3019 Wadding.‚
415 2991 456 3013 loc.
475 2991 523 3019 cit.,
541 2991 569 3014 ad
587 2997 623 3013 an,
644 2990 713 3017 12151
731 2997 753 3013 n.
770 2991 806 3013 28.

1053 2718 1062 2732 ⁰
1078 2719 1124 2742 Cfr.
1142 2719 1279 2747 Waddlng.,
1297 2719 1338 2742 loc.
1356 2720 1406 2747 cit.‚
1424 2719 1453 2742 ad
1471 2726 1507 2742 an.
1528 2720 1598 2747 1213,
1610 2727 1632 2743 n.
1646 2721 1687 2749 253
1705 2721 1759 2743 vide
1776 2721 1832 2745 ibid.

990 2758 1019 2780 ad
1037 2764 1075 2780 an.
1096 2758 1164 2785 1211,
1177 2764 1198 2780 n.
1213 2759 1248 2780 lo.
1265 2764 1313 2787 seq.
1331 2761 1353 2780 et
1369 2758 1398 2780 ad
1416 2764 1453 2780 an.
1471 2758 1544 2786 1225,
1556 2765 1578 2781 n.
1592 2759 1633 2786 11,
1650 2758 1689 2781 ubi
1707 2760 1788 2783 similia
1800 2767 1832 2783 re·

991 2798 1101 2819 seruntur.
1388 2795 1396 2809 ⁷
1416 2798 1467 2820 Vat.
1483 2804 1536 2820 cum
1554 2798 1591 2821 ed.
1609 2799 1617 2820 11
1639 2798 1831 2828 ampleoeabatur.

1052 2834 1061 2848 ⁸
1079 2836 1129 2858 lsai.
1147 2836 1191 2864 53,
1208 2837 1235 2858 7:
1252 2835 1347 2858 Oblatus
1363 2839 1421 2859 est...
1438 2839 1460 2858 et
1477 2843 1522 2859 11011
1540 2837 1630 2865 aperuit
1642 2844 1668 2860 os
1679 2844 1761 2867 suum;
1773 2839 1833 2861 sicut

989 2881 1014 2897 ox
1022 2875 1040 2897 is
1057 2875 1086 2897 ad
1103 2875 1242 2897 occisionem
1260 2875 1358 2897 ducetur
1374 2878 1417 2898 etc.

1052 2911 1062 2925 ⁹
1079 2913 1100 2935 ld
1118 2916 1152 2935 est
1168 2913 1260 2936 Gubbio
1278 2914 1300 2936 111
1318 2913 1424 2942 Umbria,
1446 2920 1458 2936 a
1483 2920 1528 2942 qua
1554 2914 1645 2936 civitate
1670 2917 1831 2942 praenotatum

989 2952 1149 2974 lllonasterium
1163 2952 1361 2975 Benedictinorum
1374 2959 1420 2975 nou
1433 2953 1531 2975 multum
1543 2953 1649 2976 distabat.
1662 2966 1692 2969 —
1704 2953 1749 2976 Csr.
1763 2954 1792 2976 W
1795 2954 1832 2976 ad-

989 2991 1066 3019 ding.,
1084 2991 1126 3013 loc.
1143 2991 1192 3019 cit.,
1209 2991 1238 3014 ad
1256 2997 1293 3014 an.
1312 2991 1381 3018 1222,
1400 2997 1424 3014 n.
1441 2991 1478 3014 19.

1858 575 1933 593 Factum
1947 581 1979 594 uo-

1886 599 1949 617 labile.

1850 1507 1913 1526 Pietas
1926 1513 1970 1531 erga

1846 1536 1911 1549 omnes
1921 1536 1972 1550 crea-

1881 1556 1937 1573 tul-as.
