2133 3317
270 226 327 255 674
901 227 1099 257 OPUSCULUM
1121 228 1174 258 V11.
1197 230 1394 259 RHYTHMICA.

287 304 329 331 87,
350 305 473 337 Quidquid
492 305 576 330 tamen
595 305 637 330 alii
656 305 754 335 dicant,
773 305 853 331 frater
872 313 941 336 care,

374 348 456 372 Istam
475 355 565 373 novam
577 347 584 360 ¹
606 348 742 380 martyrem
760 348 841 373 libens
858 349 972 379 imitare,

376 391 484 423 Cumque
504 391 563 416 talis
583 391 673 421 fueris,
694 392 823 417 Christum
841 392 986 424 deprecare,

375 434 409 458 Ut
428 441 473 459 nos
492 435 582 459 cantus
600 434 742 466 Martyrum
761 435 847 460 doceat
864 436 975 461 cantare.

286 476 328 502 88.
347 476 544 508 Frequentemus
562 478 686 502 canticum
705 478 787 508 istud,
808 486 878 504 soror
897 480 952 511 pia,

374 520 412 545 Ne
432 527 477 545 nos
496 520 599 552 frangat
618 520 699 546 taedio
718 522 785 546 vitae
803 522 878 547 huius
897 523 952 552 via,

376 563 442 588 Nam
462 563 600 588 laetantem
618 564 728 589 animam
746 565 772 589 in
791 565 838 590 hac
855 566 961 591 melodia

375 606 437 631 Post
455 607 520 632 hanc
539 608 617 632 vitam
636 608 742 639 suscipit
760 608 832 633 Iesus
851 609 876 634 et
894 609 984 634 Maria.

287 649 328 674 89.
348 650 429 682 Ergo,
450 657 527 680 soror,
547 650 618 675 tuum
630 649 639 663 ²
659 658 700 676 cor
718 651 755 676 ita
773 651 917 682 citharizet,

374 693 402 718 Se
423 693 533 725 baptizet
552 693 683 725 lacrymis,
703 694 806 725 planctu
826 695 985 727 martyrizet,

1285 308 1385 335 Christo
1404 309 1465 335 totis
1483 310 1579 335 viribus
1598 311 1633 336 sic
1651 317 1717 336 nunc
1735 312 1876 343 organizet,

1283 351 1318 375 Ut
1336 359 1391 377 cum
1411 352 1511 379 Christo
1530 354 1617 385 postea
1636 362 1733 385 semper
1752 355 1903 380 solemnizet.

1195 393 1237 418 90.
1257 394 1326 419 Tunc
1345 395 1479 420 cessabunt
1496 397 1605 428 gemitus
1624 397 1649 422 et
1668 397 1786 428 planctus
1803 398 1929 428 dolorum,

1284 437 1345 462 Cum
1365 438 1483 464 adiuncta
1501 439 1577 464 fueris
1596 440 1677 465 choris
1697 441 1864 473 Angelorum,

1284 480 1349 505 Nam
1369 481 1493 507 cantando
1511 482 1620 507 transies
1638 483 1670 508 ad
1689 484 1820 509 caelestem
1838 484 1954 515 chorum,

1283 523 1371 555 Nupta
1390 524 1531 550 felicissimo
1550 525 1611 557 Regi
1630 527 1793 553 saeculorum.
1812 527 1900 553 Amen.

1710 570 1760 595 Deo
1778 571 1883 602 gratias.

1450 654 1571 680 Exrmcrr
1591 655 1749 681 Pmnormm.

775 828 814 857 111.
838 830 880 858 DE
902 830 1030 858 SEPTEM
1051 828 1168 859 VERBIS
1189 830 1308 860 DOMINI
1329 832 1361 860 IN
1382 831 1487 861 CRUCE
1499 832 1518 860 ³.

559 952 681 977 Primum
706 953 824 978 Verbum.
1210 954 1276 979 Dum
1295 954 1320 979 te
1339 962 1404 980 unus
1422 956 1541 987 argueret
1559 957 1584 981 et
1603 956 1681 982 stulte
1700 957 1907 989 reprehenderet,

1214 997 1278 1022 Dum
1299 998 1426 1023 insultans
1444 999 1588 1030 insurgeret
1605 1000 1631 1024 et
1649 999 1845 1031 blasphemando
1864 1001 1956 1026 diceret
1967 1000 1989 1026 ⁷:

1211 1040 1242 1066 Si
1261 1042 1289 1066 tu
1307 1048 1333 1066 cs
1351 1041 1402 1066 Dei
1420 1042 1525 1074 Filius,
1545 1043 1618 1067 salva
1638 1044 1796 1075 temetipsum
1815 1045 1839 1069 et
1856 1052 1919 1076 nos,

1212 1084 1274 1109 Esto
1293 1084 1340 1109 tibi
1359 1086 1497 1116 propitius,
1518 1086 1582 1111 sicut
1601 1087 1707 1111 salvasti
1726 1087 1802 1117 alios,

1211 1128 1277 1153 Dum
1295 1128 1361 1153 alter
1379 1129 1445 1154 hunc
1464 1130 1600 1160 corriperet
1619 1130 1643 1154 et
1661 1130 1728 1155 hunc
1747 1131 1855 1156 stultum
1872 1131 2025 1162 ostenderet,

1213 1171 1277 1195 Dum
1298 1178 1324 1195 se
1342 1172 1436 1196 malum
1455 1172 1598 1197 concederet
1616 1172 1642 1197 et
1660 1173 1685 1198 te
1703 1173 1798 1198 iustum
1816 1174 1953 1204 assereret,

1214 1214 1280 1239 Dum
1299 1214 1331 1239 ad
1350 1214 1375 1239 te.
1394 1222 1420 1240 se
1438 1215 1595 1240 converteret
1614 1216 1639 1240 et
1658 1217 1764 1248 supplex
1782 1217 1828 1241 tibi
1846 1216 1971 1243 diceretfl:

1210 1257 1342 1283 Memento
1360 1258 1424 1290 mei,
1443 1258 1568 1290 Domine,
1588 1259 1646 1284 dum
1666 1260 1697 1284 ad
1716 1260 1787 1285 tuum
1807 1261 1949 1292 perveneris

1212 1301 1325 1332 Regnum
1345 1302 1446 1332 plenum
1465 1302 1607 1332 dulcedine,
1627 1303 1686 1327 dum
1704 1303 1729 1328 te
1748 1311 1831 1335 regem
1850 1304 2001 1335 ostenderis,

1214 1343 1265 1373 Tu,
1284 1352 1372 1369 amans
1391 1344 1585 1376 poenitentiam,
1605 1346 1679 1371 corda
1698 1346 1802 1371 trahens
1822 1354 1866 1378 per
1884 1347 2006 1379 gratiam,

302 1038 374 1069 Iesu,
394 1039 484 1064 salutis
503 1039 600 1069 hostia,
620 1039 711 1064 salutis
730 1039 892 1069 sacrificium,

303 1082 375 1112 Iesu,
396 1082 486 1107 salutis
504 1083 603 1114 gratia,
623 1083 714 1108 salutis
732 1083 891 1113 beneficium,

302 1125 375 1156 Iesu,
395 1126 452 1151 tuta
471 1126 560 1151 fiducia
579 1127 604 1151 et
623 1126 707 1151 tutum
726 1126 861 1151 110511111111Αἱ
881 1127 1021 1158 refugium!

304 1169 341 1193 Tu
360 1176 405 1200 pro
424 1169 534 1194 humano
552 1177 657 1201 genere,
677 1170 706 1194 ut
724 1170 851 1201 captivum
871 1170 1019 1199 redimeres,

303 1212 339 1236 Tu
359 1219 403 1243 pro
422 1212 531 1238 humano
550 1213 656 1242 scelere,
675 1213 704 1237 ut
723 1213 810 1244 culpas
828 1213 929 1237 nostras
948 1213 1064 1243 tolleres,

302 1255 339 1280 Tu
358 1263 403 1287 pro
423 1256 505 1281 divino
525 1263 640 1286 munere,
660 1256 690 1280 ut
708 1263 753 1281 nos
773 1256 824 1281 Deo
842 1257 1019 1288 coniungeres,

303 1298 361 1324 Non
380 1299 502 1324 recusasti
522 1300 634 1329 vincula,
653 1306 703 1324 non
722 1299 840 1331 flagella,
858 1307 908 1324 non
927 1300 1045 1330 verbera,

305 1342 361 1367 Non
380 1342 507 1367 latronum
527 1343 655 1373 patibula,
675 1350 725 1368 non
744 1343 849 1372 livores,
869 1350 920 1368 non
938 1343 1057 1373 vulnera;

301 1386 348 1411 Sed
366 1386 425 1410 dum
444 1394 504 1411 crux
523 1386 548 1411 te
567 1387 718 1418 susciperet,
738 1387 763 1411 et
782 1386 862 1412 hostis
881 1387 906 1411 in
926 1387 950 1411 te
968 1387 1099 1417 fremeret,

302 1429 368 1454 Dum
387 1430 493 1455 malleus
513 1430 667 1461 percuteret,
687 1430 713 1455 et
730 1431 817 1455 clavus
836 1438 935 1455 carnem
956 1431 1093 1461 scinderet,

301 1473 367 1498 Dum
387 1480 487 1498 sensum
506 1473 576 1499 dolor
594 1474 712 1505 angeret,
732 1474 757 1498 et
777 1481 845 1499 sacer
865 1474 968 1505 sanguis
987 1474 1089 1504 flueret,

1210 1387 1267 1412 Non
1288 1388 1368 1413 solum
1387 1388 1452 1413 hanc
1471 1389 1614 1414 memoriam
1633 1390 1790 1419 concessisti,
1810 1390 1852 1415 sed
1870 1391 1990 1422 gloriam,

1210 1431 1314 1456 Dicens:
1334 1431 1419 1456 Amen
1438 1431 1493 1457 dico
1514 1432 1576 1463 tibi,
1597 1432 1671 1457 hodie
1688 1440 1786 1458 mecum
1805 1433 1856 1458 eris
1876 1432 1977 1459 Zaetus⁹
1996 1434 2025 1459 in

1879 1476 2024 1508 [paradiso.

301 1516 367 1541 Dum
387 1517 470 1548 passio
489 1516 513 1541 te
532 1516 669 1548 premeret,
690 1517 856 1548 angustiaque
875 1518 1009 1547 cresceret,

302 1559 405 1584 Patrem
425 1560 521 1591 rogasti
539 1560 667 1591 precibus,
688 1560 718 1585 ut
736 1561 857 1592 tanquam
876 1561 1052 1592 ignorantibus

301 1603 361 1627 Tuis
380 1603 494 1635 ignoscat
512 1603 627 1628 hostibus
646 1611 675 1628 ac
695 1604 719 1628 te
738 1603 955 1635 crucifigentibus,

302 1646 392 1671 Dicens
403 1646 426 1671 ⁵:
446 1647 537 1678 Pater,
556 1647 659 1679 ifflzosce
677 1647 747 1679 illis,
767 1648 829 1678 quia
847 1648 981 1679 nesciunt,
1001 1648 1064 1679 quid
1076 1646 1118 1678 fa-

1026 1690 1117 1721 [cizmt.

1548 1537 1652 1563 ORATIO.

1210 1605 1230 1631 O
1250 1606 1367 1637 prompta
1386 1606 1431 1631 Dei
1450 1606 1556 1635 caritas,
1576 1606 1693 1638 prompta
1712 1607 1896 1632 misericordia!

1211 1649 1230 1674 O
1250 1649 1368 1681 prompta
1386 1649 1540 1679 liberalitas,
1561 1650 1678 1681 prompta
1697 1650 1882 1675 munificentia!

1211 1692 1251 1717 Ad
1270 1693 1294 1717 te
1314 1692 1394 1717 currit
1413 1693 1523 1722 devotio,
1543 1693 1575 1717 ad
1593 1693 1618 1718 te
1637 1692 1702 1717 redit
1719 1694 1851 1723 memoria,

1215 1736 1304 1760 Coram
1324 1736 1347 1760 te
1368 1736 1397 1760 fit
1415 1736 1549 1766 confessio,
1570 1736 1616 1760 tibi
1634 1736 1724 1767 patent
1742 1737 1899 1768 praecordia,

1212 1779 1271 1804 Ideo
1290 1786 1344 1803 cum
1365 1779 1455 1804 fiducia
1474 1779 1520 1804 tibi
1538 1787 1676 1810 precamur,
1696 1780 1813 1809 Domine,

1211 1822 1258 1852 Qui
1277 1830 1302 1847 es
1322 1823 1374 1847 sine
1394 1823 1492 1847 malitia
1510 1823 1578 1848 solus
1598 1823 1622 1848 et
1641 1823 1694 1848 sine
1712 1824 1827 1848 crimine:

1210 1865 1241 1890 In
1260 1865 1304 1890 tua
1323 1866 1446 1897 patientia
1464 1866 1587 1891 memento
1606 1867 1700 1895 nostri,
1720 1867 1831 1892 Domine.

638 1753 743 1778 Ormrio.

301 1821 320 1847 O
340 1822 408 1846 mitis
428 1821 564 1853 patientia!
585 1829 598 1847 o
618 1822 750 1847 mansueta
769 1822 878 1847 mititas!

301 1864 321 1890 Ο
340 1866 460 1890 immensa
480 1865 625 1890 clementia!
645 1872 658 1890 0
678 1866 798 1890 immensa
817 1865 973 1897 benignitas!

302 1908 349 1938 Qui
367 1909 397 1933 ut
416 1909 468 1933 ovis
488 1907 641 1933 mitissimaG
661 1916 710 1934 non
730 1910 823 1940 promis
842 1909 1035 1940 querimoniam,

301 1952 347 1982 Qui
366 1952 395 1977 ut
413 1953 494 1977 mater
512 1952 641 1976 carissima
660 1953 709 1976 iam
728 1959 830 1977 excusas
849 1953 976 1981 iniuriam,

301 1995 335 2019 Ut
355 1996 438 2019 anima
457 1995 600 2020 dulcissima
618 1995 688 2020 tenes
708 1995 920 2025 benevolentiam,

300 2038 335 2063 Ut
354 2039 472 2064 voluntas
492 2039 603 2070 piissima
623 2039 727 2070 praebes
746 2038 948 2063 misericordiam.

300 2082 341 2106 Ad
360 2082 385 2107 te
403 2082 473 2107 vadit
493 2090 549 2114 spes
568 2083 678 2112 animae,
698 2082 730 2107 ad
748 2082 772 2107 te
791 2082 902 2107 clamant
921 2082 1043 2113 suspiria,

301 2125 339 2149 Ad
361 2125 385 2149 te
405 2125 541 2150 decurrunt
559 2126 697 2157 lacrymae,
718 2126 743 2150 et
763 2125 866 2156 pulsant
885 2125 1019 2155 desideria,

302 2168 460 2193 Confidenter
480 2169 599 2193 dicentia:
620 2169 724 2200 1gnosce
743 2169 829 2198 nobis,
848 2169 959 2194 Domine.

1475 1953 1589 1978 Tertium
1613 1953 1730 1979 Verbum.

1209 2039 1281 2069 Iesu,
1300 2040 1343 2064 lux
1362 2039 1387 2064 et
1407 2047 1449 2065 rex
1467 2041 1575 2071 gloriae,
1595 2040 1644 2065 Fili
1662 2040 1708 2065 Dei
1726 2041 1751 2065 et
1769 2040 1889 2069 hominis,

1208 2083 1281 2113 Iesu,
1302 2083 1348 2108 flos
1368 2083 1515 2114 pudicitiae,
1536 2083 1572 2108 fili
1591 2083 1685 2108 Mariae
1703 2083 1833 2115 Virginis!

1212 2127 1278 2151 Dum
1297 2127 1357 2151 haec
1375 2127 1453 2158 Virgo
1473 2126 1644 2156 sanctissima,
1664 2127 1718 2151 tota
1737 2127 1811 2158 plena
1830 2127 1968 2157 doloribus,

1211 2168 1324 2194 Genitrix
1343 2169 1529 2199 amantissima,
1550 2169 1604 2194 tota
1616 2168 1636 2181 ¹⁰
1655 2169 1766 2194 confecta
1784 2170 1950 2201 moeroribus,

1209 2212 1262 2236 Tua
1282 2212 1363 2237 Mater
1382 2213 1524 2242 carissima,
1545 2211 1599 2237 tota
1619 2220 1736 2244 percussa
1754 2212 1868 2243 fletibus,

1208 2255 1303 2279 Nutrix
1321 2255 1527 2287 diligentissima,
1547 2256 1601 2281 tota
1620 2256 1700 2281 fracta
1719 2256 1885 2287 singultibus,

1208 2296 1284 2323 quta
1303 2305 1399 2323 crucem
1419 2298 1550 2323 assisteret
1568 2299 1592 2323 et
1612 2299 1636 2323 te
1656 2298 1803 2329 pendentem
1822 2299 1946 2329 cerneret,

1209 2341 1275 2365 Dum
1294 2342 1419 2366 tormenta
1438 2342 1591 2372 conspiceret
1610 2349 1688 2373 neque
1700 2341 1718 2354 ¹¹
1738 2342 1808 2367 luctu
1827 2342 1954 2372 deficeret,

1209 2383 1246 2408 Tu
1266 2384 1352 2408 videns
1371 2384 1476 2409 Matrem
1497 2384 1618 2413 flebilem,
1638 2392 1750 2416 pressam
1770 2385 1949 2415 amaritudine,

1208 2427 1315 2452 Matrem
1335 2428 1387 2452 tam
1407 2428 1587 2458 venerabilem,
1606 2428 1707 2459 dignam
1726 2427 1893 2458 beatitudine,

549 2254 694 2280 Seczmidum
718 2254 834 2279 Verbum.

301 2341 372 2371 Iesu,
392 2341 500 2373 largitor
519 2341 618 2371 veniae,
638 2341 709 2370 Iesu,
731 2341 840 2365 solamon
861 2341 985 2370 tristium,

301 2385 373 2415 Iesu,
393 2385 449 2409 laus
468 2385 649 2416 poenitentiae,
668 2384 740 2411 Iesu,
761 2392 818 2415 spes
837 2384 1031 2415 poenitentium!

302 2428 367 2453 Dum
388 2428 507 2459 penderes
526 2428 654 2457 innoxius,
673 2427 761 2453 horum
781 2428 807 2452 in
827 2435 905 2458 poena
925 2428 1005 2452 socius

1171 2605 1219 2624 turn
1237 2602 1314 2624 varias
1332 2602 1440 2624 lectiones
1457 2602 1590 2624 invenimus
1608 2602 1629 2624 iu
1653 2601 1733 2624 codice
1756 2601 1877 2624 parisiensi
1899 2604 1921 2624 et
1942 2601 1966 2624 in
1983 2601 2021 2624 ed.

1171 2634 1257 2656 Bonelli
1275 2634 1442 2661 (Supplement.
1460 2636 1515 2655 torn.
1528 2634 1561 2655 ul.
1573 2634 1615 2655 001.
1631 2634 1636 2654 1
1648 2633 1697 2661 163)
1706 2651 1711 2661 ,
1723 2632 1808 2662 quihus
1820 2633 1954 2655 addidimus
1965 2638 2020 2655 non-

1171 2665 1245 2687 nullas
1256 2671 1267 2687 a
1281 2665 1388 2687 Sharalea
1402 2665 1454 2693 (loc.
1464 2665 1509 2693 eit.)
1523 2671 1548 2687 ex
1562 2665 1642 2687 codice
1651 2665 1771 2687 Assisiensi
1780 2665 1914 2692 descriptas.
1925 2677 1954 2681 —
1963 2664 2020 2687 Cod.

1172 2697 1292 2719 Parisiens.
1310 2697 1331 2718 iu
1350 2696 1413 2718 initio
1431 2696 1514 2718 habet:
1527 2696 1609 2725 Incipit
1621 2702 1680 2725 opus
1692 2696 1812 2725 seraphici
1824 2695 1931 2719 Doctorz's
1943 2695 2021 2719 sancti

1170 2728 1336 2751 Bonuroutm‘e
1354 2727 1422 2751 raldo
1446 2727 1556 2750 (loretum
1581 2727 1608 2750 (lc
1633 2729 1720 2757 septem
1744 2727 1821 2750 verbis
1846 2727 1943 2750 Domini
1966 2727 2019 2750 Iesu

1171 2759 1259 2782 Christi
1275 2759 1299 2781 in
1317 2765 1393 2782 cruce.

328 2602 335 2614 ¹
355 2603 384 2624 lta
403 2602 545 2625 correximus
562 2608 588 2624 ex
606 2602 644 2624 ed.
666 2602 686 2628 1,
705 2602 755 2624 Vnt.
777 2602 831 2630 legit
856 2602 930 2625 Istum
955 2608 1052 2625 7701171777..
1070 2602 1114 2624 Pri-

266 2640 330 2656 nium
349 2640 443 2656 versum
462 2634 499 2656 ed.
521 2634 525 2655 1
548 2634 577 2656 ita
596 2633 698 2655 exhibet:
717 2634 795 2662 Eryo,
818 2633 930 2662 quicquid
954 2633 997 2656 olii
1021 2633 1112 2662 (licant,

265 2665 341 2695 frater
360 2671 427 2693 rare,
448 2665 528 2687 finiens
544 2669 595 2693 post.
607 2664 679 2688 libens
706 2664 799 2687 imitare
817 2666 860 2687 1100
877 2665 1114 2695 1nod0:Affquesup-

262 2696 321 2726 plem
342 2696 468 2719 Dominum.
486 2702 576 2719 mecum
596 2696 735 2726 deprecare,
756 2696 784 2718 Ur
799 2702 842 2719 nos
855 2696 927 2719 lautius
939 2696 1048 2720 mortu-is
1061 2703 1113 2719 con-

267 2729 317 2751 tum
334 2728 364 2751 sil
382 2729 491 2753 multu-e,
511 2728 565 2756 Det,
585 2727 649 2757 quod
664 2733 744 2751 secum
763 2727 848 2757 [111]ῑῖιί-
865 2728 986 2757 possimus
1002 2734 1113 2757 reynare.

265 2760 347 2782 Amen.

328 2790 337 2803 2
355 2791 397 2813 Pro
416 2791 488 2820 [Ξῖ-ρο,
505 2796 583 2819 soror,
602 2792 670 2813 tuum
688 2790 726 2813 ed.
745 2791 752 2812 1
775 2790 844 2813 habel.
870 2791 904 2813 Eu
928 2790 1034 2820 predicta
1060 2796 1113 2814 cau-

266 2821 323 2849 lico,
351 2822 492 2845 substituens
519 2823 612 2844 iuferius
635 2822 663 2845 Ec
685 2821 774 2845 crebris
798 2821 909 2851 suspiriis
930 2828 995 2845 7111710
1018 2822 1052 2845 sic
1070 2829 1112 2850 pro

266 2853 358 2876 Clu-isto
376 2854 429 2877 telis
446 2853 537 2877 ‘viribus
553 2853 588 2877 sio
604 2859 676 2876 nunc.

329 2884 337 2896 ³
356 2886 402 2907 Hoc
420 2886 530 2907 devotum
547 2886 661 2908 canticum
680 2888 757 2907 contra
781 2884 897 2907 Oudiuum
921 2888 943 2907 ct
965 2885 1064 2907 Venetas
1088 2888 1113 2907 ut

266 2916 391 2943 genuinum
411 2917 537 2939 defendunt
554 2917 661 2939 Sbaralea
688 2916 890 2944 (Supplementum
916 2920 971 2943 em,
994 2923 1049 2944 pag.
1068 2916 1111 2938 Ἰ149

266 2947 307 2969 col.
326 2948 349 2975 l.)
368 2951 389 2970 01
408 2949 491 2970 bonelli
511 2948 639 2976 (Prodi-oni.
659 2949 699 2970 001.
719 2948 780 2976 562).
807 2948 869 2969 ldcm
896 2948 1009 2970 invenimi-
1026 2948 1048 2970 iu
1074 2948 1110 2970 cit.

266 2978 383 3005 1101101101·Ι
403 2980 536 3007 hynmolog.
553 2983 609 3002 10111.
627 2981 639 3001 Ι.
658 2985 712 3007 pag.
729 2980 817 3002 58511.
830 2979 902 3006 9676,
916 2979 956 3001 ubi
968 2980 1042 3002 nullus
1054 2979 1111 3001 alius

265 3012 345 3031 auclor
363 3010 475 3033 indicatur
492 3017 561 3039 quain
582 3012 752 3038 Bonavemura,
769 3011 809 3039 qui
826 3011 894 3033 etiam
907 3011 968 3033 solus
980 3010 1111 3033 nominatur

265 3041 288 3062 in
307 3041 412 3068 pluribus
430 3048 485 3064 11150.
503 3042 669 3064 1·0(·0111101·11]115
686 3045 708 3064 et
724 3049 771 3064 uuo
787 3048 846 3064 suec.
859 3042 909 3064 XV.
921 3054 952 3058 —
964 3042 1051 3064 Paucas
1062 3044 1111 3064 [an-

1233 2790 1242 2802 4
1261 2791 1291 2813 lta
1309 2790 1429 2819 Sbaralea;
1448 2791 1468 2813 in
1488 2791 1539 2812 Vnt.
1556 2795 1578 2813 01
1600 2790 1652 2812 cod.
1677 2790 1787 2812 omiuitur
1810 2791 1934 2817 nostrum,
1957 2789 2020 2812 etin

1170 2822 1255 2845 Bonelli
1273 2822 1355 2845 desunt
1372 2822 1457 2844 rerba:
1474 2821 1559 2845 salutis
1578 2821 1726 2852 beneficium,
1746 2822 1811 2849 lesu,
1829 2822 1881 2843 tuta
1897 2820 1993 2851 fiducia.

1233 2853 1242 2865 ⁵
1260 2854 1313 2876 Luc.
1332 2855 1374 2881 23,
1393 2853 1430 2876 34.
1842 2852 1851 2865 ‘⁵
1870 2853 1919 2875 lsai.
1936 2852 1978 2880 53,
1997 2852 2017 2875 4.

1233 2883 1241 2896 ⁷
1260 2886 1313 2907 Luc.
1332 2886 1374 2913 23,
1393 2885 1430 2907 35.
1448 2891 1512 2913 seqq.
1530 2887 1552 2906 et
1569 2885 1646 2906 Matth.
1664 2885 1705 2910 27,
1724 2884 1761 2906 40.
1778 2890 1844 2912 seqq.

1233 2915 1242 2927 ⁸
1261 2917 1314 2939 Luc.
1333 2917 1374 2945 23,
1393 2916 1435 2943 ΔΑΗ
1453 2922 1501 2944 seq.
1519 2916 1582 2938 locus
1600 2919 1633 2938 est
1651 2915 1706 2937 ibid.
1724 2922 1748 2937 v.
1766 2916 1803 2938 43.

1232 2946 1241 2959 ⁹
1259 2949 1289 2970 Ex
1307 2947 1373 2970 Sbar.
1390 2948 1551 2976 supplevimus
1569 2947 1659 2975 laolus,-
1678 2947 1760 2969 Boneui
1783 2949 1835 2974 post
1856 2952 1949 2970 mecum
1970 2945 2017 2969 oris

1169 2980 1329 3007 prosequitur:
1348 2979 1436 3006 luctus,
1454 2978 1585 3006 iucundus,
1604 2978 1684 3001 beatus
1702 2978 1725 3001 in
1740 2977 1857 3008 paradiso
1875 2976 1976 3001 Domini.

1232 3009 1250 3022 ¹⁰
1268 3011 1319 3033 Vnt.
1337 3014 1358 3032 01
1376 3011 1461 3032 Bonelli
1478 3012 1518 3033 tot.

1231 3041 1249 3054 ¹¹
1270 3043 1299 3064 lla
1317 3042 1414 3070 Bouelli;
1432 3042 1452 3064 iu
1471 3042 1519 3064 aliis
1536 3043 1559 3064 et
1571 3047 1638 3070 prae.
