2133 3317
490 210 690 240 OPUSCULUM
711 210 799 238 XXIII.
822 209 972 238 LEGENDA
994 209 1108 238 SANCTI
1129 209 1302 238 FRANCISCI.
1324 209 1392 237 CAP.
1415 209 1455 238 lx.

0 305 36 326 »Μ
50 300 84 320 sui.
100 291 151 320 nisi
173 290 231 318 duo
252 290 401 323 1111113131,
423 296 524 325 corpus
545 288 649 317 scilicet
669 290 696 316 et
716 287 851 321 animam,
873 295 945 324 quae

101 339 191 374 posset
218 335 322 364 liberali
344 335 458 364 caritate
485 334 588 371 largiri.
617 334 669 363 Sed
696 334 764 363 haec
793 342 842 371 per
869 341 944 362 amo-

100 391 159 413 rem
186 382 287 411 Christi
315 382 354 410 sic
374 381 506 410 offerebat
533 380 675 415 continue,
697 383 729 409 ut
759 380 838 417 quasi
870 380 943 408 omni

100 433 223 466 tempore
243 436 292 465 per
314 428 434 465 rigorem
456 427 550 456 ieiunii
572 435 674 464 corpus
695 430 722 456 et
744 435 793 464 per
814 427 943 455 ardorem

100 475 226 505 desiderii
242 475 370 512 spiritum
386 474 553 508 immolaret,
574 474 700 503 exterIus
714 474 742 502 in
763 474 834 502 atrio
848 473 942 502 sacre*-

99 522 192 560 sz'cans
219 521 421 550 holocaustum
448 524 475 550 et
503 521 620 550 interius
647 521 675 549 in
703 521 805 557 templo
829 528 944 549 concre-

100 577 185 599 mans
206 567 370 607 thymiama
381 568 401 596 2.

177 616 204 644 lt.
226 615 269 644 Sic
289 617 382 644 autem
414 623 478 644 eum
510 614 632 644 caritatis
662 614 805 643 excessiva
835 614 944 643 devotio

69 670 82 685 ’-
101 670 213 692 sursum
234 662 262 690 in
282 661 374 690 divina
395 661 516 695 ferebat,
537 663 569 690 ut
590 661 712 689 eiusdem
733 661 882 690 affectuosa
897 661 944 690 be-

101 709 218 747 nignitas
238 709 273 737 ad
304 711 420 737 naturae
445 711 586 737 consortes
616 710 644 737 et
674 707 777 745 gratiae
807 707 942 737 dilataret.

99 757 186 793 Quem
207 755 280 784 enim
295 755 431 784 creaturis
452 755 552 784 ceteris
569 762 732 791 germanum
748 754 834 791 pietas
853 754 943 783 cordis

99 803 241 836 effecerat,
270 802 374 831 mirum
401 810 456 830 non
477 804 534 835 est,
563 801 584 830 si
613 801 750 830 Creatoris
781 801 942 837 insignitis3

98 849 216 886 imagine
236 852 263 877 et
277 848 410 886 sanguine
428 847 578 884 redemptis
596 847 720 876 Auctoris
741 847 942 884 germaniorem

99 896 199 925 Christi
231 896 330 925 caritas
360 895 484 924 faciebat.
515 895 574 923 Non
606 902 635 923 se
666 894 767 923 Christi
796 894 943 931 reputabat

99 943 234 977 amicum,
255 942 307 971 nisi
328 942 433 971 animas
454 942 572 976 foveret,
594 950 664 978 quas
684 941 729 970 ille
752 941 876 970 redemit.
897 942 943 969 Sa-

99 989 150 1019 luti
170 989 325 1018 animarum
347 989 416 1017 nihil
443 988 654 1025 praeferendum
679 996 739 1017 esse
766 987 889 1022 dicebat,
911 996 943 1016 eo

98 1036 222 1065 maxime
236 1036 372 1072 probans,
393 1034 468 1072 quod
482 1034 643 1072 Unigenitus
663 1034 712 1063 Dei
726 1042 778 1071 pro
798 1034 944 1063 animabus

76 1082 226 1120 ‚dignatus
250 1081 335 1111 fuerit
355 1081 382 1110 in
411 1089 494 1110 cruce
515 1081 643 1118 pendere.
666 1080 732 1109 Hinc
753 1080 805 1109 sibi
833 1081 860 1109 10
882 1089 944 1109 013-

99 1129 173 1159 tione
206 1129 360 1163 luctamen,
391 1128 419 1157 in
450 1128 652 1165 praedicatione
683 1127 827 1156 discursus
857 1131 884 1157 et
916 1128 942 1156 in

99 1174 234 1211 exemplis
265 1174 361 1203 dandis
381 1182 522 1203 excessus.
555 1174 630 1203 Unde
661 1174 769 1211 quoties
796 1174 944 1203 austeritas

98 1221 184 1251 nimia
203 1221 456 1258 reprehenderetur
477 1221 505 1249 in
527 1221 599 1258 ipso,
620 1221 819 1258 respondebat,
848 1228 877 1250 se
897 1221 945 1250 da-

99 1271 158 1298 tum
179 1268 240 1297 aliis
271 1268 298 1297 in
330 1268 499 1305 exemplum.
532 1267 605 1296 Licet
627 1267 699 1296 enim
721 1267 852 1296 innocens
884 1268 945 1297 eius

99 1323 179 1349 caro,
200 1323 272 1352 quae
303 1314 356 1343 iam
378 1322 407 1343 se
438 1317 535 1351 sponte
563 1314 699 1343 subdebat
720 1314 846 1351 spiritui,
869 1315 945 1343 nullo

99 1365 212 1399 propter
243 1361 360 1390 offensas
391 1364 484 1398 egeret
514 1361 664 1398 flagello4;
695 1363 787 1390 tamen
822 1361 944 1398 exempli

99 1416 183 1438 causa
212 1408 363 1437 renovabat
391 1408 429 1436 illi
461 1416 562 1445 poenas
593 1411 620 1436 et
651 1416 747 1442 onera,
780 1408 945 1437 castodiens

99 1458 213 1493 propter
234 1455 302 1484 alios
321 1455 388 1483 vias
415 1455 519 1483 duras.
548 1454 662 1483 Dicebat
683 1455 771 1483 enim:
798 1466 811 1479 (ι
828 1454 861 1483 Sz'
891 1454 945 1483 lin-

99 1502 167 1540 quis
187 1501 338 1531 hominum
370 1502 475 1540 loquar
505 1505 531 1530 et
562 1501 759 1539 Angelorum,
791 1501 944 1530 caritatem

99 1552 196 1578 autem
217 1549 249 1578 in
269 1557 314 1577 me
333 1549 397 1586 ipso
417 1557 476 1577 11011,
496 1547 618 1577 habeam
646 1551 673 1577 et
700 1548 836 1585 proximis
857 1548 945 1577 virtu-

101 1597 160 1624 tum
181 1594 309 1631 exempla
329 1602 385 1623 non
413 1597 581 1629 monstrem,
603 1602 702 1631 parum
730 1602 843 1631 prosum
872 1594 945 1628 aliis,

101 1641 168 1670 mihi
189 1641 259 1670 nihil
272 1653 300 1669 n.

179 1689 205 1717 5.
227 1688 352 1718 Ferventi
374 1696 486 1726 quoque
507 1689 629 1718 caritatis
651 1688 775 1718 incendio
794 1688 945 1725 gloriosum

24 1751 26 1758 ι
50 1741 56 1746 ·
102 1738 261 1765 5300101001
288 1736 441 1772 Martyrum
472 1735 666 1764 aemulabatur
698 1735 889 1772 triumphum,
918 1735 945 1763 in

102 1782 205 1819 quibus
224 1789 275 1811 nec
296 1782 399 1811 amoris
426 1782 537 1810 flamma
556 1782 713 1819 exstingui,
736 1790 785 1810 nec
813 1781 946 1810 fortitudo

102 1829 192 1866 potuit
211 1829 357 1858 infirmari.
378 1829 557 1858 Desiderabat
588 1832 735 1866 propterea
755 1832 783 1858 et
805 1829 879 1866 ipse,
901 1829 947 1857 illa

101 1875 222 1913 perfecta
242 1876 356 1905 caritate
377 1883 540 1910 succensus,
562 1884 637 1914 quae
656 1875 742 1912 foras
756 1876 843 1904 mittit
864 1876 946 1904 111110-

101 1931 163 1952 rem
173 1923 195 1957 ⁵,
217 1931 266 1960 per
288 1922 415 1959 martyrii
435 1923 574 1951 flammam
593 1922 719 1951 hostiam
733 1923 849 1951 Domino
864 1930 893 1951 se
907 1922 947 1951 os-

101 1969 175 1999 serre
195 1970 351 2004 viventem,
373 1972 405 1998 ut
426 1972 453 1998 et
474 1969 560 1998 vicem
582 1969 692 1998 Christo
713 1977 764 2006 pro
789 1969 868 1998 nohis
889 1977 947 1998 mo-

102 2017 183 2046 rienti
217 2016 382 2053 rependeret
409 2019 436 2045 et
463 2016 497 2045 ad
531 2016 655 2045 divinum
683 2024 806 2045 amorem
840 2020 948 2045 ceteros

104 2066 274 2100 provocaret.
296 2064 380 2092 Sexto
402 2071 521 2100 namque
542 2063 730 2092 conversionis
750 2071 816 2092 suae
836 2071 908 2092 anno
922 2063 947 2097 ⁶,

103 2109 238 2139 desiderio
258 2110 384 2146 martyrii
415 2109 548 2146 flagrans,
569 2109 603 2138 ad
634 2109 844 2146 praedicandam
866 2109 947 2138 fidem

103 2156 282 2186 christianam
303 2160 330 2185 et
351 2156 545 2193 poenitentiam
567 2156 709 2185 Saracenis
730 2159 757 2185 et
771 2156 832 2184 aliis
852 2155 948 2185 infide-

105 2203 177 2233 libus
197 2203 232 2232 ad
259 2207 352 2240 partes
373 2203 466 2240 Syriae
493 2203 674 2232 transfretare
694 2202 837 2240 disposuit.
866 2202 948 2231 Cum-

1788 209 1840 238 531

1002 295 1057 324 que
1077 295 1175 316 navem
1196 287 1350 324 quandam,
1372 290 1404 316 ut
1424 287 1490 316 illuc
1511 286 1650 320 tenderet,
1673 287 1844 315 conscendis-

1002 336 1058 367 set;
1081 333 1169 362 ventis
1183 333 1329 362 contrariis
1343 333 1474 362 flantibus
1494 333 1654 370 compulsus
1668 336 1709 361 est
1730 333 1758 361 in
1773 333 1845 361 Scla-

1002 379 1098 408 voniae
1129 379 1255 416 partibus
1285 380 1432 416 applicare.
1454 379 1523 408 Cum
1555 379 1640 416 igitur
1672 379 1845 407 1001301311-

1001 425 1134 462 quamdiu
1165 426 1349 455 contraxisset
1380 426 1481 454 ibidem
1517 433 1566 455 000
1598 426 1722 455 invenire
1754 428 1845 463 posset

1002 480 1098 501 navem
1123 474 1188 501 1000
1209 473 1341 509 temporis
1368 473 1608 507 transfretanten];
1630 473 1788 501 fraudatum
1817 480 1845 502 se

1001 527 1017 547 a
1038 526 1089 547 suo
1109 518 1245 548 desiderio
1265 519 1401 554 sentiens,
1423 522 1522 548 nautas
1549 520 1683 556 quosdam
1707 520 1842 548 Anconam

1001 565 1158 599 tendentes,
1180 568 1212 593 ut
1232 573 1326 594 amore
1347 566 1394 595 Dei
1416 574 1480 595 0001
1502 574 1596 595 50011111
1618 566 1764 600 ducerent,
1779 574 1846 595 exo-

1000 612 1080 640 ravit.
1117 612 1218 640 Verum
1251 612 1303 641 illis
1338 615 1451 649 propter
1486 620 1672 649 expensarum
1708 612 1845 641 defectum
1858 620 1934 639 raecum
1948 623 1985 638 me-

1000 659 1179 695 pertinaciter
1199 659 1409 693 recusantibus,
1431 659 1473 687 vir
1502 659 1549 687 Dei
1572 659 1723 696 plurimum
1745 659 1778 688 de
1793 660 1846 688 Do-

1001 705 1066 734 mini
1088 706 1210 734 bonitate
1237 706 1373 740 confisus,
1402 714 1499 735 navem
1529 714 1592 734 cum
1624 706 1697 735 socio
1728 707 1845 735 latenter

1000 752 1166 781 conscendit.
1189 752 1271 781 Alunt
1300 753 1412 789 quidam
1433 761 1447 781 a
1469 753 1539 787 Deo,
1569 756 1599 781 ut
1627 753 1766 787 creditur,
1794 762 1845 790 pro

1000 807 1122 835 paupere
1151 807 1202 828 suo
1229 799 1345 832 missus,
1373 799 1421 836 qui
1449 807 1543 828 secum
1572 800 1663 828 serens
1691 800 1845 829 necessaria

1000 845 1105 879 victus,
1127 845 1264 882 quendam
1286 846 1428 875 timentem
1450 847 1536 875 Deum
1557 847 1591 875 (10
1612 847 1674 875 navi
1694 847 1727 875 ad
1749 855 1777 875 se
1800 855 1846 875 vo-

1000 896 1092 921 catum
1115 892 1153 921 sic
1174 893 1311 921 allocutus
1332 896 1385 921 est:
1413 905 1426 918 (ι
1441 893 1510 922 Haec
1532 894 1623 922 omnia
1639 894 1648 910 ⁷
1671 902 1722 930 pro
1744 902 1846 931 paupe-

1000 938 1078 967 ribus
1099 939 1242 968 Fratribus
1256 939 1283 967 10
1306 939 1367 968 navi
1384 939 1555 968 latitantibus
1576 948 1708 968 conserva
1730 940 1847 969 fideliter

1000 993 1032 1014 30
1058 985 1229 1014 necessitatis
1257 989 1381 1023 tempore
1407 986 1588 1015 amicabiliter
1616 987 1796 1015 subministra
1818 999 1845 1014 υ.

1001 1032 1100 1069 Sicque
1120 1032 1222 1061 factum
1243 1036 1300 1067 est,
1322 1036 1353 1061 ut
1374 1033 1466 1062 nautis
1487 1036 1601 1070 propter
1623 1034 1678 1062 vim
1700 1037 1846 1062 ventorum

1001 1087 1051 1116 per
1079 1079 1137 1108 dies
1168 1079 1304 1116 plurimos
1335 1088 1473 1117 nusquam
1505 1080 1643 1117 applicare
1675 1081 1846 1115 valentibus,

1000 1126 1094 1155 omnia
1114 1127 1239 1163 ipsorum
1262 1130 1494 1156 consumerentur
1515 1127 1631 1162 cibaria,
1653 1131 1680 1156 et
1701 1128 1758 1156 sola
1780 1136 1847 1164 pau-

1001 1173 1060 1210 peri
1081 1173 1225 1202 Francisco
1252 1174 1350 1202 collata
1370 1173 1490 1211 desuper
1518 1174 1692 1211 eleemosyna
1719 1182 1847 1211 superes-

1002 1223 1051 1249 set.
1074 1220 1150 1256 Quae
1170 1228 1234 1249 cum
1256 1223 1328 1250 esset
1348 1221 1521 1257 permodica,
1544 1224 1652 1249 tantum
1672 1221 1765 1250 divina
1793 1221 1847 1250 vir-

1003 1269 1061 1295 tute
1075 1267 1197 1304 suscepit
1210 1270 1405 1304 augmentum,
1428 1271 1458 1296 ut
1472 1268 1570 1297 diebus
1591 1268 1719 1305 pluribus
1734 1268 1761 1296 in
1777 1268 1845 1297 mari

1001 1317 1116 1351 propter
1141 1317 1332 1351 tempestatem
1354 1315 1511 1344 continuam
1534 1315 1762 1344 contrahentibus
1790 1323 1848 1344 mo—

1002 1368 1062 1389 ram
1089 1368 1180 1398 usque
1200 1361 1233 1389 ad
1256 1364 1367 1398 portum
1392 1361 1517 1390 Anconae
1537 1362 1661 1390 omnium
1680 1362 1847 1391 necessitati-

1002 1407 1055 1436 bus
1069 1408 1191 1444 plenarie
1206 1408 1374 1437 subveniret.
1398 1408 1526 1437 Videntes
1548 1409 1640 1446 itaque
1668 1411 1781 1443 nautae,
1798 1417 1847 1446 per

1002 1462 1114 1483 servum
1130 1455 1178 1483 Dei
1200 1455 1287 1483 multa
1301 1463 1330 1483 se
1351 1455 1449 1483 mortis
1463 1455 1582 1484 evasisse
1603 1455 1774 1489 discrimina,
1790 1459 1849 1484 tan-

1001 1509 1085 1538 quam
1106 1501 1153 1538 qui
1176 1501 1261 1529 maris
1282 1501 1421 1530 horrenda
1442 1501 1565 1538 pericula
1587 1505 1729 1530 senserant
1750 1505 1778 1530 et
1798 1502 1849 1530 mi-

1002 1548 1090 1576 randa
1104 1556 1193 1586 opera
1210 1548 1328 1576 Domini
1346 1548 1482 1576 viderant
1497 1548 1527 1577 in
1539 1547 1691 1585 profundo
1703 1548 1724 1582 8,
1747 1549 1849 1585 gratias

1003 1598 1121 1631 egerunt
1141 1595 1321 1632 omnipotenti
1341 1595 1409 1629 Deo,
1431 1595 1479 1631 qui
1501 1603 1610 1632 semper
1632 1595 1659 1623 in
1675 1595 1732 1624 suis
1753 1595 1849 1624 amicis

1002 1645 1029 1670 et
1050 1641 1138 1670 servis
1158 1641 1313 1670 mirabilem
1336 1645 1363 1670 et
1383 1642 1528 1670 amabilem
1550 1650 1579 1671 se
1600 1642 1726 1671 ostendit.

1082 1690 1107 1717 6.
1129 1688 1198 1717 Cum
1219 1692 1325 1722 autem,
1347 1689 1443 1718 relicto
1466 1689 1549 1723 mari,
1573 1692 1675 1718 terram
1701 1689 1849 1726 perambu-

1003 1736 1060 1764 lare
1081 1735 1230 1772 coepisset,
1253 1736 1351 1764 iactato
1373 1736 1399 1764 10
1415 1744 1474 1764 eam
1496 1736 1593 1764 salutis
1614 1736 1731 1770 semine,
1754 1744 1849 1773 repor-

1003 1782 1078 1810 tabat
1109 1782 1265 1818 manipulos
1296 1782 1461 1811 fructuosos.
1490 1782 1593 1811 Verum
1625 1782 1691 1819 quia
1723 1782 1846 1819 martyrii

1003 1828 1112 1857 fructus
1133 1828 1200 1857 adeo
1227 1836 1275 1857 cor
1296 1829 1356 1857 eius
1384 1828 1534 1863 allexerat,
1563 1831 1594 1857 ut
1618 1829 1766 1865 pretiosam
1795 1837 1846 1866 pro

1003 1875 1112 1904 Christo
1134 1878 1250 1904 mortem
1272 1883 1357 1912 super
1385 1875 1477 1904 onmia
1501 1875 1637 1904 virtutum
1666 1875 1765 1904 merita
1786 1883 1848 1912 per—

1002 1925 1125 1959 optaret,
1147 1929 1246 1951 versus
1266 1922 1453 1950 Marrochium
1474 1922 1527 1951 iter
1554 1922 1689 1959 arripuit,
1718 1926 1748 1951 ut
1770 1923 1849 1951 Mira-

1003 1969 1106 1997 molino
1127 1971 1154 1998 et
1174 1969 1248 2005 genti
1266 1968 1327 1998 eius
1347 1969 1449 1998 Christi
1463 1969 1640 2006 Evangelium
1663 1970 1848 2006 praedicaret,

1004 2016 1026 2044 si
1048 2024 1104 2053 quo
1125 2015 1205 2044 modo
1232 2015 1266 2044 ad
1287 2016 1461 2052 concupitam
1489 2016 1609 2053 palmam
1636 2017 1740 2045 valeret
1767 2017 1849 2045 attin—

1004 2070 1069 2099 gere
1081 2062 1100 2090 9.
1122 2063 1208 2090 Tanto
1229 2070 1350 2099 namque
1370 2062 1505 2091 desiderio
1520 2062 1670 2097 ferebatur,
1692 2066 1736 2097 ut,
1751 2071 1846 2100 quam-

1004 2109 1046 2137 vis
1061 2108 1204 2137 imbecillis
1218 2112 1289 2137 05501
1304 2116 1433 2146 corpore,
1448 2109 1677 2146 peregrinationis
1691 2117 1757 2138 suae
1772 2118 1848 2147 prae-

1004 2158 1132 2184 curreret
1162 2155 1289 2184 comitem
1320 2159 1347 2184 et
1378 2156 1411 2184 ad
1437 2156 1646 2193 exsequendum
1675 2157 1847 2193 propositum

1004 2202 1136 2237 festinus,
1152 2205 1282 2240 tanquam
1304 2203 1404 2240 spiritu
1419 2203 1529 2237 ebrius,
1551 2203 1699 2232 advolaret.
1715 2204 1766 2232 Sed
1787 2212 1849 2233 cum

105 2372 206 2400 Regulae
224 2372 246 2400 (3
264 2373 320 2394 sesto
338 2372 447 2394 Omnium
465 2372 600 2394 Sanctorum
618 2378 692 2400 usque
703 2372 733 2394 ad
750 2372 893 2394 Nativitatem
907 2373 948 2394 Do-

106 2412 183 2440 mini).
202 2412 240 2434 His
256 2412 361 2439 adiungit
381 2411 520 2439 Warldiug,
537 2411 580 2433 loc.
603 2411 653 2438 cic,
673 2413 718 2433 tres
737 2411 804 2438 alias,
822 2417 906 2438 nempe
926 2411 949 2433 in

106 2450 217 2472 honorem
235 2449 332 2478 Spiritus
353 2449 425 2472 sancti
444 2450 464 2478 (a
488 2449 541 2471 feria
561 2449 581 2471 4.
605 2450 703 2471 Paschae
726 2455 800 2477 usque
822 2449 852 2471 ad
870 2450 949 2471 Pente-

106 2489 206 2518 costen),
224 2489 245 2511 in
263 2490 374 2511 honorem
392 2488 500 2510 Omnium
519 2488 654 2510 Sanctorum
674 2488 713 2515 ((10
729 2494 774 2516 qua
797 2488 866 2516 paulo
883 2494 950 2515 supe·

107 2527 162 2556 rius)
175 2530 197 2550 01
213 2528 235 2550 in
249 2529 358 2550 honorem
371 2528 461 2555 Regum
477 2528 595 2555 Magorum
609 2528 629 2555 (a
644 2529 700 2550 sesto
713 2528 734 2549 S.
747 2527 857 2555 Stephani
875 2533 949 2556 usque

107 2566 135 2589 ad
153 2567 322 2594 Epiphaniam).

169 2605 176 2618 ¹
195 2605 324 2633 Respicitur
341 2606 409 2628 Marc.
430 2606 466 2632 12,
486 2605 521 2627 42.
540 2608 561 2627 01
573 2606 627 2627 Luc.
645 2606 687 2632 21,
705 2606 730 2631 2,
749 2605 787 2627 ubi
799 2605 829 2627 (le
846 2611 949 2633 paupere

109 2644 176 2667 vidua
195 2645 289 2672 dicitur,
314 2645 377 2673 quod
395 2644 416 2667 iu
440 2644 630 2672 gazophylacium
651 2652 661 2664 <1
676 2644 738 2666 misit
754 2644 801 2666 duo
827 2644 914 2666 minuta
927 2652 949 2666 12.

108 2696 137 2699 —
155 2684 248 2706 inferius
266 2690 308 2711 pro
325 2690 386 2713 quae
399 2685 480 2713 posset
496 2683 549 2706 edd.
567 2682 630 2712 quod
644 2684 729 2712 posset.

169 2721 179 2734 ²
195 2723 274 2744 Glossa
291 2721 416 2745 orrtz‘mzria
433 2722 496 2750 apud
518 2722 634 2749 Lyranum
656 2722 680 2744 in
703 2722 756 2743 Luc.
782 2721 815 2749 11,
833 2721 876 2743 51:
899 2721 949 2743 Duo

109 2765 172 2784 erant
188 2761 264 2783 altaria
288 2761 309 2783 in
328 2761 424 2789 templo:
448 2767 520 2783 uuum
539 2761 623 2783 incensi
646 2761 753 2787 interius,
775 2761 871 2783 alterum
889 2761 951 2782 11010-

109 2802 241 2822 caustorum
257 2801 363 2822 exterius.
380 2799 424 2822 Csr.
443 2800 513 2822 Exod.
530 2800 571 2826 30,
591 2801 611 2822 1.
628 2806 694 2828 seqq.
710 2802 732 2822 et
751 2799 791 2826 40,
809 2800 831 2822 5.
848 2806 912 2828 seqq.

171 2838 180 2850 ³
198 2839 248 2861 vm.
265 2845 318 2861 cum
336 2839 372 2861 ed.
394 2839 399 2860 1
422 2844 544 2867 perperam
564 2837 699 2867 inst'qnt'tus.

171 2877 180 2889 ⁴
198 2877 269 2905 Epist.
288 2878 303 2899 l.
320 2877 372 2900 Cor.
389 2878 416 2905 9,
441 2877 483 2899 27:
502 2877 547 2899 Sed
572 2877 659 2905 castigo
677 2883 762 2905 corpus
787 2883 865 2899 meum
882 2880 904 2899 01
927 2877 950 2899 10

111 2916 242 2939 servitutem
260 2917 353 2944 redigo;
375 2917 416 2938 cfr.
433 2917 482 2938 Gal.
499 2916 527 2943 5,
544 2916 579 2938 17.
599 2928 627 2932 —-
646 2916 749 2938 Subinde
771 2916 898 2943 allegantur
917 2916 950 2938 Ρ5.

113 2955 152 2982 16,
170 2955 196 2978 Ιιι
215 2955 308 2983 Propter
325 2955 396 2978 verba
415 2954 528 2978 labiorum
546 2957 638 2978 tuorum
656 2961 700 2982 ego
717 2954 831 2977 custodivi
843 2955 893 2977 vias
910 2954 950 2977 (111-

111 2999 158 3021 ras;
177 2995 190 3016 1.
207 2993 260 3016 Cor.
282 2995 321 3021 13,
343 2995 359 3016 Ι.

1069 2371 1078 2384 ⁵
1095 2372 1165 2400 Epist.
1182 2373 1196 2394 l.
1215 2373 1274 2394 10311.
1294 2372 1319 2399 4,
1341 2372 1379 2399 IS,
1397 2375 1448 2399 post
1465 2378 1535 2400 quem
1553 2372 1620 2393 Rom.
1642 2372 1680 2397 12,
1702 2372 1724 2393 l:
1742 2371 1850 2394 Exhibea-

1006 2411 1033 2433 tis
1050 2417 1147 2438 corpora
1165 2413 1240 2432 vestra
1258 2410 1356 2432 hostiam
1383 2411 1498 2432 xiveutem
1517 2412 1558 2432 cte.
1577 2409 1621 2432 Cl'r.
1644 2410 1783 2437 Wadding.,
1806 2411 1850 2433 loc.

1006 2450 1056 2477 cit.‚
1074 2450 1103 2471 nd
1120 2455 1155 2471 an.
1176 2450 1243 2476 1212,
1261 2456 1282 2471 11.
1301 2450 1336 2471 3-2.

1068 2487 1078 2500 ‘⁵
1095 2488 1184 2510 Scilicet
1200 2494 1237 2510 an.
1259 2488 1315 2509 ¹212
1329 2488 1373 2514 (vel
1392 2488 1466 2516 1213),
1478 2491 1546 2515 prout
1564 2489 1655 2516 ponitur
1670 2494 1744 2510 annus
1756 2495 1850 2511 conver-

1006 2527 1076 2549 sionis
1093 2527 1128 2549 vel
1151 2527 1207 2548 1206
1234 2527 1269 2549 rel
1291 2527 1360 2553 1207,
1386 2527 1414 2548 110
1440 2533 1487 2555 quo
1504 2528 1544 2549 cfr.
1562 2527 1668 2549 Analecta
1688 2528 1848 2555 Franciscma,

1007 2569 1061 2588 tom.
1078 2566 1108 2588 111.
1122 2571 1175 2593 pag.
1188 2566 1212 2592 9,
1230 2572 1257 2588 ex
1269 2565 1355 2594 quibus
1366 2571 1435 2593 supra
1448 2571 1501 2593 pag.
1514 2566 1567 2592 507,
1579 2569 1631 2588 11013
1645 2567 1666 2587 S.
1679 2573 1749 2588 unam
1762 2570 1848 2589 tantum

1007 2608 1096 2633 partem
1113 2605 1245 2632 retulimus;
1264 2604 1401 2632 Waddffig,
1419 2605 1447 2626 311
1465 2611 1502 2626 an.
1520 2605 1584 2631 1212,
1601 2611 1623 2626 u.
1637 2605 1673 2626 36.
1686 2605 1741 2627 Acta
1760 2606 1798 2627 SS.
1811 2612 1849 2634 po-

1007 2647 1063 2666 nunt
1079 2650 1115 2666 an.
1134 2644 1201 2666 «1213.

1068 2681 1077 2694 ⁷
1095 2683 1149 2705 Fide
1166 2682 1234 2705 codd.
1251 2682 1413 2710 supplevimus
1431 2681 1518 2704 onmia.
1537 2682 1631 2704 lnl'erius
1653 2689 1695 2710 pro
1710 2682 1848 2712 permodica

1009 2722 1058 2744 Vat.
1076 2727 1128 2743 cum
1146 2721 1182 2743 ed.
1202 2722 1210 2743 rl
1232 2720 1335 2748 modica,
1356 2724 1377 2743 01
1395 2727 1436 2748 pro
1451 2720 1562 2750 pluribus
1580 2722 1634 2743 Acta
1651 2721 1690 2743 SS.
1706 2720 1830 2750 plurimis.

1071 2758 1080 2772 ⁸
1097 2761 1178 2782 Psalm.
1192 2761 1200 2782 11
1208 2761 1248 2788 06,
1266 2760 1306 2782 24:
1324 2760 1368 2788 ipsi
1384 2760 1491 2782 viderunt
1507 2766 1577 2787 opera
1591 2760 1681 2782 Domini
1698 2763 1719 2782 01
1737 2760 1848 2782 mirabilia

1007 2799 1057 2821 eius
1074 2799 1096 2821 in
1113 2799 1238 2826 profundo.

1070 2837 1079 2850 ⁰
1096 2838 1140 2860 Cir.
1157 2838 1262 2860 Analecta
1277 2839 1437 2865 Francisrana,
1457 2841 1513 2860 tom.
1535 2839 1566 2860 111.
1579 2844 1632 2866 pag.
1647 2839 1660 2859 9
1678 2842 1700 2860 01,
1712 2838 1849 2866 Wadding.‚

1008 2878 1050 2900 loc.
1066 2877 1111 2904 011,,
1128 2877 1157 2899 ad
1174 2883 1210 2899 30.
1236 2877 1304 2903 1213,
1326 2883 1349 2898 n.
1366 2877 1387 2898 6.
1405 2879 1427 2898 01
1444 2877 1472 2898 ad
1494 2883 1528 2898 311.
1551 2876 1615 2904 1214,
1637 2883 1659 2899 u.
1682 2877 1850 2900 1.-10101105

1007 2916 1059 2938 voci
1076 2917 1191 2945 [uuquam
1208 2915 1261 2937 edd.
1282 2922 1334 2937 cum
1359 2922 1405 2937 uno
1422 2915 1539 2944 alteroque
1559 2916 1611 2938 cod.
1631 2916 1806 2944 praefiguntel,
1824 2922 1850 2937 31·

1008 2961 1050 2983 pro
1067 2953 1091 2977 iu
1109 2953 1248 2983 llt'spanimn
1267 2954 1301 2976 ΙΜ
1319 2953 1460 2977 501151111111111
1476 2953 1508 2976 ml
1525 2953 1673 2983 stpam'am.

1862 643 1978 663 morandum.

1862 1788 1929 1807 lterum
1938 1793 1994 1812 quae-

1876 1812 1901 1830 rit
1911 1813 1981 1838 marty-

1900 1840 1955 1854 1111111.
