2133 3317
0 663 94 784 iffi

1 873 10 924 l

21 1094 43 1110 un
50 1089 92 1108 nb-

60 1141 80 1155 ro

2 1302 6 1354 l

0 1448 4 1562 l

20 1972 88 1993 {unffi-

0 1975 88 2039 'agol-ss&

16 1112 91 1132 matins

26 1159 72 1187 „tin
83 1158 95 1176 6

284 215 479 244 OPUSCULUM
501 215 566 243 xlv.
587 215 695 251 QUARE
717 215 862 244 FRATRES
883 215 949 244 MlN.
972 215 1174 245 PRAEDICENT
1197 217 1237 245 ET
1259 216 1499 245 CONFESSlONES
1519 217 1669 246 AUDIANT.

109 302 210 333 pavore
242 293 424 322 trementibus
454 292 589 329 procellae
620 295 758 321 tumentes
788 300 857 329 pene
888 301 952 329 ope—

111 341 187 371 riunt
217 347 314 368 navem
330 340 357 373 ¹,
385 338 461 367 missi
490 341 555 367 sunt
582 338 691 367 Fratres
721 347 737 366 a
762 346 872 367 summo
902 348 953 376 gu-

109 388 271 420 bernatore,
293 385 380 414 fulciti
395 384 558 414 auctoritate
580 384 656 413 Sedis
669 385 850 421 apostolicae,
865 388 909 419 ut,
925 386 952 414 in

108 433 241 463 naviculis
266 432 324 461 suis
344 431 532 460 discurrentes
561 439 610 468 per
639 431 790 465 mundum,
819 440 889 468 quos
916 440 952 460 ex

109 479 251 516 naufragio
272 478 374 516 peccati
397 478 583 515 periclitantes
608 478 764 507 invenerint
785 478 893 515 rapiant
916 487 952 507 ex

108 526 189 556 undis
210 529 237 554 et
257 525 291 554 ad
312 525 390 553 littus
408 525 504 553 salutis
525 527 676 561 reportent.

188 573 231 601 14.
254 572 333 601 Nulla
354 579 420 600 vero
441 572 571 608 parochia
585 571 741 605 invenitur,
763 572 830 608 quin
854 572 952 600 babeat

108 622 156 649 aut
176 619 311 648 idoneum
326 618 487 655 plebanum,
508 620 557 646 aut
571 618 663 654 aliquo
678 617 758 646 modo
776 617 952 655 insufficien-

109 670 179 700 tem,
201 668 249 694 aut
269 665 392 693 uultum.
415 681 452 684 —
475 665 574 692 Bonas
594 667 692 692 autem
713 668 739 692 et
762 664 882 692 idoneus
911 667 952 693 est

109 712 157 750 qui
178 711 329 740 secundum
351 711 467 739 formam
489 719 626 739 canonum
648 710 724 739 iusto
752 711 833 739 titulo
858 711 952 748 possi—

107 759 154 788 det
173 757 353 791 beneficium,
375 757 419 786 cui
440 757 549 786 adnexa
562 760 604 786 est
624 765 693 786 cura
712 757 867 785 animarum
893 757 952 785 illa-

107 813 186 840 rum,
207 807 235 833 et
261 804 309 841 qui
331 803 513 833 sufficientem
535 812 586 840 pro
613 803 746 840 regimine
770 803 857 840 plebis
885 811 951 832 suae

107 851 191 881 habet
212 851 364 880 scientiam
384 859 489 879 sacrae
510 850 698 887 Scripturae,
720 853 747 879 et
767 850 814 887 qui
836 850 952 879 uultum

107 898 189 927 habet
209 898 445 936 impedimentum
460 898 488 926 in
509 897 583 925 omni
597 897 689 926 officio
710 897 845 931 clericali,
861 901 888 926 et
903 898 951 934 qui

107 945 232 974 debitam
253 944 435 982 diliyeutiam
456 942 570 972 adhibet
583 943 729 972 animabus
750 943 801 972 sibi
823 944 952 972 commis-

107 992 144 1021 sis
161 992 188 1020 in
211 991 254 1020 his
268 999 338 1028 quae
359 993 425 1019 sunt
445 990 599 1019 necessaria
613 990 703 1019 saluti.
720 1006 756 1011 —
772 990 879 1019 Talium
894 991 952 1027 ple-

106 1039 242 1068 banorum
264 1037 395 1066 subditos
416 1045 469 1066 non
491 1039 600 1074 oportet
620 1036 654 1065 ad
678 1037 746 1065 alios
767 1045 818 1074 pro
846 1037 952 1066 confes—

107 1085 204 1115 sione²
226 1091 373 1113 recurrere
394 1084 446 1112 nisi
475 1083 501 1112 in
524 1083 567 1112 his
588 1091 637 1112 sex
666 1083 794 1112 casibus:
814 1084 950 1120 primus,

107 1139 171 1161 cum
191 1131 225 1160 de
246 1131 387 1159 voluntate
408 1130 495 1167 ipsius
510 1130 552 1159 vel
567 1130 676 1159 licentia
692 1130 734 1159 vel
756 1130 951 1160 ratihabitione

107 1186 240 1215 expressa
260 1177 303 1206 vel
324 1177 406 1206 tacita
420 1177 483 1214 quis
503 1176 583 1205 alteri
604 1176 761 1205 confitetur.
784 1176 950 1212 Secundus,

107 1233 170 1254 cum
192 1225 263 1253 alius
283 1224 366 1253 habet
387 1224 548 1260 ampliorem
577 1224 770 1252 auctoritatem
792 1224 950 1253 absolvendi

107 1272 134 1300 in
149 1272 232 1301 certis
252 1271 362 1300 casibus
376 1279 460 1308 quam
482 1271 623 1307 plebanus.
647 1271 776 1305 Tertius,
798 1271 820 1300 si
836 1274 950 1308 propter

105 1318 333 1347 abundantiorem
362 1317 496 1346 cautelam
518 1317 579 1346 vult
609 1317 691 1346 etiam
722 1317 783 1346 aliis
807 1318 949 1352 confiteri,

105 1364 285 1393 nihilominus
306 1367 396 1393 tamen
411 1364 576 1393 confiteatur
593 1364 675 1392 etiam
690 1364 807 1400 plebano
826 1367 949 1401 tempore

104 1419 163 1440 suo.
181 1411 327 1447 Quartus,
342 1410 364 1439 si
379 1410 527 1439 confitetur
542 1410 595 1438 illis
613 1410 661 1447 qui
679 1410 782 1438 habent
802 1418 818 1438 a
838 1410 949 1439 domino

104 1458 190 1495 Papa,
211 1457 255 1486 vel
278 1457 313 1486 ab
340 1457 468 1494 episcopo
496 1457 547 1485 loci
575 1457 731 1494 generalem
757 1457 948 1485 auctoritatem

104 1504 231 1533 audiendi
246 1504 441 1538 confessiones,
458 1507 488 1532 ut
502 1503 703 1540 poenitentiarii
720 1503 762 1532 vel
777 1503 821 1532 alii
837 1503 949 1540 quidam

104 1551 138 1580 ad
152 1551 204 1580 hoc
218 1551 372 1588 specialiter
386 1550 518 1587 deputati.
535 1550 566 1579 Et
580 1550 627 1587 qui
643 1550 745 1579 talibus
765 1550 948 1584 confitentur,

103 1597 174 1626 idem
190 1600 246 1632 est,
261 1605 293 1626 ac
307 1597 329 1626 si
344 1597 472 1634 episcopo
486 1605 536 1625 suo
551 1597 731 1634 personaliter
750 1597 949 1626 confiterentur

103 1644 212 1674 eosdem
240 1652 336 1678 casus,
363 1644 397 1673 de
425 1644 527 1681 quibus
554 1643 593 1672 eis
621 1644 737 1672 contulit
767 1646 948 1680 potestatem;

103 1691 176 1720 unde
191 1699 245 1720 non
259 1693 390 1720 tenentur
405 1693 471 1719 tunc
486 1690 609 1727 plebanis
623 1690 681 1719 suis
696 1690 797 1719 iterum
813 1690 948 1725 confiteri,

103 1737 154 1767 nisi
176 1737 269 1766 velint.
293 1737 433 1773 Quintus,
455 1737 477 1766 si
498 1737 598 1774 aliquis
619 1739 660 1766 est
681 1737 707 1765 in
728 1736 948 1774 peregrinatione

102 1784 230 1821 positus³
258 1791 309 1813 nec
340 1786 429 1821 potest
459 1783 562 1812 habere
589 1783 734 1820 proprium
768 1783 946 1812 sacerdotem.

103 1831 224 1865 Sexum,
245 1831 273 1859 in
294 1831 411 1860 articulo
432 1831 601 1860 necessitatis
621 1833 782 1865 extremae;
798 1833 864 1859 tunc
886 1830 948 1867 qui-

102 1878 168 1907 libet
188 1881 230 1907 est
257 1878 283 1907 ei
312 1878 443 1915 proprius
464 1878 606 1912 sacerdos,
628 1878 650 1907 si
671 1878 755 1906 alium
777 1886 832 1906 non
855 1877 945 1906 babet.

183 1926 227 1953 15.
249 1924 432 1962 Jusufficiens
453 1924 587 1961 plebanus
601 1924 654 1953 dici
676 1927 766 1961 potest
786 1924 877 1953 tribus
892 1932 947 1953 mo-

102 1972 159 2001 dis:
181 1974 230 2000 aut
257 1971 301 2000 cui
330 1971 365 2000 ab
390 1971 509 2000 Ecclesia
530 1979 581 2008 pro
608 1974 732 2008 tempore
759 1971 878 2000 sublata
906 1975 948 1999 est

103 2018 245 2047 exsecutio
266 2017 354 2056 officii
373 2018 438 2052 sui,
453 2020 486 2047 ut
500 2025 667 2055 suspensus,
688 2018 946 2047 excommunicatus

102 2067 130 2095 et
149 2065 324 2102 irregularis;
344 2068 393 2094 aut
407 2065 488 2094 cuius
508 2064 625 2094 subditis
639 2067 753 2102 propter
774 2064 885 2101 aliquod
900 2073 946 2093 no-

102 2114 263 2141 cumentum
284 2119 366 2140 suum
387 2120 445 2140 uon
465 2111 576 2148 expedit
597 2111 621 2140 ei
643 2111 781 2145 confiteri,
802 2115 834 2140 ut
848 2111 945 2145 idiota,

102 2158 226 2196 proditor
247 2158 425 2187 confessionis
445 2160 472 2187 et
492 2157 654 2187 confitentes
674 2157 725 2186 sibi
747 2157 896 2186 sollicitans
910 2158 944 2186 ad

102 2207 248 2242 peccatum
268 2212 446 2242 quocumque
466 2204 547 2233 modo
561 2205 589 2239 4;
610 2207 659 2233 aut
680 2204 728 2242 qui
749 2204 944 2234 confitentibus

102 2251 153 2281 sibi
173 2260 232 2280 nou
253 2250 378 2280 debitam
392 2250 507 2280 adhibet
527 2251 722 2289 diliyeutiam,
741 2251 813 2280 sicut
833 2258 945 2280 necesse

102 2297 187 2332 foret;
209 2298 281 2327 sicut
301 2298 349 2335 qui
371 2306 425 2327 non
446 2297 493 2326 dat
516 2297 556 2327 eis
582 2297 817 2334 opportunitatem
839 2297 945 2334 integre

1795 217 1851 246 379

1010 294 1172 328 confitendi,
1194 295 1236 323 vel
1258 303 1312 323 non
1335 295 1394 323 vult
1414 303 1461 324 eos
1475 295 1618 324 absolvere
1639 294 1689 324 nisi
1712 303 1762 331 pro
1791 303 1853 332 pre-

1009 339 1059 371 tio,
1082 340 1123 368 vel
1145 348 1200 368 non
1222 341 1351 369 informat
1371 349 1418 370 eos
1438 341 1465 370 in
1486 342 1651 370 discretione
1676 344 1852 378 peccatorum

1009 394 1059 414 seu
1080 386 1271 415 satisfactionis
1293 387 1440 424 qualitate,
1462 391 1492 417 ut
1513 388 1616 422 sciant,
1637 388 1704 425 quid
1732 388 1768 417 sit
1791 395 1851 425 pec-

1009 436 1101 461 catum
1124 434 1255 468 mortale,
1278 435 1344 471 quid
1366 435 1485 469 veniale,
1506 435 1573 472 quid
1594 443 1720 469 enorme,
1735 435 1802 472 quid
1818 435 1852 464 le-

1009 479 1086 513 v1us,
1108 480 1150 508 vel
1172 481 1291 516 qualiter
1306 481 1361 510 Deo
1382 482 1548 510 satisfaciant
1559 482 1570 499 ⁵
1585 485 1612 511 et
1626 482 1745 519 qualiter
1760 482 1853 519 proxi-

1010 534 1055 554 mo
1079 529 1106 555 et
1137 527 1247 563 quando
1273 528 1382 564 publice
1414 531 1440 557 et
1471 529 1586 557 occulte.
1608 529 1674 557 Nam
1702 529 1729 557 in
1752 528 1852 557 talibus

1008 572 1153 610 ucyliyens
1175 577 1281 602 tantum
1296 578 1375 603 nocet
1395 576 1455 604 aliis
1469 576 1541 604 sicut
1562 576 1668 610 idiota,
1691 575 1738 613 qui
1755 575 1850 604 nescit.

1009 619 1085 648 Sicut
1106 620 1177 648 enim
1200 621 1283 649 idiota
1310 621 1388 650 docet
1408 630 1517 656 errare,
1539 623 1576 651 ita
1603 623 1744 660 negligens
1768 622 1852 651 relin-

1009 666 1069 703 quit
1091 666 1117 694 in
1146 675 1258 700 errore;
1287 668 1446 705 exemplum
1474 669 1508 697 de
1536 677 1619 697 caeco
1640 669 1725 703 duce,
1747 672 1774 698 et
1801 669 1849 706 qui

1009 721 1120 742 caecum
1136 713 1297 742 deviantem
1310 723 1369 742 non
1390 715 1502 744 reducit
1515 715 1548 744 ad
1564 716 1635 744 viam
1648 716 1668 743 ⁶.
1684 732 1723 736 —-
1737 715 1853 744 Substiti

1008 759 1081 787 enim
1103 759 1204 788 horum
1233 760 1291 796 ipsa
1312 761 1474 789 necessitate
1502 761 1599 790 salutis
1620 764 1757 798 coguntur
1785 761 1852 789 alios

1008 805 1179 834 confessores
1199 814 1351 843 quaerere,
1372 807 1399 835 in
1421 807 1523 844 quibus
1545 807 1754 836 insufficientiae
1776 815 1853 844 prae-

1007 852 1095 881 dictae
1116 861 1169 881 non
1192 853 1337 887 videntur,
1366 854 1438 882 sicut
1459 854 1506 891 qui
1535 855 1586 883 scit
1608 854 1744 883 medicum
1769 862 1851 883 suum

1008 898 1218 928 insufficientem
1240 900 1274 928 ad
1302 901 1456 929 curandum
1478 909 1558 935 eum,
1584 901 1669 929 alium
1697 901 1851 930 necessarie

1008 945 1130 982 quaerit,
1161 946 1182 974 si
1216 947 1275 975 vult
1306 947 1403 976 mortis
1434 947 1591 984 periculum
1623 948 1745 984 effugere
1767 947 1786 976 ⁷.
1813 964 1850 968 —

1007 991 1109 1027 Quodsi
1138 992 1271 1028 plebanus
1293 993 1354 1021 talis
1381 993 1456 1022 nolet
1482 994 1592 1022 subdito
1619 994 1685 1023 dare
1713 994 1850 1023 licentiam

1008 1038 1136 1066 idoneum
1165 1039 1347 1068 confessorem
1380 1040 1551 1077 quaerendi,
1581 1041 1623 1069 vel
1652 1049 1702 1077 pro
1731 1041 1849 1074 malitia,

1008 1085 1050 1113 vel
1072 1084 1186 1119 invidia,
1208 1086 1250 1114 vel
1272 1086 1402 1122 superbia
1423 1094 1486 1121 sua,
1508 1087 1592 1115 immo
1612 1087 1683 1116 forte
1704 1087 1850 1124 praecipit,

1007 1139 1041 1160 ne
1063 1131 1144 1159 vadat
1168 1131 1202 1160 ad
1223 1132 1323 1165 alium;
1353 1133 1389 1161 ita
1410 1136 1520 1162 tenetur
1548 1134 1572 1162 ei
1595 1134 1622 1162 in
1650 1134 1702 1163 hoc
1722 1134 1849 1168 obedire,

1007 1178 1080 1207 sicut
1100 1186 1198 1207 servus
1219 1179 1328 1207 domino
1343 1188 1406 1214 suo,
1427 1180 1475 1216 qui
1497 1180 1581 1209 nollet
1601 1188 1665 1209 eum
1690 1188 1802 1217 pascere
1823 1184 1851 1209 et

1007 1226 1178 1262 praeciperet
1199 1226 1236 1260 ei,
1259 1234 1292 1255 ne
1319 1226 1406 1255 alibi⁸
1427 1227 1478 1256 sibi
1507 1227 1600 1256 cibum
1623 1227 1789 1264 provideret.
1812 1244 1849 1248 —

1007 1272 1085 1308 Quod
1106 1276 1198 1301 autem
1219 1273 1335 1307 dicitur,
1357 1274 1430 1310 quod
1452 1274 1579 1303 subditus
1600 1274 1680 1303 debet
1701 1274 1790 1311 primo
1806 1282 1849 1311 pe—

1007 1321 1065 1348 tere
1086 1319 1239 1353 licentiam,
1260 1322 1292 1348 ut
1313 1320 1392 1349 vadat
1413 1320 1446 1348 ad
1473 1321 1593 1357 peritum
1621 1321 1803 1350 confessorem
1820 1321 1846 1355 9;

1006 1368 1119 1402 propter
1134 1366 1268 1394 cautelam
1285 1366 1386 1394 factum
1403 1369 1456 1400 est,
1472 1367 1575 1396 scilicet
1590 1375 1623 1396 ne
1638 1375 1674 1396 ex
1689 1369 1848 1404 contemptu

1006 1415 1122 1449 quaerat
1143 1413 1240 1446 alium,
1263 1413 1305 1441 vel
1322 1421 1356 1441 ne
1378 1413 1458 1442 vadat
1479 1413 1512 1442 ad
1527 1414 1619 1442 minus
1640 1413 1784 1447 idoneum,
1805 1414 1848 1442 vel

1006 1466 1040 1487 ne
1062 1459 1142 1487 vadat
1169 1459 1202 1487 ad
1225 1460 1407 1493 haereticum,
1430 1460 1472 1489 vel
1495 1468 1528 1489 ne
1554 1460 1636 1489 detur
1661 1461 1737 1489 locus
1765 1460 1848 1497 tergi-

1005 1506 1132 1534 versandi
1155 1506 1293 1542 malignis,
1321 1506 1387 1534 dum
1416 1510 1555 1543 quaerunt
1581 1507 1680 1544 ignotis
1708 1508 1848 1542 confiteri,

1006 1555 1037 1581 ut
1057 1552 1255 1581 correctionem
1278 1553 1320 1581 sui
1342 1553 1460 1590 pastoris
1480 1553 1612 1590 effugiant
1632 1557 1658 1582 et
1679 1554 1716 1582 ita
1734 1554 1849 1583 liberius

1006 1601 1134 1635 peccent,
1157 1599 1198 1627 vel
1214 1607 1248 1627 ne
1269 1599 1412 1633 simulent,
1427 1607 1455 1628 se
1470 1600 1530 1628 aliis
1544 1600 1682 1629 confessos
1695 1608 1767 1634 esse,
1783 1609 1847 1629 cum

1005 1645 1073 1673 nulli
1095 1645 1149 1673 sint
1169 1645 1294 1674 confessi.

1086 1692 1129 1720 16.
1152 1692 1286 1721 Plebauus
1313 1695 1405 1721 autem
1436 1693 1536 1721 nullus
1562 1696 1603 1722 est
1631 1693 1679 1730 qui
1705 1696 1778 1723 tenet
1806 1702 1847 1723 ec-

1004 1739 1129 1773 clesiam,
1151 1746 1214 1767 cum
1235 1739 1270 1767 sit
1292 1739 1419 1768 inhabilis
1439 1739 1472 1767 ad
1494 1739 1658 1768 beneficium
1677 1740 1781 1769 habens
1802 1748 1848 1769 cu-

1004 1794 1063 1814 ram
1084 1786 1256 1820 animarum,
1278 1789 1309 1814 ut
1330 1786 1489 1823 illegitimus
1510 1786 1599 1820 filius,
1622 1786 1664 1815 vel
1685 1794 1846 1816 excommu-

1004 1832 1124 1866 nicatus,
1146 1833 1189 1861 vel
1221 1833 1321 1867 laicus,
1343 1833 1385 1862 vel
1408 1833 1472 1870 qui,
1494 1841 1578 1861 unam
1601 1833 1718 1866 habens,
1748 1833 1846 1870 recipit

1003 1879 1092 1908 aliam.
1116 1879 1196 1913 Item,
1218 1879 1265 1916 qui
1294 1879 1391 1916 recipit
1421 1879 1562 1908 ecclesiam
1590 1879 1625 1908 ab
1653 1887 1684 1908 eo
1715 1880 1763 1916 qui
1791 1888 1846 1909 non

1004 1926 1086 1954 habet
1106 1926 1150 1955 ius
1171 1925 1343 1959 conferendi,
1365 1926 1408 1954 vel
1436 1926 1628 1963 praesentandi
1650 1926 1684 1954 ad
1705 1934 1780 1960 eam,
1802 1927 1845 1956 vel

1003 1972 1180 2006 investiendi,
1203 1972 1245 2001 vel
1266 1972 1301 2000 ab
1321 1972 1577 2006 excommunicato,
1599 1972 1642 2001 vel
1663 1973 1774 2009 quando
1802 1973 1845 2002 ius

1003 2021 1044 2047 est
1063 2018 1097 2047 ad
1112 2019 1283 2055 superiorem
1304 2018 1463 2047 devolutum
1479 2026 1515 2047 ex
1536 2026 1627 2047 causa.
1650 2019 1728 2053 item,
1743 2019 1791 2056 qui
1807 2022 1845 2048 te-

1002 2068 1049 2094 net
1063 2065 1204 2094 ecclesiam
1225 2073 1279 2093 non
1294 2065 1384 2094 debita
1402 2065 1502 2099 forma,
1518 2068 1549 2094 ut
1564 2065 1723 2100 simoniace,
1738 2066 1781 2095 vel
1796 2073 1845 2102 per

1002 2111 1143 2146 fraudem,
1165 2112 1207 2141 vel
1222 2112 1368 2146 violenter,
1390 2112 1433 2141 vel
1447 2115 1488 2141 est
1509 2112 1629 2141 vicarius
1650 2112 1767 2142 alicuius
1783 2113 1845 2142 isto-

1002 2166 1074 2187 rum.
1096 2158 1175 2195 Quod
1196 2159 1268 2187 enim
1289 2159 1407 2196 quisque
1428 2167 1482 2187 non
1505 2159 1601 2193 babet,
1624 2167 1675 2189 nec
1695 2162 1784 2196 potest
1805 2160 1844 2188 al-

1001 2205 1052 2234 teri
1069 2213 1119 2234 sua
1133 2205 1296 2234 auctoritate
1317 2205 1441 2234 conferre
1454 2205 1484 2233 ¹⁰.
1507 2205 1608 2235 Omnes
1623 2206 1682 2240 isti,
1697 2206 1768 2235 sicut
1789 2214 1842 2234 non

1001 2251 1103 2280 habent
1125 2251 1168 2280 ius
1190 2251 1216 2280 in
1238 2252 1374 2286 ecclesiis,
1395 2260 1464 2288 quas
1487 2254 1593 2287 tenent,
1614 2252 1652 2281 ita
1672 2255 1699 2281 et
1720 2252 1797 2289 plebs
1815 2252 1842 2281 in

1001 2298 1078 2326 nullo
1100 2300 1210 2327 tenetur
1231 2298 1341 2327 eisdem.

165 2454 172 2466 ¹
191 2454 236 2477 Cir.
253 2454 329 2476 Matth.
347 2455 374 2481 8,
392 2453 432 2476 24:
450 2454 476 2476 Et
492 2460 556 2482 ecce,
573 2457 650 2476 motus
667 2460 765 2482 magnus
783 2456 854 2477 factus
871 2458 904 2477 est
923 2455 943 2477 in

102 2493 171 2521 mari,
188 2494 217 2516 ita
235 2496 259 2515 ut
276 2493 379 2516 navicula
391 2493 519 2521 operiretur
534 2492 649 2515 fluctibus.
660 2505 691 2509 —
704 2493 798 2516 Inferius
815 2499 857 2522 pro
868 2493 946 2523 fulciti

103 2532 141 2561 (ita
158 2534 185 2560 A)
203 2532 256 2555 edd.
273 2532 335 2562 sulti.

164 2570 173 2584 ²
190 2571 247 2594 Cod.
263 2572 281 2593 A
298 2570 495 2600 confessionibus,
512 2573 535 2593 et
552 2571 645 2593 inferius
660 2577 724 2594 unus
742 2577 784 2599 pro
798 2571 902 2600 primus.

164 2609 173 2622 ⁸
190 2609 246 2632 Cod.
263 2610 281 2632 A
298 2610 381 2632 omittit
395 2609 499 2639 positus,
516 2613 538 2632 et
554 2609 653 2632 subinde
670 2616 712 2638 pro
729 2609 805 2633 alium
816 2609 944 2633 nonhabet

101 2648 218 2672 substituit
234 2648 310 2672 atium
321 2648 406 2672 habere
423 2655 470 2672 non
487 2650 568 2678 potest.

163 2687 173 2700 ⁴
190 2688 236 2711 Csr.
252 2689 353 2715 Bonan,
370 2688 408 2710 lV.
424 2688 486 2711 Sent.
497 2688 521 2710 d.
542 2688 575 2710 17.
593 2694 615 2716 p.
635 2688 665 2710 ΙΙΙ.
683 2694 705 2710 a.
718 2688 738 2710 l.
755 2694 777 2716 q.
790 2689 811 2710 2.
829 2688 851 2710 in
863 2694 942 2716 corp.:

102 2726 143 2749 Vel
160 2727 214 2756 quia
230 2727 334 2749 solllcitat
350 2727 379 2749 ad
396 2727 496 2754 malum,
513 2727 548 2749 vel
563 2727 617 2755 quia
634 2727 699 2749 timet
710 2725 840 2756 [confitens]
858 2727 945 2749 revela-

102 2765 186 2788 tionem
204 2765 365 2793 conressionis,
382 2766 418 2788 vel
434 2766 488 2794 quia
500 2766 597 2793 simplex
612 2768 647 2788 est
662 2768 685 2788 et
702 2765 778 2788 idiota.
789 2777 820 2782 —-
832 2766 943 2793 Superius

102 2810 144 2832 pro
160 2803 254 2827 sublata
269 2805 287 2827 A
303 2804 391 2833 ablata,
415 2808 437 2827 et
454 2804 506 2827 voci
519 2803 629 2833 proditor
650 2804 703 2826 edd.
726 2806 804 2826 contra
825 2804 843 2826 A
861 2804 942 2832 praefi-

104 2846 162 2871 gunt
177 2842 220 2866 vel.

164 2880 173 2894 ⁶
190 2882 242 2904 Vat.
258 2888 311 2905 cum
329 2882 365 2904 ed.
384 2882 392 2904 ·1
416 2881 554 2911 satisfaciat.
573 2882 667 2904 {userius
684 2888 726 2910 pro
744 2881 786 2911 qui
795 2881 874 2905 nescit.
892 2881 942 2905 Sio-

102 2921 129 2943 ut
143 2919 206 2943 enim
222 2919 294 2943 idiota
312 2920 351 2947 (ita
368 2921 395 2949 A)
413 2920 467 2943 edd.
483 2919 531 2949 qui.

163 2958 174 2971 ⁶
190 2958 235 2982 Cir.
252 2959 330 2981 Manu.
348 2959 387 2987 ⁴5,
407 2959 443 2981 14.
462 2962 484 2982 et
502 2960 556 2982 Luc.
573 2960 598 2986 6,
615 2959 654 2982 39.
665 2971 695 2976 —-
707 2959 802 2982 iuferius
820 2965 862 2987 pro
875 2965 942 2988 quae-

102 3003 154 3021 rere
172 2998 214 3026 (ita
233 2998 259 3024 A)
277 2998 331 3020 edd.
345 2997 473 3027 requirere.

1064 2454 1073 2467 ⁷
1090 2455 1146 2477 Cod.
1162 2455 1180 2477 A
1197 2454 1301 2478 evadere.
1319 2454 1423 2477 Subinde
1438 2457 1489 2476 ante
1503 2460 1550 2484 pro
1566 2454 1658 2477 malitia
1675 2455 1711 2478 ed.
1729 2456 1742 2477 2
1760 2462 1813 2478 cum
1827 2456 1843 2478 B

1001 2494 1085 2517 omittit
1100 2493 1144 2517 vel.

1063 2531 1072 2544 ⁸
1089 2532 1145 2555 Cod.
1163 2532 1180 2554 A
1198 2532 1262 2554 addit
1278 2531 1322 2555 iret
1339 2533 1367 2555 et.

1063 2570 1073 2582 ⁹
1089 2570 1144 2598 Cap.
1164 2570 1246 2594 Omnis
1263 2570 1388 2600 utriusque
1403 2576 1476 2594 semus
1494 2570 1550 2599 (112.)
1568 2571 1597 2594 X.
1614 2571 1644 2594 de
1661 2572 1805 2594 Poenitentiis
1819 2575 1842 2595 et

1000 2609 1174 2632 remissionibus
1191 2609 1229 2638 (V.
1248 2610 1335 2632 Deci-et.
1353 2610 1448 2637 Gregor.
1467 2610 1505 2632 lX.
1524 2610 1555 2633 tit.
1574 2610 1632 2639 38.):
1649 2610 1672 2633 Si
1690 2611 1742 2639 quis
1764 2614 1840 2633 autem

999 2649 1072 2671 alieno
1089 2648 1201 2671 sacerdoti
1220 2649 1318 2671 voluerit
1335 2648 1393 2670 iusta
1411 2649 1440 2671 de
1457 2654 1526 2671 causa
1549 2655 1591 2671 sua
1609 2649 1712 2672 confiteri
1735 2653 1840 2678 peccata,

1000 2688 1112 2710 licentiam
1130 2688 1195 2715 prius
1212 2688 1312 2715 postulet
1329 2690 1351 2710 et
1362 2687 1463 2710 obtineat
1479 2694 1490 2710 a
1509 2688 1604 2716 proprio
1621 2689 1739 2711 sacerdote
1756 2692 1799 2712 etc.
1810 2701 1841 2705 —

999 2727 1042 2749 Pro
1059 2725 1123 2749 debet
1136 2726 1216 2756 primo
1229 2727 1267 2754 (ita
1284 2726 1312 2755 A)
1329 2726 1382 2749 edd.
1395 2726 1459 2749 debet
1471 2726 1655 2756 priuslnserius
1672 2733 1714 2755 pro
1731 2726 1841 2750 idoneum

999 2766 1017 2788 A
1034 2765 1150 2788 substituit
1163 2765 1268 2794 peritum
1283 2768 1304 2788 et
1321 2765 1413 2788 occasio
1428 2771 1470 2793 pro
1486 2765 1559 2788 locus.

1062 2803 1081 2817 ¹⁰
1099 2803 1163 2832 Sive,
1181 2807 1205 2826 ut
1221 2804 1305 2826 dicitur
1322 2810 1340 2826 c.
1360 2803 1429 2831 Quod
1439 2805 1518 2827 autem
1535 2804 1639 2828 consulis
1655 2805 1696 2834 (5.)
1708 2805 1737 2827 X.
1750 2805 1779 2828 de
1792 2806 1841 2828 lure

999 2845 1132 2871 patronatus
1150 2843 1190 2871 (ΙΙΙ.
1204 2843 1292 2865 Decret.
1308 2844 1403 2871 Gregor.
1416 2843 1452 2866 lx.
1471 2844 1503 2866 tit.
1521 2844 1581 2872 38.):
1599 2844 1656 2872 Quia
1669 2850 1711 2872 pro
1728 2850 1775 2866 non
1787 2844 1840 2867 dato

999 2881 1096 2904 babetur
1118 2881 1181 2910 quod
1204 2881 1233 2904 ab
1256 2882 1292 2904 illo
1314 2882 1394 2909 datur,
1411 2882 1451 2911 qui
1474 2888 1519 2904 uon
1536 2885 1611 2910 potest
1628 2882 1657 2905 de
1679 2882 1729 2905 iure
1746 2883 1840 2905 donare.

1000 2920 1031 2942 De
1048 2920 1188 2948 praenotatis
1204 2922 1243 2943 cfr.
1261 2927 1330 2948 supra
1349 2927 1401 2949 pag.
1420 2921 1477 2949 358,
1494 2924 1548 2944 nota
1566 2922 1587 2944 2.
1611 2927 1689 2950 seqq.,
1707 2921 1745 2944 ubi
1758 2922 1838 2944 eadem

998 2960 1131 2981 afferuntur.
1148 2972 1177 2975 —
1194 2959 1249 2982 Cod.
1268 2961 1285 2982 A
1302 2960 1385 2982 omittit
1401 2966 1450 2989 seq.
1473 2961 1653 2989 propositionem
1672 2960 1758 2984 Omnes
1779 2960 1838 2983 isti...

998 2997 1091 3021 eisdem.

1865 722 1948 740 Licentia
1955 722 1998 740 suh-

1885 746 1973 764 duorum.

1869 1001 1895 1020 De
1908 1001 1988 1025 quodam

1901 1030 1952 1043 casu.

1862 1280 1891 1299 Ad
1904 1281 1995 1300 cautelam

1872 1303 1948 1323 licentia
1963 1309 1995 1328 pe-

1873 1327 1936 1346 tenda.

1864 1700 1890 1719 De
1902 1700 1981 1724 plebano

1893 1724 1950 1743 nullo.
