2133 3317
260 227 318 256 456
610 222 807 251 OPUSCULUM
829 221 917 249 XVIII.
940 220 1223 249 CONSTITUTIONES
1243 220 1485 249 NARBONENSES.
1508 220 1603 249 RUBR.
1625 220 1668 247 VI.

340 304 515 332 Confessores
536 301 650 329 audiant
671 299 856 328 confessiones
877 299 954 327 horis
985 298 1068 327 certis
1095 307 1111 327 a

132 362 161 381 De
174 362 245 381 confes·
261 350 422 388 provinciali
444 348 570 384 Capitulo
592 346 625 374 ad
648 347 699 374 hoc
721 346 840 374 statutis.
868 345 965 374 Nullus
984 345 1111 374 sacerdos

1248 299 1330 333 Item,
1352 299 1477 327 mittendi
1500 298 1639 327 Parisiosss
1665 298 1697 326 ad
1726 298 1893 327 studendum
1926 299 2015 335 primo
2028 304 2126 330 neminen

2042 329 2115 349 Pal-Ision
2120 334 2126 354 ι

115 385 200 404 sionibus
213 390 244 403 au-

114 409 196 428 diendis.

129 1059 243 1087 Prohibitio-

124 1088 158 1102 nes
173 1088 243 1102 vanae.

262 397 446 426 confessiones
481 394 679 430 Religiosorum
716 396 765 421 aut
798 392 982 421 saecularium
1018 392 1111 421 audiat

260 444 366 480 absque
388 441 497 470 licentia
518 441 560 469 sui
589 439 765 476 provincialis
791 439 923 473 Ministri,
946 442 973 467 et
1000 439 1112 468 obtenta

260 489 369 518 licentia
396 487 549 516 dioecesani
578 486 713 523 episcopi,
745 486 784 514 vel
814 486 919 522 proprii
945 486 1110 520 sacerdotis,

260 540 287 565 et
308 535 403 564 nullus
424 535 496 563 hanc
518 534 654 562 licentiam
679 536 753 569 petat
778 533 836 561 sine
866 533 907 561 sui
934 533 1049 561 MInistri
1080 533 1111 561 Ii-

261 582 365 615 centia,
388 581 431 610 vel
452 580 588 609 Custodis.
611 580 694 614 Item,
716 580 838 608 Mimster
860 580 952 608 nullos
974 579 1110 614 licentiet,

259 629 310 657 nisi
333 636 403 665 quos
425 636 487 656 cum
511 636 610 664 magna
630 627 828 655 deliberatione
849 626 983 655 discretos
1011 626 1111 663 proba-

259 676 330 704 verIt
351 678 378 704 et
399 682 528 708 secur0s3
551 677 578 702 et
599 674 651 702 hoc
673 674 699 702 in
722 673 882 710 provinciali
905 673 1031 709 Capitulo
1053 676 1111 701 tan-

259 725 317 751 tum
334 722 389 750 fiat.
404 722 479 755 Item,
495 721 590 749 nullus
604 721 699 749 Frater
716 728 766 756 pro
781 719 951 748 confessione
966 719 1110 754 audienda,

259 777 308 798 seu
331 776 510 805 quacumque
532 768 585 796 alia
605 768 639 796 de
661 775 744 796 causa
773 767 853 795 iuxta
883 766 1029 795 mulierem
1059 770 1112 795 stet

258 819 307 844 aut
329 815 436 849 sedeat,
458 815 510 843 nisi
533 815 579 842 ubi
597 815 654 850 ipse
669 817 696 842 et
717 814 777 842 eius
792 814 884 842 socius
900 813 986 841 libere
1007 813 1112 849 possint

260 865 358 891 mutuo
379 870 408 890 se
430 862 532 890 videre.
556 862 587 889 Et
608 864 722 889 caveant
743 868 839 888 omnes
867 860 977 888 Fratres
1004 868 1020 888 a
1048 868 1112 896 pro-

259 910 324 938 lixis
346 909 491 946 colloquiis
513 908 671 936 muIIerum.
696 907 727 935 Et
752 907 923 944 quicumque
952 910 1049 935 contra
1073 906 1112 935 fe-

260 957 344 991 cerit,
366 965 382 984 a
403 956 484 985 sociis
505 958 661 984 accusetur.

339 1003 437 1031 Nullus
459 1003 553 1030 Frater
576 1001 742 1030 monasteria
770 1001 863 1038 abqua
885 1000 1043 1029 Monialium
1069 1001 1112 1028 vel

261 1051 353 1087 aliqua
374 1049 533 1078 habitacula
555 1049 704 1077 mulierum
726 1048 786 1076 sieri
808 1048 902 1084 aliqua
923 1048 1029 1076 ratione
1048 1055 1111 1084 pro-

261 1101 348 1127 curet.
372 1097 425 1125 Nec
447 1105 462 1124 a
488 1096 605 1124 muliere
635 1098 728 1123 votum
758 1095 942 1123 continentiae
971 1095 1111 1131 requirat,

261 1153 310 1174 seu
331 1144 455 1173 oblatum
478 1143 608 1179 recipiat,
631 1146 679 1170 aut
701 1142 734 1170 ad
755 1141 912 1170 faciendum
928 1143 938 1158 1
968 1141 1018 1170 sibi
1048 1141 1110 1169 obe-

259 1191 390 1220 dientlam
406 1190 526 1219 inducat.
545 1190 575 1218 Et
590 1189 762 1226 quicumque
777 1188 998 1222 contrafecerit,
1022 1188 1112 1217 tribus

259 1238 358 1267 diebus
380 1240 487 1265 tantum
510 1237 536 1264 in
560 1244 629 1273 pane
650 1239 677 1264 et
698 1244 771 1272 aqua
791 1235 904 1264 ieiunet.

337 1284 436 1313 Nullus
457 1284 551 1311 Frater
573 1286 705 1319 procuret
726 1290 775 1319 per
802 1290 846 1316 se,
877 1282 921 1310 vel
950 1290 998 1318 per
1026 1282 1111 1310 alium

260 1340 373 1369 quoquo
388 1331 482 1365 modo,
498 1330 632 1359 committi
648 1330 699 1358 sibi
716 1330 758 1358 vel
773 1329 817 1357 alii
840 1329 928 1357 Fratri
950 1329 1043 1365 aliqua
1065 1337 1112 1357 ne-

260 1379 332 1417 gotia
354 1377 530 1415 procuranda
552 1385 601 1413 per
616 1385 711 1413 reges,
735 1376 889 1413 principes,
905 1376 947 1404 vel
964 1376 1111 1412 praelatos,

260 1434 309 1455 seu
331 1425 559 1458 communitates,
583 1432 632 1452 nec
654 1427 802 1460 procuret,
828 1423 902 1460 quod
931 1426 1040 1452 maneat
1068 1423 1111 1451 vel

260 1474 366 1510 equitet
387 1480 450 1501 cum
473 1471 583 1500 eisdem.
607 1471 632 1499 Si
648 1471 712 1507 quis
727 1474 823 1499 contra
841 1470 952 1503 fecerit,
971 1470 1112 1498 beneficiis

260 1520 371 1549 Ordinis
393 1520 452 1556 ipso
473 1519 545 1547 sacto
566 1518 696 1555 indignus
718 1517 869 1551 habeatur,
892 1520 918 1545 et
940 1517 961 1545 si
984 1517 1112 1545 sacerdos

259 1567 360 1601 fuerit,
383 1567 442 1603 ipso
463 1566 534 1595 sacto
556 1573 709 1602 suspensus
731 1565 766 1593 sit
787 1573 802 1593 a
824 1564 1042 1593 confessionibus
1062 1572 1111 1592 au-

259 1614 374 1643 diendis.

340 1661 418 1695 Item,
447 1660 618 1697 quicumque
646 1659 741 1687 Frater
771 1659 829 1687 sine
858 1658 968 1687 licentia
995 1658 1111 1686 Ministri

259 1708 396 1746 generalis
417 1707 686 1743 archiepiscopatum
717 1706 760 1734 vel
782 1706 971 1742 epIscopatum
1000 1713 1111 1741 recepe-

260 1755 312 1789 rit,
334 1754 386 1783 nisi
409 1762 458 1790 per
483 1754 562 1782 talem
591 1752 774 1781 obedientiam
804 1752 1002 1788 compellatur,
1027 1758 1111 1788 quam

259 1801 488 1839 transgredIendo
520 1803 647 1837 peccaret
679 1800 850 1833 mortaliter3
885 1799 976 1835 ipsum
1008 1801 1112 1827 statuto

259 1848 397 1886 praesenti
420 1848 515 1876 liberis
536 1847 691 1883 suffragiis,
714 1846 843 1875 societate
865 1849 891 1874 et
907 1845 1048 1874 beneficiis
1063 1845 1112 1873 Or-

259 1896 331 1925 dinis
352 1899 407 1924 tam
436 1895 463 1923 in
490 1895 545 1923 vita
573 1902 655 1931 quam
685 1894 713 1922 in
742 1895 830 1921 morte
858 1893 1010 1929 privamus.
1040 1891 1111 1920 Idem

259 1943 293 1972 de
314 1943 368 1971 illis
390 1942 551 1975 statuimus,
574 1941 621 1978 qui
651 1940 768 1977 promoti
799 1943 877 1974 sunt,
907 1947 1029 1976 quorum
1056 1938 1113 1967 vita

260 1990 368 2019 infamis
390 1989 417 2017 in
440 1989 600 2018 scandalum
623 1988 734 2016 Ordinis
756 1987 881 2016 noscitur
907 1986 1072 2015 redundare.

340 2037 419 2070 Item,
441 2036 536 2064 nullus
557 2036 651 2064 Frater
667 2035 778 2063 ordines
794 2034 908 2070 recipiat
929 2034 988 2062 sIne
1003 2033 1113 2061 licentia

260 2084 303 2112 sui
325 2083 503 2120 provincialis
524 2082 657 2115 Ministri,
689 2081 733 2110 vel
757 2080 899 2114 CustodIs,
926 2080 969 2109 cui
1000 2079 1112 2117 provin-

260 2130 335 2159 cIalis
356 2129 479 2157 Minister
502 2129 638 2157 licentiam
654 2128 768 2156 dederit.
785 2128 817 2155 Et
831 2128 1002 2164 quicumque
1017 2129 1114 2154 contra

260 2177 371 2210 fecerit,
393 2185 409 2204 a
429 2179 558 2212 suscepto
579 2175 676 2203 ordine
697 2174 901 2211 suspendatur,
923 2180 1070 2210 quousque
1098 2181 1113 2200 a

261 2224 381 2261 generali
411 2231 461 2252 seu
489 2222 650 2259 provinciali
676 2222 801 2249 Ministro
829 2228 923 2249 secum
949 2220 1034 2248 fuerit
1058 2219 1111 2248 dis-

261 2274 416 2308 pensatum.

341 2317 438 2346 Nullus
459 2316 682 2353 praedicatorum
699 2316 710 2332 2
736 2314 891 2352 praedicet,
920 2314 1047 2351 quamvis
1072 2322 1114 2343 se-

263 2365 385 2394 cundum
409 2364 539 2400 Regulam
561 2363 645 2391 suerit
666 2362 859 2395 examinatus,
875 2369 938 2389 cum
954 2361 1114 2397 prohibitus

262 2412 347 2440 fuerIt
368 2419 383 2439 a
407 2419 457 2439 suo
478 2410 604 2438 Ministro
626 2409 797 2446 provinciali.

342 2457 539 2491 Prohibemus,
562 2459 593 2485 ut
614 2456 647 2484 de
669 2459 761 2484 cetero
776 2456 898 2488 Fratres,
918 2454 965 2492 qui
988 2454 1116 2483 nesciunt

264 2506 355 2543 legere
387 2504 568 2537 Psalterium,
590 2503 697 2531 litteras
729 2511 783 2531 non
815 2502 972 2536 addiscant,
995 2510 1045 2530 nec
1070 2501 1114 2530 alii

265 2560 311 2582 eos
332 2552 455 2581 doceant.
480 2551 510 2579 Et
531 2551 551 2579 si
575 2550 638 2587 quis
654 2549 876 2583 contrafecerit,
891 2557 907 2577 a
922 2549 1116 2577 communione

264 2599 346 2628 officii
369 2602 396 2627 et
417 2606 528 2627 mensae
549 2600 696 2634 separetur
725 2604 815 2633 usque
846 2596 878 2624 ad
901 2596 1114 2625 satisfactionem

265 2646 437 2683 condignam.
461 2645 492 2673 Et
512 2645 546 2673 de
568 2644 668 2673 laicatu
683 2644 717 2673 ad
732 2644 894 2672 clericatum
909 2643 1004 2672 nullus
1022 2650 1117 2671 ascen-

265 2692 311 2721 dat
332 2692 437 2729 absque
459 2691 568 2720 Iicentia
589 2691 706 2727 Capituli
728 2690 873 2728 generalis.

1168 349 1354 374 exerceantur
1375 346 1482 379 tribus,
1505 345 1547 373 vel
1578 345 1688 373 duobus
1719 345 1798 373 annis
1820 348 1880 381 post
1900 345 2016 373 novitia·
2042 352 2118 391 ⁵²¹¹ffi¹¹¹¹¹i

1168 395 1227 420 tum
1250 393 1276 420 in
1298 392 1391 428 aliquo
1412 392 1504 420 studi0
1529 400 1595 421 suae
1623 392 1796 429 provinciae,
1824 392 1865 420 vel
1896 393 2016 426 vicinae,

1167 439 1219 467 nisi
1242 439 1310 467 adeo
1332 438 1435 467 suerint
1458 438 1586 472 litterati,
1602 439 1675 475 quod
1698 442 1759 475 post
1774 439 1938 467 novitiatum
1953 447 2017 467 con-

1168 486 1246 513 tinuo
1268 485 1372 521 possint
1394 485 1473 512 mitti.
1503 486 1560 513 Non
1589 486 1736 514 mittantur
1757 486 1809 514 nisi
1832 489 1938 514 tantum
1960 486 2018 514 de4

1168 532 1332 560 auctoritate
1354 531 1470 559 Ministri
1492 539 1555 559 cum
1578 532 1691 560 consino
1712 535 1738 560 et
1760 540 1875 561 assensu
1897 532 2015 569 Capituli

1168 578 1354 614 provincialis.
1370 578 1473 606 Taliter
1488 580 1580 606 autem
1597 578 1672 606 missi
1689 579 1818 607 studeant
1832 583 1953 615 quatuor
1968 588 2017 607 an-

1169 625 1212 653 nis
1226 625 1259 653 ad
1276 625 1383 658 minus,
1399 624 1449 652 nisi
1472 624 1540 652 adeo
1555 624 1659 652 fuerint
1674 625 1811 661 provecti,
1827 625 1901 662 qnod
1917 626 2016 654 merito

1170 671 1328 700 iudicentur
1350 671 1437 699 idonei
1461 671 1494 699 ad
1517 672 1627 699 lectoris
1652 671 1774 699 officium
1796 672 2016 708 exsequendum.

1248 718 1327 746 Circa
1349 718 1496 746 mittendos
1517 721 1610 746 autem
1632 718 1807 752 attendatur,
1823 719 1896 755 quod
1915 719 1970 747 sint
1984 719 2018 747 ad

1169 765 1371 802 proficiendnm
1395 765 1516 798 habiles,
1531 765 1617 793 fortes
1632 773 1757 802 corpore,
1780 766 1954 802 eloquentiae
1969 766 2017 795 bo-

1169 820 1220 840 nae
1241 815 1268 840 et
1290 812 1507 840 conversationis
1528 812 1673 845 honestae,
1700 820 1753 840 non
1776 813 1955 847 contentiosi,
1970 813 2018 842 sed

1169 859 1250 887 mites
1271 862 1297 887 et
1319 858 1424 895 pacifici
1447 858 1519 886 inter
1535 859 1651 887 Fratres.
1668 859 1826 887 Teneantur
1848 862 1939 887 autem
1954 860 2018 887 Fra-

1170 909 1227 934 tres
1249 906 1359 934 mittere
1391 906 1451 934 illos
1479 913 1549 942 quos
1580 906 1763 934 iudicaverint
1795 906 1907 935 idoneos
1933 906 2019 943 magis

1170 953 1322 981 secundum
1345 952 1515 981 conditiones
1538 953 1711 989 praemissas.
1734 953 1759 981 Si
1782 957 1874 982 autem
1897 953 2018 990 aliquem

1169 1000 1312 1033 miserint,
1333 999 1379 1036 qui
1403 1002 1517 1035 propter
1531 999 1655 1028 defectus
1676 1000 1810 1028 notabiles
1824 1000 1859 1028 sit
1873 1000 2018 1037 indignus;

1170 1047 1261 1075 tribus
1281 1047 1379 1075 diebus
1401 1050 1508 1074 tantum
1530 1046 1558 1074 in
1581 1055 1650 1083 pane
1671 1050 1698 1075 et
1719 1055 1792 1084 aqua
1817 1047 1955 1081 ieiunent,
1980 1047 2019 1075 iIIi

1170 1094 1286 1127 scilicet,
1302 1102 1423 1130 quorum
1447 1094 1560 1122 consilio
1574 1097 1616 1122 est
1631 1094 1812 1123 transmissus
1824 1094 1843 1122 ⁵.
1861 1093 1944 1132 [Idem
1960 1102 2019 1123 mo-

1169 1141 1222 1170 dus
1249 1144 1377 1169 teneatur
1399 1141 1473 1169 circa
1493 1141 1576 1174 alios,
1599 1141 1646 1178 qui
1668 1141 1702 1169 ad
1724 1141 1776 1169 alia
1801 1142 1941 1178 generalia
1962 1145 2018 1170 stu-

1169 1189 1213 1217 dia
1235 1189 1478 1221 transmittuntur,
1501 1191 1528 1216 et
1555 1188 1643 1216 eidem
1675 1191 1823 1225 praecepto
1855 1192 1881 1217 et
1913 1196 2016 1225 poenae

1169 1235 1331 1263 subiaceat⁶
1354 1235 1401 1271 qui
1424 1235 1543 1263 sclenter
1569 1235 1741 1263 consuluerit
1772 1235 1805 1263 de
1833 1235 1942 1271 aliquo,
1975 1235 2019 1263 vel

1170 1283 1389 1318 praesentaverit
1420 1282 1541 1318 aliquem
1574 1282 1608 1310 ad
1634 1282 1848 1318 praedicationis
1878 1282 1922 1311 vel
1953 1289 2018 1310 con-

1169 1329 1295 1357 sessionis
1317 1328 1457 1363 officium,
1479 1329 1513 1357 de
1534 1329 1615 1357 cuius
1647 1329 1702 1357 vita
1727 1332 1754 1357 et
1783 1336 1831 1365 spe
1856 1329 2016 1365 proficiendi

1170 1376 1197 1403 in
1219 1376 1399 1404 exsecutione
1422 1376 1581 1412 iniungendi
1597 1376 1659 1404 talis
1674 1376 1724 1404 sibi
1740 1375 1822 1404 officii
1839 1376 2019 1412 probabiliter

1168 1423 1322 1451 dubitatur.
1352 1423 1453 1459 Quodsi
1486 1423 1587 1459 aliquis
1619 1430 1663 1456 se,
1690 1423 1733 1451 vel
1765 1423 1850 1451 alium
1882 1431 1931 1459 per
1960 1431 2019 1452 sae-

1170 1470 1279 1498 culares
1301 1478 1433 1506 personas
1461 1471 1655 1506 procuraverit
1677 1470 1747 1498 mitti
1769 1470 1803 1498 ad
1825 1470 1947 1499 studium
1973 1478 2020 1507 ge-

1169 1517 1278 1549 nerale;
1295 1517 1354 1553 ipso
1370 1517 1440 1545 facto
1455 1516 1585 1545 omnibus
1599 1516 1697 1545 officiis
1708 1516 1820 1545 Ordinis
1835 1517 1869 1545 sit
1885 1517 2018 1553 priVatus,

1169 1571 1318 1600 quousque
1340 1572 1389 1599 per
1408 1563 1569 1591 Generalem
1592 1571 1686 1592 secum
1712 1563 1797 1592 fuerit
1821 1563 2019 1600 dispensatum.

1170 1611 1285 1646 Insuper
1307 1610 1478 1646 quicumque
1492 1610 1699 1646 procuraverit,
1715 1618 1744 1639 se
1758 1610 1791 1638 ad
1807 1610 1918 1638 Ordinis
1931 1610 2022 1638 officia

1169 1657 1344 1693 promoveri,
1366 1657 1438 1685 sicut
1470 1657 1600 1694 indignus
1630 1657 1664 1685 ab
1695 1657 1825 1686 omnibus
1852 1657 1949 1686 officiis
1977 1664 2021 1685 re-

1170 1703 1310 1742 pellatur]¹

1250 1751 1336 1780 Possit
1357 1755 1449 1780 autem
1483 1751 1623 1788 quaelibet
1650 1751 1793 1788 provincia
1824 1751 1927 1780 habere
1948 1751 2018 1780 duos

1170 1798 1312 1827 studentes
1335 1799 1454 1827 Parisius
1475 1798 1534 1827 sine
1548 1798 1641 1835 aliqua
1654 1798 1823 1834 provisione,
1839 1798 1942 1835 quibus
1957 1806 2020 1834 pro-

1170 1845 1297 1874 videatur
1318 1846 1345 1874 in
1378 1845 1456 1873 libris
1488 1845 1641 1873 secundum
1673 1845 1820 1873 arbitrium
1842 1844 2019 1881 provincialis

1170 1892 1287 1929 Capituli
1310 1895 1337 1920 et
1358 1892 1483 1920 Ministri.

1249 1940 1407 1968 Teneantur
1430 1939 1572 1967 studentes
1593 1939 1621 1967 in
1643 1946 1693 1967 suo
1715 1938 1806 1967 reditu
1828 1938 1861 1967 de
1883 1941 1940 1967 tota
1955 1946 2018 1975 pro-

1170 1987 1275 2015 visione
1298 1986 1413 2015 reddere
1436 1986 1579 2019 rationem,
1595 1988 1622 2014 et
1637 1988 1760 2020 caveant,
1776 1994 1810 2014 ne
1831 1986 2019 2022 eleemosynas

1171 2033 1221 2062 sibi
1245 2033 1343 2062 missas
1365 2041 1415 2070 pro
1437 2033 1514 2061 libriS
1536 2033 1562 2060 in
1585 2033 1653 2061 alios
1668 2040 1736 2061 usus
1751 2035 1923 2061 commutent
1934 2032 1954 2066 ⁷,
1969 2039 2019 2060 nec

1171 2081 1257 2109 libros
1278 2080 1338 2109 fieri
1361 2080 1461 2108 saciant
1483 2080 1616 2108 curiosos.

1250 2128 1315 2155 Item
1338 2127 1504 2160 inhibemus,
1526 2134 1560 2155 ne
1582 2126 1615 2155 de
1637 2129 1729 2155 cetero
1750 2126 1861 2163 aliquod
1886 2126 2022 2163 scriptum
2034 2126 2127 2174 gffigffi

1171 2182 1273 2202 novum
1296 2176 1377 2202 extra
1398 2173 1529 2201 Ordinem
1553 2173 1726 2210 publicetur,
1749 2173 1800 2201 nisi
1822 2173 1902 2210 prius
1916 2173 2022 2201 exami-

1170 2224 1267 2249 natum
1284 2220 1367 2249 fuerit
1384 2228 1432 2256 per
1447 2220 1604 2257 generalem
1626 2220 1792 2253 Ministrum,
1808 2220 1851 2248 vel
1866 2219 2021 2256 provincia-

1171 2268 1224 2296 lem
1246 2270 1273 2295 et
1295 2267 1461 2295 Definitores
1477 2267 1503 2295 in
1519 2267 1644 2303 Capitulo
1659 2267 1830 2303 provinciali.
1848 2267 1879 2295 Et
1893 2266 2021 2303 quicum-

1171 2322 1226 2351 que
1247 2318 1344 2342 contra
1365 2314 1469 2347 fecerit,
1492 2313 1582 2342 tribus
1603 2313 1701 2342 diebus
1723 2316 1831 2342 tantum
1854 2313 1881 2341 in
1903 2321 1974 2350 pane
1994 2315 2022 2341 et

1172 2369 1244 2397 aqua
1266 2361 1370 2389 ieiunet
1404 2363 1431 2389 et
1459 2364 1552 2389 careat
1583 2361 1629 2388 illo
1661 2361 1764 2397 scripto
1775 2360 1796 2388 ⁸.
1826 2360 1934 2398 [Nullus
1961 2360 2022 2388 Fra-

1172 2410 1248 2436 trum
1261 2408 1271 2424 ⁹
1293 2408 1394 2436 audeat
1408 2408 1529 2444 aliquam
1544 2408 1701 2444 opinionem
1723 2415 1849 2436 asserere
1863 2408 1907 2436 vel
1921 2415 2021 2443 appro-

1172 2454 1239 2483 bare
1261 2455 1395 2489 scienter,
1417 2462 1488 2491 quae
1509 2462 1525 2482 a
1547 2454 1685 2491 magistris
1707 2454 1808 2483 nostris
1836 2453 2021 2482 communiter

1173 2501 1356 2537 reprobatur;
1379 2509 1429 2529 nec
1450 2501 1607 2537 opinionem
1628 2501 1796 2537 singularem
1819 2500 2021 2537 cuiuscumque

1173 2551 1330 2584 suspectam
1353 2548 1395 2576 vel
1417 2548 1654 2581 calumniabilem,
1676 2547 1800 2576 maxime
1821 2550 1917 2575 contra
1938 2547 2021 2575 fidem

1173 2596 1217 2624 vel
1229 2596 1253 2612 ¹⁰
1275 2603 1365 2623 mores
1387 2595 1486 2623 audeat
1507 2594 1658 2623 defensare.
1677 2595 1707 2623 Et
1721 2594 1769 2631 qui
1791 2598 1888 2623 contra
1908 2594 2019 2628 fecerit,

1174 2642 1225 2671 nisi
1247 2642 1406 2670 admonitus
1437 2650 1486 2678 per
1516 2641 1671 2670 Ministrum
1702 2641 1868 2678 resipuerit,
1890 2641 1925 2670 ab
1945 2641 2020 2669 omni

1175 2689 1316 2717 doctrinae
1338 2688 1428 2717 officio
1450 2688 1484 2717 sit
1505 2687 1677 2726 suspensus]

333 2868 340 2881 ¹
359 2870 375 2891 E
392 2868 536 2898 faciendam.

331 2907 340 2920 ²
358 2909 374 2930 E
387 2907 550 2937 praedicator.

331 2946 340 2959 ³
359 2948 374 2969 Ε
391 2946 508 2970 Parisius.

332 2985 341 2997 ⁴³
359 2986 375 3007 E
393 2987 471 3008 tamen
488 2986 535 3009 nisi
551 2985 585 3009 de.

332 3024 341 3037 ⁵
359 3025 426 3053 Quod
442 3025 546 3054 sequitur
564 3025 620 3047 intra
638 3025 795 3053 parenthesim
807 3025 919 3053 scriptum
935 3027 970 3047 est
980 3024 1010 3047 ad
1022 3024 1116 3047 calcem.

1238 2866 1247 2878 ὃ
1265 2867 1280 2888 E
1297 2866 1442 2889 subiaceant.

1238 2904 1246 2917 ⁷
1263 2906 1279 2927 E
1297 2906 1442 2928 convertant.

1236 2943 1245 2956 Β
1263 2945 1330 2973 Quod
1347 2945 1452 2972 sequitur
1469 2945 1528 2966 intra
1547 2944 1701 2972 parenthesim
1715 2943 1827 2971 scriptum
1839 2946 1873 2965 est
1884 2943 1915 2965 ad
1926 2943 2019 2965 calcem.

1236 2982 1246 2995 ⁹
1262 2984 1305 3006 Pro
1322 2983 1440 3006 Fratrum
1457 2984 1473 3005 E
1489 2983 1584 3006 Frater.

1235 3021 1255 3034 ¹⁰
1272 3023 1288 3044 E
1305 3024 1334 3045 et.
