2133 3317
268 212 323 240 LVI

265 289 437 319 preparatione
449 288 481 312 ad
491 287 669 318 suscipiendum
686 286 747 310 illud
757 287 944 310 Sacramentum
954 284 1116 315 salutiferum.

270 336 360 365 Quibus
376 336 434 359 alius
450 335 585 363 subiungit:
603 334 648 357 Per
665 332 822 356 reverendum
834 332 859 355 in
870 333 918 355 Xto
927 333 1025 361 patrem
1041 333 1063 354 et
1079 331 1119 354 do-

269 383 361 406 minum
380 383 478 406 Petrum
495 380 643 405 cardinalem
664 380 858 403 Cameracensem
880 378 1029 408 episcopum,
1047 383 1120 407 quon-

270 429 326 453 dam
344 428 452 452 Parisius
469 426 655 454 cancellarium,
672 432 741 449 sacre
754 425 844 455 payine
861 425 1029 455 professorem.

333 477 370 498 92.
388 474 556 505 Stutqardiae,
574 474 713 496 bibliotheca
730 473 820 501 privata
837 472 919 500 Regis,
932 472 984 495 cod.
998 471 1035 494 48.
1046 472 1118 493 chart.

270 523 294 546 in
311 524 348 546 fol.
365 528 426 545 sace.
443 522 494 544 XV.
512 534 541 537 -—
559 520 661 543 Rubrica
678 519 784 548 opusculi
802 523 835 542 est
852 519 890 541 sol.
908 519 961 541 110.
978 525 1001 540 ν.
1018 518 1054 541 his
1070 524 1119 540 ver-

270 569 306 592 bis
323 575 446 597 expressa:
463 567 548 597 Incipit
559 566 622 590 alius
639 568 757 590 tractatus
775 565 802 589 de
819 565 893 596 officio
905 565 977 589 Misse
988 564 1064 588 editus
1073 571 1119 594 per

270 615 427 639 reverendum
445 614 469 637 in
485 615 528 637 :cto
542 615 638 643 patrem
654 614 747 636 Bonam
767 613 899 636 Venturam
917 611 1064 636 cardinalem
1077 611 1119 635 Or-

270 662 332 686 dinis
350 662 467 685 Fratrum
485 660 615 684 Minorum.
640 660 727 682 Desinit
752 660 790 682 [01.
811 659 864 682 115.
882 667 905 682 v.
922 659 967 682 sub
985 659 1118 682 additione:

270 707 374 738 Eoeplicil
399 708 516 730 tractatus
534 706 610 730 bonus
627 706 655 729 de
672 705 830 729 Sacramenta
847 705 990 729 eucharistie
1006 707 1029 729 et
1045 705 1119 736 officio

268 755 352 783 Misse,
369 754 451 785 finitus
467 760 509 783 per
521 760 558 776 me
570 753 700 776 Iohannem
712 752 832 781 Fhrbass,
843 752 1009 783 presbyterum
1026 752 1120 776 ecclesie

269 802 347 825 sancti
365 801 451 825 Thome
468 800 575 831 Apostoli
591 800 733 830 Arqentine,
760 800 821 822 VIII.
846 799 882 823 die
904 799 992 823 mensis
1010 799 1122 823 Ianuarii

270 855 333 872 anno
352 848 489 872 Natiuitatis
508 847 604 871 Domini
621 846 699 872 4452.
718 849 823 877 tempore
837 846 939 877 Euqenii
949 847 1013 877 Pape
1025 847 1119 877 quarti,

269 902 333 920 anno
350 896 400 919 eius
413 895 502 925 primo.

333 944 371 966 93.
388 942 488 971 Ibidem,
507 942 558 965 cod.
577 942 614 965 84.
632 942 726 965 miscell.
743 943 766 965 in
784 943 823 965 iol.
839 948 898 965 saec.
912 942 964 965 XV.
975 955 1006 959 --
1017 942 1121 970 000500-

269 990 318 1013 lum
336 993 370 1013 est
388 990 424 1012 [01.
443 996 466 1012 ν.
483 996 528 1012 non
546 992 668 1012 numerato
689 988 734 1011 sub
759 988 867 1011 rubrica:
893 988 978 1018 Incipit
1002 990 1120 1012 tractulus

270 1037 334 1060 Bone
350 1037 448 1060 venture
465 1035 498 1059 ad
513 1035 672 1065 sumptionem
689 1034 838 1058 eucharistie.
862 1035 899 1057 Ad
923 1035 1010 1057 calcem
1037 1035 1073 1057 [01.
1097 1041 1120 1057 v.

273 1084 381 1107 additur:
399 1082 504 1113 Explicit
521 1084 638 1106 tractatus
657 1083 822 1106 Bonaoenture
848 1082 875 1106 cle
896 1081 1068 1112 preparatione
1090 1081 1123 1105 ad

269 1130 429 1160 sumptionem
445 1129 594 1153 eucharistie.
612 1129 659 1152 Deo
676 1130 777 1159 =qratias.

334 1177 370 1200 94.
391 1177 493 1200 Traiecti
509 1177 539 1199 ad
555 1178 675 1204 Rhenum,
687 1176 826 1199 bibliotheca
839 1164 990 1205 Academiae,
1003 1177 1055 1200 cod.
1068 1177 1107 1199 181
1116 1194 1122 1200 .

271 1225 343 1247 chart.
362 1225 383 1247 in
401 1226 422 1247 8.
440 1231 500 1247 saec.
518 1225 571 1247 XV.
587 1237 618 1241 —
635 1224 780 1252 opusculum
798 1227 832 1247 est
849 1225 886 1247 sol.
905 1225 926 1247 vl.
938 1231 956 1247 r.
969 1230 1022 1247 cum
1038 1224 1122 1247 indica-

270 1272 345 1295 tione:
363 1271 448 1301 Incipit
464 1273 582 1295 tractatus
600 1271 765 1295 Bonaoenture
781 1270 808 1294 (le
820 1277 921 1301 corpore
939 1271 1029 1294 Christi
1039 1273 1060 1295 et
1071 1278 1121 1301 pre-

267 1318 397 1349 paratione
413 1318 445 1342 ad
461 1318 569 1342 devotam
586 1318 745 1348 sumptionem
762 1318 867 1342 eiusdem
884 1318 1003 1349 ritumque
1021 1318 1122 1342 celebra-

270 1365 357 1389 tionem
374 1365 452 1389 Misse.
470 1365 556 1388 Desinit
574 1368 598 1388 ut
616 1366 638 1387 in
655 1365 722 1388 editis
732 1374 738 1393 ς
755 1365 785 1388 ad
797 1366 867 1388 finem
885 1366 994 1389 additur:
1011 1365 1122 1396 Scriptus

266 1418 312 1442 per
329 1418 417 1436 manus
433 1412 525 1435 domini
535 1412 648 1436 Iohannis
660 1412 688 1435 de
699 1411 786 1441 Kunlc,
796 1412 932 1443 presbyteri
943 1412 1044 1442 Colonie,
1057 1419 1121 1437 anno

268 1458 366 1482 Domini
383 1457 461 1482 4444.

333 1505 370 1528 95.
390 1505 524 1529 Turonibus
543 1506 564 1528 in
582 1506 666 1533 Gallia,
692 1505 831 1529 bibliotheca
854 1506 971 1534 Civitatis,
991 1507 1043 1530 cod.
1068 1507 1120 1530 404.

269 1554 341 1576 chart.
354 1553 375 1575 in
387 1552 408 1575 4.
417 1559 477 1575 saec.
488 1553 539 1575 XV.
550 1565 582 1569 —
594 1552 737 1581 Opusculuin
752 1554 853 1576 occurrit
865 1554 902 1576 iol.
914 1554 965 1577 171.
976 1554 1020 1577 501)
1033 1555 1076 1577 hac
1087 1561 1123 1577 ru-

270 1599 346 1623 brica:
360 1599 444 1629 Incipit
455 1601 572 1623 tractatus
584 1600 611 1623 (Ie
624 1606 723 1630 corpore
734 1600 773 1624 :cti
784 1601 927 1630 compositus
940 1607 985 1631 per
998 1601 1122 1625 dominum

268 1647 296 1671 de
313 1648 483 1671 Bonaventura
501 1647 528 1670 de
542 1647 630 1671 Ordine
643 1647 762 1671 Fratrum
773 1648 903 1671 Minoi-um.
917 1648 1005 1671 Desinit
1018 1649 1056 1671 fol.
1069 1650 1122 1672 180.

268 1701 287 1718 r.
306 1695 398 1718 verbis:
418 1694 487 1723 Quod
503 1694 545 1718 tibi
554 1696 577 1718 et
588 1694 648 1718 mihi
655 1697 766 1725 prestare
777 1695 896 1725 diqnetur.
909 1696 991 1719 Anien.
1007 1696 1122 1727 Eoeplicz't.

333 1743 371 1764 96.
392 1741 552 1771 Vindobonae,
573 1741 711 1765 bibliotheca
724 1743 836 1771 Palatina,
854 1743 906 1765 cod.
924 1743 995 1766 3655.
1010 1744 1083 1766 chart.
1100 1744 1121 1766 in

272 1789 293 1811 8.
311 1795 371 1811 saec.
388 1789 439 1811 XV.
457 1789 568 1811 exeuntis.
584 1801 615 1805 —
632 1789 775 1817 Opusculum
794 1789 824 1811 de
836 1790 1013 1818 praeparatione
1030 1790 1059 1813 ad
1072 1790 1123 1813 Mis-

269 1842 318 1858 sam
337 1839 371 1859 est
389 1836 507 1863 mutilum,
524 1836 604 1864 incipit
614 1836 675 1858 enim
695 1836 732 1858 sol.
752 1837 771 1858 l.
790 1836 869 1859 verbis
886 1843 937 1865 cap.
950 1837 971 1859 1,
983 1844 1007 1860 0.
1024 1838 1051 1860 2:
1071 1855 1075 1859 .
1093 1854 1099 1860 .
1117 1855 1123 1860 .

268 1882 339 1906 homo
356 1882 444 1912 absque
460 1882 543 1906 anima
559 1882 675 1906 rationali
692 1880 748 1912 etei,
766 1885 788 1905 et
805 1883 908 1906 decurrit
924 1890 1001 1912 usque
1024 1885 1063 1906 sol.
1082 1884 1105 1906 li
1116 1901 1122 1912 ,

270 1929 310 1952 ubi
328 1931 419 1958 explicit
431 1933 455 1953 ut
468 1931 491 1952 in
508 1930 584 1953 editis.

333 1978 369 2000 97.
388 1977 487 2006 Ibidem,
505 1978 558 2000 cod.
575 1978 643 2000 3737.
661 1979 732 2000 chart.
751 1978 772 2000 in
791 1978 828 2000 sol.
850 1984 911 2000 saec.
936 1978 988 2000 XV.
1007 1990 1038 1995 —
1059 1977 1124 2006 opu-

268 2026 359 2048 sculum
376 2025 455 2053 incipit
469 2025 505 2048 [01.
521 2026 569 2047 108.
582 2031 601 2047 r.
619 2031 672 2047 cum
685 2025 836 2047 indicatione:
849 2025 1019 2048 Bonaoentura
1031 2024 1059 2048 de
1067 2031 1123 2054 pre-

266 2071 395 2101 paratione
411 2071 444 2094 ad
460 2071 567 2095 Missam.
585 2070 622 2094 Ad
639 2071 755 2094 honorem
772 2070 875 2101 yloriose
892 2072 914 2094 et
935 2070 1056 2094 individue
1079 2074 1121 2094 etc.

269 2119 357 2141 Desinit
374 2119 412 2141 sol.
430 2119 483 2140 111.
500 2125 531 2141 r.:
551 2118 619 2146 Quod
635 2118 683 2148 ipse
700 2117 767 2141 nobis
785 2117 894 2141 omnibus
908 2120 1021 2148 prestare
1041 2117 1121 2147 digne-

270 2167 310 2189 tw·
336 2165 378 2195 qai
401 2165 537 2189 eternaliter
564 2165 619 2188 civil
643 2167 665 2189 et
681 2167 767 2195 reqnat
792 2166 855 2188 Deus
873 2165 897 2189 in
922 2165 1004 2189 secula
1030 2164 1121 2188 benedi-

270 2214 330 2236 ctus.
349 2214 432 2235 Amen.
450 2211 556 2242 Eaplicit
572 2213 690 2235 tractatas
707 2211 800 2235 domini
815 2213 982 2236 Bonaoenture
999 2212 1027 2235 de
1035 2218 1122 2242 prepa-

269 2260 362 2283 ratione
379 2259 411 2283 ad
429 2260 536 2283 Missam.

334 2308 373 2330 98.
389 2306 488 2336 Ibidem,
506 2307 558 2330 cod.
577 2307 647 2330 4362.
663 2308 735 2330 chart.
753 2307 775 2329 in
794 2308 831 2329 sol.
848 2313 908 2330 saec.
932 2307 982 2330 XV.
1007 2310 1059 2330 ante
1075 2314 1121 2330 me·

270 2355 343 2377 dium.
361 2367 392 2371 —
410 2355 457 2377 Fol.
475 2355 528 2377 265.
546 2361 567 2377 v.
586 2357 620 2377 est
640 2355 734 2377 titulus:
756 2355 883 2378 Tractatus
906 2354 933 2378 cle
955 2361 1056 2384 corpore
1077 2355 1122 2378 Xti

270 2401 362 2425 domini
377 2402 552 2425 Bonaventure.
569 2401 607 2425 Ad
627 2401 742 2425 honorem
764 2402 868 2432 gloriose
884 2408 913 2425 ac
935 2402 1055 2425 individae
1078 2405 1121 2425 etc.

270 2449 358 2472 Desinit
376 2450 413 2472 sol.
441 2449 493 2472 270.
518 2456 553 2472 r.:
574 2448 642 2477 Quod
667 2449 716 2479 ipse
733 2448 774 2472 tibi
789 2451 811 2472 el
833 2448 892 2472 mihi
915 2451 1024 2479 prestare
1042 2449 1122 2479 diane-

270 2498 318 2519 tur.
335 2496 419 2519 Amen.
436 2496 484 2519 Deo
501 2495 556 2519 laus
574 2497 596 2519 et
611 2495 691 2525 cloria
707 2495 739 2519 sit
751 2502 796 2525 per
813 2495 907 2526 infinita
923 2495 1013 2519 secula.
1030 2497 1113 2519 Amen.

335 2544 372 2566 99.
391 2543 489 2571 Ibidem,
509 2544 561 2566 cod.
581 2543 648 2566 4031.
666 2545 738 2566 chart.
758 2544 778 2565 in
803 2543 824 2566 4.
842 2550 903 2566 saec.
926 2544 977 2566 XV.
995 2544 1055 2566 circa
1073 2550 1122 2566 me-

270 2591 343 2614 dium.
356 2604 385 2607 —
399 2591 543 2619 Opusculum
561 2591 661 2613 occurrit
679 2591 716 2613 [01.
735 2590 788 2612 141.
806 2597 829 2613 v.
843 2597 896 2613 curn
914 2590 1020 2613 rubrica:
1037 2590 1122 2620 Incipit

272 2639 389 2661 tractatus
407 2638 573 2661 Bonaventure
585 2637 612 2660 de
629 2637 798 2667 preparatione
809 2636 841 2660 ad
857 2637 964 2660 Missam.
983 2637 1070 2660 Desinit
1082 2637 1119 2660 [ο1.

273 2684 325 2707 147.
344 2691 366 2706 v.
384 2684 428 2707 snb
445 2685 574 2707 additione:
592 2683 698 2713 Eoeplicit
715 2684 833 2706 tractatus
854 2682 882 2706 de
899 2683 1057 2707 Sacramenta
1085 2690 1122 2706 eu-

272 2731 385 2755 charistie
401 2738 443 2755 seu
458 2731 644 2761 preparatorius
661 2731 693 2754 ad
709 2730 822 2759 Missam,
834 2730 926 2754 domini
942 2731 1122 2759 Bonaventure,

272 2779 309 2803 vel
325 2778 457 2802 secundum
474 2778 535 2802 alios
552 2778 684 2802 cardinalis
703 2778 891 2802 Cameracensis.

341 2827 391 2848 100.
412 2825 511 2854 Ibidem,
524 2826 576 2848 cod.
594 2826 662 2848 4487.
676 2827 748 2848 chart.
760 2826 783 2848 in
797 2825 817 2847 4.
830 2831 890 2848 saec.
903 2825 955 2847 XV.
967 2838 998 2841 —
1010 2826 1056 2847 Fol.
1068 2825 1123 2847 246.

274 2880 305 2896 r.:
324 2873 409 2902 Incipit
426 2874 543 2896 tractatus
560 2872 587 2895 cle
599 2878 699 2902 corpore
716 2872 771 2900 Xti,
789 2871 880 2895 domini
891 2872 1064 2895 Ronaventure.
1083 2872 1123 2894 De-

273 2919 327 2942 sinit
345 2919 381 2941 sol.
400 2919 452 2942 255.
471 2926 488 2941 r.
506 2925 560 2941 cum
578 2919 709 2941 additione:
728 2918 832 2948 Eoeplicit
850 2920 967 2942 tractatus
979 2918 1006 2941 de
1024 2924 1123 2948 corpore

272 2965 318 2989 Xti
334 2966 507 2989 Bonaoenture.

973 205 1218 236 PROLEGOMENA
1239 205 1267 234 C.
1291 205 1309 233 Ι.

1239 284 1291 306 101.
1309 282 1410 311 Ibidem,
1427 283 1481 306 cod.
1498 282 1567 305 4922.
1585 283 1656 304 chart.
1674 282 1698 304 in
1721 281 1742 304 4.
1760 287 1820 303 saec.
1843 281 1895 304 XV.
1911 292 1942 297 —
1959 280 2024 309 Opus

1174 331 1275 353 occurrit
1287 331 1325 352 sol.
1338 330 1390 352 243.
1403 336 1421 352 r.
1434 336 1487 352 cum
1504 329 1664 357 inscriptione:
1678 329 1804 353 Tractatus
1816 328 1844 352 de
1854 334 1954 358 corpore
1966 328 2020 357 Xti,

1174 375 1265 399 domini
1281 376 1456 399 Bonaventure.
1478 376 1565 399 Desinit
1588 377 1625 398 [01.
1648 375 1702 398 248.
1719 382 1755 398 v.:
1780 375 1849 403 Quod
1873 374 1922 405 ipse
1939 375 1980 399 tibi
2001 377 2023 399 et

1174 422 1234 445 mihi
1248 424 1359 452 prestare
1375 422 1495 452 diquetur.
1513 423 1598 446 Amen-⁴

1239 470 1293 492 102,
1309 469 1411 497 Ibidem,
1429 470 1481 492 cod.
1500 469 1569 493 4901.
1585 471 1656 492 chart.
1675 470 1697 492 in
1710 470 1731 493 4.
1750 476 1810 493 saec.
1828 470 1880 492 XV.
1898 482 1927 485 —-
1944 469 2025 498 incipit

1176 517 1213 538 fol.
1232 516 1285 538 179.
1302 522 1325 538 v.
1342 515 1386 538 sub
1399 516 1475 539 titulo:
1494 517 1620 540 Tractatus
1638 516 1665 540 de
1677 522 1777 546 corpore
1793 516 1837 540 Xti
1847 517 2022 540 Bonaventure.

1174 563 1263 585 Desinit
1279 563 1316 585 [01.
1336 563 1387 585 184.
1405 569 1429 585 v.
1446 563 1475 585 ad
1492 563 1565 585 verba
1584 569 1635 592 cap.
1653 564 1674 586 1.
1692 571 1714 586 n.
1733 564 1775 587 45:
1792 563 1880 587 virtute
1896 563 1968 587 huius
1985 570 2024 588 esc-

1175 609 1262 633 cessive
1278 609 1387 633 caritatis
1404 610 1425 632 et
1442 608 1601 633 dulcissime...
1618 609 1697 633 Cetera
1717 611 1809 633 suerunt
1826 611 1914 633 avulsa.

1242 657 1292 678 103.
1310 656 1409 684 Ibidem,
1436 657 1488 679 cod.
1511 657 1579 680 3651.
1597 659 1670 680 chart.
1693 658 1715 680 in
1733 659 1755 680 8.
1777 665 1838 681 saec.
1861 659 1914 681 XV.
1930 671 1961 674 —
1978 659 2025 681 Fol.

1177 704 1230 726 123.
1247 710 1284 726 v.:
1301 703 1385 733 Incipit
1396 705 1513 727 tractatus
1524 704 1691 728 Bonaventure
1703 704 1730 728 de
1743 705 1915 735 preparatione
1926 705 1959 729 ad
1968 706 2026 730 Mis-

1175 757 1236 775 sam.
1256 751 1342 774 Desinit
1360 752 1397 774 [01.
1416 752 1469 774 128.
1480 758 1498 774 r.
1512 757 1565 774 cum
1583 752 1699 774 clausula:
1720 752 1823 782 Eoeplicil
1840 754 1958 776 tractatus
1971 759 2026 783 pre-

1176 797 1311 827 parationis
1329 797 1361 821 ad
1377 797 1477 821 Missam
1502 798 1677 826 Bonacenture,
1703 798 1740 821 vel
1756 798 1887 822 cardinalis
1913 799 2026 823 Camera-

1177 844 1260 868 censis.

1245 892 1294 914 104.
1312 891 1412 920 Ibidem,
1433 892 1485 914 cod.
1503 892 1572 914 4270.
1592 893 1663 914 chart.
1684 892 1707 914 in
1726 891 1748 914 4.
1764 898 1824 915 saec.
1844 893 1895 915 XV.
1916 893 2025 916 exeuntis.

1176 952 1207 956 ——
1219 939 1363 968 Opusculum
1376 939 1476 962 occurrit
1493 940 1530 962 [01.
1542 939 1567 961 71
1575 957 1580 961 .
1597 945 1617 961 r.
1628 945 1682 961 cum
1693 939 1800 962 rubrica:
1812 939 1897 969 Incipit
1908 941 2025 963 tractatus

1177 987 1344 1010 Bonaoenture
1361 986 1574 1009 excellentissimus
1591 986 1619 1009 cle
1635 986 1832 1016 contemplatione
1849 987 1957 1016 corporis
1975 987 2026 1010 Xti.

1177 1033 1214 1056 Ad
1230 1033 1345 1056 honorem
1362 1034 1383 1056 et
1400 1033 1559 1057 reverentiam
1575 1032 1679 1063 gyloriose
1695 1036 1738 1056 etc.
1751 1034 1838 1056 Desinit
1855 1034 1892 1056 [01.
1909 1034 1948 1056 76.
1965 1041 1984 1057 r.
2002 1037 2027 1057 ut

1177 1081 1200 1103 in
1217 1080 1292 1103 editis.

1243 1128 1295 1150 105.
1312 1126 1412 1156 Ibidem,
1431 1127 1482 1150 cod.
1501 1127 1571 1150 4236.
1594 1128 1665 1150 chart.
1683 1127 1705 1150 in
1722 1128 1760 1150 [01.
1779 1134 1839 1150 saec.
1861 1128 1914 1151 XV.
1933 1140 1964 1145 ·—
1980 1129 2026 1151 Fol.

1177 1174 1231 1197 249.
1248 1181 1280 1197 r.:
1299 1174 1382 1204 Incipit
1394 1175 1511 1197 tractatus
1529 1173 1557 1197 de
1568 1180 1668 1204 corpore
1685 1173 1735 1203 Xti,
1748 1174 1840 1198 domini
1853 1175 2025 1199 Bonaoenture.

1177 1221 1215 1245 Ad
1231 1221 1346 1245 honorem
1363 1220 1466 1251 qloriose
1483 1227 1512 1244 ac
1528 1220 1648 1245 individue
1665 1225 1708 1244 etc.
1725 1222 1812 1244 Desinit
1833 1223 1871 1245 fol.
1888 1223 1968 1245 ultimo
1989 1229 2027 1246 co-

1177 1269 1236 1292 dicis
1253 1275 1306 1291 cum
1332 1269 1464 1291 additione:
1491 1268 1597 1298 Explicit
1621 1270 1739 1293 tractatus
1757 1269 1784 1293 de
1801 1275 1901 1300 corpore
1926 1270 1970 1294 Xti
1985 1270 2027 1294 do-

1177 1316 1239 1340 mini
1254 1317 1430 1340 Bonaventure.

1243 1364 1295 1386 106.
1314 1362 1413 1391 Ibidem,
1428 1363 1480 1386 cod.
1493 1363 1562 1386 4760.
1578 1364 1651 1386 chart.
1663 1363 1685 1386 in
1704 1363 1725 1386 4.
1739 1370 1800 1386 saec.
1818 1365 1869 1387 XV.
1881 1377 1912 1382 —
1924 1365 2027 1393 000500-

1178 1411 1225 1433 10ιο
1244 1411 1345 1433 occurrit
1362 1411 1399 1433 [01.
1423 1411 1461 1433 64.
1483 1417 1501 1433 r.
1519 1417 1572 1433 cum
1590 1410 1697 1434 rubrIca:
1715 1411 1799 1441 Incipit
1817 1412 1934 1435 tractatus
1951 1411 2026 1435 Bona-

1179 1460 1276 1482 venture
1293 1458 1320 1482 cle
1343 1465 1443 1489 corpore
1460 1458 1504 1482 Xti
1519 1461 1542 1482 et
1565 1458 1592 1482 cle
1606 1459 1777 1489 preparatione
1793 1459 1826 1482 ad
1850 1459 1901 1483 eius
1918 1459 2026 1483 devotam

1178 1506 1349 1536 susceptionem
1366 1506 1486 1536 ritamque
1510 1505 1691 1529 celebrationem
1716 1506 1824 1536 mysterii
1840 1506 1919 1530 Misse.
1943 1507 2029 1530 Desinit

1179 1554 1217 1576 [01.
1234 1554 1271 1576 72.
1289 1560 1308 1576 r.
1331 1553 1422 1576 verbis:
1447 1553 1516 1581 Quod
1532 1553 1580 1583 ipse
1603 1553 1643 1577 tibi
1660 1554 1682 1576 et
1703 1553 1763 1576 mihi
1775 1556 1886 1583 prestare
1908 1554 2027 1585 diqnetur.

1178 1601 1261 1624 Amen.
1281 1600 1395 1630 Explicit.

1246 1648 1294 1670 107.
1313 1647 1414 1676 Ibidem,
1434 1648 1486 1670 cod.
1505 1647 1573 1670 4758.
1592 1649 1663 1670 chart.
1681 1648 1703 1670 in
1721 1648 1742 1670 4.
1760 1654 1822 1671 saec.
1839 1649 1890 1671 XV.
1903 1661 1934 1666 —
1949 1649 2029 1678 incipit

1179 1696 1217 1718 sol.
1237 1695 1287 1718 l55.
1304 1702 1327 1717 v.
1346 1701 1398 1718 cum
1417 1695 1492 1718 titulo:
1514 1695 1641 1718 Tractatus
1652 1695 1736 1718 eximii
1746 1695 1850 1719 doctoris
1861 1696 2028 1720 Bonaventure

1180 1741 1276 1765 Ordinis
1293 1741 1417 1766 Minorum
1434 1741 1462 1764 de
1479 1747 1580 1771 corpore
1595 1741 1640 1764 Xti
1655 1743 1677 1765 et
1693 1741 1720 1765 de
1735 1742 1907 1772 preparatione
1927 1742 1960 1766 ad
1975 1743 2026 1767 eius

1178 1788 1287 1812 devotam
1303 1788 1476 1818 susceptionem
1493 1788 1612 1818 ritumque
1629 1787 1811 1812 celebrationem
1825 1788 1934 1819 mysterii
1948 1789 2027 1813 Misse.

1179 1836 1239 1858 Haec
1256 1835 1339 1858 eadem
1351 1835 1423 1858 verba
1441 1837 1578 1863 repetuntur
1589 1835 1626 1858 [ο1.
1640 1835 1693 1858 162.
1710 1842 1733 1858 v.
1746 1835 1769 1857 in
1787 1835 1833 1858 fine
1844 1836 1962 1865 opusculi,
1978 1836 2027 1865 qui-

1178 1881 1223 1905 bus
1240 1882 1346 1905 additur:
1364 1882 1433 1905 Anno
1451 1881 1624 1905 incarnationis
1638 1881 1733 1905 Domini
1746 1881 1935 1906 MGCGCXCIX.

1245 1930 1295 1952 108.
1313 1928 1413 1957 Ibidem,
1437 1929 1488 1952 cod.
1512 1930 1595 1952 12880.
1614 1930 1685 1952 chart.
1702 1929 1726 1951 in
1748 1930 1769 1952 8.
1787 1935 1847 1952 saec.
1865 1930 1915 1952 XV.
1933 1943 1964 1946 —
1980 1930 2028 1953 Fol.

1179 1977 1232 1999 130.
1242 1983 1265 1999 v,
1276 1977 1372 2005 legitur:
1393 1977 1520 2011 Tractatus
1531 1976 1616 2006 fratris
1633 1976 1800 1999 Bonaventure
1814 1975 1842 1999 de
1859 1982 1959 2006 corpore
1970 1977 2026 2005 Xti,

1178 2025 1284 2053 quatuor
1299 2022 1415 2046 articulos
1433 2023 1458 2046 in
1474 2029 1499 2046 se
1516 2023 1646 2046 continens.
1664 2022 1761 2046 Primus
1772 2022 1898 2046 articulus.
1917 2024 2026 2047 Accessu-

1177 2076 1221 2093 rus
1238 2070 1270 2093 ad
1286 2076 1395 2093 mensam
1420 2069 1509 2093 celestis
1526 2069 1628 2093 convicii
1651 2073 1693 2092 etc.
1711 2070 1798 2093 Desinit
1823 2071 1861 2092 rol.
1887 2071 1939 2093 138.
1957 2077 1980 2093 v.
1997 2070 2027 2093 ad

1179 2117 1276 2140 verba...
1290 2117 1415 2147 profunda
1439 2116 1562 2140 humilitas
1579 2118 1600 2140 et
1622 2116 1778 2140 annichilatio
1795 2117 1835 2140 sui
1859 2119 1882 2140 et
1905 2117 1985 2141 vilitas
2007 2119 2030 2141 et

1178 2164 1311 2194 compassio
1328 2164 1412 2187 mortis
1430 2164 1479 2187 Xti.
1492 2164 1597 2194 Eaplicit
1614 2166 1732 2188 tractatus
1747 2165 1914 2188 Bonaventure
1931 2164 1958 2188 de
1975 2164 2029 2188 cele-

1179 2211 1285 2235 bratione
1302 2211 1380 2236 Misse.
1398 2211 1474 2240 Opus,
1493 2214 1517 2234 ut
1534 2211 1638 2240 videtur,
1655 2214 1690 2234 est
1708 2212 1814 2234 mutilum
1834 2212 1856 2234 in
1876 2212 1990 2240 principio
2007 2215 2030 2235 et

1178 2259 1200 2281 in
1218 2259 1276 2287 fine;
1294 2265 1306 2281 a
1324 2265 1376 2287 cap.
1397 2259 1419 2281 l.
1436 2259 1581 2286 protenditur
1598 2264 1673 2287 usque
1690 2259 1720 2281 ad
1737 2265 1788 2287 cap.
1807 2260 1830 2281 2.
1846 2266 1867 2281 n.
1886 2259 1907 2281 4.

1246 2306 1296 2328 109.
1312 2305 1411 2333 Ibidem,
1430 2306 1482 2328 cod.
1500 2306 1569 2328 5099.
1586 2307 1658 2328 chart.
1676 2306 1698 2328 in
1716 2306 1753 2328 sol.
1771 2312 1831 2329 saec.
1849 2306 1899 2328 XV.
1923 2306 2028 2329 ineuntis.

1178 2367 1208 2369 —
1226 2354 1370 2382 opusculum
1383 2353 1463 2381 incipit
1475 2353 1513 2376 tol.
1526 2353 1580 2376 ‹li-0.
1596 2359 1619 2375 v,
1632 2353 1681 2376 sine
1701 2353 1777 2376 titulo:
1794 2353 1832 2376 Ad
1848 2353 1963 2376 honorem
1979 2353 2030 2383 ylo-

1178 2400 1240 2424 riose
1257 2407 1286 2424 ac
1306 2400 1426 2424 individue
1449 2403 1492 2423 etc.
1517 2400 1605 2423 Desinit
1622 2401 1660 2423 fol.
1689 2400 1741 2423 144.
1767 2407 1789 2422 ν.
1816 2406 1868 2422 cum
1895 2400 2028 2423 additione:

1178 2447 1284 2478 Eccplicil
1301 2447 1397 2471 devotus
1415 2449 1533 2471 tractatus
1550 2447 1577 2470 de
1594 2453 1694 2477 corpore
1711 2447 1755 2470 Xti
1770 2448 1792 2470 et
1808 2447 1836 2470 de
1856 2446 2028 2477 preparatione

1178 2495 1210 2518 ad
1225 2494 1403 2524 suscipiendum
1421 2494 1483 2517 idem
1500 2494 1686 2518 Sacramentum
1703 2494 1865 2523 salutiferum.

1243 2542 1295 2564 110.
1317 2541 1424 2569 Voraoii,
1445 2541 1585 2564 bibliotheca
1602 2541 1730 2568 Canoniae,
1748 2541 1799 2564 cod.
1825 2540 1896 2564 CCCl.
1917 2542 1989 2564 chart.
2006 2541 2029 2563 in

1179 2589 1200 2612 4.
1217 2595 1277 2612 saec.
1295 2589 1344 2611 XV.
1363 2601 1394 2605 —
1411 2589 1463 2611 Post
1480 2589 1523 2610 alia
1541 2589 1578 2610 sol.
1595 2595 1614 2611 r.
1630 2594 1677 2611 non
1694 2591 1814 2611 numerato
1831 2588 1910 2616 incipit
1929 2594 2028 2616 opuscu-

1178 2637 1226 2659 lum
1243 2636 1293 2658 sine
1310 2636 1355 2658 ulla
1372 2635 1479 2657 rubrica:
1497 2634 1534 2658 Ad
1550 2634 1646 2658 laudem
1663 2636 1684 2658 et
1701 2634 1817 2658 honorem
1834 2634 2029 2659 eoecellentissimi

1179 2682 1332 2707 Sacramenti
1348 2686 1390 2705 etc.
1417 2683 1502 2705 Desinit
1527 2683 1613 2710 pariter
1630 2683 1668 2705 sol.
1693 2689 1712 2704 r.
1737 2682 1786 2705 sine
1812 2683 1853 2705 alia
1875 2682 2026 2705 indicatione:

1181 2728 1250 2757 Quod
1266 2729 1315 2758 ipse
1332 2728 1375 2752 tibi
1390 2730 1411 2751 et
1427 2728 1488 2751 mihi
1500 2730 1611 2758 prestare
1628 2728 1747 2758 diqnetur.
1765 2730 1849 2752 Amen.

1243 2777 1295 2798 111.
1318 2775 1497 2804 Wratislavz'ae,
1515 2775 1654 2798 bibliotheca
1669 2776 1841 2803 Universitatis,
1859 2776 1911 2798 cod.
1928 2776 1944 2798 1.
1963 2775 2029 2798 class.

1179 2824 1202 2846 in
1223 2824 1259 2845 sol.
1281 2823 1335 2845 276.
1360 2824 1431 2845 chart.
1454 2826 1559 2845 exaratus
1578 2831 1588 2844 (ι
1601 2829 1665 2846 anno
1691 2822 1788 2846 Domini
1804 2822 1995 2846 MGCCCLXVII
2005 2830 2028 2845 »-

1181 2884 1210 2887 —
1227 2871 1274 2893 Fol.
1292 2870 1329 2892 66.
1346 2876 1365 2892 r.
1389 2870 1469 2898 incipit
1486 2871 1529 2892 hoc
1547 2870 1686 2898 opusculum
1708 2870 1757 2892 sine
1774 2870 1819 2892 ullo
1837 2870 1913 2892 titulo:
1938 2868 1973 2892 Ad
1989 2868 2030 2892 ho-

1179 2923 1263 2941 norem
1288 2916 1390 2946 yloriose
1421 2918 1441 2940 et
1463 2916 1582 2940 individue
1607 2919 1651 2939 etc.
1672 2917 1759 2939 Desinit
1782 2917 1820 2939 [01.
1845 2916 1882 2938 71.
1909 2922 1932 2938 v.
1957 2918 1982 2938 ut
2007 2915 2029 2938 in

1181 2964 1255 2988 editis.
