2133 3317
249 222 304 250 696

501 259 557 282 CHR

295 312 326 316 —
335 299 412 322 Passio
422 298 504 322 Christi
517 298 745 326 ignominiosissima,
755 303 816 320 acer-

248 338 355 366 bissima,
374 337 558 365 generalissima,
576 337 751 360 diuturnissima
774 337 815 359 120

249 379 262 400 3
282 391 309 394 -
332 377 512 399 Acerbissimam
538 376 669 404 passionem
694 376 815 403 sustinuit,

248 420 273 439 01
290 422 331 438 1105
349 416 377 438 ad
404 422 507 438 amorem
531 416 667 438 accenderet
694 416 738 438 122
756 416 770 437 9
786 428 817 432 --

249 458 347 478 01011010
365 455 428 477 omni
441 457 515 477 morte
527 454 724 477 confusibiliorem
737 455 815 483 elegit,

249 500 278 516 ne
295 500 337 516 nos
362 493 443 515 similia
469 493 517 521 pati
543 493 722 516 formidaremus
741 494 780 516 121
804 493 817 516 4

250 546 280 549 —
297 539 342 555 non
359 532 433 560 parcit
458 532 503 555 sibi
526 532 565 561 qui
587 532 635 555 suis
656 538 752 560 parcere
777 538 819 555 no-

250 572 281 594 vit
301 572 344 593 186
367 572 371 593 1

298 623 329 627 -
346 611 423 633 Passio
441 610 516 633 crucis
538 613 587 633 erat
608 611 681 633 multo
699 610 780 633 fortius
797 613 819 633 et

250 650 349 672 ferocius
365 649 447 672 ceteris
464 649 545 677 poenis
563 649 608 671 167
627 649 639 671 4
658 662 689 666 -
705 649 766 673 Crux
778 650 820 672 suit

251 689 294 716 ipsi
312 689 384 711 lectus
410 689 505 711 immitis
528 689 609 711 mortis
635 689 680 711 172
699 689 711 710 3
730 701 761 705 -
779 689 816 711 Sa-

251 727 329 755 crilegi
347 728 462 755 agricolae
479 727 614 750 occiderunt
631 727 748 750 Christum
773 734 819 750 non

251 766 340 794 subito⁷
357 766 399 789 sed
424 767 492 794 longo
519 767 594 789 0111015
610 769 725 789 tormento
745 768 819 790 conse·

252 809 313 828 ctum
332 809 354 828 et
379 805 456 828 multis
481 805 618 828 vulneribus
635 806 779 834 flagellorum
798 808 820 829 et

251 845 370 867 clavorum
389 844 517 867 cruciatum
537 844 580 867 170
599 845 613 867 5

299 896 330 900 —
347 886 431 912 quanta
451 890 533 911 passus
550 884 579 906 sit
591 884 613 906 in
625 886 671 906 tota
688 885 735 907 vita
749 885 792 906 169
806 885 819 907 2

251 935 281 939 -
299 923 323 944 in
340 923 419 945 ultima
432 925 498 945 nocte
510 922 540 946 z'b.
558 924 571 945 3
583 935 614 940 -
631 924 653 945 10
672 924 820 946 crucifixione

251 962 281 985 ib.
301 962 313 984 4
330 974 362 979 —
379 962 537 985 diversimode
554 968 679 990 percussus
696 965 730 985 est
748 963 792 985 170
806 964 819 986 5

253 1013 284 1017 —
302 1001 355 1023 Mira
374 1004 407 1023 est
424 1001 501 1029 passio
525 1001 575 1024 talis
597 1008 623 1024 ac
641 1002 695 1025 tanti
714 1002 820 1030 patientis

252 1039 282 1063 ib.
301 1040 314 1062 6

300 1091 329 1094 —
348 1079 401 1101 Eius
418 1085 504 1107 corpus
528 1080 548 1101 in
574 1080 680 1107 passione
697 1080 739 1102 suit
755 1080 820 1103 tritu-

252 1120 343 1145 ratum,
368 1119 480 1140 molatum
506 1121 528 1140 et
550 1119 673 1146 pistatum,
695 1119 819 1142 decoctum

252 1160 274 1179 et
292 1163 369 1179 assum
386 1158 441 1185 igne
458 1158 531 1180 divini
548 1158 635 1180 amoris
653 1158 675 1180 in
688 1159 780 1181 camino
798 1161 820 1181 et

252 1202 291 1218 ara
309 1197 385 1219 crucis
403 1197 447 1218 100
466 1198 479 1218 2

300 1247 330 1251 -
348 1241 431 1263 passus
448 1238 482 1258 est
500 1235 715 1265 innocentissimus,
728 1237 820 1260 mitissi-

253 1281 318 1301 mus,
336 1274 493 1297 nobilissimus
515 1278 537 1297 et
561 1276 733 1298 amantissimus
758 1277 786 1298 12
805 1277 817 1299 3

254 1326 284 1329 —
302 1314 409 1336 Passione
426 1313 509 1336 Christi
527 1314 639 1337 immensa
662 1318 763 1343 potestas
781 1322 819 1338 an-

253 1353 375 1379 nihilatur,
392 1353 527 1380 speciositas
548 1354 706 1382 decoloratur,
725 1355 819 1377 felicitas

252 1394 416 1418 tormentatur,
433 1392 555 1414 aeternitas
573 1393 669 1415 moritur
691 1394 715 1416 13
735 1395 747 1416 3

299 1443 331 1447 -
349 1431 370 1453 111
388 1431 503 1453 dedecore
521 1432 648 1454 extrinseco
665 1433 774 1455 decorem
793 1434 819 1456 si-

253 1470 301 1492 mul
320 1472 342 1492 et
358 1470 430 1493 decus
453 1470 566 1493 retinebat
586 1472 724 1494 intrinsecus
742 1472 782 1494 171
805 1473 819 1495 7

252 1521 283 1525 -
302 1510 333 1531 De
350 1509 495 1532 deformitate
513 1511 675 1539 Redemptoris
688 1512 758 1534 nostri
772 1518 820 1534 ma-

254 1549 317 1570 navit
335 1549 435 1576 pretium
453 1549 545 1572 decoris
562 1550 632 1572 nostri
650 1550 703 1573 ibid.

300 1600 331 1603 —-
343 1594 426 1615 passus
437 1591 471 1611 051
481 1589 572 1611 vincula
585 1592 610 1611 ut
621 1589 736 1617 impotens
748 1591 820 1612 omni-

252 1627 369 1654 potentia,
387 1627 486 1649 convitia
500 1631 524 1650 ut
540 1628 591 1650 vilis
603 1628 706 1656 bonitas,
720 1629 819 1652 ludibria

255 1668 279 1688 ut
296 1666 378 1688 51011115
402 1667 526 1695 sapientia,
544 1668 657 1696 supplicia
684 1672 708 1691 ut
726 1669 820 1698 iniquus

254 1705 338 1727 iustitia
357 1706 385 1727 13
404 1706 417 1727 3

300 1756 330 1760 ——
343 1750 425 1772 passus
438 1747 472 1767 est
483 1745 634 1768 libentissime
646 1749 752 1774 respectu
766 1753 820 1775 pro-

252 1783 319 1810 ximi,
338 1784 485 1806 severissime
508 1787 615 1813 respectu
640 1786 689 1813 sui,
707 1786 820 1808 obedien-

251 1822 339 1844 tissime
356 1825 463 1851 respectu
481 1824 535 1851 Dei,
553 1825 732 1852 prudentissime
744 1831 820 1853 respe-

252 1864 289 1883 ctu
307 1862 434 1884 adversarii
453 1863 481 1885 13
499 1863 512 1885 3

299 1913 330 1917 -
356 1901 436 1924 habuit
469 1902 631 1925 confidentiam
665 1904 687 1925 in
713 1905 817 1931 periculo

252 1941 379 1969 passionis,
397 1940 500 1964 exhibuit
517 1942 650 1969 patientiam
668 1943 690 1965 in
703 1943 768 1966 illatis
786 1944 820 1965 in-

252 1979 316 2001 iuriis
334 1982 355 2002 et
372 1981 531 2008 contumeliis,
543 1982 694 2004 constantiam
713 1983 817 2005 servavit

253 2018 274 2040 in
292 2019 344 2046 ipso
362 2020 465 2042 cruciatu
491 2022 513 2042 et
535 2020 615 2042 dolore
640 2022 729 2048 crucis,
747 2022 820 2044 victo-

252 2057 309 2079 riam
328 2062 448 2081 assecutus
465 2062 499 2081 cst
516 2059 539 2082 in
557 2060 664 2082 0001110111
682 2063 704 2083 01
721 2061 818 2083 transitu

254 2097 334 2119 mortis
351 2098 379 2119 69
399 2097 412 2119 4

299 2148 330 2152 —
347 2135 422 2159 Causa
440 2138 521 2160 mortis
538 2137 620 2161 Christi
639 2139 679 2161 suit
696 2140 820 2162 necessitas

252 2176 344 2196 nostrae
368 2175 534 2203 redemptionis
561 2178 602 2199 102
625 2178 649 2199 10
669 2190 697 2193 —-
716 2178 821 2201 toleravit

252 2215 350 2235 mortem
370 2216 464 2242 propter
487 2215 596 2237 iustitiam
623 2219 645 2238 et
662 2216 818 2239 obedientiam

252 2251 356 2274 divinam
378 2253 419 2275 124-
435 2254 448 2275 9
467 2267 496 2269 -
514 2260 557 2282 010
575 2255 683 2278 omnibns
700 2262 726 2278 ex
739 2263 820 2279 amore

252 2296 277 2312 se
294 2290 376 2314 obtulit
393 2292 421 2314 ad
440 2295 538 2315 mortem
565 2300 607 2321 010
629 2297 721 2317 nostrae
740 2296 820 2318 mortis

256 2330 415 2358 redemptione
434 2332 477 2353 102
497 2333 525 2354 10

300 2382 331 2384 -
350 2370 408 2392 111011
430 2371 525 2393 111101010
551 2371 671 2395 tenebatur
694 2373 739 2395 394
760 2373 772 2395 4
789 2385 820 2389 -

253 2411 348 2436 peccato
366 2409 421 2431 nihil
439 2409 552 2437 debebat,
576 2411 647 2434 immo
670 2415 763 2440 peccata
782 2413 820 2434 tol·

252 2448 299 2470 lere
320 2448 445 2471 advenerat
475 2449 516 2471 179
544 2451 551 2472 1
582 2463 612 2467 -
637 2451 760 2474 crucifixus
787 2454 820 2474 est

253 2490 347 2514 propter
365 2494 440 2515 genus
457 2489 586 2511 humanum
606 2490 633 2511 Ἰ13
654 2490 665 2512 4
678 2503 708 2506 -
724 2497 768 2518 pro
781 2497 819 2513 no·

253 2525 288 2547 bis
307 2526 329 2548 in
347 2532 415 2549 cruce
432 2533 472 2550 cor
489 2534 558 2550 suum
576 2528 658 2551 obtulit
675 2530 735 2552 Patri
748 2529 793 2552 474
806 2536 819 2552 a

252 2577 283 2581 —
300 2571 325 2587 se
342 2566 406 2588 dedit
423 2573 466 2594 pro
485 2567 551 2590 nobis
568 2568 590 2589 in
608 2568 707 2595 pretium
727 2569 770 2590 189
790 2569 802 2591 3

300 2617 330 2619 -
347 2605 393 2627 vita
411 2608 489 2628 nostra
507 2607 605 2629 moritur
621 2613 669 2630 non
681 2614 724 2635 pro
742 2614 819 2630 neces-

253 2642 358 2666 sitatibus
375 2644 436 2671 51115,
461 2645 503 2667 sed
528 2646 612 2668 nostris
631 2646 675 2668 167
694 2646 706 2668 4
725 2660 755 2662 -
772 2653 819 2669 000

253 2688 295 2709 010
313 2689 345 2711 se,
362 2683 403 2706 sed
420 2690 463 2711 pro
486 2684 553 2707 nobis
571 2685 643 2708 doluit
665 2688 687 2708 et
712 2686 818 2708 vulnera-

253 2724 289 2743 tus
306 2725 340 2744 cst
358 2723 402 2744 160
429 2724 436 2744 1
459 2736 490 2740 --
514 2726 611 2746 10011010
636 2731 680 2747 000
698 2731 740 2753 010
758 2726 818 2753 5015,

253 2761 294 2783 sed
312 2762 394 2784 nostris
411 2763 512 2790 peccatis
524 2763 631 2786 sustinuit
649 2765 692 2786 122
706 2765 721 2786 7
732 2777 764 2781 -
776 2771 818 2793 pro

252 2799 321 2822 nobis
346 2800 435 2829 absque
460 2802 559 2830 meritis⁷
580 2803 651 2826 immo
670 2809 722 2826 enm
742 2804 819 2827 multis

253 2839 336 2861 nostris
353 2839 472 2863 demeritis
490 2844 595 2864 mortuus
611 2845 645 2864 est
664 2843 707 2865 Ἰ123
726 2843 738 2865 9

301 2891 331 2893 -
343 2879 446 2901 serviens
458 2880 565 2907 pessimis
577 2881 655 2903 infima
665 2885 758 2909 peccata
769 2888 819 2910 pcc-

253 2919 356 2939 catorum
370 2919 507 2946 expurgavit
523 2920 559 2941 121
575 2919 587 2941 4-
599 2933 627 2935 —
639 2923 729 2943 nostras
741 2922 819 2944 tollere

253 2958 347 2977 venerat
362 2956 504 2980 infirmitates
519 2958 561 2981 tat.
580 2960 592 2980 2
610 2971 640 2976 -
657 2966 751 2983 0000550
765 2960 819 2988 fuit,

254 2993 368 3016 Christum
381 2995 427 3023 pati
441 2999 575 3024 egestatem,
588 2998 709 3027 vilitatem,
722 2999 820 3027 ignomi-

948 219 1049 248 lNDEX
1071 219 1319 249 ALPHABETICUS.

850 298 927 325 niam,
951 298 1104 320 calamitatem
1130 300 1152 320 et
1177 298 1294 320 miseriam
1321 300 1416 326 propter

851 338 940 365 peccati
957 337 1137 360 satisfactionem
1157 337 1184 359 Ἰ13
1204 337 1216 359 4

878 369 928 392 ”-
952 383 995 404 010
1023 376 1096 398 501010
1123 376 1252 398 animarum
1277 377 1416 404 sangninem

850 422 919 438 suum
938 415 996 438 fudit
1014 415 1058 437 472
1084 421 1096 437 a
1114 427 1145 431 —
1161 415 1239 442 potius
1264 415 1337 437 voluit
1358 421 1417 437 mor—

850 457 897 477 tem
915 455 990 477 crucis
1007 454 1103 481 subire,
1121 460 1191 483 quam
1210 454 1360 482 permitteret,
1373 455 1418 476 ani-

851 499 901 516 mas
918 494 994 521 perire
1011 494 1051 515 381
1075 494 1103 515 20
1121 505 1152 509 -
1169 493 1251 516 Christi
1264 493 1418 521 redemptoris

851 532 922 560 ignita
940 533 1030 555 dilectio
1049 532 1093 554 477
1111 532 1124 554 4
1141 544 1172 548 -
1189 532 1302 555 mirabilis
1319 532 1418 554 caritatis

852 571 894 594 ruit
910 577 966 600 erga
984 578 1025 594 nos
1044 571 1071 593 40
1091 571 1129 594 33.
1147 571 1188 594 501
1211 572 1224 593 9
1242 584 1273 588 -
1290 571 1371 594 Christi
1384 577 1419 594 ca-

851 611 906 633 ritas
925 611 1103 633 commendatur
1122 611 1166 633 183
1185 611 1198 632 2
1216 623 1247 627 -
1263 610 1346 633 Christi
1364 611 1419 633 cari-

852 652 886 672 tas
903 649 1077 672 inaestimabilis
1095 650 1137 672 suit
1156 650 1198 671 182
1217 650 1224 671 1
1241 662 1273 666 -
1284 650 1360 678 Quare
1372 652 1420 672 tan-

852 691 899 711 tam
917 689 1034 711 caritatem
1052 688 1121 711 nobis
1138 688 1267 711 exhibuerit
1284 689 1328 711 146
1349 689 1376 711 17
1389 701 1420 705 -

853 728 952 756 gallinae
977 734 1002 750 se
1027 728 1173 756 comparavit
1194 728 1224 750 ad
1241 728 1418 756 exprimendum

852 766 1060 795 incomparabilem
1083 768 1191 789 affectum
1209 767 1309 789 caritatis
1327 767 1371 789 190
1390 768 1414 789 21

900 819 930 823 -
956 813 982 828 ex
1006 806 1099 828 caritate
1122 806 1193 828 nimia
1216 807 1289 829 voluit
1314 806 1419 834 crucifigi

853 845 898 868 542
917 846 930 867 2
948 858 977 861 -—
995 845 1116 868 Maximam
1137 846 1254 868 caritatem
1273 846 1293 867 in
1312 846 1420 873 passione

852 884 922 907 nobis
944 884 1049 907 exhibuit
1075 885 1118 906 186
1141 885 1146 906 1
1168 898 1199 901 -—
1216 887 1300 913 quanta
1319 887 1341 907 01
1358 885 1418 913 quali

853 924 994 952 benignitate
1011 930 1053 952 pro
1071 923 1138 946 nobis
1156 930 1238 952 passus
1255 925 1284 946 sit
1301 924 1345 946 123
1363 924 1376 946 9
1389 936 1420 940 -

853 964 927 986 Ardor
953 964 1003 986 eins
1028 963 1128 986 caritatis
1153 963 1175 986 in
1198 963 1284 985 rubore
1301 963 1420 991 sanguinis

853 1002 918 1025 effusi
935 1002 1023 1025 refulsit
1041 1002 1085 1024 *187
1106 1003 1112 1024 1

899 1053 931 1057 -
948 1044 982 1064 051
998 1042 1064 1063 10000
1081 1041 1160 1063 sortior
1183 1044 1205 1063 et
1222 1041 1298 1070 aquila
1317 1041 1420 1064 velocior

854 1080 898 1103 170
917 1081 930 1102 6
947 1093 978 1096 -
994 1080 1061 1103 nullis
1074 1080 1246 1103 adversantium
1260 1081 1361 1103 hostium
1376 1083 1420 1103 ten-

854 1120 960 1142 tamentis
978 1120 1052 1147 potnit
1069 1126 1080 1141 a
1099 1122 1190 1142 nostrae
1214 1120 1293 1142 salutis
1315 1126 1370 1142 cura
1387 1126 1420 1142 re-

854 1159 932 1181 vocari
950 1159 978 1180 40
997 1158 1026 1180 34
1044 1171 1075 1175 -
1093 1159 1143 1187 Quo
1166 1159 1241 1186 magis
1258 1159 1326 1182 nobis
1343 1162 1419 1181 osten-

853 1198 915 1220 ditur
940 1198 990 1220 eius
1011 1197 1138 1220 dilectionis
1163 1198 1298 1225 aemulatio,
1324 1205 1352 1221 eo
1370 1205 1420 1226 gra-

853 1237 904 1259 vior
928 1243 972 1259 nos
996 1237 1113 1265 seqnitur,
1140 1237 1158 1259 si
1188 1238 1247 1260 hanc
1273 1238 1419 1267 spernimus,

853 1276 970 1298 damnatio
987 1275 1041 1298 ibid.

900 1328 931 1331 —
949 1316 1023 1338 factus
1044 1318 1078 1337 est
1103 1316 1263 1338 holocaustum
1287 1316 1419 1338 suavissimi

853 1355 944 1383 odoris,
962 1357 986 1377 ut
1003 1355 1064 1377 Patri
1081 1355 1282 1377 reconciliaremur
1299 1355 1329 1377 79
1348 1356 1377 1378 29
1392 1369 1419 1371 -

853 1400 878 1417 50
893 1395 959 1416 ot'sert
978 1395 1089 1422 nostiam,
1106 1400 1177 1423 quam
1203 1395 1268 1417 Pater
1293 1395 1420 1422 respiciens

853 1434 957 1461 placatur
974 1432 1029 1456 ibid.
1046 1445 1077 1449 —
1095 1436 1129 1455 est
1154 1434 1208 1455 viva
1234 1436 1256 1456 et
1277 1433 1419 1456 rationabilis

853 1472 927 1494 hostia
944 1472 1033 1501 absque
1059 1476 1154 1500 peccato
1176 1473 1216 1495 102
1239 1473 1264 1495 10
1282 1485 1312 1489 -
1336 1473 1419 1496 dicitnr

853 1512 949 1538 haedus,
967 1512 1020 1540 quia
1040 1515 1146 1534 naturam
1164 1512 1269 1540 gestabat
1286 1513 1378 1540 plenam
1396 1513 1419 1534 in

854 1550 921 1573 nobis
946 1551 1099 1573 immunditiis
1121 1554 1270 1579 peccatorum
1296 1552 1335 1573 181
1358 1553 1371 1573 2
1389 1564 1420 1568 -

854 1590 876 1612 in
894 1596 933 1612 ara
951 1591 1026 1612 crucis
1038 1593 1071 1613 est
1083 1590 1233 1613 verissimum
1243 1608 1248 1617 ,
1261 1591 1418 1618 gratissimum

854 1631 876 1651 et
892 1629 1072 1651 saluberrimum
1090 1630 1249 1652 holocaustum
1268 1630 1313 1652 220
1333 1630 1377 1652 146

901 1681 930 1684 ——
949 1675 991 1696 pro
1009 1668 1075 1691 nobis
1101 1668 1182 1691 obtulit
1205 1675 1229 1691 se
1255 1669 1277 1691 in
1302 1675 1372 1692 cruce
1398 1670 1420 1691 in

855 1709 926 1735 terra,
945 1710 1041 1736 apparet
1067 1708 1139 1730 vultui
1163 1708 1203 1730 Dei
1229 1708 1300 1731 Patris
1317 1709 1340 1731 in
1357 1709 1419 1731 caelo

854 1747 876 1769 in
894 1748 978 1775 gloria,
996 1748 1091 1770 offertur
1108 1748 1131 1770 in
1149 1748 1298 1770 Sacramento
1316 1754 1329 1770 a
1347 1751 1421 1771 matre

854 1787 953 1809 Ecclesia
971 1787 983 1809 8
1003 1787 1016 1809 3

901 1839 931 1843 —
949 1826 1032 1849 Christi
1049 1826 1189 1849 sacrificium
1207 1829 1241 1849 est
1263 1827 1356 1849 unicum
1375 1827 1419 1849 102

855 1866 883 1888 io
900 1878 930 1882 —
948 1872 1017 1888 unam
1037 1866 1134 1888 hostiam
1152 1866 1188 1888 sni
1201 1866 1306 1893 corporis
1319 1867 1421 1889 moriens

854 1905 946 1933 reliquit
962 1905 1068 1933 quotidie
1093 1911 1135 1933 pro
1161 1905 1259 1927 residuis
1282 1906 1420 1928 delictorum

853 1944 995 1967 offerendam
1013 1943 1067 1967 ibid.
1085 1956 1116 1960 —
1133 1944 1216 1966 Christi
1233 1950 1297 1967 mors
1309 1947 1331 1967 et
1343 1945 1420 1973 passio

853 1986 1039 2012 repraesentatur
1057 1984 1078 2005 in
1097 1990 1115 2006 s.
1132 1983 1199 2006 Missa
1221 1984 1261 2006 103
1278 1984 1303 2006 10
1316 1996 1347 2000 --
1359 1983 1420 2007 Chri-

853 2023 880 2045 sti
898 2029 960 2045 mors
978 2023 1128 2045 memoranda
1146 2023 1168 2045 in
1186 2029 1203 2045 s.
1222 2023 1288 2045 Missa
1307 2024 1351 2045 105
1370 2023 1398 2046 19

900 2074 931 2079 —
947 2062 1046 2084 redemit
1062 2068 1105 2084 nos
1122 2068 1164 2090 per
1185 2063 1307 2090 proprium
1327 2063 1420 2091 sangui-

853 2107 906 2123 nem
929 2101 954 2123 15
972 2101 985 2123 9
1003 2113 1034 2118 —-
1051 2101 1183 2129 passionem
1201 2102 1309 2124 sustinuit
1325 2102 1349 2124 in
1367 2108 1418 2130 pro-

854 2140 903 2168 prio
921 2146 1031 2169 corpore,
1049 2140 1113 2169 quod
1136 2141 1245 2163 assumsit
1269 2141 1298 2163 de
1325 2141 1420 2169 Virgine

858 2179 898 2201 176
918 2180 931 2201 2

902 2231 930 2234 -
948 2219 1053 2240 Retinere
1071 2218 1185 2240 debemus
1199 2220 1298 2240 formam
1317 2219 1419 2241 humani-

853 2257 904 2279 tatis
921 2257 1004 2279 Christi
1021 2256 1089 2279 nobis
1107 2257 1235 2285 impressae
1252 2258 1275 2279 in
1293 2260 1373 2280 nostra
1386 2265 1419 2281 re-

853 2296 968 2318 creatione
986 2297 1030 2318 189
1049 2297 1070 2318 3.
1089 2303 1123 2325 sq.

901 2348 930 2351 —
947 2335 993 2358 Cur
1011 2341 1051 2363 per
1069 2336 1142 2358 Deum
1160 2339 1182 2358 et
1207 2342 1252 2358 non
1269 2342 1311 2364 per
1333 2337 1420 2365 simpli-

853 2380 904 2396 cem
922 2375 1040 2396 hominem
1058 2375 1093 2396 vel
1106 2375 1172 2397 aliam
1185 2378 1315 2397 creaturam
1328 2376 1420 2398 redem-

853 2413 886 2441 pti
903 2413 976 2436 simus
1002 2414 1047 2436 225
1076 2414 1127 2436 165.
1144 2420 1180 2443 sq.
1201 2427 1227 2430 —
1250 2415 1323 2437 Deum
1342 2418 1363 2437 et
1382 2417 1419 2438 ho-

854 2453 940 2475 minem
966 2452 1136 2475 nobilissimum
1159 2454 1261 2481 oportuit
1289 2454 1419 2476 satisfacere

853 2498 895 2519 pro
913 2492 1045 2520 arrogantia
1063 2492 1150 2520 peccati
1173 2499 1215 2520 per
1232 2493 1356 2520 vilitatem,
1375 2500 1418 2522 pro

853 2531 979 2559 cupiditate
1004 2537 1045 2559 per
1070 2534 1246 2559 paupertatem,
1265 2538 1307 2560 pro
1326 2532 1417 2555 lascivia

852 2576 894 2598 per
912 2570 1062 2593 acerbitatem
1081 2571 1109 2593 14
1128 2571 1141 2593 4

900 2622 930 2625 -
947 2608 1046 2632 Fructus
1064 2610 1203 2638 praecipuus
1222 2611 1334 2638 passionis
1357 2611 1419 2634 Chri-

852 2648 881 2670 sti
898 2651 931 2671 est
948 2649 1077 2677 redemptio
1091 2649 1135 2671 224
1153 2649 1202 2671 160.
1213 2656 1265 2679 sqq.
1284 2663 1312 2666 —
1324 2651 1417 2678 Triplex

853 2689 887 2709 est
896 2687 1035 2710 beneficium
1048 2688 1214 2716 redemptionis
1227 2689 1256 2711 39
1275 2690 1311 2711 30.
1324 2696 1375 2718 sqq.
1388 2702 1419 2706 —

852 2727 935 2749 Multus
952 2728 1039 2750 fructus
1064 2727 1270 2755 incomparabilem
1293 2729 1419 2756 praecisio-

852 2771 905 2788 nem
923 2766 1006 2789 Christi
1023 2766 1161 2789 subsecutus
1178 2770 1212 2789 est
1230 2768 1269 2789 161
1294 2768 1306 2790 4

898 2818 929 2821 —
946 2811 993 2828 nno
1011 2812 1053 2828 usu
1070 2807 1173 2834 persecto
1191 2806 1281 2829 virtutis
1299 2807 1417 2829 internum

852 2844 973 2872 spoliavit,
991 2845 1079 2867 caelum
1101 2846 1200 2873 aperuit,
1226 2848 1311 2868 terram
1329 2849 1417 2869 restau-

852 2884 913 2905 ravit
931 2883 958 2905 14
977 2884 990 2906 4
1002 2896 1032 2900 -—
1044 2890 1113 2906 cruce
1126 2887 1198 2907 totum
1217 2885 1331 2907 mundum
1349 2886 1417 2908 simul

853 2925 875 2944 et
891 2923 1005 2945 infernum
1023 2923 1157 2951 subiugavit
1175 2924 1218 2946 183
1237 2925 1250 2946 2
1268 2937 1298 2940 -
1318 2925 1377 2947 Dens
1394 2925 1416 2947 in

853 2962 960 2989 passione
978 2961 1061 2985 Christi
1078 2969 1169 2985 summa
1194 2963 1305 2991 sapientia
1326 2964 1418 2991 decepit

853 3000 971 3023 diabolum
994 3001 1019 3023 14
1038 3002 1051 3023 3

1709 259 1766 282 CHR

1497 311 1527 315 --
1545 299 1631 326 patitur
1648 305 1691 327 pro
1708 302 1784 322 nostra
1805 300 1977 328 redemptione,
1995 301 2016 323 il-

1449 338 1612 365 luminatione,
1637 338 1828 367 sanctificatione,
1852 339 2016 367 glorificatione

1455 377 1480 399 13
1499 378 1511 399 3
1529 390 1560 394 -
1577 377 1660 400 Christi
1679 384 1741 400 mors
1763 378 1870 400 satisfecit
1888 384 1928 406 pro
1946 379 2017 401 00101-

1450 415 1495 438 bus
1513 416 1613 443 peccatis
1639 417 1704 439 sactis
1729 420 1751 439 et
1774 417 1856 439 fiendis
1874 418 1918 439 102
1941 418 1966 439 10
1984 430 2014 434 -

1451 454 1562 477 destruxit
1579 455 1709 478 inimicitias
1731 456 1892 484 amIcitiasque
1909 458 2016 479 reforma-

1452 494 1485 515 vit
1510 494 1567 516 inter
1592 495 1665 517 Deum
1692 498 1714 517 et
1738 496 1857 518 hominem
1888 496 1928 518 166
1952 496 1964 518 3
1987 508 2017 513 —-

1452 531 1535 554 Christi
1553 539 1615 555 mors
1632 534 1734 556 vivificat
1752 537 1856 557 mortuos
1873 534 1902 557 79
1921 535 1950 557 29

1499 584 1529 588 -
1547 574 1652 594 mortuus
1669 579 1711 600 pro
1729 573 1839 596 omnibus
1856 574 1895 596 dat
1907 574 2016 597 fiduciam

1453 611 1501 638 spei
1521 611 1533 632 8
1552 611 1565 632 3
1583 623 1614 628 -
1630 612 1672 634 Per
1689 611 1805 635 Christum
1829 613 1963 636 crucifixum
1981 615 2019 636 ha-

1453 649 1521 672 betur
1537 650 1621 672 fiducia
1639 651 1688 678 spei
1707 651 1730 673 11
1754 651 1782 673 12

1501 701 1531 705 -
1550 690 1591 711 Per
1613 690 1745 717 passionem
1768 690 1851 713 Christi
1876 694 1964 719 septem
1990 692 2018 714 si-

1454 728 1552 756 gnacula
1570 728 1646 751 clausa
1663 732 1742 757 aperta
1760 732 1813 752 sunt
1832 730 1861 752 13
1879 730 1891 752 3

1502 780 1531 783 —
1549 767 1613 790 Circa
1626 768 1757 796 passionem
1769 768 1852 792 Christi
1868 770 2018 798 credendum,

1454 806 1640 834 condolendum,
1652 807 1828 836 admirandum,
1838 809 2020 837 regratiandum,

1454 845 1627 868 assimilandum
1638 865 1642 875 ,
1660 847 1837 875 amplexandum
1846 865 1851 875 ,
1864 849 2020 876 contemplan-

1454 885 1510 907 dum
1529 885 1558 907 15
1576 885 1589 907 8
1606 898 1637 902 -
1654 885 1742 909 Christo
1754 887 1942 915 compatiendum
1956 888 1983 910 12
1996 888 2017 911 3.

1453 924 1483 946 77
1502 925 1532 947 22
1548 938 1579 940 -
1594 924 1683 948 Christo
1701 926 1889 954 compatiendum
1907 929 1932 949 ut
1949 927 2018 955 capiti

1454 966 1532 986 nostro
1552 964 1596 986 168
1615 964 1628 986 5
1653 977 1683 980 —
1704 964 1794 988 Christo
1811 966 1921 988 solvenda
1948 966 2020 989 devo-

1455 1003 1522 1025 tionis
1539 1003 1656 1031 gratitudo
1674 1006 1696 1026 et
1707 1005 1875 1032 compassionis
1884 1005 1978 1028 affectus
1989 1006 2020 1028 77

1455 1042 1483 1064 24
1495 1055 1526 1059 -
1538 1043 1580 1064 Ρο1
1596 1043 1766 1070 compassionis
1782 1044 1889 1066 affectum
1907 1044 2020 1068 debemus

1454 1081 1544 1104 Christo
1562 1082 1670 1110 coniungi
1690 1083 1718 1104 12
1736 1083 1749 1105 3
1768 1096 1797 1098 -
1809 1083 1885 1105 Fletus
1902 1086 1924 1106 et
1940 1083 2020 1106 1115110-

1454 1124 1531 1143 menta
1549 1121 1663 1149 passionis
1680 1121 1729 1144 eius
1745 1128 1788 1144 nos
1805 1122 1885 1145 saltem
1902 1123 1930 1145 ad
1949 1123 2020 1151 lacry-

1454 1166 1504 1182 mas
1521 1161 1625 1182 emollire
1641 1160 1727 1183 debent
1745 1161 1788 1183 180
1811 1162 1816 1183 1

1501 1212 1532 1216 -
1549 1202 1583 1222 051
1600 1199 1688 1227 lignum
1702 1200 1776 1227 vitae,
1789 1201 1855 1223 cuius
1869 1202 1956 1224 fructus
1968 1204 2021 1225 sunt

1454 1245 1550 1266 sapores
1567 1239 1653 1261 vivifici
1672 1239 1700 1261 86
1725 1239 1753 1261 49
1781 1252 1809 1255 —
1833 1240 1933 1268 Lignum
1959 1241 2020 1264 vitae

1453 1278 1483 1300 ad
1501 1278 1693 1301 considerandam
1711 1279 1843 1307 passionem
1867 1279 1949 1302 Christi
1974 1281 2020 1303 col-

1453 1317 1537 1339 lectum
1555 1320 1589 1340 est
1605 1323 1632 1339 ex
1649 1318 1773 1345 Evangelio
1791 1321 1899 1347 tanquam
1913 1321 2020 1347 myrrhae

1454 1356 1575 1379 fasciculus
1592 1357 1621 1379 68
1648 1358 1661 1379 2
1687 1369 1717 1373 -
1743 1358 1765 1379 10
1789 1358 1914 1386 Evangelio
1938 1358 2020 1382 diffuse

1454 1398 1563 1418 tractatur
1580 1396 1610 1418 de
1626 1396 1685 1425 vita,
1703 1397 1810 1424 passione
1822 1400 1844 1419 et
1856 1397 2020 1425 glorificatione

1453 1434 1535 1457 Christi
1554 1434 1607 1457 ibid.

1499 1487 1531 1491 —
1548 1478 1582 1497 est
1600 1476 1698 1502 fructus,
1716 1475 1755 1504 qui
1774 1475 1803 1497 de
1826 1476 1932 1504 virginali
1955 1478 2020 1499 utero

1454 1514 1519 1536 traxit
1536 1514 1648 1541 originem
1666 1516 1689 1537 et
1705 1515 1728 1536 in
1746 1515 1807 1543 ligno
1828 1515 1903 1538 crucis
1925 1516 1955 1538 ad
1971 1522 2021 1538 ma-

1454 1553 1569 1575 turitatem
1587 1559 1723 1581 saporosam
1741 1554 1847 1581 pervenit
1864 1554 1893 1576 69
1911 1554 1924 1576 3
1936 1567 1967 1571 -
1984 1557 2018 1578 051

1454 1592 1542 1614 fructus
1560 1598 1619 1615 unus
1636 1595 1658 1614 et
1675 1592 1800 1620 indivisus,
1819 1595 1895 1615 tamen
1910 1594 2020 1616 multifor-

1454 1631 1498 1653 mis
1515 1631 1645 1654 secundnm
1662 1632 1712 1654 eius
1732 1632 1869 1660 multiplices
1886 1635 1971 1660 status,
1989 1633 2020 1655 di-

1455 1671 1565 1699 gnitates,
1583 1671 1679 1693 virtutes
1695 1674 1717 1693 et
1734 1677 1805 1699 opera
1822 1671 1851 1695 ib.
1870 1671 1883 1694 4

1502 1723 1531 1725 —
1548 1712 1582 1732 051
1597 1711 1685 1733 fructus
1702 1710 1861 1738 degustandus
1873 1711 1896 1733 in
1908 1711 2016 1739 paradiso

1455 1749 1545 1771 caelesti
1563 1749 1591 1771 69
1609 1750 1622 1771 3
1641 1762 1670 1765 —-
1687 1750 1816 1772 secundum
1834 1750 1958 1773 duodecim
1976 1753 2018 1773 sta-

1454 1790 1504 1816 tus,
1521 1788 1656 1816 dignitates,
1673 1789 1770 1811 virtutes
1787 1791 1809 1811 01
1826 1796 1895 1817 opera
1914 1790 2019 1813 conside-

1454 1830 1517 1850 ratus
1534 1830 1569 1850 est
1586 1829 1672 1850 fructus
1690 1828 1756 1857 quasi
1773 1828 1817 1851 sub
1834 1829 1960 1851 duodecim
1984 1835 2020 1852 sa-

1455 1867 1552 1895 poribus
1577 1868 1736 1895 degustandus
1760 1867 1790 1891 ib.
1817 1868 1830 1890 4
1859 1880 1890 1885 —
1914 1869 2019 1897 Mysteria

1454 1906 1537 1929 Christi
1554 1910 1608 1929 sunt
1624 1908 1711 1929 fructus
1725 1907 1838 1929 suavitate
1850 1907 1987 1930 delectantes
1998 1911 2020 1931 et

1455 1946 1599 1968 virtuositate
1616 1947 1769 1969 confortantes
1786 1947 1886 1969 animam
1910 1947 2020 1970 meditan-

1455 1987 1500 2007 tem
1518 1984 1547 2008 ih,
1566 1986 1580 2008 5
1597 1998 1628 2001 —
1639 1985 1672 2008 De
1684 1985 1773 2008 Christo
1790 1985 1945 2009 meditantium
1956 1992 2020 2015 prae-

1456 2025 1548 2047 terendo
1566 2025 1647 2047 rationi
1665 2025 1749 2052 fidem,
1767 2025 1937 2053 investigationi
1949 2026 2021 2049 devo-

1455 2064 1553 2091 tionem,
1578 2064 1704 2086 curiositati
1729 2064 1911 2093 simplicitatem,
1936 2065 2019 2087 carnali

1454 2103 1531 2125 sensui
1549 2109 1642 2125 crucem
1660 2103 1742 2126 Christi
1760 2103 1814 2126 ibid.
1832 2116 1861 2119 —-
1873 2106 1907 2126 est
1919 2103 1976 2126 liber
1988 2105 2020 2126 vi—

1454 2144 1490 2165 tae
1507 2143 1606 2171 scriptus
1622 2143 1684 2165 intus
1701 2145 1724 2165 et
1740 2143 1794 2165 toris
1812 2143 1856 2165 188
1874 2144 1887 2165 2

1501 2194 1531 2198 —-
1548 2188 1590 2210 pro
1608 2181 1674 2204 nobis
1692 2188 1773 2210 passus
1790 2184 1824 2204 est
1841 2182 1962 2210 paradisus
1974 2183 2020 2205 ani-

1454 2226 1505 2243 mae
1527 2221 1568 2242 187
1587 2221 1608 2242 Ἰ1.
1630 2221 1669 2243 188
1689 2222 1702 2243 2
1719 2233 1750 2237 --
1765 2221 1887 2249 Quomodo
1905 2222 1967 2244 hunc
1979 2228 2019 2250 pa—

1453 2260 1556 2282 radisum
1575 2260 1669 2282 introire
1684 2260 1801 2287 possimus
1818 2259 1872 2283 ibid.

1500 2312 1531 2314 —
1548 2299 1656 2327 Singula,
1670 2305 1730 2327 quae
1747 2299 1777 2321 de
1794 2300 1843 2321 lesu
1856 2299 1976 2328 dicuntur,
1988 2300 2019 2323 di-

1455 2338 1563 2365 ligentius
1580 2338 1680 2365 discute,
1697 2340 1780 2361 attente
1797 2339 1917 2361 considera
1935 2341 1958 2361 et
1973 2345 2020 2362 mo-

1454 2383 1506 2399 rose
1524 2380 1637 2405 pertracta
1654 2378 1683 2399 70
1701 2377 1716 2399 b
1734 2391 1764 2393 —
1784 2377 1912 2400 Crucifixus
1936 2381 2019 2401 attente

1453 2419 1475 2438 et
1492 2416 1529 2444 pie
1547 2417 1738 2444 contemplandus
1760 2420 1794 2439 est
1811 2417 1839 2439 39
1864 2418 1901 2439 33.
1928 2417 1956 2440 40
1982 2418 2019 2440 34.

1455 2455 1479 2477 41
1501 2456 1530 2477 39
1550 2468 1579 2471 —-
1596 2456 1700 2484 pendens
1716 2456 1739 2478 in
1756 2462 1824 2478 cruce
1838 2456 2020 2479 considerandus

1453 2494 1482 2516 79
1501 2495 1530 2516 29
1549 2507 1579 2511 -
1596 2495 1619 2517 10
1637 2501 1705 2517 01000
1722 2495 1760 2523 pie
1777 2496 1970 2523 contemplandus
1986 2499 2020 2519 est

1454 2534 1498 2556 172
1517 2534 1530 2556 3
1550 2547 1578 2549 -
1590 2535 1678 2557 Attente
1690 2535 1840 2562 contemplari
1853 2534 1966 2557 debemus
1978 2541 2020 2558 vo-

1453 2573 1573 2595 luntariam
1587 2573 1669 2596 Christi
1682 2573 1873 2596 deformationem
1883 2574 2018 2597 exteriorem

1453 2618 1506 2634 cum
1524 2612 1608 2635 decore
1625 2613 1733 2635 interiore
1751 2613 1790 2635 171
1807 2613 1822 2634 7
1834 2625 1864 2629 -
1876 2612 1958 2636 Christi
1970 2619 2019 2636 cru-

1453 2651 1511 2674 cifixi
1529 2652 1619 2679 005510,
1636 2651 1714 2679 labor,
1734 2652 1800 2674 dolor
1817 2655 1839 2674 et
1857 2658 1923 2675 amor
1948 2653 2019 2675 consi-

1453 2691 1555 2713 deranda
1573 2691 1697 2718 memoria,
1714 2691 1826 2714 intellectu
1845 2694 1866 2714 et
1883 2692 1964 2714 affectu
1988 2692 2017 2713 68

1457 2731 1461 2751 1
1493 2742 1523 2746 —
1548 2730 1582 2752 Ad
1600 2730 1715 2753 Christum
1733 2730 1900 2758 egrediendum
1926 2733 1960 2753 est
1978 2737 2018 2758 per

1452 2769 1610 2792 admirationis
1627 2772 1759 2797 aspectum,
1776 2769 1930 2798 attendendo,
1953 2770 2016 2798 quod

1453 2807 1580 2830 immensus
1597 2810 1631 2830 est
1647 2810 1770 2836 potestate,
1788 2808 1944 2837 speciositate,
1969 2808 2016 2830 seli-

1452 2847 1526 2874 citate‚
1544 2847 1675 2869 aeternitate
1693 2847 1721 2869 13
1738 2847 1751 2869 3

1498 2898 1529 2902 -
1545 2886 1581 2908 Ad
1597 2886 1813 2909 rememorationem
1832 2886 1914 2914 piaculi
1938 2886 2017 2909 mortis

1453 2924 1535 2947 Christi
1548 2931 1587 2947 cor
1600 2926 1728 2948 humanum
1741 2928 1827 2948 terrore
1838 2925 2017 2948 concutiendum

1452 2964 1482 2985 79
1501 2965 1529 2986 29
1546 2976 1577 2980 -
1595 2964 1717 2992 Quomodo
1735 2964 1817 2987 Christi
1835 2965 1954 2992 passiones
1966 2970 2017 2986 con-

1454 3003 1598 3031 templandae
1615 3004 1660 3026 sint
1678 3004 1721 3026 188
1740 3004 1753 3025 2
1766 3016 1796 3020 -
1812 3004 1858 3026 Α115
1870 3004 1922 3026 fidei
1935 3006 1956 3026 et
1967 3003 2016 3031 spei
