2133 3317
145 440 260 459 Secundum.

149 1560 264 1579 Notandum.

152 2343 266 2366 Secundum,

156 2367 176 2386 in
189 2367 264 2386 effectu.

152 2390 180 2410 De
189 2391 224 2410 huc
231 2391 275 2410 tria.

171 2414 254 2433 Primum

156 2438 269 2463 principale.

277 230 333 259 638

278 309 416 334 secundum
431 308 533 333 verbum
553 308 653 333 Domini
671 307 776 332 dicentis
789 306 814 331 ¹:
848 307 898 339 Qui
917 308 989 332 anmi
1009 308 1128 338 patrem,

277 354 324 377 ant
341 353 464 383 matrem,
479 353 526 376 out
538 351 609 381 filios
617 351 681 381 pins
694 358 774 381 qnam
786 358 825 375 nze
832 369 839 381 ‚
853 358 906 375 non
920 351 956 375 est
968 357 1007 375 one
1025 350 1128 381 diffinis.

349 396 391 419 22.
410 394 458 419 Est
476 395 561 419 autem
580 394 645 418 alius
665 401 739 418 amor
759 393 890 424 carnaiis,
910 393 1045 418 secundum
1064 392 1129 424 quod

279 446 339 463 caro
358 438 431 463 sonat
449 439 474 462 in
493 438 602 468 vitium,
622 438 664 468 (1111
683 444 711 461 ex
730 436 888 467 corruptione
907 437 989 461 carnis
1002 436 1128 466 nascitur,

278 482 307 506 ut
326 489 380 506 cnm
401 482 456 513 quis
475 481 507 506 ad
525 481 601 505 aliam
621 487 752 512 personam
777 480 811 504 sic
833 480 980 511 quandoque
1007 480 1129 509 afficitur,

279 525 351 555 quod,
370 525 428 549 licet
446 525 473 549 in
492 524 550 549 actu
569 524 664 555 peccati
682 530 818 548 consensus
836 530 887 547 non
904 523 1071 552 interveniat,
1091 523 1131 547 ta-

278 575 335 592 men
354 567 385 591 ad
404 567 487 592 actum
505 567 577 591 illum
606 567 665 591 talis
692 566 789 590 affectio
814 566 958 597 aliqualiter
985 566 1130 595 ordinatur;

279 610 343 642 quod
363 618 391 635 ex
410 611 462 635 eius
480 609 608 639 fiuctibus
626 609 814 640 comprobatur,
834 616 889 633 011111
914 609 1007 634 scilicet
1033 616 1061 634 ex
1080 616 1131 633 mu-

279 654 324 678 tua
345 654 506 678 collocutione
525 653 564 678 vel
583 652 700 678 societate
718 652 758 677 vel
776 652 880 683 aspectu
905 653 945 677 vel
965 653 1020 677 visu
1048 653 1131 677 carnis

280 696 375 721 stimuli
394 696 518 722 oriuntur.
539 696 644 721 Constat
662 696 745 720 autem
765 695 899 720 secundum
927 695 1078 727 Apostolum
1100 695 1131 719 ad

278 740 403 764 Romanos
418 738 435 769 ²,
454 739 519 770 quod
537 739 561 763 si
579 739 648 763 rami
665 739 720 763 sint
736 738 816 769 mati,
836 739 860 762 et
878 738 957 763 radiae
969 739 1047 763 etiam
1059 738 1131 762 mala

280 783 335 808 erit.
354 783 408 807 Hoc
426 783 501 807 etiam
522 782 605 813 patet,
625 782 690 813 quod
708 781 785 806 habet
803 781 925 806 rationem
945 781 1053 813 peccati,
1073 781 1132 812 quia

280 834 309 851 ex
327 826 374 851 tali
392 826 521 851 affectione
540 825 604 850 ratio
617 825 713 850 amittit
726 825 872 854 dominium,
887 825 912 850 et
924 825 1042 850 voluntas
1056 825 1131 849 etiam

280 870 402 894 rationem
421 869 568 900 quaudoque
587 869 656 900 sequi
668 876 718 893 non
732 868 829 899 potest,
843 868 889 893 tali
901 868 1030 893 affectione
1044 868 1130 899 ligata,

280 920 334 938 cum
355 913 449 937 scilicet
467 912 571 937 affectus
591 912 710 937 trahatur
730 912 761 936 ad
780 912 938 944 cogitandum
952 911 981 936 de
995 919 1021 936 re
1034 911 1131 940 amata,

280 964 325 981 nec
344 956 377 981 sit
395 957 420 981 in
441 956 566 987 potestate
584 956 637 980 eius
664 955 839 987 cogitationem
866 954 1004 984 dimittere3
1030 955 1144 985 insuper·

281 1000 306 1025 et
324 1000 355 1024 ad
375 999 420 1024 Dei
438 999 594 1024 dilectionem
608 997 617 1011 ⁸
636 999 729 1023 elevari
747 1006 797 1023 non
816 998 913 1029 potest,
932 998 978 1023 tali
1004 997 1132 1022 affectione

281 1044 415 1075 depressa,·
432 1044 536 1074 insuper
555 1043 580 1067 et
599 1042 745 1074 quandoque
764 1043 875 1073 corporis
894 1042 1071 1066 detrimentum
1098 1042 1133 1066 in-

281 1087 368 1112 currit.
388 1087 449 1111 Cum
467 1086 546 1118 igitur
564 1086 655 1117 aliquis
674 1093 699 1110 se
719 1086 824 1110 scienter
836 1085 975 1114 inebrians,
990 1085 1047 1116 quia
1060 1092 1133 1109 usum

282 1131 307 1155 et
326 1124 601 1161 potestatem'rationis
620 1128 762 1154 voluntarie
775 1128 871 1152 amittit
888 1127 913 1153 et
934 1128 959 1152 in
973 1135 1063 1158 corpus
1077 1135 1134 1158 pro-

282 1175 364 1205 prium
384 1173 483 1204 peccat,
504 1174 561 1204 quia
580 1180 609 1197 ex
627 1172 673 1197 hoc
691 1172 859 1197 deterioratur
877 1172 903 1196 in
922 1178 1036 1202 corpore;
1054 1171 1133 1195 multo

282 1217 391 1248 amplius
410 1216 521 1245 videtur,
542 1215 607 1246 quod
626 1216 669 1246 qui
689 1216 715 1239 in
735 1215 811 1239 talem
831 1214 968 1239 affectionis
987 1214 1133 1239 servitutem

283 1267 309 1284 se
328 1260 434 1284 scienter
453 1259 532 1284 iniicit
545 1258 563 1288 ⁴,
583 1266 638 1283 cum
657 1265 707 1283 non
726 1258 763 1282 ita
782 1258 830 1282 cito
850 1258 915 1282 sicut
927 1257 1035 1282 ebrietas
1053 1257 1135 1281 trans—

283 1303 337 1333 eat,
357 1303 442 1334 peccat
461 1302 611 1327 mortaliter.
630 1301 700 1326 Unde
720 1301 745 1326 et
762 1300 808 1325 1100
827 1301 926 1325 videtur
945 1300 1024 1325 dicere
1051 1300 1135 1331 Augu-

284 1346 366 1371 stinus
385 1346 410 1370 in
430 1345 549 1377 Speculo,
569 1352 624 1370 cum
643 1345 672 1369 de
691 1344 785 1369 talibus
804 1344 877 1369 dicit:
902 1354 914 1366 (ι
927 1343 1066 1369 Secundum
1081 1350 1135 1368 con-

284 1389 461 1420 cupiscentiam
481 1389 564 1413 carnis
583 1388 707 1412 alterutro
727 1387 883 1412 delectantur
903 1387 1006 1419 ardore,
1024 1387 1049 1411 et
1071 1386 1135 1411 inta-

283 1432 331 1457 ctis
349 1431 424 1456 etiam
443 1431 475 1456 ab
492 1431 621 1456 immunda
634 1430 767 1455 violatione
780 1430 938 1461 corporibus,
951 1430 1018 1462 fugit
1030 1429 1135 1454 castitas

283 1476 339 1507 ipsa
357 1475 386 1500 de
405 1474 516 1499 moribus
528 1484 552 1500 2).

355 1517 398 1542 23.
416 1517 485 1542 Sicut
503 1517 587 1542 autem
607 1516 701 1548 supra⁵
721 1516 814 1541 dictum
834 1516 885 1546 est,
906 1516 970 1547 quod
989 1516 1135 1547 quandoque

284 1561 392 1587 ebrietas
410 1561 531 1586 rationem
551 1560 666 1586 mortalis
684 1567 734 1585 non
752 1559 843 1589 habet,
857 1567 912 1584 cum
930 1560 1021 1591 aliquis
1034 1559 1136 1584 fortitu-

284 1605 340 1629 dine
358 1605 410 1629 vini
430 1604 470 1629 vel
489 1603 627 1629 conditione
647 1603 771 1634 decipitur
789 1610 839 1628 non
858 1603 1008 1633 advertens;
1029 1603 1063 1628 sic
1076 1603 1101 1627 et
1115 1603 1135 1627 si

283 1649 339 1680 quis
358 1655 401 1679 per
426 1647 616 1672 contubernium
644 1654 764 1678 personae
792 1646 897 1671 alicuius
923 1647 948 1670 in
971 1646 1048 1671 talem
1076 1645 1135 1670 affe-

283 1692 389 1716 ctionem
408 1690 502 1715 incidat
520 1697 570 1715 non
593 1689 740 1719 advertens,
760 1697 809 1714 non
834 1689 968 1714 iudicarem
992 1689 1134 1720 peccatum,

284 1735 326 1759 sed
345 1734 429 1766 potius
448 1734 598 1765 passionem.
617 1733 642 1758 Si
661 1733 746 1758 tamen
765 1732 898 1758 advertens
917 1732 1054 1757 affectionis
1074 1733 1136 1763 peri-

283 1779 366 1804 eulum
385 1777 453 1803 fovet
478 1777 502 1802 et
530 1777 684 1802 affectionem
704 1777 799 1805 nutrit,
819 1777 869 1801 iam
888 1777 914 1800 in
932 1776 1008 1801 talem
1027 1776 1136 1801 affectio-

283 1829 340 1847 nem
358 1821 490 1846 consentit.
508 1820 533 1845 Si
551 1821 635 1845 autem
653 1820 744 1851 aliquis
757 1820 834 1845 talem
850 1819 1003 1844 affectionem
1017 1819 1135 1849 sentiret,

284 1866 309 1890 et
328 1872 424 1895 semper
444 1864 587 1895 displiceret
605 1863 695 1892 eidem,
710 1863 754 1888 aut
768 1863 789 1888 si
802 1863 868 1888 esset
880 1870 974 1894 urgens
991 1862 1135 1892 necessitas,

284 1909 324 1934 vel
343 1915 434 1940 magna
452 1907 552 1932 utilitas
571 1906 717 1932 convivendi
739 1907 779 1931 vel
805 1906 960 1937 colloquendi
986 1906 1026 1930 vel
1053 1912 1136 1931 conso-

283 1952 353 1977 landi
372 1958 492 1982 personas
510 1950 665 1980 huiusmodi3
684 1957 733 1975 non
753 1950 877 1975 crederem
896 1949 1055 1974 iudicandum
1074 1956 1137 1974 mor-

284 1996 349 2025 tale,
368 1995 417 2020 nisi
435 2002 480 2026 per
498 1995 575 2019 talem
593 1994 748 2019 affectionem
768 1993 874 2018 sentiret
892 1994 918 2018 in
937 2001 963 2018 se
975 1993 1085 2019 notabile
1099 1993 1137 2018 de-

284 2038 431 2063 trimentum
451 2037 629 2069 spiritualium.
648 2036 682 2061 Et
702 2037 722 2061 si
741 2036 806 2061 forte
834 2036 893 2061 talis
921 2036 988 2061 esset
1016 2043 1136 2068 persona,

285 2089 360 2113 quam
379 2080 506 2113 oporteret
524 2080 596 2106 actus
615 2080 760 2112 spirituales
779 2087 904 2109 exercere,
924 2079 949 2104 et
968 2087 1012 2111 per
1030 2079 1076 2105 1100
1094 2080 1137 2104 1111-

286 2125 426 2157 pediretur,
446 2132 477 2149 ne
496 2124 582 2156 posset
600 2124 703 2155 implere
732 2123 839 2148 officium
867 2123 1050 2154 competentem
1069 2123 1137 2152 tunc,

284 2168 344 2193 licet
361 2168 387 2192 in
405 2168 522 2193 societate
542 2174 662 2198 personae
680 2167 749 2191 illius
768 2166 853 2198 posset
871 2166 941 2197 sequi
962 2165 1076 2196 utilitas,
1101 2166 1138 2190 ta-

286 2219 342 2236 men
361 2219 390 2236 011
408 2211 492 2236 ordine
511 2210 626 2235 caritatis
648 2209 749 2234 tenetur
778 2209 929 2234 occasionem
957 2209 1053 2238 vitare,
1082 2216 1138 2234 cum

286 2254 405 2279 damnum
424 2261 497 2279 suum
515 2254 596 2285 magis
616 2260 691 2284 quam
709 2253 815 2277 alterius
834 2252 915 2277 vitare
941 2251 1065 2277 teneatur.

357 2298 400 2322 24.
419 2297 500 2327 Item,
520 2304 549 2322 ex
567 2296 696 2321 affectione
715 2296 811 2321 carnali
828 2296 855 2320 in
881 2295 972 2325 effectu
991 2296 1072 2320 oritur
1100 2302 1139 2320 ac-

288 2341 368 2372 ceptio
391 2347 568 2372 personarum
596 2339 622 2364 et
637 2339 768 2370 perversio
788 2338 889 2363 ordinis
907 2338 1025 2363 caritatis
1050 2337 1075 2363 et
1102 2337 1139 2368 fa-

288 2392 333 2410 vor
350 2383 424 2409 maii.
441 2398 478 2401 —
497 2383 568 2409 Circa
586 2383 707 2414 primum,
728 2382 821 2407 scilicet
839 2382 869 2407 de
892 2382 1037 2413 acceptione
1050 2389 1139 2413 perso-

288 2434 397 2458 narum,
416 2426 455 2452 est
473 2426 629 2456 notandum,
657 2426 722 2458 quod
750 2425 860 2457 acceptio
883 2432 1059 2456 personarum
1086 2425 1138 2455 est,

287 2477 343 2496 011111
352 2470 427 2495 alicui
439 2477 560 2502 personae
572 2469 667 2501 aliquid
679 2468 799 2494 utilitatis
811 2468 972 2500 impenditur,
986 2475 1043 2493 cum
1055 2467 1140 2493 tamen

286 2513 350 2538 illud
367 2513 431 2538 idem
451 2513 556 2538 faciendi
574 2513 649 2538 alteri
667 2513 746 2538 maior
770 2511 835 2537 ratio
860 2511 1018 2542 inveniatur;
1045 2511 1070 2536 et
1094 2511 1141 2536 hoc

287 2557 385 2589 quidem
405 2564 434 2582 ex
457 2556 587 2582 affectione
612 2556 757 2581 inordinata
784 2555 865 2581 oritur
884 2555 909 2580 et
928 2555 1015 2580 contra
1036 2554 1139 2586 Legem,

288 2600 357 2625 iuxta
375 2600 438 2626 illud
465 2600 651 2626 Deuteronomii
674 2600 754 2631 primo
768 2597 791 2623 ⁰:
815 2599 878 2624 Non
901 2598 1031 2629 accipietis
1055 2598 1142 2623 cnius-

728 228 924 257 OPUSCULUM
946 228 975 256 Il.
997 227 1168 256 SPECULUM
1190 227 1434 257 CONSCIENTIAE.
1456 228 1524 256 CAP.
1547 228 1587 256 ΙΙΙ.

1186 314 1264 338 quani
1277 314 1428 338 personant.
1448 307 1515 331 Haec
1534 306 1619 331 autem
1648 306 1758 337 acceptio
1774 313 1947 337 pcrsonarwm
1976 314 2036 338 qua·
2048 307 2133 337 Fructum,

1185 350 1322 381 druplicem
1340 349 1454 380 fructum
1473 350 1562 379 habet,
1582 350 1640 381 quia
1659 350 1685 374 in
1705 349 1843 381 beneficiis,
1866 349 2035 381 electionibus,

1186 393 1327 417 honoribus
1346 393 1371 417 et
1390 393 1501 418 indiciis.
1522 407 1557 410 ——
1575 393 1606 417 In
1627 392 1752 423 benefieiis
1778 392 1816 417 est
1834 392 1981 423 dupliciter,
2007 393 2037 417 ut

2071 337 2126 372 druplly

2058 398 2087 417 Pri
2090 391 2131 422 murts

1185 443 1241 461 cum
1261 436 1354 460 dantur
1378 436 1499 466 beneficia
1526 436 1695 461 ecelesiastica
1723 436 1748 461 et
1777 435 1938 466 temporalia.
1967 435 2037 460 Circa
2053 423 2133 472 {elssffi'}

1186 479 1344 504 collationem
1364 478 1543 509 beneficiorum
1562 479 1789 503 ecclesiasticorum
1802 478 1863 503 tunc
1874 479 1988 510 intelligo
2001 486 2038 504 ac—

1186 522 1323 553 ceptionem
1337 529 1500 553 personarum
1519 521 1609 546 habere
1629 522 1750 547 rationem
1770 522 1898 552 mortalis,
1917 530 1972 547 cum
1997 523 2039 547 be-

1186 566 1299 590 neficium
1321 565 1514 590 ecclesiasticum
1534 565 1607 589 alicui
1635 565 1737 596 indigno
1762 565 1902 595 confertur,
1932 565 2038 591 scienter

1187 608 1269 639 dignis
1281 608 1436 639 postpositis,
1450 608 1501 632 sive
1514 608 1548 632 sit
1560 607 1654 632 intuitu
1667 608 1900 639 consanguinitatis,
1914 609 1953 633 vel
1964 608 2039 633 etiam

1187 651 1299 676 beneficii
1317 651 1477 682 temporalis,
1497 651 1536 675 vel
1555 651 1693 676 affectionis
1712 652 1844 683 specialis;
1864 652 1980 676 similiter
1998 659 2039 677 au-

1187 694 1237 719 tem
1257 695 1281 719 et
1299 693 1449 725 indignum⁷
1469 694 1561 725 ettyere
1586 694 1617 718 ad
1647 694 1796 725 dignitatem
1821 694 1957 724 Ecclesiae,
1981 702 2038 720 con-

1188 738 1283 768 tempto
1303 744 1412 768 paupere
1431 737 1600 762 instructiore.
1620 737 1689 762 Unde
1709 737 1868 769 Augustinus
1879 729 1959 769 ⁴super
1977 738 2040 763 illud

1188 780 1271 805 Iacobi
1283 780 1399 805 secundo:
1409 779 1498 805 Nolite
1508 780 1536 804 in
1541 787 1717 811 personarunt
1728 781 1870 811 acceptione
1880 781 1925 806 etc.
1934 790 1939 805 ε
1951 790 1964 803 «
1972 780 2039 811 Quis,

1188 824 1283 855 inquit,
1303 823 1380 852 ferat,
1400 823 1421 847 si
1440 823 1496 854 quis
1515 823 1617 847 divitem
1631 823 1709 854 eligat
1728 824 1759 848 ad
1779 823 1861 848 sedem
1874 823 1975 849 honoris
1993 824 2040 850 Ec-

1189 867 1290 897 clesiae,
1311 867 1452 898 contempto
1472 874 1581 898 paupere
1599 866 1760 892 instructiore
1782 867 1807 892 et
1826 867 1949 893 sanctiore
1962 869 1997 892 »9

1260 911 1303 935 25.
1322 910 1346 935 Si
1366 910 1449 935 autem
1469 911 1520 935 sint
1548 911 1703 941 temporalia
1732 910 1864 942 beneficia,
1891 912 1925 936 sic
1952 912 1978 937 in
2006 913 2041 937 eis

1191 954 1273 985 potest
1292 961 1345 978 esse
1364 961 1526 984 personarum
1547 953 1656 985 acceptio
1676 954 1782 979 mortale
1802 954 1929 985 peccatum
1958 955 1983 979 in
2002 962 2042 980 ne-

1189 997 1317 1022 cessitatis
1330 995 1454 1027 articulo,
1474 996 1572 1028 quando
1591 997 1646 1028 quis
1660 996 1760 1021 tenetur
1773 997 1918 1022 beneficium
1931 997 2041 1023 conferre

1190 1048 1219 1065 ex
1238 1039 1384 1071 praecepto,
1404 1040 1434 1064 ut
1452 1047 1507 1064 cum
1527 1039 1602 1064 datur
1620 1040 1764 1064 beneficium
1783 1040 1821 1065 1111
1840 1041 1883 1071 (1111
1908 1048 1957 1066 11011
1982 1041 2042 1066 indi-

1190 1083 1244 1115 get,
1264 1083 1360 1108 ratione
1379 1083 1483 1107 alicuius
1503 1082 1664 1114 particularis
1682 1084 1787 1113 amoris,
1802 1084 1827 1108 et
1845 1084 1887 1108 ille
1906 1085 1948 1116 qui
1960 1084 1999 1109 est
2016 1085 2042 1110 111

1191 1126 1262 1152 arcta
1280 1126 1441 1155 necessitate,
1461 1126 1637 1151 contemnitur.
1666 1127 1697 1151 In
1716 1127 1756 1151 his
1775 1127 1873 1157 autem,
1899 1128 1925 1152 in
1953 1128 2043 1160 quibus

1191 1178 1241 1195 non
1268 1170 1369 1195 tenetur
1393 1171 1449 1201 quis
1467 1170 1540 1200 dare,
1564 1178 1614 1195 non
1639 1170 1706 1195 cadit
1730 1170 1839 1202 acceptio
1865 1178 2042 1202 personarum,

1192 1213 1326 1238 secundum
1354 1213 1416 1237 illud
1448 1211 1608 1237 Matthaei⁸z
1635 1212 1692 1238 Aut
1716 1221 1769 1238 non
1797 1213 1855 1238 iicet
1881 1213 1947 1238 milti
1974 1214 2044 1245 quod

1191 1256 1249 1281 volo
1267 1255 1370 1285 fucere?

1264 1299 1305 1325 26.
1326 1299 1397 1323 Circa
1414 1299 1531 1328 tertium,
1546 1299 1639 1324 scilicet
1651 1299 1679 1324 do
1693 1300 1834 1331 acceptione
1847 1300 1875 1325 in
1888 1300 2043 1333 honoribus,

1193 1342 1231 1367 est
1249 1342 1401 1371 notandum,
1421 1342 1486 1373 quod
1505 1349 1560 1367 enm
1586 1343 1641 1373 quis
1670 1342 1750 1367 solum
1775 1342 1872 1368 ratione
1899 1343 2042 1369 divitiarum

1192 1385 1330 1411 honoratur
1349 1386 1442 1417 absque
1471 1385 1566 1410 ratione
1590 1385 1693 1410 virtutis
1721 1386 1761 1410 vel
1790 1386 1884 1416 status,
1915 1387 2043 1418 peccatum

1192 1429 1242 1459 est,
1257 1429 1391 1454 secundum
1404 1429 1467 1453 illud
1479 1428 1582 1453 Glossae
1593 1427 1616 1453 ⁹:
1635 1438 1647 1450 «
1661 1428 1812 1461 Quicumque
1826 1429 1927 1455 divitem
1941 1431 2044 1462 propter

1192 1473 1294 1497 divitias
1312 1472 1431 1501 honorat,
1451 1472 1574 1503 peccat».
1603 1472 1634 1497 In
1653 1472 1699 1497 1100
1726 1472 1811 1497 autem
1840 1473 1926 1504 posset
1953 1473 2043 1499 habere

1192 1516 1314 1541 rationem
1333 1516 1462 1545 mortalis,
1482 1516 1511 1540 ut
1530 1516 1551 1540 si
1570 1516 1626 1547 quis
1645 1523 1768 1547 pauperes
1788 1517 1888 1542 sanctos
1907 1517 2046 1543 contemne-

1193 1560 1232 1584 ret
1256 1566 1300 1583 nec
1327 1559 1362 1583 eis
1390 1558 1486 1583 ratione
1515 1558 1659 1583 sanctitatis
1688 1558 1805 1584 honorem
1831 1560 1975 1591 praestaret
2001 1568 2046 1586 nec

1192 1603 1299 1634 aliquem
1318 1602 1367 1626 nisi
1386 1601 1487 1626 divitem
1508 1602 1547 1626 vel
1572 1601 1699 1632 potentem
1724 1602 1847 1627 honorare
1871 1603 1961 1633 vellet,
1990 1611 2045 1629 cum

1192 1645 1326 1670 secundum
1345 1640 1526 1676 Philosophum
1540 1643 1569 1674 ¹⁰,
1593 1654 1606 1666 κ
1617 1644 1696 1670 honor
1713 1653 1763 1670 11011
1782 1646 1816 1670 sit
1828 1646 1897 1671 aliud
1909 1647 1958 1671 nisi
1974 1646 2046 1672 testi-

1193 1689 1302 1714 monium
1321 1688 1425 1713 virtutis
1438 1698 1463 1712 ».

2069 470 2123 493 primu

2061 910 2133 932 secuntur

2060 1298 2123 1318 Tertio*

2120 1632 2124 1673 ἰ

1264 1732 1306 1756 27.
1327 1732 1397 1757 Circa
1416 1731 1534 1763 quartum
1553 1731 1599 1756 hoc
1617 1731 1755 1757 notandum
1775 1732 1887 1762 videtur,
1914 1733 1978 1764 quod
2003 1722 2122 1765 (1111(ἒῑ11πῑ,Ἰ

1193 1777 1228 1802 sic
1246 1783 1379 1808 personam
1397 1776 1423 1800 in
1442 1775 1538 1800 indicio
1557 1775 1648 1806 accipit
1672 1783 1687 1800 a
1715 1783 1773 1801 vero
1797 1776 1886 1802 iudicio
1911 1777 2044 1807 deviando,
2060 1786 2064 1791 ·

1192 1819 1324 1845 manifeste
1343 1819 1403 1844 facit
1422 1818 1510 1843 contra
1528 1818 1652 1843 iustitiam
1672 1818 1697 1843 et
1716 1819 1821 1850 proximi
1847 1819 1992 1850 caritatem,
2021 1821 2046 1845 et

1192 1863 1229 1888 ita
1247 1870 1297 1888 non
1316 1862 1355 1887 est
1375 1862 1490 1891 dubium,
1505 1862 1565 1893 quin
1579 1862 1662 1893 peccet
1674 1861 1830 1892 mortaliter3
1843 1862 1909 1887 unde
1922 1862 1947 1888 et
1959 1862 2047 1888 contra

1193 1907 1285 1938 Legem
1309 1906 1361 1935 est,
1390 1913 1453 1937 quae
1480 1904 1589 1930 dicitu:
1618 1906 1681 1931 Non
1710 1905 1820 1937 accipies
1834 1913 1975 1937 personam
2002 1913 2047 1932 nec

1193 1956 1317 1980 munera,
1335 1950 1365 1974 nt
1383 1956 1399 1973 a
1417 1956 1475 1973 vero
1494 1948 1582 1973 iudicio
1601 1947 1690 1973 devies.

1265 1992 1307 2017 28.
1327 1992 1398 2018 Circa
1417 1992 1551 2017 secundum
1570 1992 1715 2023 principale,
1729 1992 1794 2023 quod
1808 2000 1836 2017 ex
1849 1992 1978 2018 affectione
1991 2001 2045 2019 car-

1193 2037 1246 2061 nali
1264 2036 1358 2065 oritur,
1378 2035 1472 2060 scilicet
1491 2035 1519 2060 de
1534 2035 1699 2066 perversione
1721 2035 1822 2060 ordinis
1839 2036 1973 2068 caritatis,
1999 2036 2045 2062 hoc

1194 2080 1274 2111 primo
1293 2079 1431 2104 notandum
1451 2078 1503 2108 est,
1524 2078 1589 2110 quod
1613 2078 1706 2103 caritas
1735 2079 1851 2104 ordinata
1878 2086 1931 2104 esse
1959 2079 2045 2110 debet,

1195 2123 1329 2148 secundum
1342 2122 1405 2147 illud
1419 2122 1515 2147 Cantici
1529 2120 1563 2146 ¹²:
1581 2121 1720 2147 Ordinavii
1733 2122 1761 2146 in
1773 2129 1812 2146 me
1825 2122 1966 2147 caritatem.
1981 2122 2047 2153 Qua-

1194 2166 1253 2191 tuor
1271 2165 1353 2190 autem
1374 2165 1434 2190 sunt
1453 2165 1587 2190 secundum
1605 2164 1736 2189 caritatem
1763 2165 1889 2197 diligenda
1913 2173 1958 2197 per
1985 2166 2047 2192 ordi-

1194 2217 1264 2234 nem:
1284 2209 1371 2239 Dens,
1390 2215 1449 2239 nos,
1466 2208 1605 2239 proximus
1623 2208 1648 2233 et
1667 2215 1761 2239 corpus
1778 2209 1904 2234 nostrum.
1931 2209 1979 2234 Hic
2006 2217 2048 2234 au-

1195 2252 1246 2277 tem
1265 2252 1324 2277 ordo
1343 2251 1382 2277 est
1403 2252 1559 2276 necessarius
1586 2251 1618 2276 ad
1646 2251 1755 2276 salutem
1783 2251 1898 2282 respectu
1926 2252 2047 2278 bonorum

1195 2295 1377 2326 spiritualium,
1398 2295 1491 2319 scilicet
1516 2294 1581 2326 quod
1608 2301 1678 2319 amor
1706 2294 1811 2319 alicuius
1839 2294 1969 2320 creaturae
1997 2295 2047 2321 Deo

1194 2338 1341 2363 nullatenus
1359 2337 1531 2369 praeferatur;
1551 2337 1625 2367 item,
1645 2338 1710 2369 quod
1728 2344 1778 2363 non
1797 2337 1873 2363 faciat
1891 2338 1983 2370 aliquis
1996 2346 2048 2370 peo-

1195 2381 1279 2407 catum
1307 2381 1411 2413 propter
1438 2381 1593 2406 dilectionem
1619 2381 1738 2412 proximi;
1763 2382 1836 2412 item,
1865 2381 1931 2413 quod
1958 2389 2048 2414 corpus

1196 2425 1325 2457 proprium
1344 2431 1394 2449 non
1413 2423 1514 2449 tantum
1533 2423 1637 2456 diligat,
1657 2424 1722 2456 quod
1735 2431 1763 2449 ex
1776 2424 1823 2450 hoc
1841 2424 1942 2456 aliquod
1952 2423 1973 2436 ²⁸
1993 2431 2049 2456 pec—

1196 2467 1280 2493 catum
1298 2466 1375 2492 vellet
1393 2467 1560 2497 committere3
1579 2467 1653 2497 item,
1673 2467 1738 2499 quod
1750 2467 1858 2492 salutem
1870 2467 1976 2499 proximi
1994 2474 2049 2499 pro-

1196 2511 1245 2543 prii
1263 2511 1373 2542 corporis
1391 2510 1517 2536 dilectioni
1536 2510 1683 2542 praeponat.

1267 2554 1310 2579 29.
1329 2553 1429 2579 Tertius
1447 2553 1550 2584 fructus
1562 2553 1700 2579 affectionis
1712 2554 1822 2579 carnalis
1835 2553 1874 2579 est
1886 2553 1961 2584 favor
1973 2553 2045 2586 maii,

1197 2597 1222 2622 et
1239 2597 1287 2622 hoc
1310 2596 1340 2621 fit
1367 2597 1454 2621 multis
1482 2597 1576 2627 modis;
1607 2597 1754 2628 quandoque
1781 2597 1847 2622 enim
1876 2604 1905 2622 ex
1929 2597 2048 2622 familiari

354 2789 362 2802 ¹
380 2790 456 2812 Manu.
478 2790 516 2817 10,
534 2789 571 2812 37.

353 2820 362 2833 ²
381 2821 436 2849 Cap.
455 2821 492 2849 tl,
514 2821 547 2843 ¹6.

353 2851 362 2864 ³
380 2853 430 2875 Vat.
449 2851 627 2875 delectationem
643 2857 687 2880 pro
704 2850 859 2874 dilectionem.

353 2883 363 2895 ¹
379 2883 435 2906 Cod.
454 2883 571 2907 immiscet
586 2889 629 2911 pro
652 2882 732 2906 im'icz‘t.
759 2883 829 2905 Porro
855 2883 919 2905 locus
941 2883 1039 2911 August.
1061 2886 1095 2905 est
1116 2882 1139 2904 in

290 2915 378 2958 Regu?
392 2915 426 2956 ad
442 2921 523 2937 servos
541 2915 588 2941 Dei,
606 2921 627 2937 n.
645 2914 667 2937 6.
689 2917 711 2937 et
727 2915 800 2949 Epist.
816 2914 869 2936 21].
888 2914 953 2949 (alias
972 2914 1034 2942 109.)
1052 2920 1074 2948 n.
1102 2914 1137 2935 to.

292 2946 490 3000 deindehgimi'nge
506 2945 729 3005 prohgiaiagaenfed
747 2947 828 2975 ponus
846 2945 897 2967 vat.
920 2946 1139 2999 ΖῃῃηοὸρὸξιέἑῗἸξξ

355 3007 364 3020 ⁷
381 3008 433 3030 Vat.
449 3007 555 3036 divitem,
568 3008 649 3030 melius
662 3009 776 3036 legeretur
788 3007 882 3031 divitem
893 3007 1026 3037 indiqnum.
1039 3008 1093 3036 Seq.
1109 3007 1139 3030 lo-

292 3045 333 3062 cus
342 3039 440 3067 August.
452 3045 522 3067 super
532 3040 575 3062 lac.
584 3040 606 3067 2,
619 3040 713 3062 Ἰ1.(151111
722 3040 793 3068 Epist.
807 3039 855 3062 167.
870 3039 934 3066 (alias
946 3040 993 3068 29.)
1002 3045 1023 3062 0.
1033 3039 1055 3061 5.
1067 3045 1090 3061 n.
1105 3039 1138 3061 18.

1228 2819 1231 2822 Ι
1259 2787 1271 2823 Β,
1285 2787 1341 2816 Cap.
1359 2788 1402 2816 20,
1424 2788 1457 2810 15.
1475 2800 1506 2804 —
1524 2788 1599 2815 Supra
1624 2790 1677 2809 ante
1700 2786 1860 2817 particularis
1887 2787 1937 2809 Vat.
1964 2786 2049 2809 omittit

1196 2819 1364 2873 alwa‘vfuglossa
1382 2849 1543 2873 interlinearis
1561 2850 1582 2872 in
1602 2850 1643 2872 lae.
1662 2850 1675 2871 2
1686 2867 1691 2876 ,
1710 2849 1730 2871 ι1.

1260 2881 1279 2894 ¹⁰
1295 2882 1394 2909 Ariston,
1414 2882 1427 2903 l.
1445 2882 1538 2904 Rhetor.
1555 2887 1574 2903 c.
1597 2880 1631 2903 15.
1649 2883 1671 2903 et
1683 2881 1720 2903 29.
1734 2881 1763 2910 (0.
1781 2881 1803 2903 5.
1815 2884 1838 2903 et
1851 2881 1905 2910 r13.),
1924 2881 1961 2903 IV.
1975 2880 2047 2903 Elliic.

1196 2919 1215 2936 c.
1229 2913 1251 2936 3.
1264 2916 1286 2936 et
1298 2914 1352 2936 Vlll.
1365 2919 1386 2936 0.
1404 2913 1440 2935 114.

1259 2944 1278 2957 ¹¹
1296 2945 1361 2967 Deut.
1380 2945 1422 2971 16,
1441 2944 1480 2971 19ς
1502 2945 1541 2966 cfr.
1559 2943 1629 2966 Exod.
1648 2944 1690 2971 23,
1708 2944 1729 2966 2.

1236 2975 1279 3029 08¹²
1296 2975 1352 3029 Gorg.
1369 2976 1395 3029 {g
1411 2975 1436 3029 ἓ.
1451 2987 1483 3028 ἦ
1508 2975 1539 2997 De
1552 2975 1611 3029 ¹illiSse
1629 2977 1729 3004 quatuor
1752 2976 1793 2997 cir.
1817 2975 1914 3002 Bonav.,
1931 2975 1965 2997 lll.
1984 2974 2044 2997 sent.

1196 3007 1218 3030 d·
1237 3023 1249 3029 ⁸
1259 3024 1279 3050 (Β
1291 3014 1354 3061 ctist..
1366 3044 1409 3066 pro
1426 3013 1531 3067 otfqz'togt'
1541 3012 1707 3067 hahetqc'tliqao
1724 3036 1802 3060 modo.

2067 1992 2113 2012 Secu
2119 1978 2133 2015 [tr

2065 2016 2112 2041 print
2118 2015 2133 2034 11(

2063 2122 2120 2146 Quae*v
2129 2125 2133 2140 ι

2081 2145 2112 2169 lig<
2118 2146 2133 2167 11.

2118 2181 2120 2201 l

2118 2211 2119 2225 1
