2133 3317
150 373 177 391 De
190 373 245 391 domo

142 396 252 415 parisiensi.

144 604 253 631 Munuscnhla

150 634 186 647 nou
199 634 245 647 ΓΕΕΙ·

155 653 237 676 piantur.

144 1171 210 1190 Modus
224 1172 257 1190 eli-

127 1195 182 1218 gendi
197 1196 257 1214 Gene-

126 1219 192 1238 talem.

132 2159 184 2181 item,
197 2159 265 2183 eligen-

185 2183 262 2201 Provin-

143 2206 217 2225 ciulem.

172 2536 199 2554 De
211 2541 262 2557 casu,

134 2559 208 2582 quando
226 2565 264 2577 mo-

134 2584 182 2601 ritur
204 2583 265 2601 Gene-

135 2606 185 2625 ralis.

270 240 327 268 [160

350 318 464 353 Insuper
492 315 669 347 ordinamus,
691 312 765 349 quod
787 312 903 349 singulis
924 311 1003 340 annis
1028 311 1121 340 visite-

272 368 319 393 tur
340 364 438 393 domus
460 360 620 390 Parisiensis
634 367 683 396 per
702 359 849 396 specialem
864 359 1039 388 Visitatorem
1056 359 1121 387 mis-

272 419 334 441 sum
355 419 371 438 a
392 408 512 446 generali
534 407 674 441 Ministro,
696 407 760 443 qui,
790 406 812 434 si
840 406 978 435 invenerit
999 406 1119 443 aliquem

271 458 450 489 insolentem,
479 454 566 491 possit
593 462 658 483 cum
687 453 812 481 Ministro
837 452 999 490 provinciali
1029 453 1121 489 ipsum

272 504 415 533 remittere
436 501 469 530 ad
491 509 570 530 suam
593 500 773 529 Provinciam.

350 550 512 578 visitatores
533 548 713 577 Dominarum
730 555 886 584 pauperum
908 550 936 576 et
956 554 1054 576 eorum
1077 555 1121 575 so-

272 597 305 626 cii
328 600 355 625 et
376 596 559 633 provinciales
580 594 695 623 Ministri
717 594 811 631 aliqua
832 594 1000 623 munuscula
1024 594 1058 622 ab
1081 593 1120 622 eis

272 652 327 672 non
349 643 484 679 recipiant
504 642 562 671 ullo
584 642 682 676 modo,
705 649 755 669 nec
770 640 831 669 aliis
846 640 989 669 Fratribus
1004 640 1121 677 quibus-

272 698 392 727 cumque
414 690 494 718 liceat
514 689 552 718 ibi
574 688 719 717 comedere
740 688 784 716 vel
805 687 839 716 de
859 690 939 716 nocte
960 687 1091 716 dormire.

455 783 495 812 DE
516 790 712 812 Etncrloivlssus
733 782 935 810 anisrnofluiu.

594 876 726 906 Rubrz'ca
748 876 799 904 IX.

351 972 420 1001 Cum
443 971 596 1001 secundum
618 971 749 1008 Regulam
766 970 903 1007 generalis
917 969 1041 999 Minister
1059 969 1095 998 511
1109 978 1124 998 a

275 1020 407 1049 Ministris
429 1019 645 1056 provincialibus
666 1022 693 1047 et
714 1017 882 1046 Custodibus
898 1017 1056 1054 eligendus,
1079 1025 1124 1046 or-

273 1067 416 1099 dinamus,
438 1065 512 1103 quod
533 1065 568 1093 ad
589 1065 736 1093 electiones
758 1064 924 1101 procedatur
946 1064 998 1093 11οο
1020 1064 1109 1092 modo.

354 1113 525 1142 Electoribus
545 1112 718 1149 congregatis
739 1111 783 1140 die
805 1111 837 1140 ad
860 1111 1017 1149 eligendum
1045 1119 1124 1148 prae-

273 1161 347 1195 fixa,
369 1161 459 1197 primo
481 1160 605 1188 invocata
627 1159 747 1196 Spiritus
774 1159 861 1187 sancti
889 1159 993 1196 gratia,
1015 1158 1125 1195 Disqui-

274 1208 373 1238 sitores
400 1208 434 1236 ad
463 1208 515 1236 1100
546 1206 663 1235 assumti
696 1206 871 1243 singulorum
904 1209 967 1235 vota
999 1214 1124 1234 seorsum

275 1255 479 1292 aliquantulum
502 1261 595 1283 coram
616 1253 705 1282 0011115
725 1254 849 1282 omnium
872 1253 1037 1290 perquirant
1059 1253 1125 1281 lide<

275 1302 338 1331 liter
359 1305 387 1330 et
408 1301 599 1335 conscribant;
621 1300 658 1329 ita
674 1300 749 1337 quod
770 1300 887 1337 singuli,
909 1303 1058 1337 antequam
1081 1308 1125 1328 re-

275 1349 373 1378 cedant
394 1349 428 1377 ab
450 1348 504 1382 eis,
526 1347 656 1381 audiant,
678 1347 797 1384 qualiter
823 1347 1039 1384 conscripserint
1063 1350 1126 1375 vota

275 1405 333 1426 sua.
356 1395 464 1432 Quibus
488 1403 538 1432 per
566 1395 691 1423 ordinem
713 1394 893 1431 conscriptis,
916 1394 1008 1423 statim
1033 1394 1058 1422 in
1081 1401 1126 1422 eo-

274 1443 336 1472 dem
372 1443 447 1477 loco,
479 1445 626 1479 antequam
659 1442 768 1470 Fratres
796 1441 937 1470 discedant
968 1441 1011 1470 vel
1043 1441 1125 1470 collo-

275 1493 399 1527 quantur
420 1489 454 1518 ad
474 1489 608 1523 invicem,
631 1489 772 1526 publicent
788 1489 814 1517 in
830 1488 952 1517 medium
975 1496 1046 1525 quae
1062 1496 1126 1517 eon-

276 1537 457 1574 scripserunt.
480 1536 581 1573 Quodsi
604 1536 697 1565 divina
718 1536 807 1573 gratia
825 1536 978 1573 inspirante
993 1536 1020 1564 in
1036 1544 1124 1564 unum

275 1585 395 1621 aliquem
418 1583 662 1617 concordaverint,
685 1583 759 1611 illius
780 1583 877 1612 electio
899 1583 979 1611 firma
1001 1586 1042 1611 est
1063 1583 1125 1611 abs-

276 1638 330 1668 que
352 1630 446 1667 aliqua
466 1630 636 1667 quaestione.
660 1630 685 1658 Si
709 1637 775 1658 vero
796 1630 823 1657 in
844 1633 937 1666 partes
952 1630 1082 1666 aequales
1097 1637 1126 1657 se

275 1678 434 1712 diviserint,
458 1678 503 1706 ille
524 1678 550 1706 in
570 1685 653 1714 quem
669 1677 764 1714 plures
780 1677 925 1705 medietate
940 1677 1063 1705 omnium
1079 1676 1127 1704 eli-

275 1726 399 1763 gentium
421 1725 626 1759 consenserint,
649 1732 685 1753 ex
707 1724 733 1752 vi
753 1724 814 1752 talis
835 1724 976 1753 electionis
997 1726 1023 1752 et
1046 1731 1126 1760 prae-

276 1772 361 1801 sentis
383 1771 587 1800 constitutionis
609 1779 693 1800 verus
721 1771 826 1799 electus
854 1771 999 1800 habeatur.
1026 1771 1127 1807 Surgat

276 1823 367 1848 tamen
389 1827 426 1848 ex
448 1818 616 1848 electoribus
637 1826 711 1847 unus
732 1818 765 1847 ad
787 1819 840 1847 hoc
864 1818 1014 1855 deputatus
1035 1821 1063 1846 et
1084 1817 1124 1846 di-

276 1870 337 1896 cat:
365 1866 421 1895 «111
446 1866 555 1895 nomine
584 1866 672 1894 Patris
692 1868 720 1895 et
748 1866 805 1894 Filii
835 1868 862 1895 et
890 1865 1009 1902 Spiritus
1030 1865 1126 1894 sancti.

276 1914 369 1942 Amen.
392 1913 460 1950 Ego,
488 1913 575 1941 frater
596 1913 643 1947 N.,
664 1912 776 1941 nomine
796 1919 858 1940 ineo
879 1913 906 1940 et
927 1911 1052 1940 omnium
1079 1919 1128 1940 no-

277 1963 367 1989 strum
395 1960 466 1997 eligo
488 1960 570 1988 talem
592 1960 715 1988 Fratrem
737 1959 765 1987 in
787 1959 944 1996 generalem
969 1959 1125 1987 Ministrum

277 2007 388 2036 Ordinis
403 2007 489 2036 nostri
505 2018 531 2035 ».
547 2007 608 2043 Quo
622 2006 693 2035 facto
708 2006 800 2035 statim
817 2006 964 2043 incipiant:
984 2006 1020 2034 Te
1036 2006 1128 2035 Deum

278 2054 447 2083 laudamus.

356 2101 435 2129 Circa
457 2100 640 2137 provinciales
665 2101 805 2129 MInistros
833 2100 973 2138 eligendos
1001 2100 1128 2129 similiter

277 2148 458 2185 procedatur,
480 2151 617 2184 excepto:
647 2148 682 2176 Te
705 2148 796 2176 Deum
820 2147 989 2176 laudamus.
1006 2148 1030 2176 Si
1048 2156 1126 2182 vero,

278 2196 377 2224 iterato
398 2195 557 2224 huiusmodi
587 2195 736 2228 scrutinio,
772 2195 881 2232 quoties
909 2195 1049 2223 videbitur
1077 2195 1129 2223 ele-

278 2243 402 2272 ctoribus
423 2242 571 2279 expedire,
593 2242 755 2279 contigerit,
771 2241 845 2278 quod
866 2242 962 2270 nullus
982 2244 1055 2270 esset
1074 2242 1129 2270 ele-

279 2293 341 2319 ctus
361 2298 377 2318 a
398 2289 494 2318 maiori
517 2297 634 2318 numero
659 2289 827 2323 electorum,
847 2289 953 2325 possint
974 2288 1129 2317 communi-

279 2340 321 2366 ter
342 2336 568 2373 compromittere
589 2336 616 2364 in
639 2339 695 2365 tres
723 2336 765 2365 vel
795 2336 919 2373 quinque
941 2336 1050 2364 Fratres
1072 2336 1129 2364 ido-

279 2391 346 2413 neos
366 2386 393 2412 et
414 2383 564 2417 discretos,
586 2383 633 2420 qui
656 2383 715 2411 vice
740 2383 865 2411 omnium
886 2383 920 2411 de
945 2383 1129 2420 praeficiendo

279 2431 388 2460 valeant
410 2430 564 2467 providere.

359 2478 384 2506 Si
414 2485 481 2506 vero
509 2478 665 2514 generalem
694 2477 850 2505 Ministrum
882 2477 952 2506 mori
984 2477 1131 2514 contigerit

280 2528 343 2554 ante
373 2525 474 2554 festum
508 2525 532 2553 S.
562 2524 716 2558 Michaelis,
745 2524 881 2558 Minister,
910 2524 937 2552 in
969 2524 1050 2553 cuius
1079 2524 1130 2552 mi-

279 2571 442 2601 nistratione
474 2572 610 2605 moritur,
636 2571 679 2600 vel
700 2571 842 2605 Vicarius,
868 2574 995 2600 teneatur
1027 2571 1130 2608 signifi-

281 2627 344 2648 care
376 2619 435 2647 sine
466 2618 596 2647 dilatione
626 2618 758 2646 Ministris
778 2617 923 2651 omnibus,
946 2617 1049 2654 quibus
1071 2621 1130 2654 pot-

281 2666 349 2699 erit,
371 2666 443 2694 bona
463 2665 532 2699 fide,
554 2668 586 2694 ut
607 2665 634 2693 in
657 2665 814 2693 Pentecoste
835 2664 961 2701 sequenti
984 2664 1031 2692 fiat
1052 2664 1131 2701 Capi-

281 2713 372 2741 tulum
393 2712 530 2749 generale.
553 2712 579 2740 Si
601 2719 668 2741 vero
689 2715 751 2748 post
778 2711 882 2740 dictum
911 2711 1012 2739 festum
1037 2711 1130 2739 deces-

282 2759 365 2793 serit,
387 2760 533 2787 nuntietur
554 2759 752 2792 niliilominus,
774 2762 805 2787 ut
827 2758 931 2787 dictum
947 2762 1003 2793 est,
1020 2766 1074 2786 non
1091 2760 1130 2786 ta-

281 2813 345 2834 men
367 2806 414 2834 fiat
435 2806 563 2843 generale
585 2806 743 2843 Capitulum
764 2814 836 2834 anno
858 2805 920 2840 illo,
935 2805 986 2834 nisi
1003 2805 1071 2833 alias
1085 2813 1131 2833 eo-

281 2852 343 2881 dem
374 2861 446 2881 anno
477 2853 605 2882 debuerit
632 2853 783 2886 celebrari,
812 2852 859 2881 sed
888 2852 1074 2881 celebrabitur
1102 2852 1130 2880 in

283 2900 425 2936 sequenti,
447 2903 473 2928 et
495 2901 547 2929 hoc
568 2900 596 2928 111
617 2900 664 2928 1110
686 2900 744 2929 1000
766 2900 809 2928 vel
831 2899 989 2934 Provincia,
1016 2899 1062 2928 ubi
1085 2907 1131 2927 or-

617 234 815 264 OPUSCULUM
837 233 925 262 XVlIl.
947 233 1232 262 CONSTlTUTIONES
1252 233 1495 262 NARBONENSES.
1519 233 1612 263 RUBR.
1635 233 1677 261 ix.

1177 311 1302 340 dinatum
1323 312 1415 340 fuerat
1444 320 1492 349 per
1521 312 1678 349 generalem
1700 312 1854 340 Ministrum
1881 312 2023 341 celebrari.

1178 358 1301 387 Minister
1331 367 1396 387 vero
1425 359 1599 393 Provinciae,
1628 358 1675 387 ubi
1698 359 1745 387 fiet
1766 358 1922 395 Capitulum
1945 367 2026 396 gene-

1178 406 1252 440 rale,
1274 409 1438 443 potestatem
1460 406 1560 435 habeat
1582 414 1666 443 super
1681 406 1749 435 alios
1764 406 1791 434 in
1807 406 1932 442 Capitulo
1947 414 2024 435 coer-

1179 453 1256 482 cendi
1279 461 1326 481 eos
1347 453 1374 481 in
1397 453 1430 481 iis
1451 461 1522 490 quae
1543 453 1577 481 ad
1599 453 1803 490 expeditionem
1829 452 1946 489 Capituli
1968 461 2028 489 per-

1179 500 1283 533 tinent,
1306 507 1453 536 quousque
1477 500 1582 528 electus
1610 500 1645 528 sit
1673 499 1809 536 generalis
1837 500 1976 533 Minister,
2005 500 2027 528 si

1178 547 1263 575 fuerit
1283 554 1414 583 praesens
1434 546 1554 580 electus,
1576 546 1598 574 si
1614 554 1680 575 vero
1695 546 1809 581 absens,
1824 547 1947 575 Minister
1963 547 2027 575 Pro-

1179 594 1299 627 vinciae,
1322 593 1370 622 ubi
1392 593 1439 622 fiet
1459 593 1635 630 Capitulum,
1657 593 1788 621 assumtis
1802 601 1895 622 secum
1917 594 2028 622 duobus

1179 641 1326 675 Ministris,
1348 648 1405 669 uno
1426 643 1636 668 transmontano
1657 643 1685 668 et
1705 640 1758 668 alio
1787 640 1973 674 cismontano,
1994 640 2028 670 de

1180 696 1209 717 se
1241 688 1307 725 ipsis
1337 687 1380 716 vel
1402 687 1462 716 aliis
1489 687 1523 716 de
1552 696 1607 716 uno
1628 687 1791 724 provideant
1812 687 1951 722 Ministro,
1980 688 2028 725 qui

1180 743 1265 772 super
1287 736 1355 764 alios
1376 742 1466 772 usque
1487 734 1521 763 ad
1542 734 1625 763 finem
1646 734 1763 771 Capituli
1785 735 1886 763 habeat
1910 737 2028 772 potesta—

1180 786 1245 811 tem.
1268 782 1346 818 Quod
1367 782 1450 810 etiam
1472 781 1666 818 intelligimus,
1682 781 1914 819 quandocumque
1929 782 1982 810 alia
1995 781 2029 811 de

1181 838 1263 858 causa
1286 829 1426 866 praedicto
1454 828 1579 865 Capitulo
1607 828 1748 857 Generalis
1779 836 1832 857 non
1859 829 1960 865 poterit
1987 829 2029 857 in-

1181 880 1294 905 teresse.

1260 923 1443 957 Ordinamus,
1472 923 1547 960 quod
1572 923 1686 951 Ministri
1709 922 1907 959 provinciales,
1929 931 2029 952 convo-

1182 975 1242 1000 cato
1264 970 1425 1008 provinciali
1447 970 1589 1007 Capitulo,
1611 978 1626 998 a
1648 970 1766 998 subditis
1790 970 1943 1007 eligantur,
1965 978 2029 999 con-

1182 1018 1310 1047 firmandi
1333 1026 1382 1055 per
1403 1017 1560 1055 generalem
1589 1017 1754 1045 Ministrum.
1777 1017 1916 1046 Electores
1936 1020 2030 1046 autem

1183 1066 1372 1094 Ministrorum
1396 1064 1623 1101 provincialium,
1649 1067 1795 1101 postquam
1817 1063 1851 1092 ad
1872 1064 2029 1101 Capitulum

1182 1111 1378 1145 convenerint,
1400 1111 1502 1148 eligant
1527 1111 1650 1148 praecise
1671 1111 1699 1139 in
1720 1110 1764 1140 die
1785 1111 1930 1148 sequenti;
1957 1111 2030 1148 ipsos

1182 1162 1273 1187 tamen
1296 1167 1349 1187 non
1371 1161 1481 1195 oportet
1502 1158 1614 1187 includi.
1637 1158 1739 1195 Quodsi
1761 1158 1821 1195 ipsa
1835 1158 1878 1187 die
1899 1166 1954 1186 non
1976 1158 2030 1187 ele-

1182 1207 1289 1243 gerint,
1311 1214 1347 1235 ex
1369 1209 1436 1235 tunc
1457 1206 1497 1235 eis
1518 1206 1655 1243 generalis
1683 1206 1806 1234 Minister
1834 1205 1977 1242 provideat
1997 1205 2031 1234 de

1183 1254 1316 1282 Ministro.
1342 1253 1429 1282 Possit
1456 1255 1549 1281 autem
1572 1253 1694 1281 Minister
1715 1252 1893 1289 provincialis
1913 1252 1976 1289 eligi
1997 1252 2031 1282 de

1184 1303 1240 1329 toto
1264 1300 1375 1329 Ordine.
1398 1300 1517 1337 Quodsi,
1533 1300 1694 1336 provinciali
1710 1300 1836 1336 Capitulo
1851 1303 2030 1337 congregato,

1184 1348 1338 1377 Ministrum
1362 1347 1557 1384 provincialem
1588 1347 1656 1375 mori
1679 1347 1825 1384 contigerit
1846 1347 1889 1376 vel
1910 1347 2030 1381 absolvi,

1183 1395 1288 1432 possint
1310 1396 1419 1423 Fratres
1441 1395 1467 1423 in
1490 1394 1585 1423 eodem
1601 1394 1762 1431 provinciali
1777 1394 1903 1431 Capitulo
1917 1402 2032 1431 congre—

1183 1443 1237 1480 gati
1259 1442 1344 1471 alium
1367 1442 1417 1471 sibi
1439 1442 1541 1479 eligere
1562 1442 1590 1470 in
1612 1441 1784 1475 Ministrum,
1806 1449 1975 1478 quamquam
1997 1440 2031 1470 ad

1185 1489 1235 1517 1100
1258 1489 1331 1517 1111551
1355 1497 1409 1517 11011
1430 1488 1534 1517 fuerint
1556 1488 1598 1516 vel
1624 1487 1720 1516 vocati.
1750 1488 1776 1516 Si
1804 1495 1871 1516 vero
1899 1487 2032 1516 electores

1184 1535 1297 1572 praefati
1321 1536 1347 1564 10
1370 1535 1495 1572 eligendo
1516 1543 1570 1563 non
1592 1535 1787 1569 convenerint,
1811 1534 1916 1571 possint
1937 1537 1963 1563 et
1984 1534 2031 1563 de—

1183 1583 1266 1611 beant
1295 1582 1453 1611 Provinciae
1480 1582 1514 1610 de
1545 1582 1653 1610 Vicario
1681 1581 1836 1619 providere.
1866 1581 1892 1610 Si
1920 1584 2030 1616 autem,

1183 1633 1294 1658 mortuo
1316 1629 1436 1666 generali
1460 1629 1596 1663 1111015110,
1618 1629 1739 1666 aliquem
1763 1629 1960 1665 provincialem
1984 1628 2031 1657 Mi-

1184 1676 1303 1705 nistrum
1327 1677 1397 1704 mori
1420 1676 1580 1713 contigerit,
1602 1680 1629 1704 et
1650 1676 1735 1704 alium
1757 1676 1819 1713 eligi
1832 1687 1838 1710 ;
1866 1676 2030 1710 statuimus,

1184 1726 1216 1751 ut
1237 1731 1287 1760 per
1309 1723 1464 1752 Ministrum
1486 1722 1645 1751 Provinciae
1660 1722 1800 1751 vicinioris
1821 1723 1880 1751 loeo
1901 1722 2031 1759 Capituli,

1184 1771 1211 1799 in
1241 1779 1297 1808 quo
1325 1770 1422 1799 electio
1450 1770 1651 1804 celebrabitur,
1680 1773 1707 1799 et
1735 1778 1785 1807 per
1808 1770 1878 1798 duos
1899 1770 2032 1799 Custodes

1185 1818 1309 1846 eiusdem
1332 1817 1505 1851 Provinciae,
1527 1817 1653 1846 similiter
1674 1817 1833 1851 viciniores,
1855 1817 1987 1846 electione
2006 1819 2033 1846 et

1185 1865 1271 1894 electo
1294 1865 1413 1902 legitime
1428 1865 1593 1893 examinatis
1607 1867 1634 1893 et
1648 1864 1822 1901 approbatis,
1845 1864 1949 1893 electus
1968 1872 2032 1893 con-

1186 1913 1325 1942 firmetur.
1348 1913 1457 1941 Electus
1478 1920 1544 1941 vero
1566 1916 1593 1940 et
1614 1912 1739 1946 Fratres,
1761 1911 1809 1948 qui
1831 1914 1945 1948 propter
1966 1919 2032 1940 exa-

1185 1961 1363 1989 minationem
1392 1959 1532 1988 electionis
1557 1963 1584 1988 et
1605 1959 1682 1988 electi
1705 1967 1721 1988 a
1742 1958 1889 1996 praedictis
1911 1958 2034 1987 Ministro

1186 2010 1214 2037 et
1235 2007 1402 2036 Custodibus
1429 2007 1533 2035 fuerint
1561 2007 1665 2041 vocati,
1694 2006 1797 2035 eisdem
1829 2006 1856 2034 in
1888 2006 2033 2041 omnibus,

1187 2062 1258 2092 quae
1279 2054 1312 2083 ad
1335 2054 1567 2082 examinationem
1583 2056 1610 2082 et
1624 2053 1861 2082 confirmationem
1878 2053 2033 2090 pertinent,

1187 2105 1335 2130 teneantur
1357 2100 1475 2129 firmiter
1495 2100 1616 2129 obedire.

1264 2148 1363 2176 Custos
1384 2155 1465 2181 vero,
1488 2148 1515 2175 in
1537 2148 1618 2176 cuius
1632 2147 1761 2176 Custodia
1777 2147 1896 2176 moritur
1911 2147 2033 2176 Minister

1185 2195 1377 2232 provincialis,
1400 2198 1546 2232 postquam
1568 2195 1618 2223 sibi
1634 2195 1667 2223 de
1682 2197 1772 2223 morte
1794 2195 1909 2223 Ministri
1932 2194 2033 2223 consti-

1186 2243 1266 2276 terit,
1295 2245 1372 2271 certo
1399 2242 1443 2271 die
1471 2242 1613 2279 praefixo,
1642 2242 1669 2270 in
1698 2250 1754 2278 quo
1783 2242 1869 2278 possit
1889 2241 2034 2270 commode

1186 2289 1334 2318 convenire
1349 2289 1506 2326 Capitulum
1523 2289 1706 2326 provinciale,
1723 2292 1864 2323 teneatur,
1879 2291 1983 2326 quanto
1997 2288 2034 2317 ci-

1186 2336 1242 2364 tius
1255 2337 1263 2352 ¹
1286 2336 1400 2372 poterit,
1422 2343 1589 2370 convocare,
1605 2335 1656 2364 nisi
1678 2336 1854 2373 propinquus
1875 2335 1959 2364 suerit
1979 2338 2035 2364 ter-

1187 2383 1278 2411 minus
1300 2382 1476 2419 provincialis
1490 2382 1607 2419 Capituli
1626 2382 1791 2411 celebrandi.
1807 2382 1905 2410 Custos
1922 2389 1988 2410 vero
2003 2381 2034 2409 il-

1186 2429 1241 2458 lius
1261 2429 1422 2463 Custodiae,
1444 2429 1472 2457 in
1494 2437 1550 2466 qua
1564 2429 1721 2466 Capitulum
1740 2428 1942 2462 celebrabitur,
1958 2431 2034 2457 tene-

1187 2476 1227 2505 bit
1254 2476 1428 2513 Capitulum,
1457 2484 1605 2513 quousque
1634 2476 1760 2505 Vicarius
1785 2471 1841 2504 sit²
1863 2476 1975 2504 electus.
2005 2475 2034 2504 In

1187 2531 1243 2560 quo
1271 2523 1412 2559 Capitulo,
1441 2523 1512 2551 facta
1540 2523 1672 2551 electione
1700 2522 1876 2559 provincialis
1901 2522 2033 2557 Ministri,

1189 2570 1352 2599 instituatur
1373 2570 1500 2598 Vicarius
1520 2569 1553 2598 de
1575 2577 1711 2598 consensu
1729 2569 1842 2598 maioris
1856 2570 1942 2606 partis
1957 2569 2035 2606 Capi-

1188 2617 1254 2651 tuli,
1276 2624 1424 2653 quousque
1452 2616 1574 2645 Minister
1596 2616 1623 2644 in
1646 2617 1789 2645 Provincia
1815 2616 1959 2645 habeatur.
1982 2616 2034 2653 Qui

1188 2664 1279 2692 taliter
1301 2663 1445 2692 institutus
1466 2664 1576 2692 Fratres
1590 2672 1645 2692 non
1661 2664 1752 2692 mittat
1766 2666 1848 2692 extra
1864 2663 2034 2692 Provinciam

1187 2711 1220 2739 ad
1243 2710 1409 2739 manendum
1438 2718 1488 2739 nec
1510 2711 1617 2747 aliquos
1639 2710 1754 2747 recipiat
1775 2711 1802 2739 in
1822 2718 1872 2739 sua
1894 2710 2035 2739 Provincia

1187 2761 1353 2787 moraturos.
1377 2758 1458 2792 ltem,
1482 2758 1591 2787 Fratres
1611 2766 1667 2787 non
1688 2761 1830 2787 transeant
1850 2758 1884 2787 de
1905 2766 1961 2786 una
1981 2758 2035 2786 Cu-

1188 2804 1275 2834 stodia
1296 2805 1323 2833 in
1345 2805 1426 2833 aliam
1441 2805 1474 2834 ad
1490 2805 1672 2839 manendum,
1692 2805 1742 2834 nisi
1759 2805 1872 2834 evidens
1886 2805 2035 2834 necessitas

1188 2852 1231 2881 vel
1252 2852 1408 2881 communis
1429 2852 1534 2880 utilitas
1555 2852 1607 2880 1100
1629 2852 1772 2889 requirat3
1795 2855 1823 2880 et
1844 2853 1895 2881 1100
1915 2852 1949 2880 de
1971 2859 2034 2880 con—

1189 2898 1303 2927 scientia
1324 2898 1475 2927 Custodum
1496 2899 1624 2933 illorum,
1641 2900 1661 2928 si
1678 2899 1738 2928 fieri
1753 2902 1842 2936 potest
1858 2899 1929 2927 bono
1944 2898 2032 2927 modo.

346 3043 353 3056 ¹
373 3045 388 3066 Ε
406 3050 478 3074 quam.
496 3045 572 3068 citius.

1250 3044 1258 3057 2
1277 3046 1292 3067 E
1308 3045 1389 3074 furril.

2045 929 2111 949 Electio
2123 930 2133 949 1,

2062 952 2127 973 vinciali

2132 2132 2133 2142 l

2075 2150 2102 2169 De
2117 2155 2125 2169 c
2132 2147 2133 2154 ¹

2050 2173 2122 2197 quando
2132 2192 2133 2197 ,

2050 2197 2097 2216 ritui·
2132 2201 2133 2204 ¹

2050 2220 2125 2240 vincialii
2132 2227 2133 2236 1
