2133 3317
6 352 58 372 idum.

679 214 874 244 OPUSCULUM
895 216 913 244 Ι.
935 216 978 245 DE
1001 217 1138 246 TRIPLICI
1159 217 1220 246 Vtt.

154 294 180 321 7.
203 292 231 321 In
253 292 296 321 his
316 292 388 321 enim
410 291 542 329 gradibus
556 291 624 320 ordo
638 294 695 326 est,
709 300 760 321 nec
774 295 862 321 status
883 296 924 321 est

76 343 138 370 ante
159 339 305 372 ultimum,
327 346 377 367 nec
398 338 432 367 ad
452 338 531 367 illum
552 338 715 375 pervenitur
730 338 781 367 nisi
796 346 846 375 per
860 347 924 375 gra—

75 387 127 417 dus
153 385 330 415 intermedios
357 387 384 414 et
412 388 510 413 mutuo
538 385 610 413 intra
637 392 666 413 se
687 384 790 421 positos
801 385 821 412 ¹.
843 385 875 413 Et
895 385 922 413 in

76 433 165 471 primo
185 432 259 469 viget
279 431 476 465 consideratio,
498 431 526 459 in
547 431 646 460 ceteris
660 438 727 459 vero
742 430 923 467 sequentibus

76 479 233 509 dominatur
246 478 362 507 affectio.
386 477 544 515 Viyilantia
558 477 632 506 enim
646 477 817 511 considerat,
838 485 921 514 quam

76 526 238 558 honestum,
260 532 344 561 quam
365 523 525 558 conferens,
547 532 630 561 quam
651 523 811 552 delectabile
832 523 868 552 sit
881 523 922 552 di—

76 571 160 609 ligere
181 571 268 599 Deum
281 571 308 605 23
329 573 357 599 et
377 577 414 599 ex
435 570 487 598 hoc
513 570 592 607 quasi
620 573 683 598 nata
710 569 822 607 fiducia
849 570 922 606 parit

76 617 336 655 concupiscentiam
345 640 354 651 ,
369 620 397 646 et
411 617 457 645 illa
470 617 681 651 excedentium,
696 625 843 654 quousque
857 625 921 654 per-

76 664 202 694 veniatur
222 664 256 693 ad
277 664 403 701 copulam
425 667 452 692 et
473 663 599 692 osculum
618 667 645 692 et
665 663 865 700 amplexuni³‚
886 663 920 692 ad

75 711 148 748 quod
169 718 219 739 nos
239 711 372 747 perducat
393 713 444 740 etc.
467 711 560 739 Amen.

467 813 485 847 ὅ
507 812 531 839 5.

407 903 585 934 Recapitulatio.

152 989 179 1018 8.
194 989 311 1018 Possunt
325 993 418 1018 autem
431 989 495 1018 dicti
510 989 613 1026 gradus
628 989 722 1018 reduci
742 989 775 1018 ad
791 997 918 1026 compen-

74 1036 150 1065 dium
171 1044 221 1073 per
242 1036 317 1065 hunc
338 1035 460 1064 modum.
483 1035 573 1064 Primo
590 1035 801 1072 distinguuntur
816 1036 919 1073 gradus

0 1097 60 1120 snm·-
71 1083 259 1120 puryationis
280 1082 334 1111 sic:
353 1085 466 1119 propter
480 1081 628 1119 flayitium
643 1082 789 1116 erubesce,
804 1086 918 1120 propter

0 1121 46 1142 ionte-

0 1424 8 1446 ς·
18 1418 57 1446 illu-

0 1445 54 1462 nonu.

0 1842 5 1864 ‚³
17 1837 57 1857 viae

0 1865 40 1880 ivae.

74 1129 219 1158 iudicium
239 1129 436 1163 contremisce,
458 1132 572 1166 propter
593 1129 736 1157 damnum
758 1129 917 1166 ingemisce,

73 1178 187 1213 propter
207 1175 366 1204 remedium
389 1175 505 1212 implora
527 1175 681 1204 subsidium
693 1176 715 1210 4,
737 1179 851 1212 propter
865 1176 918 1204 acl-

72 1222 240 1250 versarium
267 1229 398 1259 expugna
425 1221 612 1255 incentivum,
640 1225 755 1259 propter
780 1222 918 1251 bravium

73 1268 170 1297 anhela
190 1268 225 1297 ad
245 1268 426 1305 martyrium,
449 1272 563 1305 propter
584 1268 794 1297 umbraculum
818 1277 917 1306 appro-

73 1315 148 1343 xima
168 1314 202 1343 ad
223 1314 373 1343 Christum.

150 1361 257 1391 Gradus
284 1362 455 1399 pertinentes
485 1362 518 1390 ad
546 1362 790 1390 illunzinatimwm
821 1362 918 1391 distin-

73 1411 194 1446 guantur
215 1408 254 1437 sic
265 1409 284 1436 ⁵.
307 1408 470 1442 Considera,
492 1409 558 1447 quis
583 1411 640 1443 est,
669 1409 716 1446 qui
745 1409 863 1446 patitur,
891 1411 918 1438 et

72 1455 187 1485 credens
207 1455 361 1492 captivare3
383 1455 480 1493 quatis
501 1459 557 1490 est,
579 1456 627 1493 qui
649 1456 762 1492 patitur,
777 1459 804 1484 et
818 1456 917 1485 condo-

72 1502 130 1531 lens
150 1501 317 1537 amaricare;
339 1505 468 1540 quantus
487 1505 542 1536 est,
556 1503 603 1539 qui
619 1503 732 1539 patitur,
747 1506 774 1532 et
787 1503 917 1540 obstupe-

72 1556 151 1577 scens
171 1548 325 1582 admirare3
347 1557 406 1586 qua
428 1549 461 1577 dc
482 1557 576 1577 cuitsa
596 1549 710 1586 patitur,
732 1552 759 1578 et
777 1549 917 1578 confidens

73 1595 239 1632 regratiare;
260 1594 343 1633 quali
360 1594 462 1632 forma
483 1596 596 1632 patitur,
618 1599 645 1624 et
664 1596 836 1633 subsequens
850 1596 916 1624 assi-

72 1641 183 1676 milare;
205 1645 318 1679 quanta
339 1644 418 1676 sunt,
440 1650 511 1678 quae
532 1642 650 1678 patitur,
679 1645 706 1670 et
733 1642 916 1671 exardescens

72 1689 246 1725 amplexare;
267 1688 339 1726 quid
359 1689 399 1717 ad
420 1687 471 1717 lzoc
492 1689 692 1727 consequitur,
714 1693 741 1718 et
762 1689 916 1727 intelligens

72 1736 265 1773 contemplare.

149 1782 256 1811 Gradus
276 1782 342 1811 viae
362 1782 492 1811 unitivac
512 1783 551 1811 sic
569 1782 778 1820 distinguuntur
790 1783 817 1811 ⁶:
832 1787 859 1811 te
873 1783 915 1811 ri-

71 1828 197 1867 9ilantia
218 1828 344 1857 sollicitet
364 1831 479 1865 propter
500 1829 595 1865 Sponsi
611 1829 872 1866 promptitudinem;
888 1831 915 1858 te

72 1874 245 1912 confidentia
259 1875 421 1904 corroboret
434 1877 547 1912 propter
559 1875 618 1903 eius
630 1875 836 1909 certitudinem3
849 1883 914 1903 con-

71 1921 250 1959 cupiscentia
270 1925 297 1950 te
319 1921 471 1950 inflammet
495 1924 609 1958 propter
637 1921 697 1950 eius
725 1921 913 1956 dulcedinem3

134 2095 141 2109 ¹
159 2095 189 2117 lta
207 2095 238 2123 Q;
256 2095 276 2116 V
293 2096 314 2118 et
330 2096 413 2118 mutuo
431 2094 496 2124 infra
512 2101 537 2118 sc
550 2094 656 2124 positos;
675 2096 724 2117 vat.
737 2101 790 2118 cum
808 2095 914 2123 pluribus

71 2133 140 2156 codd.
156 2135 178 2157 et
193 2135 276 2156 mutuo
295 2133 346 2163 [ST
364 2133 453 2156 addunt
469 2133 514 2163 ita]
539 2140 563 2157 se
578 2133 689 2163 pariunt,
707 2134 726 2156 M
737 2135 753 2156 N
764 2134 779 2156 Ρ
797 2135 877 2162 legunt
893 2135 914 2157 et

70 2173 154 2196 mutuo
170 2172 203 2195 ita
217 2172 326 2202 pariunt,
343 2173 370 2195 ut
386 2172 411 2195 in
424 2172 505 2202 primo
522 2172 601 2201 viyeat
614 2172 795 2196 consideratio...
812 2172 914 2196 ‹lomina-

71 2211 111 2233 tur
128 2210 235 2240 affectio,·
251 2211 271 2233 K
282 2211 313 2233 R:
330 2211 358 2233 ln
375 2210 411 2234 his
433 2210 495 2233 enim
518 2210 632 2240 ‚aradibus
650 2210 709 2234 ordo
726 2212 773 2239 est,
790 2217 832 2235 nec
849 2210 912 2234 enim

71 2247 102 2278 [R
117 2248 180 2278 ante]
197 2248 292 2272 venitur
308 2248 341 2271 ad
355 2250 446 2272 statum
462 2248 574 2272 ultimum
590 2248 638 2272 nisi
650 2255 695 2279 per
707 2249 763 2272 istos
775 2249 866 2279 aradus
879 2249 914 2273 in-

71 2287 195 2311 temedios
210 2289 294 2311 mutuo
306 2288 339 2311 ita
356 2294 381 2311 sc
397 2287 582 2317 complectentes.
595 2289 621 2311 ln
631 2288 711 2318 primo
723 2289 785 2312 enim
797 2289 859 2318 viqet
870 2292 912 2311 etc.

132 2326 142 2340 ²
159 2327 291 2350 Secundum
308 2327 407 2355 Aristot,
432 2327 456 2349 ll.
481 2327 552 2350 Ethic.
577 2333 597 2350 c.
621 2328 642 2356 3,
669 2327 748 2356 triplex
766 2327 912 2356 distinguitur

71 2365 170 2394 honum,
187 2366 251 2395 quod
264 2366 286 2388 in
298 2366 432 2388 electionem
450 2366 534 2389 cadere
550 2369 639 2394 potest,
651 2367 699 2389 scil.
712 2368 846 2394 honestum,
859 2367 914 2390 utile

71 2407 94 2427 et
109 2405 246 2427 iucundum.
261 2416 294 2421 —
311 2405 404 2427 inferius
420 2411 463 2432 pro
480 2404 512 2427 acl
528 2404 591 2434 quod
616 2405 642 2434 [B
664 2405 697 2428 acl
713 2412 784 2435 quae,
804 2407 864 2429 EiT
882 2405 914 2429 ad

71 2449 150 2473 quem,
167 2442 184 2466 C
201 2442 259 2473 quo]
276 2449 320 2466 nos
334 2442 452 2472 perducat
467 2445 509 2466 etc.
527 2444 602 2466 Amen
624 2444 674 2466 Vat.
700 2444 778 2468 dilecti
794 2447 816 2468 et
831 2451 913 2468 aman-

71 2481 167 2509 tissimi,
185 2482 203 2504 R
221 2481 298 2505 dilecti
311 2482 393 2505 Amen.
405 2482 446 2504 ΙἸίε
463 2481 480 2504 C
489 2482 507 2504 G
517 2482 533 2504 N
545 2482 559 2504 Ρ
577 2482 647 2504 linem
660 2482 781 2511 imponunt
793 2484 912 2511 opusculo.

133 2519 142 2532 ³
159 2519 216 2543 Cod.
234 2521 252 2543 V
271 2520 350 2549 (etiam
367 2520 425 2543 alius
442 2521 529 2543 Romae
547 2521 567 2542 in
586 2520 721 2544 bibliotheca
739 2521 864 2544 Barberina
881 2528 914 2544 as-

71 2561 189 2587 servatus,
205 2566 229 2581 n.
245 2559 332 2588 XLlV.)
345 2559 463 2587 adiungit:
475 2559 559 2581 Natura
570 2560 695 2587 corporalis
709 2566 755 2582 non
767 2563 842 2588 potest
853 2560 913 2583 uniri

71 2597 115 2620 nisi
131 2598 246 2620 mediante
262 2597 374 2626 humore,
391 2598 478 2628 spiritu
496 2601 518 2620 et
534 2598 625 2626 calore,
640 2599 694 2627 quia
706 2600 762 2622 haec
779 2599 820 2622 tria
838 2599 913 2627 dispo-

71 2639 129 2659 nunt
144 2642 249 2665 carnem,
261 2639 286 2659 ut
296 2637 367 2659 vitam
384 2637 480 2665 recipiat
496 2637 525 2659 ab
542 2637 626 2659 anima.
644 2638 775 2660 Secundum
790 2639 833 2661 hoc
844 2639 912 2661 etiam

71 2678 116 2704 est,
133 2675 196 2704 quod
215 2676 274 2698 Deus
290 2682 335 2698 non
353 2678 454 2704 praestat
470 2676 542 2698 vitam
559 2677 650 2699 animae
666 2682 708 2699 nec
725 2677 746 2699 ei
765 2677 853 2704 unitur,
870 2678 913 2700 nisi

71 2713 100 2736 sit
115 2713 213 2737 humida
236 2720 277 2742 per
299 2715 412 2742 gemitum
435 2715 633 2743 compunctionis,
649 2715 782 2744 spiritualis
805 2722 846 2744 per
862 2723 913 2739 con-

72 2754 184 2780 temptum
201 2753 277 2776 omnis
294 2754 441 2781 terrenitatis,
457 2753 535 2777 calida
547 2760 589 2782 per
600 2754 741 2777 desideriunt
753 2755 856 2777 caelestis
872 2761 914 2783 pa-

72 2791 126 2814 triae
143 2796 165 2815 et
181 2792 253 2820 ipsius
269 2793 353 2815 dilecti.
364 2805 395 2810 —
407 2794 461 2822 Seq.
477 2793 634 2821 recapitulatio
651 2793 744 2816 exhibet
759 2795 787 2823 §g
805 2795 832 2822 2,
850 2795 875 2822 3,
891 2795 912 2817 4.

132 2830 142 2843 ⁴
159 2830 232 2854 Codd.
249 2831 266 2853 B
274 2832 291 2854 E
301 2832 319 2854 M
330 2832 345 2853 S
355 2832 373 2854 T
384 2832 403 2854 V
417 2833 517 2861 propter
528 2831 663 2855 subsidium
675 2832 753 2856 clama
764 2832 796 2856 ad
807 2832 834 2863 [R
847 2834 913 2856 omit-

73 2869 98 2892 tit
114 2868 158 2899 ad]
174 2869 312 2893 remedium.
330 2870 425 2893 Inferius
441 2877 484 2899 pro
501 2877 615 2900 czpuqna
639 2870 783 2894 incentivum
801 2872 851 2894 Vat.
874 2878 912 2895 ea·-

71 2906 164 2937 stinquc
181 2907 323 2936 incendium,
335 2911 358 2931 et
369 2915 412 2937 pro
428 2907 574 2939 approxima
590 2910 608 2932 B
619 2910 636 2932 E
650 2909 843 2939 approquinqua,
862 2911 881 2932 M
892 2910 912 2932 V

70 2945 165 2974 festina.

135 2984 144 2997 ⁶
159 2984 216 3008 Cod.
233 2985 262 3008 Z:
281 2985 377 3010 Gradus
391 2986 533 3016 pertinentes
545 2986 577 3010 acl
588 2986 787 3011 illuminationem
803 2989 860 3011 sunt
879 2993 911 3011 se-

1790 219 1824 247 15

981 294 1144 323 excedentia
1172 298 1198 324 te
1229 295 1354 325 sublevet
1381 298 1495 333 propter
1526 295 1586 325 eius
1617 295 1823 330 celsitudinem;

980 340 1189 376 complacentia
1204 344 1231 370 te
1251 342 1355 378 quietet
1376 345 1489 379 propter
1511 342 1571 371 eius
1591 341 1822 379 pulcritudinem3

981 385 1091 414 laetitia
1112 389 1138 415 te
1159 387 1277 416 inebriet
1290 391 1404 425 propter
1418 388 1520 417 amoris
1534 388 1594 417 eius
1609 388 1822 425 plenitudinem

980 430 1172 460 adhaerentia
1193 436 1219 461 te
1239 434 1409 470 conglutinet
1430 437 1544 471 propter
1564 434 1666 463 amoris
1686 434 1746 463 eius
1767 435 1823 463 for-

979 477 1140 512 titudinem,
1161 481 1193 507 ut
1212 479 1285 508 dicat
1305 487 1414 517 semper
1441 480 1539 509 devota
1566 481 1657 510 anima
1685 481 1712 509 in
1740 480 1823 510 corde

978 523 1051 552 suo⁷
1073 524 1107 552 ad
1127 524 1290 554 Dominum:
1312 527 1350 555 Te
1370 534 1490 563 quaero,
1511 527 1538 556 in
1561 530 1588 556 te
1608 535 1705 564 spero,
1726 530 1753 556 te
1776 527 1823 556 de-

978 569 1083 603 sidero,
1105 569 1133 598 in
1154 573 1181 599 te
1201 578 1354 609 consurgo,
1376 576 1402 601 te
1422 576 1550 610 accepto,
1571 574 1599 602 in
1620 577 1646 603 te
1667 574 1778 603 exsulto
1795 576 1823 603 et

977 615 1028 644 tibi
1048 615 1168 645 finaliter
1189 616 1334 646 adhaereo.

1369 720 1386 754 ἓ
1409 720 1434 747 6.

1112 809 1165 833 Alia
1182 809 1302 834 distinctio
1319 818 1397 834 novem
1414 811 1524 841 graduum
1541 813 1678 843 proficiendi.

1055 896 1081 923 9.
1093 895 1169 929 Nota,
1181 896 1255 933 quod
1267 895 1369 933 gradus
1380 897 1539 933 proficiendi
1553 901 1667 934 possunt
1678 899 1759 927 etiam
1771 899 1820 928 ali-

976 943 1018 970 ter
1038 941 1184 978 distingui,
1206 942 1359 971 secundum
1382 943 1517 979 triplicem
1535 943 1716 973 differentiam
1731 945 1819 982 tripli-

975 991 1080 1022 catam,
1099 988 1200 1025 triplici
1216 989 1389 1018 hierarchiae
1403 997 1558 1018 consonam.
1575 991 1731 1020 Necessaria
1745 993 1819 1021 enim

975 1038 1040 1063 sunt
1061 1035 1196 1064 cuilibet8
1218 1035 1286 1070 tria,
1308 1036 1412 1065 scilicet
1436 1037 1624 1071 amaritudo,
1651 1038 1819 1074 gratitudo,

974 1082 1152 1116 similitudo,
1174 1085 1201 1111 et
1222 1082 1274 1111 hoc
1296 1086 1357 1119 post
1378 1082 1494 1120 lapsum.
1517 1083 1543 1111 Si
1565 1083 1638 1112 enim
1660 1084 1741 1112 homo
1766 1093 1820 1113 non

974 1132 1129 1165 peccasset,
1157 1129 1212 1158 duo
1240 1130 1415 1164 sufficerent,
1438 1130 1541 1159 scilicet
1560 1131 1713 1168 yratttudo
1734 1135 1761 1161 et
1781 1132 1820 1160 si-

974 1175 1125 1204 militudo:
1139 1176 1292 1213 gyratitudo
1308 1179 1421 1214 propter
1435 1177 1565 1214 gratiam,
1579 1178 1741 1206 similitudo
1756 1186 1819 1215 pro-

974 1225 1036 1258 pter
1057 1222 1198 1251 iustitiam.
1221 1223 1271 1252 Sed
1293 1231 1367 1252 nunc
1389 1224 1543 1252 necessaria
1564 1228 1605 1253 est
1626 1224 1708 1253 etiam
1735 1233 1820 1253 ama-

974 1269 1091 1303 ritudo,
1113 1272 1226 1306 propter
1247 1270 1419 1299 medicinam.
1442 1271 1553 1300 Peccata
1573 1271 1646 1300 enim
1674 1279 1723 1308 per
1747 1272 1819 1301 dele-

974 1317 1120 1346 ctationem
1143 1320 1302 1354 perpetrata
1322 1317 1407 1346 deleri
1428 1326 1482 1346 non
1504 1321 1634 1354 possunt,
1656 1318 1708 1347 nisi
1733 1318 1818 1347 inter-

974 1363 1065 1392 veniat
1084 1364 1212 1392 contritio
1232 1364 1392 1393 asslictiva⁹.

1053 1409 1081 1438 ln
1109 1410 1309 1438 amaritudine
1336 1410 1417 1439 debet
1444 1418 1503 1440 esse
1528 1411 1700 1448 ponderatio
1728 1412 1818 1440 mato-

973 1464 1042 1484 rum
1056 1456 1078 1473 ¹⁰
1098 1460 1212 1493 propter
1233 1456 1360 1493 proprias
1380 1457 1533 1494 nequitias,
1555 1458 1725 1487 memoratio
1740 1458 1818 1487 cloto-

973 1511 1042 1531 rum
1064 1506 1178 1540 propter
1198 1503 1300 1532 Christi
1321 1504 1477 1541 angustias,
1496 1504 1654 1542 postulatio
1679 1506 1818 1534 remedio-

973 1558 1040 1578 rum
1063 1552 1177 1586 propter
1198 1550 1319 1586 proximi
1341 1550 1475 1580 miserias.

1052 1596 1078 1624 ln
1099 1596 1282 1633 qratitudine
1302 1597 1383 1626 debet
1403 1605 1463 1626 esse
1484 1597 1645 1626 admiratio
1671 1598 1815 1636 beneficio-

972 1651 1041 1670 rum
1063 1646 1176 1679 propter
1198 1643 1364 1672 creationem
1386 1643 1419 1672 de
1434 1643 1533 1678 nihilo,
1558 1643 1733 1673 (mniliilatio
1758 1654 1816 1674 nic-

973 1689 1100 1717 ritorum
1110 1690 1130 1705 ¹¹
1147 1692 1261 1726 propter
1273 1689 1473 1726 reparationem
1487 1690 1520 1719 de
1532 1694 1651 1727 peccato,
1664 1692 1739 1720 actio
1748 1701 1817 1729 yra-

972 1735 1085 1764 tiarum
1112 1738 1226 1772 propter
1254 1736 1423 1772 ereptionem
1450 1737 1484 1765 de
1511 1737 1626 1766 inferno.
1656 1738 1717 1766 Fuit
1743 1739 1816 1767 enim

971 1782 1079 1810 creatio
1100 1782 1134 1810 ad
1155 1782 1318 1819 imaginem,
1339 1783 1495 1820 redemptio
1517 1791 1566 1820 per
1587 1784 1732 1821 proprium
1754 1793 1815 1813 san-

971 1828 1098 1865 guinem,
1120 1829 1225 1865 ereptio
1246 1837 1335 1866 usque
1356 1829 1390 1858 ad
1411 1830 1478 1858 caeli
1499 1830 1679 1859 altitudinem.

1049 1876 1078 1904 ln
1105 1875 1296 1905 similitudine
1326 1876 1406 1905 debet
1433 1884 1492 1906 esse
1523 1881 1657 1914 aspectus
1681 1879 1814 1907 veritatis

971 1922 1093 1950 elevatus
1114 1921 1147 1950 ad
1169 1922 1328 1959 superiora,
1351 1921 1471 1960 asfhctus
1485 1923 1621 1952 caritatis
1635 1923 1764 1954 dilatatus
1778 1925 1813 1954 ad

967 2097 1044 2124 ptem,
1062 2094 1166 2118 videlicet
1180 2094 1261 2124 primo
1278 2094 1402 2118 considera
1414 2098 1457 2118 etc.
1469 2096 1620 2119 Servavinms
1631 2097 1736 2119 ordinem
1755 2097 1813 2126 Vnt„

969 2140 1023 2156 cum
1040 2133 1109 2156 codd.
1126 2133 1259 2156 membrum
1277 2137 1385 2162 quartum
1403 2140 1450 2164 qua
1467 2134 1494 2157 de
1511 2140 1585 2158 causa
1603 2135 1695 2165 patitur
1712 2136 1814 2159 secundo

970 2172 1091 2195 exhibeant
1108 2173 1171 2200 loco,
1189 2174 1229 2195 cfr.
1246 2179 1317 2200 supra
1334 2179 1356 2195 n.
1378 2173 1401 2195 3.
1424 2173 1519 2196 inferius
1541 2180 1583 2202 pro
1608 2174 1743 2204 regyrutt'urc
1765 2176 1813 2197 KR

969 2213 991 2233 et
1010 2211 1059 2233 Vat.
1074 2217 1175 2241 precare
1182 2220 1190 2239 ,·
1201 2211 1284 2234 cadem
1296 2212 1348 2234 Vat.
1360 2212 1459 2235 subinde
1475 2217 1528 2240 post
1545 2213 1602 2242 quid
1617 2213 1650 2236 ad
1665 2213 1709 2237 ltoc
1725 2213 1754 2244 [B
1765 2215 1783 2237 Τ
1794 2215 1814 2236 V

969 2249 1001 2272 ad
1017 2249 1086 2279 liaeo]
1104 2249 1256 2279 consequitur
1273 2250 1338 2273 addit
1354 2250 1417 2280 quod
1430 2251 1531 2280 patitur.

1032 2288 1041 2301 Β
1058 2288 1115 2311 Cod.
1134 2290 1163 2311 Z:
1182 2288 1278 2312 Gradus
1302 2288 1354 2312 riae
1376 2289 1479 2313 unitione
1503 2290 1612 2314 similiter
1637 2292 1693 2314 sunt
1714 2293 1812 2321 septem,

970 2333 1075 2357 quorum
1089 2327 1185 2357 primus
1202 2329 1237 2351 est
1252 2327 1389 2357 riyilantia,
1415 2328 1533 2352 sccundus
1558 2329 1698 2359 confidentia
1715 2332 1758 2353 etc.
1780 2330 1813 2353 l'i·

970 2365 1071 2394 qilantia
1088 2367 1109 2389 te
1124 2366 1233 2390 sollicitet
1249 2370 1293 2389 etc.

1032 2403 1040 2416 ⁷
1058 2404 1132 2427 Codd.
1148 2405 1167 2427 K
1178 2406 1195 2427 R
1214 2404 1277 2428 dicat
1292 2411 1386 2435 semper
1402 2405 1485 2429 anima
1510 2405 1538 2435 [Z
1560 2405 1693 2435 spiritualis
1717 2406 1811 2436 anima]

970 2443 994 2466 in
1011 2443 1081 2466 corde
1097 2445 1119 2466 ct
1135 2449 1176 2467 ore
1191 2450 1243 2467 suo.
1261 2445 1355 2467 inferius
1373 2451 1415 2473 pro
1439 2444 1543 2475 finaliter
1567 2444 1684 2468 adhaereo
1711 2445 1756 2467 ΒΜ
1767 2446 1785 2467 Τ
1796 2446 1812 2467 Ζ

970 2481 994 2505 in
1010 2482 1180 2512 sempiternum
1205 2482 1337 2507 adhaerebo
1362 2485 1383 2507 et
1403 2490 1418 2507 a
1436 2485 1457 2507 te
1473 2490 1599 2513 nunquam
1615 2483 1752 2513 separabor.
1770 2484 1812 2507 llio

970 2521 992 2544 in
1009 2522 1026 2543 B
1043 2523 1181 2550 opusculum
1199 2523 1297 2551 explicit.

1031 2559 1040 2572 ⁸
1058 2561 1109 2583 Vat.
1126 2567 1180 2583 cum
1197 2561 1313 2584 nonnullis
1330 2562 1398 2584 codd.
1415 2562 1478 2584 addit
1492 2561 1608 2591 proficere
1624 2561 1718 2585 volenti.

1032 2598 1042 2611 ⁰
1059 2599 1110 2622 Vat.
1127 2599 1176 2623 nisi
1190 2606 1202 2622 e
1218 2599 1339 2623 contrario
1353 2606 1398 2629 per
1415 2599 1564 2629 afflictionem
1580 2601 1603 2623 et
1617 2600 1811 2624 anzaz-ituslznem.

1033 2637 1052 2650 ¹¹³
1069 2639 1091 2661 ln
1109 2639 1160 2661 Vat.
1177 2639 1270 2661 additur
1288 2638 1487 2667 commissorum,·
1504 2639 1548 2661 EM
1559 2639 1577 2661 Τ
1588 2639 1607 2662 V
1625 2639 1660 2661 hic
1672 2642 1694 2661 et
1707 2639 1741 2661 bis
1758 2639 1811 2662 insc-

969 2677 1018 2699 rius
1034 2680 1086 2705 post
1101 2677 1212 2700 dolorum
1229 2680 1251 2700 et
1267 2677 1427 2700 remediorum
1443 2678 1533 2700 addunt
1548 2679 1570 2701 et
1586 2678 1636 2701 lioc.
1653 2679 1756 2702 Subinde
1768 2686 1810 2707 pro

969 2715 1109 2739 memoratio
1126 2715 1237 2739 dotorum
1255 2717 1293 2744 (ita
1311 2717 1352 2745 lS)
1370 2717 1386 2738 E
1410 2716 1526 2739 memoria
1544 2717 1731 2746 praeteritorum
1749 2717 1811 2741 dolo-

969 2761 1033 2782 rum,
1051 2758 1073 2777 et
1090 2761 1132 2783 pro
1149 2755 1258 2778 miserias
1276 2756 1281 2777 Ι
1298 2754 1426 2778 molestius.

1033 2792 1050 2806 ¹¹
1070 2794 1099 2816 lta
1117 2794 1135 2815 M
1147 2794 1164 2815 R
1174 2794 1191 2815 T
1204 2794 1221 2816 V
1231 2794 1247 2815 Z
1265 2794 1315 2822 (cfr.
1328 2794 1382 2816 inira
1395 2793 1576 2817 additamentum
1589 2795 1612 2817 ll.
1624 2801 1645 2817 n.
1658 2795 1697 2823 2.),
1710 2796 1760 2818 Vat.
1774 2801 1811 2819 ac-

969 2831 1099 2855 cnmutatio
1116 2831 1145 2861 [E
1161 2831 1288 2859 anhelatio,
1311 2832 1326 2854 S
1350 2831 1537 2862 adminiculatio]
1560 2832 1708 2856 meritorum.
1732 2833 1809 2856 Plures

969 2871 1038 2894 codd.
1055 2873 1106 2899 post
1123 2870 1151 2893 cle
1166 2870 1240 2893 nihilo
1262 2871 1351 2893 addunt
1372 2870 1404 2894 ad
1420 2870 1547 2901 zmaqtnem
1564 2871 1617 2900 Dei,
1641 2872 1739 2895 snbtnde
1756 2876 1810 2901 post

968 2910 996 2933 de
1009 2911 1105 2940 peccato
1122 2909 1266 2937 subiungant
1281 2915 1325 2939 per
1345 2909 1474 2939 proprium
1499 2910 1653 2940 sanquinem,
1675 2914 1697 2934 et
1714 2911 1809 2934 denium

968 2952 1021 2977 post
1037 2948 1065 2971 de
1081 2948 1174 2978 inferno
1192 2948 1221 2971 de
1237 2954 1287 2977 seq.
1303 2949 1459 2976 propositione
1476 2949 1543 2978 (Fuit
1566 2949 1628 2973 enim
1646 2949 1733 2974 creatio
1756 2950 1808 2979 etc.)

967 2988 1042 3010 solum
1059 2987 1155 3009 retinent
1171 2986 1203 3010 ad
1219 2986 1280 3010 caeti
1294 2987 1442 3011 altitudinem
1460 2987 1489 3017 [V
1506 2987 1685 3019 celsitudinem}

1836 953 1911 976 Triplex
1924 954 1961 972 dis-

1835 976 1915 995 sei-entia
1927 978 1960 996 tri-

1836 999 1912 1022 plicata.

1836 1417 1863 1436 De
1876 1417 1943 1441 prima.

1833 1603 1860 1622 De
1873 1604 1961 1622 secunda.

1832 1886 1860 1905 De
1874 1887 1937 1905 tertia.
