2133 3317
379 282 430 303 Ast>

173 322 285 343 Asrecrus
301 332 332 336 —
349 320 390 342 Per
407 322 527 348 aspectum
539 319 641 341 veritatis
653 319 690 342 de-

127 358 165 382 bet
182 359 230 381 fieri
248 359 332 381 erectio
348 365 419 387 supra
436 364 478 381 nos
489 364 531 386 per
551 358 691 386 contempla-

127 398 211 421 tionem
229 398 362 420 divinorum
373 415 379 424 ,
396 403 437 426 per
459 397 690 424 circumspectionem

126 437 301 464 universorum,
313 443 354 465 per
363 436 539 464 captivationem
552 435 690 458 iudiciorum

126 475 155 498 16
173 475 186 497 9

172 527 202 531 -
219 514 321 536 veritatis
332 514 434 536 elevatus
450 513 480 536 ad
492 514 610 542 superiora
622 513 692 536 debet

126 559 177 576 esse
193 553 217 575 in
234 553 382 575 similitudine
403 552 428 574 15
445 553 458 574 9
476 564 507 569 -
529 553 630 575 veritatis
654 553 692 576 de-

127 591 165 614 bet
182 598 232 615 esse
248 595 338 614 erectus
349 592 378 614 ad
392 591 631 620 incomprehensibilia
644 598 692 620 my-

127 631 195 653 steria
211 637 316 653 summae
328 630 445 653 Trinitatis
462 637 503 658 per
521 631 691 659 contemplatio-

127 675 179 692 nem
198 670 225 691 16
245 670 269 691 11
291 681 321 686 -
337 670 440 692 veritatis
452 669 540 697 primae
556 669 578 692 111
590 670 691 692 similitu-

126 708 180 731 dine
194 711 227 731 est
239 711 328 731 erectus
339 708 369 731 ad
385 708 625 736 incomprehensibilia
634 725 640 736 ,
657 715 691 731 ex-

127 753 213 776 pansus
233 748 262 770 ad
280 747 438 776 intelligibilia,
452 748 578 770 exinanitus
595 748 624 770 ad
642 754 691 771 cre—

126 786 203 809 dibilia
221 785 251 809 ib.
266 787 294 808 10
306 799 337 803 -
349 787 450 809 veritatis
467 787 555 814 primae
572 789 606 809 est
623 787 646 809 in
663 787 690 809 si-

126 825 253 848 militudine
269 825 325 848 ibid.

172 865 294 888 Asrssntns
312 878 341 881 -
353 865 489 888 Recordatio
502 865 615 893 passionis
627 864 691 888 Chri-

126 903 155 926 sti
172 904 224 926 facit
235 910 316 927 omnes
332 904 468 932 asperitates
485 904 560 926 faciles
572 903 617 926 483
635 904 648 926 3
659 916 691 921 —

125 942 160 965 Ad
178 948 281 965 amorem
301 943 430 971 asperitatis
451 942 554 965 habilitat
576 943 639 971 rigor
656 949 692 965 se-

129 981 231 1004 veritatis
243 981 256 1003 5
268 982 282 1004 9

173 1021 274 1043 Assistun
290 1032 322 1037 --
339 1021 384 1043 520
403 1021 425 1043 2.
443 1021 487 1043 537
506 1021 527 1042 8.
545 1020 590 1042 539
608 1021 628 1043 2.
644 1021 690 1043 554

127 1059 148 1081 4.
166 1059 211 1082 560
229 1060 242 1081 2

171 1110 203 1115 -
219 1101 254 1121 051
270 1098 343 1126 patria
361 1099 382 1120 S.
394 1098 511 1120 Francisci
528 1098 574 1121 505
590 1099 608 1120 1.
620 1098 665 1120 565
677 1105 689 1121 3

171 1149 203 1154 -
220 1137 261 1160 Vir
282 1137 377 1166 quidam
396 1137 425 1160 de
447 1137 534 1160 Assisio
551 1136 650 1160 obvians
667 1138 690 1160 S.

126 1176 246 1199 Francisco
268 1176 368 1204 pedibus
390 1176 464 1204 ipsius
486 1176 603 1199 sternebat
624 1177 690 1199 vesti-

125 1218 229 1238 mentum
247 1216 291 1238 506
310 1216 318 1237 1
340 1228 370 1231 -
388 1215 410 1238 S.
428 1215 562 1238 Franciscus
579 1216 602 1238 in
619 1216 689 1244 plani·

125 1254 166 1282 tie,
178 1261 238 1284 quae
250 1254 353 1277 subiacet
370 1254 454 1277 civitati
467 1255 558 1282 Assisii‚
569 1255 649 1278 obviat
659 1255 689 1278 le-

124 1300 194 1322 proso
211 1293 256 1317 507
273 1294 288 1316 5

172 1345 203 1349 -—
223 1333 246 1355 S.
267 1333 401 1355 Franciscus
418 1332 506 1355 visione
523 1336 635 1356 nocturna
652 1334 690 1356 ad-

126 1372 227 1395 monitus
245 1372 337 1400 Spoleto
349 1372 472 1394 revertitur
488 1372 600 1395 Assisium
618 1373 663 1395 506
675 1373 688 1395 3

125 1422 156 1427 —
171 1410 276 1438 Fulginio
294 1411 353 1433 redit
365 1411 476 1434 Assisium
489 1411 533 1433 508
553 1412 561 1433 1
578 1424 608 1428 -
620 1418 633 1434 3
646 1412 689 1434 Do-

125 1450 188 1472 mino
201 1451 348 1477 confortatus,
359 1450 419 1473 redit
430 1450 553 1479 Α551510111,
566 1454 689 1480 postquam

126 1494 168 1517 per
184 1489 262 1517 plures
278 1489 327 1512 dies
344 1490 427 1512 timens
450 1489 507 1512 iram
525 1489 597 1517 patris
618 1490 640 1512 in
657 1491 690 1513 fo-

125 1533 168 1550 vea
185 1529 273 1551 occulta
289 1529 352 1550 latuit
372 1527 402 1551 ib.
420 1529 433 1550 2
450 1541 481 1545 —
498 1529 557 1552 redit
577 1529 688 1552 Assisium

126 1566 155 1589 ad
166 1567 321 1595 reparandam
332 1567 452 1590 ecclesiam
466 1568 488 1590 S.
501 1568 606 1590 Damiani
618 1568 663 1591 509
674 1568 688 1590 7

171 1619 202 1622 -
220 1606 271 1628 Vita
288 1607 310 1629 S.
328 1607 442 1629 Francisci
459 1607 555 1636 eiusque
572 1607 689 1630 sociorum

127 1645 149 1667 in
165 1645 258 1673 tugurio
275 1645 384 1668 derelicto
404 1645 465 1668 iuxta
483 1646 595 1668 Assisium
612 1647 657 1669 5l3
675 1647 688 1668 3

171 1696 202 1701 —
218 1685 241 1707 S.
262 1685 397 1707 Franciscus
422 1685 597 1713 praedicaturus
622 1685 690 1708 intrat

125 1723 236 1746 Assisium
254 1723 299 1746 513
318 1723 330 1746 4

170 1774 202 1779 -
219 1763 241 1785 S.
258 1763 403 1790 Franciscus,
421 1763 551 1786 infirmitate
567 1766 690 1792 gravatus,

126 1801 220 1824 Noceria
233 1801 351 1824 reducitur
361 1802 473 1824 Assisium
486 1802 531 1824 525
549 1803 578 1824 10
589 1814 620 1819 -
631 1802 689 1825 Cum

125 1840 218 1868 hymnis
234 1843 256 1862 et
267 1841 362 1863 canticis
379 1841 481 1863 defertur
492 1847 584 1863 sacrum
605 1847 690 1870 corpus

125 1879 238 1901 Francisci
255 1879 285 1902 ad
297 1879 413 1902 civitatem
425 1880 503 1902 Assisii
516 1879 560 1902 548
574 1881 587 1902 5
596 1892 627 1897 -—-
638 1881 691 1903 Gre-

126 1918 207 1946 gorius
224 1919 283 1946 Papa
300 1924 376 1941 nonus
392 1919 457 1941 venit
473 1919 585 1941 Assisium
607 1919 635 1942 ad
654 1925 691 1942 ca-

126 1957 281 1980 nonizandum
300 1958 322 1980 S.
340 1957 486 1980 Franciscum
505 1957 550 1980 549
570 1958 584 1980 7
602 1971 633 1975 -
649 1958 691 1981 Ca-

126 1996 225 2024 pitulum
242 1997 350 2024 generale
366 1996 506 2020 celebratum
523 1997 601 2020 Assisii
619 1997 663 2020 549
677 1998 690 2019 8

173 2048 203 2051 -
221 2036 244 2058 Β.
262 2036 369 2058 Silvester
386 2036 408 2058 in
425 2036 512 2059 somnis
529 2036 593 2059 videt
612 2036 691 2059 eivita-

126 2076 172 2096 tem
189 2075 268 2097 Assisii
280 2081 292 2097 a
309 2075 410 2098 dracone
422 2081 507 2103 magno
524 2075 691 2098 circumdatam

126 2113 167 2136 511
189 2114 211 2136 5.
229 2113 274 2136 569
291 2120 303 2136 a

173 2165 205 2168 —
220 2153 297 2175 Frater
314 2152 410 2176 lacobus
427 2153 457 2176 de
474 2153 560 2176 Assisio
578 2153 622 2176 559
642 2154 650 2176 1

173 2192 295 2214 Aucromzm
312 2204 342 2208 —-
351 2192 453 2215 damnati
465 2191 534 2215 libelli
545 2192 690 2215 innocentem

127 2236 230 2253 asserere
247 2234 281 2254 est
296 2231 427 2254 damnantis
439 2231 550 2254 iudicium
565 2231 690 2260 reprobare

129 2269 174 2292 286
195 2270 200 2291 t

174 2308 316 2331 Aucromns
333 2321 362 2324 -—
380 2309 422 2331 Pro
440 2309 570 2337 receptione
581 2309 611 2332 ad
628 2309 692 2332 Ordi-

127 2353 180 2370 nem
198 2348 323 2376 requiritur
340 2348 411 2370 clavis
428 2348 567 2370 auctoritatis
584 2348 628 2370 397
647 2348 656 2369 1

175 2386 273 2410 Aunrrus
288 2399 319 2403 —
334 2390 416 2410 acutus
433 2390 467 2409 est
485 2386 624 2409 beneficium
640 2393 693 2415 spe-

128 2427 192 2448 ctans
208 2426 237 2448 ad
254 2426 450 2454 complementum
468 2428 563 2448 naturae
580 2431 607 2448 ex
627 2428 693 2454 parte

128 2470 208 2487 sensus
225 2465 238 2487 6
257 2465 280 2487 11

176 2737 299 2760 ΒΛιῑγιοΝιΑ
316 2749 348 2754 -
365 2738 387 2760 S.
402 2737 538 2760 Franciscus
548 2737 612 2760 adire
628 2743 692 2765 pero-

130 2775 209 2804 ptabat
225 2776 378 2804 praesentiam
396 2776 488 2799 soldani
505 2776 550 2798 532
567 2776 589 2798 7.
610 2782 660 2805 sqq.

176 2827 206 2831 —
223 2814 325 2837 Civitatis
342 2814 494 2843 Babylonicae
517 2815 692 2837 fundamentum

131 2856 165 2876 est
181 2853 295 2882 cupiditas
312 2853 357 2876 272
376 2854 401 2882 t,
418 2854 431 2876 3

178 2893 359 2915 Btcmomme
381 2904 411 2909 —
436 2892 570 2920 philosophi
592 2895 694 2915 contem-

131 2934 209 2960 ptores
225 2931 308 2954 saeculi
325 2933 456 2959 arguuntur
473 2931 518 2954 275
536 2932 564 2953 10

179 2970 276 2993 81001115
295 2982 324 2986 —-
345 2972 474 2993 sustentans
499 2970 641 2993 necessarius
661 2973 695 2993 est

133 3009 256 3032 infirmitati
274 3009 318 3031 136
337 3009 345 3031 1

820 242 920 270 tNDEx
941 242 1188 272 ALPHABETICUS.

771 331 800 335 --
818 319 932 347 decipitur
949 326 991 348 per
1008 326 1091 343 sonum
1106 320 1207 343 fallacem
1226 327 1288 343 crea-

725 360 828 381 turarum
847 358 876 381 34
895 358 924 380 15

772 397 909 420 Αο00511Νο5
933 409 964 414 -
989 397 1081 420 excellet
1103 398 1206 421 doctrina
1232 399 1289 421 inter

725 442 806 459 omnes
823 436 899 459 Patres
917 437 962 459 335
978 437 1006 458 12

771 487 802 491 -
819 475 884 503 ponit
895 475 1111 503 contemplationem
1128 476 1289 504 mysteriorum

726 514 842 536 Trinitatis
859 520 900 542 per
918 514 1054 542 positionem
1074 515 1101 536 16
1121 515 1145 537 11

775 565 802 569 ——
820 553 880 581 Quid
906 553 1011 575 docuerit
1034 553 1064 576 de
1086 554 1185 576 carentia
1208 554 1290 577 loculo-

725 598 777 614 rum
802 595 825 614 et
846 591 988 620 obligatione
1017 592 1085 615 nudis
1108 592 1208 620 pedibus
1230 593 1290 616 ince-

725 631 795 654 dendi
812 631 857 653 305
880 631 894 653 5
915 643 946 648 --
968 638 1012 654 non
1034 634 1069 654 est
1089 632 1201 654 dicendus
1222 638 1290 654 evan-

725 670 811 698 gelicae
833 670 923 693 veritati
949 674 971 693 et
993 670 1036 692 sibi
1063 671 1106 699 ipsi
1131 671 1289 694 contradicere

725 709 770 731 278
788 709 817 731 20

772 761 802 763 -
829 748 947 776 Quaedam
973 749 1098 771 sententiae
1119 748 1191 777 ipsius
1213 749 1289 772 minus

725 786 858 814 probabiles
876 790 929 809 sunt
948 787 991 809 404
1009 788 1038 809 23
1055 800 1085 803 ——
1097 789 1119 810 ln
1137 788 1289 811 elucidatione

725 825 895 853 problematum
912 827 964 854 plus
981 829 1053 849 statur
1070 827 1196 849 sententiae
1212 827 1289 855 Augu-

724 865 776 887 stini
788 871 858 893 quam
871 865 1012 893 Hieronymi,
1025 865 1047 887 in
1059 866 1200 893 expositione
1212 869 1288 888 tamen

724 906 797 926 textus
809 905 861 932 plus
874 907 945 927 statur
957 905 1082 927 sententiae
1098 905 1230 933 Hieronymi
1244 905 1288 928 405

725 943 753 965 23

771 993 802 998 -
819 982 914 1010 Qualem
937 982 1042 1010 regulam
1060 982 1104 1004 sibi
1125 985 1147 1004 et
1163 982 1210 1004 suis
1227 982 1288 1005 cleri-

724 1020 757 1043 cis
774 1020 895 1043 instituerit
913 1021 957 1043 399
975 1021 989 1043 7

769 1071 801 1075 —
818 1059 916 1082 Minister
938 1059 1084 1087 provincialis
1106 1060 1164 1082 vidit
1181 1061 1204 1082 S.
1222 1060 1289 1083 Fran-

724 1098 812 1121 ciscum
828 1098 857 1121 ad
874 1098 964 1120 caelum
982 1102 1145 1126 properantem
1164 1098 1209 1121 547
1227 1100 1240 1121 6
1259 1112 1288 1115 -—

725 1137 746 1159 in
763 1137 809 1159 vita
827 1143 868 1159 sua
890 1138 992 1165 perfecte
1009 1140 1101 1160 secutus
1123 1137 1164 1160 fuit
1184 1138 1206 1160 S.
1223 1138 1289 1160 Fran-

724 1176 810 1199 01500111
829 1176 873 1198 559
888 1177 895 1198 1
912 1188 942 1193 -—
955 1182 1007 1199 cum
1026 1177 1076 1205 ipso
1088 1179 1185 1205 apparet
1195 1177 1289 1200 cuidam

724 1221 793 1237 caeco
810 1215 882 1237 Fratri
899 1214 1000 1238 Roberto
1015 1214 1070 1238 ibid.

770 1254 830 1276 Anna
847 1266 878 1271 —-
895 1254 997 1277 caelestis
1014 1260 1061 1276 non
1078 1255 1121 1277 nisi
1138 1254 1237 1277 mundos
1255 1261 1290 1277 re-

723 1293 779 1321 cipit
796 1293 840 1315 186
859 1294 871 1315 2

771 1333 873 1355 AunsotA
899 1345 929 1349 —
952 1332 1082 1361 virginum,
1108 1333 1164 1361 quid
1190 1333 1218 1355 sit
1243 1332 1288 1355 214

725 1372 769 1394 115

770 1423 800 1428 --
817 1411 929 1434 Α11100130
941 1411 1071 1439 praemium
1084 1417 1129 1433 non
1144 1410 1242 1433 debetur
1251 1411 1288 1433 ha-

724 1449 781 1473 bitui
798 1450 889 1473 virtutis
907 1450 1040 1477 intrinseco,
1057 1450 1099 1472 sed
1116 1450 1180 1478 operi
1198 1450 1288 1478 privile-

723 1489 785 1517 giato
811 1489 857 1512 250
884 1490 911 1511 19
934 1501 965 1506 -
988 1489 1086 1511 debetur
1110 1489 1287 1517 praedicationi,

724 1529 833 1556 martyrio
850 1532 872 1551 et
888 1529 1014 1556 virginitati
1030 1527 1083 1551 ibid.

771 1569 850 1590 Auitum
866 1579 897 1584 —
920 1568 1037 1595 praevalet
1060 1567 1119 1589 inter
1144 1567 1221 1589 omnia
1245 1567 1286 1589 alia

723 1607 812 1629 metalla
832 1607 871 1629 441
895 1607 924 1630 15
941 1620 972 1622 -
989 1607 1103 1629 Modicum
1123 1607 1216 1635 pondus
1238 1607 1287 1629 auri

723 1646 745 1668 in
763 1646 836 1674 pretio
853 1647 971 1674 praevalet
987 1652 1073 1673 magno
1085 1646 1181 1674 ponderi
1199 1646 1287 1673 argenti

724 1685 759 1707 vel
776 1685 868 1707 alterius
885 1685 969 1707 metalli
987 1685 1032 1707 345
1052 1684 1068 1707 b

770 1736 801 1741 —
817 1724 880 1753 quod
901 1730 942 1752 per
961 1724 1039 1752 ignem
1057 1723 1180 1752 probatur,
1198 1724 1222 1746 fit
1239 1724 1288 1752 pul-

723 1764 785 1786 011115
802 1766 824 1785 01
841 1764 963 1791 pretiosius
984 1763 1026 1786 140
1045 1764 1073 1785 10
1089 1775 1121 1780 -
1132 1763 1288 1791 significatdi-

723 1802 844 1824 lectionem
862 1802 981 1825 ardentem
999 1802 1029 1824 94
1047 1801 1060 1824 4

770 1841 879 1864 ΑνΑειιτιΑ
896 1853 927 1857 -
944 1841 1047 1863 consistit
1063 1841 1086 1863 in
1110 1841 1236 1869 cupiditate
1255 1847 1288 1863 re—

724 1886 775 1902 rum
793 1883 936 1903 terrenarum
955 1886 999 1902 non
1018 1880 1147 1902 habitarum
1166 1880 1210 1902 433
1228 1881 1241 1902 6
1257 1892 1289 1896 —

724 1919 825 1942 consistit
849 1920 871 1941 in
894 1919 1012 1942 tenacitate
1037 1925 1114 1941 rerum
1141 1919 1287 1941 obtentarum

723 1964 927 1987 quarumcumque
944 1958 966 1980 in
988 1964 1056 1980 usum
1075 1958 1217 1980 venientium
1234 1957 1288 1981 ibid.

724 2009 755 2014 —
774 1997 894 2025 Cupiditas
913 2000 946 2020 est
963 2003 1028 2020 amor
1045 1997 1179 2020 divitiarum
1197 1997 1241 2019 329
1260 1996 1288 2019 40

770 2049 801 2053 —-
817 2037 932 2059 Avaritiae
951 2036 1042 2059 occasio
1058 2039 1111 2059 sunt
1131 2036 1225 2059 divitiae
1243 2036 1287 2058 280

725 2075 761 2098 24.
780 2076 820 2098 281
843 2075 871 2098 27
885 2088 914 2092 —-
927 2078 1090 2104 augmentatur
1101 2075 1289 2103 augmentatione

725 2115 857 2142 temporalis
878 2114 1019 2137 substantiae
1036 2115 1081 2137 282
1104 2115 1128 2137 31
1153 2127 1184 2131 -
1203 2114 1289 2137 1311103-

724 2156 760 2176 tur
777 2154 800 2176 in
817 2154 899 2176 affectu
916 2154 1010 2181 mentis,
1032 2154 1122 2176 occasio
1143 2159 1199 2176 vere
1215 2156 1238 2176 et
1259 2154 1289 2175 fo-

724 2195 827 2215 mentum
844 2193 943 2215 sumitur
966 2198 979 2215 a
996 2192 1067 2215 rebus
1088 2195 1149 2215 extra
1175 2193 1288 2221 possessis

724 2231 770 2254 272
787 2233 800 2254 2

770 2283 802 2287 -
818 2277 859 2293 001
875 2271 904 2293 511
916 2269 1053 2293 damnabilis
1070 2270 1115 2293 433
1132 2271 1145 2293 6
1158 2283 1189 2287 —
1201 2271 1288 2294 Vitium

724 2309 835 2332 avaritiae
851 2310 949 2332 multum
967 2309 1150 2338 reprehensibile
1166 2312 1212 2337 est,
1234 2316 1288 2332 cum

725 2348 778 2377 quis
795 2348 882 2376 appetit
893 2348 952 2370 scire
963 2349 1062 2377 occulta,
1080 2348 1160 2371 videre
1175 2349 1254 2376 pulcra
1266 2351 1289 2371 et

726 2386 812 2409 habere
828 2392 881 2409 cara
899 2386 912 2409 4
929 2387 944 2409 5

773 2438 804 2442 -
820 2425 898 2453 dirigit
914 2425 944 2448 ad
962 2425 1059 2448 visibilia
1079 2425 1123 2447 439
1141 2425 1155 2448 5
1167 2438 1197 2442 -
1208 2427 1242 2448 051
1257 2431 1289 2447 13-

726 2465 777 2492 dix,
794 2471 820 2487 ex
841 2471 887 2493 qua
905 2465 1013 2487 universa
1036 2465 1094 2487 mala
1112 2464 1236 2492 originem,
1260 2465 1290 2486 fo-

984 2595 1023 2643 B

774 2737 894 2760 BAPrtsuus
913 2749 941 2752 —
958 2739 992 2759 est
1004 2736 1071 2759 ianua
1089 2736 1289 2759 Sacramentorum

725 2775 755 2798 73
768 2776 781 2797 9
794 2788 824 2791 -
836 2776 911 2798 Gratia
924 2775 1054 2803 baptismali
1067 2775 1155 2798 deletur
1167 2776 1246 2804 culpa,
1257 2782 1290 2798 re-

726 2815 825 2837 stituitur
843 2815 985 2842 innocentia,
1002 2815 1117 2837 confertur
1129 2814 1211 2837 iustitia
1229 2815 1242 2836 6
1263 2815 1289 2837 12

726 2866 757 2870 -
774 2853 891 2881 Baptismo
908 2855 978 2875 homo
996 2855 1145 2881 regeneratur
1161 2853 1183 2875 111
1200 2852 1289 2876 Christo

727 2893 756 2915 73
775 2893 788 2915 9
805 2904 836 2909 —
852 2893 875 2915 ln
893 2891 1009 2920 baptismo
1032 2898 1113 2914 sumus
1134 2892 1206 2914 renati
1223 2892 1290 2920 spiri-

727 2932 817 2954 tualiter
833 2937 874 2960 per
891 2931 1001 2959 Spiritum
1018 2934 1123 2954 sanctum
1140 2931 1153 2953 8
1172 2931 1185 2953 3

773 2982 804 2987 -
835 2971 947 2993 Recenter
976 2969 1114 2998 baptizatus,
1146 2975 1289 2999 quamquam

728 3009 831 3032 nondum
856 3009 961 3037 pervenit
983 3009 1011 3032 ad
1029 3009 1118 3037 apicem
1144 3009 1290 3037 perfectionis

1831 246 1886 274 685

1581 283 1636 305 ssAn

1323 325 1426 344 mentum
1449 324 1471 344 et
1496 322 1663 345 incrementum
1688 323 1816 350 suscipiunt
1841 324 1886 346 272

1324 361 1352 383 13
1370 373 1399 377 —
1418 361 1515 384 civitatis
1537 361 1688 389 Babylonicae
1710 362 1885 385 fundamentum

1323 402 1357 422 est
1374 399 1427 422 ibid.
1444 412 1475 417 -
1491 403 1526 423 est
1542 403 1615 423 mater
1627 401 1768 423 confusionis
1784 404 1806 423 et
1821 401 1887 424 dam-

1323 438 1420 461 nationis
1440 439 1482 461 114
1497 439 1509 461 8

1372 490 1401 493 -—
1418 478 1448 500 Ex
1464 477 1561 500 avaritia
1579 478 1718 505 proveniunt
1735 484 1789 501 cura
1806 482 1828 501 et
1845 479 1886 501 sol-

1324 515 1417 538 licitudo
1444 517 1511 539 huius
1533 517 1617 539 saeculi
1641 517 1685 539 433
1703 518 1725 539 6.
1751 517 1795 539 439
1820 518 1834 539 5
1856 530 1887 534 —

1323 556 1412 577 Avarus
1430 561 1471 583 per
1488 561 1566 578 curam
1579 558 1601 578 et
1615 556 1791 578 sollicitudinem
1809 557 1887 579 multis

1323 593 1442 616 doloribus
1459 594 1567 623 affligitur
1586 595 1629 617 439
1648 595 1661 617 5

1370 646 1400 648 —
1417 633 1485 655 Avari
1504 636 1592 656 tantum
1604 634 1666 656 lucra
1684 636 1773 656 terrena
1787 640 1885 663 sequun-

1323 674 1359 694 tur
1376 674 1398 694 et
1418 672 1453 694 1115
1470 672 1560 694 animae
1581 679 1637 695 suae
1661 676 1765 695 ventrem
1791 673 1885 701 cupiunt

1323 711 1419 739 implere
1440 711 1480 733 198
1498 711 1528 733 70
1545 723 1575 728 —
1592 712 1661 734 Avari
1678 718 1759 734 omnes
1776 718 1821 734 non
1840 716 1885 734 tam

1323 750 1383 772 fame
1408 750 1534 777 corporalis
1556 750 1645 772 inediae
1665 757 1735 779 quam
1763 751 1887 779 spiritualis

1322 788 1437 817 nequitiae
1454 795 1496 816 per
1517 789 1668 812 insatiabilem
1690 790 1801 812 avaritiae
1819 796 1887 812 vora-

1322 827 1412 850 citatem
1431 830 1568 856 torquentur
1582 828 1627 850 325
1641 829 1669 850 26
1681 840 1713 845 —-
1724 829 1800 851 Avaro
1817 829 1885 851 etiam

1322 866 1378 889 dare
1395 867 1482 889 minuta
1499 867 1591 889 difficile
1607 869 1641 889 est
1658 873 1684 889 ex
1701 867 1823 890 vitiositate
1841 867 1886 890 248

1323 906 1351 927 16
1369 918 1400 922 -
1417 906 1498 928 Avaris
1516 907 1612 928 molesta
1630 909 1664 928 est
1681 907 1776 934 penuria
1794 907 1838 929 326
1857 907 1886 929 28

1322 957 1352 961 -
1369 951 1435 967 111010
1446 945 1621 968 Pharisaeorum
1639 945 1744 968 derident
1757 945 1887 968 laudatores

1323 984 1463 1011 paupertatis
1480 983 1509 1007 ib.
1527 984 1556 1006 29

1369 1034 1399 1039 --
1424 1023 1527 1045 omnium
1553 1023 1668 1045 malorum
1693 1023 1799 1045 radicalis
1821 1023 1887 1051 origo

1322 1062 1447 1083 humanam
1460 1064 1560 1084 mentem
1574 1064 1620 1084 tam
1632 1062 1691 1084 dura
1705 1062 1826 1089 tyrannide
1838 1068 1887 1090 pre-

1323 1100 1376 1127 mit,
1395 1103 1419 1122 01
1435 1101 1463 1123 311
1482 1101 1596 1123 idolorum
1609 1101 1699 1128 redigat
1715 1101 1850 1123 servitutem
1865 1104 1887 1123 et

1323 1139 1345 1161 in
1355 1138 1472 1162 bestialem
1486 1141 1632 1162 transformet
1643 1139 1802 1162 crudelitatem
1814 1139 1859 1162 304
1874 1140 1882 1162 1

1322 1189 1353 1194 -
1370 1178 1418 1200 Hoc
1442 1178 1592 1200 confirmatur
1617 1178 1722 1207 exemplo
1739 1179 1809 1201 ludae
1832 1177 1885 1201 ibid.

1323 1229 1354 1233 —
1366 1217 1485 1245 Cupiditas
1502 1217 1589 1240 directe
1600 1217 1737 1240 adversatur
1749 1217 1814 1246 fidei,
1827 1223 1886 1246 quae

1324 1262 1365 1284 per
1383 1256 1500 1278 caritatem
1518 1259 1628 1284 operatur
1645 1256 1690 1279 272
1712 1257 1717 1278 1

1370 1307 1400 1312 -
1417 1295 1569 1323 perniciosius
1590 1295 1662 1323 serpit
1684 1295 1705 1317 in
1729 1295 1795 1318 bonis
1815 1296 1887 1318 Eccle-

1322 1334 1382 1361 siae,
1394 1340 1464 1362 quam
1477 1335 1500 1356 in
1512 1335 1561 1357 aliis
1575 1334 1762 1363 quibuscumque
1774 1335 1814 1357 42l
1830 1335 1844 1357 7
1856 1347 1887 1351 --

1322 1372 1442 1401 Cupiditas
1459 1379 1610 1401 personarum
1628 1374 1835 1396 ecclesiasticarum
1853 1377 1886 1396 051

1322 1412 1404 1434 vitium
1429 1412 1607 1435 abominabilius
1628 1412 1736 1435 omnibus
1758 1415 1779 1435 01
1796 1413 1887 1435 occasio

1322 1451 1434 1473 simoniae
1451 1451 1496 1473 304
1513 1458 1525 1473 a

1368 1502 1399 1507 -—
1416 1490 1535 1518 Cupiditas
1552 1497 1598 1513 non
1621 1494 1655 1513 est
1671 1491 1788 1513 excitanda
1813 1497 1887 1513 exem-

1322 1529 1359 1557 plo
1376 1530 1507 1557 opulentiae
1519 1530 1648 1552 comitantis
1660 1530 1773 1557 pastorale
1785 1530 1886 1553 officium

1321 1569 1366 1591 296
1385 1569 1398 1590 8

1368 1620 1398 1624 -
1416 1608 1583 1636 Religiosorum
1602 1608 1749 1636 redarguitur
1771 1608 1810 1630 ll4
1829 1609 1855 1635 6,
1873 1609 1886 1630 8

1321 1659 1351 1663 —-
1368 1647 1391 1669 ln
1408 1647 1500 1674 culpam
1513 1647 1623 1669 avaritiae
1636 1647 1739 1670 incidunt
1755 1653 1836 1670 omnes
1848 1654 1886 1670 su-

1321 1686 1462 1714 perfluitates
1480 1686 1524 1708 433
1537 1686 1550 1708 6
1562 1698 1593 1702 -
1605 1686 1701 1715 Qualem
1717 1686 1886 1709 mendicitatem

1321 1725 1396 1753 pariat
1411 1725 1526 1753 cupiditas
1543 1725 1588 1748 325
1606 1725 1634 1747 26

1368 1776 1399 1781 -
1416 1764 1514 1792 Spiritus
1531 1764 1694 1792 exspoliandus
1715 1767 1749 1787 est
1774 1764 1804 1787 ab
1821 1764 1884 1787 omni

1322 1809 1432 1831 perverso
1458 1804 1539 1826 affectu
1568 1803 1678 1826 avaritiae
1702 1806 1723 1826 et
1753 1803 1886 1831 cupiditatis

1322 1842 1367 1864 279
1384 1842 1409 1865 21
1431 1855 1461 1858 -
1479 1843 1579 1864 Ρο110013
1597 1842 1728 1870 cupiditatis
1745 1842 1834 1865 avulsio
1851 1848 1886 1865 re-

1322 1881 1404 1910 quirit,
1420 1884 1444 1904 ut
1465 1881 1575 1904 avaritiae
1597 1881 1730 1909 rubiginosa
1752 1881 1841 1904 affectio
1864 1885 1887 1904 et

1321 1919 1462 1943 substantiae
1484 1923 1588 1942 terrenae
1612 1920 1744 1943 illecebrosa
1771 1920 1886 1948 possessio

1322 1961 1369 1981 tam
1389 1959 1537 1987 spiritualiter
1559 1965 1629 1988 quam
1652 1959 1800 1987 corporaliter
1823 1959 1887 1982 abdi-

1322 2002 1401 2021 centur
1414 1998 1458 2020 272
1471 1999 1484 2021 2
1496 2011 1527 2014 ——
1538 1999 1690 2026 exstinguitur
1701 1998 1801 2021 carentia
1811 1998 1886 2021 omnis

1322 2037 1379 2059 iuris
1395 2037 1483 2065 proprIi
1500 2038 1537 2060 vel
1554 2037 1685 2060 communis
1703 2037 1743 2059 421
1764 2037 1778 2059 7

1369 2089 1399 2093 —
1416 2077 1459 2099 Pro
1480 2076 1608 2104 cupiditate
1633 2076 1766 2099 avidissima
1783 2076 1886 2104 oportuit

1322 2115 1437 2138 Christum
1463 2115 1593 2138 satisfacere
1618 2121 1660 2143 per
1684 2115 1885 2144 exquisitissimam

1322 2156 1482 2182 paupertatem
1502 2154 1529 2176 14
1549 2154 1561 2176 4

1369 2205 1400 2210 —
1416 2194 1504 2216 Avaros
1526 2193 1643 2216 deterrere
1668 2193 1738 2216 debet
1753 2194 1886 2222 exemplum

1321 2232 1391 2255 ludae
1407 2232 1452 2254 284
1470 2232 1498 2254 36

1369 2272 1476 2294 Ανιῡιτᾼε
1491 2283 1523 2287 -
1539 2274 1573 2293 051
1589 2271 1689 2298 esuries,
1701 2277 1762 2300 quae
1773 2271 1886 2299 nascitur,

1323 2310 1417 2339 quando
1434 2310 1510 2332 anima
1527 2309 1603 2338 coepit
1620 2309 1737 2332 assuefieri
1755 2310 1815 2332 circa
1836 2316 1886 2332 sua-

1322 2349 1417 2371 vitatem
1434 2348 1562 2371 dilectionis
1580 2348 1619 2370 Dei
1638 2348 1666 2370 10
1684 2349 1697 2370 9

1371 2399 1398 2403 -
1418 2388 1448 2409 Ex
1465 2387 1574 2409 aviditate
1587 2387 1659 2409 oritur
1675 2387 1782 2410 saturitas
1800 2388 1828 2410 10
1842 2388 1869 2410 10

1370 2426 1423 2449 Ανι5
1447 2438 1478 2442 -
1503 2426 1576 2448 Ρ10135
1600 2426 1623 2448 S.
1646 2426 1758 2449 Francisci
1776 2426 1805 2449 ad
1831 2432 1887 2449 aves

1324 2465 1368 2487 528
1386 2465 1399 2486 9
1417 2477 1448 2481 —
1465 2464 1583 2493 praedicat
1600 2464 1684 2487 avibus
1705 2465 1750 2487 539
1768 2465 1790 2487 3.
1809 2465 1854 2488 540
1873 2465 1886 2488 4

1323 2739 1345 2759 et
1362 2736 1449 2764 meriti,
1472 2737 1532 2760 nulla
1559 2740 1633 2759 tamen
1657 2739 1691 2760 est
1714 2737 1809 2760 infectus
1835 2737 1885 2760 labe

1323 2776 1411 2804 peccati
1428 2775 1472 2798 244
1486 2776 1522 2799 15.
1535 2776 1580 2798 262
1594 2776 1623 2798 17
1633 2788 1665 2793 -
1676 2776 1726 2805 Quo
1739 2776 1808 2799 modo
1820 2776 1885 2805 pueri

1323 2814 1429 2843 baptizati
1446 2814 1502 2837 boni
1519 2815 1624 2838 dicantur
1642 2815 1685 2837 133
1703 2816 1717 2837 2

1370 2854 1476 2876 Bae-risu
1496 2866 1525 2870 —
1541 2853 1592 2877 vide
1605 2860 1627 2877 v.
1644 2854 1751 2877 Ioannes.

1370 2892 1455 2915 Bantuu
1465 2904 1496 2909 —
1505 2892 1526 2914 S.
1539 2892 1672 2915 Franciscus
1684 2893 1763 2915 transit
1775 2893 1834 2916 iuxta
1846 2893 1886 2916 Ba-

1323 2931 1384 2953 rium
1402 2930 1446 2954 524
1464 2931 1478 2953 5

1370 2970 1487 2993 ammius
1503 2982 1534 2987 —
1550 2976 1591 2993 cur
1607 2976 1620 2993 a
1632 2971 1701 2993 Paulo
1713 2970 1845 2994 dissenserit
1856 2971 1887 2994 de

1324 3009 1405 3032 loanne
1421 3009 1534 3037 discipulo
1552 3009 1593 3032 351
1614 3015 1626 3032 3
