2133 3317
17 1409 57 1434 ple:
69 1410 97 1437 iu-

0 1406 52 1522 11

4 1485 11 1499 ³
27 1479 96 1499 hierar-

0 1882 27 1903 ιιι
31 1880 97 1904 triplici

0 1906 7 1937 1
14 1908 98 1931 exprcen-

804 323 1112 360 OPUSCULUM
1136 324 1166 360 I.

514 450 661 514 DE
713 449 1203 513 TRIPLICI
1255 450 1454 514 VIA

663 603 810 646 ALIAS
830 603 1103 645 INOENDIUM
1123 604 1306 646 AMORIS

881 1019 1052 1048 PROLOGUS
1065 1021 1083 1047 ¹.

193 1119 216 1145 1.
246 1118 333 1151 Eece,
364 1117 507 1154 descripsi
533 1125 598 1145 eam
626 1116 678 1146 tibi
705 1117 857 1154 tripliciter
888 1120 953 1151 etc,

111 1164 324 1193 Proverbiorum
347 1163 480 1201 vigesimo
500 1163 621 1193 secundo
633 1164 651 1192 2.
674 1164 743 1192 Cum
764 1164 854 1192 omnis
868 1164 954 1193 scien-

109 1211 147 1240 tia
167 1214 245 1248 gerat
270 1210 411 1239 Trinitatis
436 1211 555 1247 insigne,
576 1211 725 1248 praecipue
746 1210 792 1239 illa
813 1218 884 1248 quae
908 1210 955 1239 do-

109 1260 188 1287 cetur
209 1258 236 1286 in
259 1265 337 1286 sacra
359 1257 517 1294 Scriptura,
539 1257 620 1286 dehet
641 1258 668 1286 in
689 1266 719 1286 se
747 1260 955 1294 repraesentare

109 1304 255 1341 vestigium
277 1304 434 1337 Trinitatis;
456 1307 569 1341 propter
590 1304 664 1341 quod
684 1304 750 1333 dicit
780 1304 893 1341 Sapiens
921 1304 955 1333 [le

109 1351 160 1380 hac
191 1359 269 1380 sacra
299 1351 436 1385 doctrina,
468 1359 497 1380 se
518 1359 578 1380 eam
610 1351 755 1388 tripliciter
776 1351 954 1387 descripsisse

108 1400 222 1435 propter
243 1398 379 1435 triplicem
401 1398 488 1435 ipsius
503 1398 673 1427 intellectum
694 1398 880 1435 spiritualem,
903 1398 954 1427 sci-

88 1442 171 1473 llicet
191 1444 346 1478 moralem,
376 1444 565 1482 allegoricum
592 1447 619 1473 et
647 1445 845 1482 anayoyicitm
861 1445 880 1472 ³.
908 1444 954 1472 Hic

108 1494 200 1520 autem
223 1491 325 1528 triplex
340 1491 496 1520 intellectus
510 1491 657 1528 respondet
673 1492 773 1528 triplici
791 1491 865 1520 actui
880 1492 954 1520 hier-

110 1538 233 1572 archico‚
262 1538 365 1567 scilicet
390 1538 582 1575 pitryationi,
604 1538 816 1567 illuminationi
843 1542 869 1566 et
887 1547 954 1575 per-

1012 1116 1161 1154 fectionz'4.
1185 1117 1331 1155 Pttryatio
1356 1120 1448 1147 autem
1473 1119 1507 1147 ad
1529 1127 1623 1156 pacem
1638 1118 1727 1152 ducit,
1750 1117 1857 1146 illumi-

1012 1163 1093 1192 ‹ntttio
1114 1164 1148 1192 ad
1170 1164 1328 1198 veritatem,
1354 1164 1492 1202 perfectio
1520 1165 1553 1194 ad
1576 1165 1734 1199 caritatem;
1756 1165 1858 1202 quibus

1012 1210 1132 1247 perfecte
1154 1211 1275 1248 adepus,
1307 1211 1397 1239 anima
1429 1212 1615 1246 beatificatur,
1647 1215 1674 1241 et
1705 1212 1857 1240 secundum

1012 1257 1086 1294 quod
1108 1257 1181 1286 circa
1203 1258 1269 1286 haec
1296 1262 1437 1291 versatur,
1459 1259 1573 1295 suscipit
1594 1258 1684 1287 meriti
1704 1259 1857 1287 incremen-

1013 1306 1080 1332 tum.
1097 1304 1124 1332 ln
1146 1305 1247 1332 horum
1263 1304 1347 1341 igitur
1369 1305 1454 1333 trium
1480 1305 1635 1342 cognitione
1653 1305 1753 1342 pendet
1767 1305 1857 1333 seien-

1013 1351 1054 1379 tict
1066 1351 1076 1368 ⁵
1099 1351 1183 1380 totius
1197 1359 1291 1379 sacrae
1306 1351 1481 1388 scripturae,
1503 1352 1603 1388 pendet
1616 1352 1698 1380 etiam
1719 1352 1856 1381 meritum

1012 1399 1083 1427 vitae
1100 1401 1236 1427 aeternae.

1091 1444 1237 1474 Sciendum
1259 1448 1300 1473 est
1328 1445 1427 1482 igitur,
1457 1445 1531 1482 quod
1558 1446 1662 1482 triplex
1689 1449 1730 1475 est
1759 1446 1856 1474 modus

1011 1491 1159 1520 exercendi
1182 1499 1211 1520 se
1236 1491 1310 1520 circa
1332 1492 1401 1520 lianc
1423 1492 1558 1528 triplicem
1588 1493 1673 1526 viam,
1695 1493 1798 1521 scilicet
1820 1493 1856 1521 le-

1010 1538 1098 1575 gendo
1119 1541 1146 1566 et
1168 1538 1324 1566 meditando
1335 1538 1356 1571 ⁶,
1378 1539 1490 1571 orando,
1513 1542 1539 1567 et
1561 1539 1778 1576 contemplando.

884 1632 920 1660 CA
925 1641 1043 1661 11161111]
1066 1633 1083 1660 1.

441 1727 479 1755 De
500 1727 699 1761 meditatione,
721 1736 781 1765 (μαι
803 1728 906 1756 anima
925 1730 1088 1764 perpetior,
1111 1726 1299 1755 illuminatur
1320 1730 1344 1755 et
1362 1726 1525 1764 perficitur.

187 1823 213 1850 Ξ.
235 1822 313 1850 Nunc
334 1821 424 1858 primo
445 1821 641 1850 meditationis
668 1821 786 1850 formam
816 1821 882 1850 libet
913 1821 954 1850 in-

108 1868 222 1905 spicere.
251 1868 398 1897 Sciendum
425 1871 467 1897 est
487 1868 586 1905 igitur,
607 1868 681 1905 quod
709 1869 762 1896 tria
790 1871 855 1897 sunt
882 1868 955 1897 intra

107 1923 173 1949 nos,
195 1915 347 1944 secundum
379 1923 499 1952 quorum
520 1923 603 1944 usum
636 1915 664 1943 in
696 1915 747 1943 hac
778 1914 879 1951 triplici
911 1915 954 1943 via

109 1969 291 1995 exercemur,
319 1961 422 1991 scilicet
448 1961 586 1990 stimulus
614 1961 818 1994 eonscientiae,
847 1960 953 1989 radius

171 2154 180 2168 ¹
197 2156 230 2178 De
242 2155 309 2178 titulo
322 2156 391 2178 liuius
402 2155 506 2183 opusculi
524 2157 546 2177 et
558 2155 587 2178 de
599 2155 696 2183 prologo
707 2155 745 2178 illo
762 2154 884 2184 Eviqztans
900 2161 953 2178 cero

108 2194 216 2218 animam
231 2200 321 2223 meam,
340 2194 381 2223 qui
392 2194 520 2217 certissime
536 2194 630 2222 spurius
646 2197 693 2221 est,
705 2200 758 2217 cum
777 2200 819 2217 uec
836 2194 860 2216 111
872 2194 953 2222 primis

109 2233 249 2256 editionibus
265 2239 308 2256 nec
326 2233 347 2256 in
365 2232 497 2261 codicibus,
514 2233 615 2261 exceptis
631 2233 705 2256 tribus
722 2233 790 2256 valde
806 2232 952 2260 recentibus=

108 2272 249 2299 inveniatur,
266 2272 320 2295 vide
337 2278 397 2301 quae
411 2272 511 2295 diximus
527 2272 549 2295 in
567 2272 738 2300 Prolegomenis
749 2272 779 2294 ad
791 2273 852 2295 hunc
864 2274 952 2294 tomum

107 2318 128 2334 c.
148 2312 169 2334 1.
186 2318 208 2334 a.
229 2312 247 2334 l.
264 2312 340 2340 lpsum
366 2311 510 2339 illegitimum
535 2311 659 2340 prologum
677 2313 729 2339 post
746 2312 789 2334 lioc
814 2311 952 2339 opusculum

107 2349 243 2373 exhibemus
259 2350 282 2372 in
298 2349 454 2373 additamento
467 2350 483 2372 Ι.
499 2361 529 2365 -
546 2349 706 2378 Inscriptiones
716 2350 870 2377 capitulorum
882 2352 904 2372 et
916 2355 953 2378 pa·

107 2390 276 2418 ragraphorum
293 2389 315 2411 in
332 2389 449 2418 plerisque
465 2389 534 2411 codd.
559 2389 653 2417 desunt,
676 2389 698 2410 in
719 2389 769 2411 aliis
791 2389 848 2411 inter
865 2395 890 2411 36
906 2395 952 2411 non

107 2429 261 2457 conveniunt;
280 2428 343 2451 unde
359 2435 372 2451 a
388 2427 456 2451 nobis
472 2428 528 2450 aliae
545 2428 645 2456 aptiores
662 2428 730 2450 textui
748 2428 839 2450 additae
855 2430 916 2450 sunt.

170 2467 179 2480 ²
197 2467 262 2490 Vers.
280 2467 317 2489 20.
334 2479 365 2483 —
382 2467 476 2489 lnrerius
494 2472 537 2494 pro
549 2465 771 2496 yeratvat.debec1t
788 2472 883 2496 perere,-
899 2466 952 2489 sub-

109 2507 162 2530 inde
179 2509 230 2535 post
247 2505 338 2535 insigne
355 2506 420 2529 multi
436 2506 504 2529 codd.
522 2512 604 2534 parum
617 2505 675 2528 bene
693 2506 781 2529 addunt
797 2507 829 2534 el,
849 2509 871 2528 et
882 2507 900 2529 R
914 2512 952 2534 po-

109 2545 142 2567 nit
159 2543 240 2568 debeat
256 2551 298 2573 pro
315 2544 386 2568 debet.

171 2583 180 2596 ³
196 2583 242 2607 Clr.
260 2584 373 2613 Breviloq.
390 2584 479 2611 Prolog.
497 2584 511 2612 ‘g
530 2584 549 2606 t.

170 2621 180 2635 ⁴
197 2623 271 2652 Quem
289 2623 400 2651 triplicem
418 2626 494 2645 actum
512 2622 612 2645 insinuat
624 2623 731 2651 Dionys.,
742 2622 772 2645 de
783 2622 879 2646 Caelesti
891 2623 952 2646 Hier-

108 2663 170 2685 arch.
187 2669 206 2684 c.
225 2663 245 2684 3.
269 2664 282 2690 Β
307 2663 334 2690 23
350 2670 370 2685 6.
392 2662 415 2684 7.
432 2662 446 2690 ξ’)
464 2662 490 2690 3;
507 2668 526 2683 6.
549 2662 570 2683 9.
587 2661 601 2689 S
619 2662 640 2684 2.
657 2663 679 2684 et
696 2668 715 2683 c.
734 2661 772 2684 10.
792 2661 838 2684 Ctr.
855 2664 911 2684 tom.
929 2662 952 2683 11.

71 2714 74 2716 ψ
108 2707 163 2729 pag.
183 2701 233 2728 ¹27,
250 2705 304 2723 nota
321 2702 342 2723 2.
360 2704 382 2723 et
399 2707 453 2729 pag.
471 2701 524 2728 267,
541 2703 595 2723 nota
613 2700 633 2723 4.

171 2738 180 2752 ⁵
197 2739 270 2763 Codd.
288 2740 524 2763 ADEGLNOPTZ
540 2745 647 2767 summa,
667 2742 690 2762 et
706 2739 805 2762 subinde
822 2746 864 2768 pro
882 2740 952 2763 totius

108 2784 194 2802 sacrae
210 2778 351 2808 scripturae
367 2779 418 2801 Vat.
443 2785 496 2802 cum
522 2778 602 2807 paucis
618 2778 688 2801 codd.
713 2777 785 2801 totius
810 2777 951 2808 theoloqiae,

109 2818 180 2841 ALO
198 2817 268 2841 totius
285 2816 414 2846 theologiam
431 2817 467 2840 vel
483 2817 509 2846 [L
519 2817 537 2840 Ο
554 2817 585 2847 et]
603 2822 687 2840 sacrae
704 2816 852 2846 scripturae.

172 2855 182 2869 ⁶
198 2856 266 2884 Ilugo
282 2862 295 2878 a
313 2856 336 2878 S.
354 2855 426 2883 vict,
443 2856 477 2879 111,
495 2856 581 2879 Erudit.
598 2856 763 2883 didascalicae,
780 2862 800 2878 6.
818 2856 859 2878 ll:
883 2856 953 2879 Medi-

111 2895 164 2917 tatio
181 2895 320 2923 principium
338 2895 408 2918 sumit
424 2901 437 2917 a
454 2895 563 2924 lectione;
580 2895 647 2918 nullis
663 2898 739 2918 tamen
756 2894 843 2923 regulis
864 2894 953 2922 stringi-

110 2935 147 2956 tur
163 2936 203 2956 aut
220 2934 350 2962 praeceptis
367 2933 477 2957 lectionis,
496 2934 625 2957 Delectatur
647 2934 707 2957 enim
724 2933 827 2963 quodam
845 2936 899 2962 apto
916 2933 953 2956 de-

1012 1821 1214 1858 intelliyentiae
1235 1824 1262 1849 et
1291 1821 1438 1857 iqrtieulus
1458 1821 1627 1858 sapientiae.
1653 1821 1680 1849 Si
1701 1821 1786 1858 igitur
1815 1821 1856 1850 vis

1008 1868 1153 1905 purgari,
1176 1870 1252 1896 verte
1273 1871 1300 1896 te
1314 1867 1347 1896 ad
1369 1868 1550 1897 conscientiae
1565 1868 1725 1901 stimulum;
1747 1868 1769 1896 si
1791 1868 1856 1896 illit—

1010 1914 1140 1948 minari,
1162 1914 1195 1942 ad
1217 1914 1411 1951 intelligentiae
1433 1914 1557 1948 radium;
1579 1915 1601 1943 si
1620 1914 1737 1952 perfici,
1759 1914 1792 1943 ad
1814 1922 1856 1943 sa-

1011 1960 1128 1997 pientiae
1143 1961 1307 1997 igniculum,
1323 1960 1475 1990 secundum
1490 1961 1634 1990 consilium
1650 1961 1720 1990 beati
1735 1961 1855 1997 Dionysii

1010 2161 1103 2177 currere
1119 2155 1206 2183 spatio,
1223 2154 1263 2176 ubi
1281 2154 1376 2176 liberam
1398 2153 1588 2181 contemplandae
1606 2153 1694 2176 veritati
1716 2153 1788 2176 aciem
1811 2154 1856 2176 atli-

1010 2196 1050 2222 gat
1060 2196 1103 2216 etc.
1116 2193 1171 2222 (Ctr¹
1189 2193 1238 2216 eius
1249 2193 1351 2215 libellum
1368 2193 1397 2215 de
1409 2193 1476 2215 lllodo
1494 2192 1584 2215 dicendi
1597 2195 1619 2214 et
1631 2192 1769 2219 meditandi,
1781 2198 1803 2215 n.
1816 2193 1856 2221 5.).

1010 2233 1067 2256 lhid.
1086 2232 1137 2256 libr.
1156 2233 1183 2255 V.
1200 2239 1220 2255 6.
1243 2233 1268 2260 9,
1286 2232 1420 2255 describens
1443 2232 1575 2255 exercitium
1593 2232 1654 2254 vitae
1678 2232 1791 2254 iustorum
1814 2233 1856 2254 lios

1010 2272 1114 2301 quinque
1130 2273 1195 2294 affert
1220 2272 1319 2300 gradus,
1337 2271 1383 2294 scil.
1409 2272 1541 2298 lectionem,
1567 2271 1751 2298 meditationem,
1776 2271 1857 2293 oratio-

1009 2317 1076 2339 nem,
1094 2310 1251 2339 operationem
1266 2313 1288 2332 et
1300 2310 1526 2338 contemplationem.
1544 2318 1554 2330 κ
1564 2310 1638 2332 Prima
1652 2309 1718 2332 lectio
1730 2310 1856 2337 intelligen-

1010 2350 1065 2372 tiam
1082 2350 1134 2378 dat,
1157 2350 1259 2372 secunda
1280 2349 1399 2373 meditatio
1421 2350 1542 2372 consilium
1563 2348 1672 2378 [qualiter
1695 2348 1758 2377 quod
1776 2349 1856 2371 sacien-

1010 2389 1066 2411 dum
1085 2389 1234 2411 intelleximus
1251 2389 1279 2411 sit
1295 2387 1480 2417 exsequendum]
1498 2390 1612 2416 praestat,
1630 2388 1694 2410 tertia
1712 2387 1788 2411 oratio
1806 2387 1856 2417 [au-

1010 2428 1086 2450 xillum
1104 2428 1145 2450 Dei
1167 2428 1197 2450 ad
1213 2426 1391 2456 exsecutionem]
1410 2428 1478 2455 petit,
1495 2429 1576 2456 quarta
1600 2426 1705 2455 operalio
1732 2426 1803 2456 [viam
1826 2427 1855 2449 ad

1010 2466 1093 2495 vitam]
1110 2467 1210 2495 quaerit,
1228 2467 1307 2495 quinta
1325 2465 1489 2495 contemplatio
1507 2465 1594 2487 invenit
1616 2464 1698 2494 [gratia
1715 2465 1855 2492 illustrante,

1010 2508 1106 2533 gustans
1118 2505 1232 2534 quoniam
1246 2504 1327 2528 suavis
1338 2506 1371 2528 est
1383 2503 1511 2531 Dominus,
1524 2505 1559 2526 Ps.
1574 2504 1615 2532 33,
1627 2503 1662 2533 9.]
1671 2512 1693 2526 n.
1705 2516 1736 2520 —
1747 2504 1795 2526 Hoc
1806 2504 1856 2527 loce

1009 2544 1125 2567 invenitur
1141 2544 1226 2572 duplex
1244 2544 1322 2571 lectio,
1339 2550 1399 2572 quae
1416 2544 1490 2571 ipsam
1509 2543 1613 2570 opusculi
1631 2543 1768 2565 divisionem
1787 2543 1855 2571 tripli-

1009 2590 1059 2606 cem
1077 2583 1181 2611 respicit,
1198 2589 1297 2612 qunrum
1314 2583 1390 2605 verior
1403 2582 1447 2604 inm
1461 2583 1482 2604 in
1497 2581 1597 2611 antiquis
1611 2582 1663 2604 edd.
1678 2582 1809 2609 Argentinis
1826 2582 1855 2604 ad

1010 2623 1138 2650 marginem
1155 2625 1254 2644 notatur.
1266 2622 1311 2644 Sed
1329 2622 1402 2644 maior
1419 2628 1473 2650 pars
1485 2622 1592 2644 codicum
1610 2627 1663 2643 cum
1676 2621 1727 2642 Vat.
1740 2621 1856 2648 <omittens

1010 2660 1200 2691 contemplando)
1213 2660 1282 2683 habet
1294 2660 1397 2690 teqeudo,
1409 2659 1554 2688 meditando,
1569 2659 1660 2683 orando
1667 2668 1676 2687 ,·
1688 2662 1780 2682 econtra
1792 2659 1854 2682 BCG

1010 2701 1016 2723 l
1027 2702 1045 2729 Q
1055 2700 1083 2727 V,
1095 2700 1224 2722 omittentes
1236 2699 1331 2728 leqmzde
1344 2701 1372 2727 et,
1385 2699 1469 2721 liabent
1480 2698 1627 2726 meditando,
1640 2697 1739 2727 orando,
1754 2700 1855 2722 contem-

1007 2739 1097 2769 plando
1116 2739 1142 2767 (Ε
1153 2739 1198 2762 MN
1209 2739 1224 2760 S
1246 2738 1282 2761 vel
1299 2737 1496 2767 contemplando).
1520 2738 1564 2760 Sed
1582 2744 1635 2760 cum
1658 2737 1750 2760 tertium
1768 2738 1856 2765 capitu-

1010 2780 1069 2806 lum,
1086 2778 1150 2808 quod
1168 2779 1214 2806 agit
1232 2778 1261 2800 de
1278 2777 1484 2807 contemplatione,
1503 2777 1632 2800 inveniatur
1649 2778 1717 2799 etiam
1737 2777 1760 2799 in
1778 2777 1855 2804 pleris-

1009 2824 1055 2847 que
1071 2817 1153 2844 codd„
1175 2817 1215 2846 qui
1233 2817 1338 2839 omittunt
1360 2816 1552 2846 contemplando,
1573 2816 1707 2845 nullumque
1729 2816 1853 2844 capitulum

1010 2859 1064 2885 agat
1082 2856 1112 2879 de
1131 2856 1237 2884 lectione,
1258 2856 1323 2879 lectio
1343 2855 1477 2884 vaticanae,
1495 2858 1519 2878 ut
1540 2856 1584 2878 iam
1605 2854 1738 2877 observavit
1758 2854 1854 2881 Bonelli,

1011 2901 1056 2918 non
1069 2897 1143 2923 potest
1159 2900 1210 2917 esse
1227 2895 1334 2922 genuina.
1352 2894 1424 2916 Etiam
1442 2899 1515 2922 pauca
1534 2893 1605 2916 verba
1622 2893 1652 2916 de
1670 2892 1777 2920 lectione,
1795 2898 1855 2921 quae

1010 2935 1149 2963 sequuntur,
1168 2935 1220 2956 sunt
1239 2936 1357 2962 suspecta,
1375 2939 1428 2956 cum
1450 2933 1525 2956 desint
1542 2934 1564 2956 in
1582 2932 1687 2961 pluribus
1711 2931 1792 2958 codd„
1815 2931 1854 2959 qui

1875 1311 1991 1330 Notandum.
