2133 3317
542 202 737 231 OPUSCULUM
758 203 788 230 X.
812 203 896 231 VlTls
917 203 1065 232 MYSTICA.
1087 204 1348 232 ADDITAMENTUM
1370 204 1408 232 lli.

107 281 249 313 parabolam
268 281 394 306 contexuit
412 281 440 305 de
458 280 533 305 divite
547 280 664 311 epulante
683 280 790 311 quotidie
810 281 948 311 splendide,

107 325 148 356 qui
157 324 269 349 mortuus
284 323 383 354 petebat
396 323 494 354 guttam
508 330 598 354 aquae,
612 330 667 347 cum
680 323 746 347 esset
765 323 789 347 in
804 323 948 352 tormentis,

107 375 122 392 a
134 367 227 392 Lazaro
240 366 379 397 quiescente
392 366 449 397 post
462 366 581 395 mortem,
594 372 638 390 nec
651 365 750 396 poterat
769 365 879 390 obtinere
888 384 894 394 ,
915 373 950 390 re-

107 410 199 441 cipiens
218 409 338 440 perpetua
357 409 424 433 mala
442 415 487 439 pro
505 408 635 439 voluptate
655 408 786 439 temporali
812 408 949 433 transacta.

107 453 147 478 Ad
163 451 397 477 commendationem
416 452 544 476 castitatis
562 451 649 476 contra
667 451 802 475 luxuriam:
820 451 948 481 Audistis,

106 495 187 526 inquit
201 494 217 523 ¹,
237 495 300 525 quia
318 494 414 518 (lictum
427 495 463 519 est
482 494 613 524 antiquis:
630 494 694 519 Non
706 493 893 521 moechaberis:
905 501 949 525 esso

107 539 190 563 autem
209 537 263 561 dico
282 537 367 562 vobis:
387 537 449 567 quia
468 537 619 568 quicumque.
642 536 735 561 viderit
758 537 891 561 mulierem
915 537 951 561 (ul

106 579 332 610 commiscendum
350 586 419 610 eam,
440 580 492 604 iam
510 579 657 604 moechatus
682 580 718 604 est
743 586 798 604 eam
824 580 851 603 iu
875 580 949 604 corde

105 630 160 648 suo.
179 622 260 646 Huius
279 622 346 647 verbi
365 621 423 647 folio
442 622 561 653 tegantur
580 622 643 647 oculi
667 622 758 649 nostri,
779 629 822 649 ne,
843 622 863 646 si
884 622 947 646 forte

1798 204 1847 232 191

1008 282 1089 306 minus
1099 282 1169 307 caute
1183 282 1331 311 reserentur,
1343 282 1440 307 eveniat
1450 282 1514 313 quod
1524 282 1642 307 Ieremias
1653 282 1711 306 dicit
1719 280 1740 306 ²:
1754 281 1852 306 Asemz-

1008 324 1046 348 dit
1064 332 1134 349 mors
1148 332 1198 355 per
1215 324 1339 354 fenestras
1358 326 1468 350 nostras.
1489 325 1622 349 Fenestrae
1641 325 1731 356 quippe
1754 325 1850 349 animae

1007 367 1107 392 nostrae
1126 368 1186 391 suut
1204 367 1325 392 foramina
1344 375 1459 392 sensuum
1479 368 1635 396 nostrorum,
1655 367 1747 392 scilicet
1770 367 1852 392 oculo-

1007 417 1075 437 rum,
1095 410 1206 438 aurium,
1226 411 1323 434 narium
1344 411 1368 434 ct
1381 411 1442 439 oris,
1456 418 1500 441 per
1513 418 1573 442 quos
1587 411 1657 442 quasi
1671 410 1850 441 peiafenestras

1007 452 1126 482 quasdam
1147 459 1212 477 mors
1232 453 1349 481 ascendit,
1369 454 1465 484 quoties
1484 454 1515 478 ad
1538 454 1622 484 aliqua
1646 453 1783 478 criminalia
1806 460 1850 484 ap·
1866 452 1874 459 ’

1007 494 1112 524 petenda
1131 495 1283 519 reserantur.
1302 509 1337 512 ——
1355 496 1401 520 His
1429 496 1454 519 et
1477 496 1533 520 aliis
1553 496 1634 521 verbis
1660 496 1773 527 plurimis
1797 496 1850 520 tan-

1006 544 1080 567 quam
1099 536 1252 567 quorundam
1271 537 1385 562 foliorum
1404 538 1492 563 umbra
1517 546 1559 569 per
1579 539 1654 563 vitem
1678 539 1790 564 nostram
1812 538 1851 562 be-

1006 580 1108 610 nignum
1127 579 1210 603 Iesum
1229 579 1260 603 ab
1278 580 1348 604 aestu
1368 581 1483 605 vitiorum
1503 581 1679 612 refrigeramur
1702 582 1727 606 et
1751 582 1776 606 in
1802 582 1850 606 vir-

1006 622 1089 646 tutum
1109 623 1226 653 temperie
1245 622 1383 647 refovemur
1397 622 1415 647 ³.

758 779 1087 815 ADDITAMENTUM
1112 780 1159 815 III
1173 773 1191 814 ⁵.

177 942 219 967 38.
239 942 285 967 Sed
303 942 385 967 movet
403 950 449 970 me,
469 942 544 973 quod,
558 949 612 966 cum
626 941 728 966 dixisset
742 940 764 965 ⁵:
778 941 877 966 Dlulz'er
890 948 950 970 eece,

106 985 177 1016 filius
205 986 274 1016 tuas,
299 985 439 1010 subiunxit:
469 985 549 1013 Ecce,
573 986 656 1009 muter
686 985 745 1015 hta,
771 992 825 1008 cum
851 984 950 1015 utique,

108 1028 182 1053 etiam
202 1029 221 1053 si
240 1028 285 1053 hoc
309 1035 357 1053 non
381 1027 561 1057 subjunxisset,
585 1028 750 1052 necessarium
776 1027 871 1053 fuisset,
897 1035 951 1051 eam

107 1078 159 1096 esse
178 1071 282 1095 matrem
301 1071 369 1095 illius
388 1071 429 1102 qui
448 1071 473 1095 in
493 1070 571 1094 filium
591 1070 636 1094 sibi
656 1070 730 1094 datus
748 1070 810 1094 erat.
836 1070 881 1094 Sed
906 1070 951 1095 hoc

73 1121 77 1125 *
107 1114 208 1139 mutuae
227 1114 340 1138 caritatis
358 1113 473 1138 affectum
492 1113 552 1138 mihi
571 1113 740 1138 commendare
758 1113 865 1137 videtur.
888 1113 952 1137 Sunt

63 1158 68 1164 '
107 1157 172 1182 enim
190 1157 320 1186 nonnulli,
341 1157 382 1188 qui
401 1156 432 1181 ab
451 1156 564 1181 omnibus
583 1157 662 1180 amari
681 1156 780 1185 volunt,
804 1156 846 1180 sed
869 1156 951 1181 nullos

106 1199 195 1225 affectu
214 1200 300 1225 mutuo
319 1199 531 1230 complectuntur;
551 1199 647 1228 volunt,
667 1199 695 1224 ut
715 1207 797 1224 eorum
816 1199 914 1223 labores
927 1199 951 1223 et

106 1243 202 1268 dolores
222 1243 383 1271 allevientur,
398 1243 422 1266 et
435 1250 489 1267 cum
503 1242 617 1267 ferantur
629 1250 644 1266 a
657 1241 783 1273 pluribus,
797 1243 844 1273 ipsi
858 1242 951 1266 nullius

107 1293 181 1311 onera
201 1286 290 1311 volunt
308 1285 408 1316 portare
434 1285 480 1310 etc.
503 1285 560 1310 Nou
586 1285 622 1309 ita
647 1285 717 1309 docet
740 1285 890 1316 Apostolus:
915 1284 951 1309 ait

106 1329 170 1354 enim
183 1327 206 1353 ⁶:
226 1328 303 1353 Alter
320 1328 429 1353 alterius
448 1335 526 1352 onera
540 1329 658 1359 portate,
677 1329 701 1352 et
719 1328 756 1352 sic
778 1327 951 1358 adimpiebitis

107 1371 184 1403 leyem
207 1370 312 1396 Christi.
332 1371 384 1396 Hoc
403 1371 467 1395 enim
487 1370 602 1395 Christus
622 1370 692 1400 fecit,
711 1370 757 1395 hoc
776 1370 865 1395 docuit.
889 1370 951 1395 Por-

103 1413 170 1438 tavit
192 1414 256 1438 enim
276 1421 350 1439 onera
369 1414 426 1444 tua,
446 1414 556 1438 invitans
575 1413 614 1442 te,
633 1413 662 1437 ut
687 1413 715 1437 tu
735 1413 862 1444 passiones
882 1412 949 1437 illius

104 1456 218 1482 imiteris.
241 1456 360 1482 Christus
378 1457 445 1481 enim
460 1463 555 1488 passus
574 1457 611 1481 est
627 1463 676 1486 pro
695 1456 777 1484 nobis,
803 1456 950 1486 relinquens

105 1500 180 1525 nobis
204 1499 361 1530 exemplum,
389 1501 418 1524 ut
445 1506 584 1530 sequamur
607 1499 715 1530 vestiam
737 1499 791 1523 eius
805 1497 823 1522 ⁷.
848 1498 901 1523 Hoc
925 1498 950 1522 et

105 1542 200 1572 docuit,
220 1549 275 1567 cum
294 1542 400 1567 Matrem
419 1542 539 1573 discipulo
558 1542 583 1566 et
601 1542 677 1566 Matri
696 1542 844 1573 discipulum
863 1541 950 1566 mutuo

104 1585 302 1616 commendavit,
321 1585 438 1610 nimirum
462 1585 560 1614 nolens,
585 1584 614 1609 ut
639 1584 731 1609 caritas
757 1585 896 1615 spiritualis
921 1592 950 1609 ex

104 1635 154 1653 una
173 1627 245 1659 parte
264 1628 354 1660 frigida
373 1628 526 1658 remaneret,
546 1628 588 1652 sed
606 1627 636 1652 ut
655 1628 728 1652 simul
742 1627 905 1657 dormientes,
925 1628 950 1652 id

104 1671 143 1696 est
160 1672 186 1696 in
205 1679 264 1696 vera
282 1671 307 1696 et
326 1678 389 1702 pura
408 1671 512 1696 caritate
532 1671 605 1696 simul
624 1671 791 1702 quiescentes,
805 1671 891 1696 mutuo
910 1678 950 1695 ca-

103 1713 191 1739 lefiant
204 1712 222 1744 ⁸,
240 1714 265 1738 id
284 1714 329 1744 est,
349 1714 414 1739 alter
427 1714 458 1739 ab
471 1714 550 1739 altero
563 1714 595 1738 ad
607 1714 720 1739 caritatis
734 1714 849 1739 exercitia
863 1714 948 1739 mutuo

104 1756 279 1782 accendantur.
297 1757 351 1782 Hoc
369 1757 434 1781 enim
454 1757 492 1781 est
510 1756 595 1782 efficax
620 1757 719 1788 signum
738 1764 810 1781 verae
829 1756 854 1781 et
873 1764 949 1787 purae

104 1799 231 1829 caritatis,
251 1799 315 1831 quod
339 1799 365 1824 hi
391 1800 433 1831 qui
457 1800 583 1831 spirituali
609 1799 737 1824 dilectione
761 1798 949 1830 spiritualiter⁰

104 1843 296 1872 connectuntur,
316 1851 360 1874 per
379 1850 468 1874 puram
487 1843 617 1867 caritatem
636 1843 667 1867 ad
681 1843 795 1867 exercitia
808 1842 950 1873 spiritualia

104 1886 255 1911 alterutrum
275 1886 422 1916 accendant,
442 1886 471 1910 ut
489 1886 602 1911 devotius
621 1893 703 1916 orare,
723 1887 822 1917 saepius
840 1885 950 1917 genufle-

104 1929 181 1958 ctere,
201 1929 355 1961 frequentius
373 1929 529 1960 disciplinam
547 1929 698 1959 corporalem
718 1929 842 1960 suscipere
865 1928 949 1957 libeat,

104 1973 235 2004 praecipue
254 1980 309 1997 cum
328 1979 372 1997 uec
386 1971 406 1984 ¹⁰
425 1971 548 2001 invideat,
568 1973 641 1996 immo
654 1972 683 1996 ut
696 1971 850 2003 congaudeat
862 1979 949 1996 amans

104 2016 223 2047 quisque,
243 2016 264 2040 si
282 2015 384 2044 tertius,
404 2015 442 2039 vel
462 2015 581 2046 quartus,
601 2015 640 2039 vel
659 2015 743 2046 plures
762 2015 793 2039 ad
818 2014 948 2039 caritatem

103 2059 172 2084 illius
195 2066 267 2090 quem
294 2058 394 2088 amant⁷
414 2066 439 2083 se
458 2058 610 2090 adiungant,
636 2058 766 2083 dummodo
794 2058 858 2082 tales
886 2058 948 2087 sint,

104 2109 208 2133 quorum
227 2101 386 2126 familiaritas
404 2109 453 2126 non
474 2101 507 2126 sit
526 2101 653 2132 suspecta;
679 2101 704 2125 et
722 2101 747 2125 in
772 2100 811 2125 his
836 2101 949 2126 omnibus

105 2144 130 2169 et
147 2145 173 2169 111
191 2144 231 2169 his
250 2145 372 2169 similibus
389 2144 502 2169 caritatis
521 2144 616 2169 fervore
630 2144 840 2175 perseverantiam
854 2151 949 2168 conser-

104 2187 164 2212 vent
178 2186 206 2211 ¹¹.
225 2187 282 2212 Non
300 2188 363 2212 enim
377 2187 468 2212 bonum
481 2187 579 2212 videtur
592 2187 707 2211 habuisse
721 2187 813 2212 sontem
828 2187 896 2211 rivus
909 2194 950 2211 ca-

104 2230 189 2255 ritatis
207 2230 340 2261 aliquando
358 2230 509 2255 decrescens.
529 2230 647 2254 Amemus
666 2237 724 2261 ergo
738 2230 762 2254 et
781 2237 826 2254 nos
845 2230 948 2254 invicem

1007 941 1032 965 et
1053 941 1144 965 amoris
1162 941 1293 966 efficaciam
1314 941 1428 972 operibus
1448 943 1640 973 comprobemus,
1654 944 1716 974 quia
1735 945 1793 969 talis
1812 952 1851 969 cu-

1007 983 1073 1008 ritas
1092 990 1121 1007 ex
1137 983 1192 1008 Deo
1211 985 1247 1008 es!
1259 983 1288 1015 ¹²,
1302 992 1364 1015 quae
1376 984 1436 1014 fenis
1455 986 1491 1009 est
1505 987 1636 1016 praecepti
1654 987 1678 1010 et
1692 994 1753 1017 quae
1772 988 1850 1019 legem

1007 1027 1103 1057 implet.

1357 1113 1440 1138 ciprr
1460 1114 1504 1138 XI.

1045 1200 1084 1224 De
1104 1200 1186 1224 tribus
1206 1200 1324 1224 caritatis
1343 1200 1483 1230 speciebus,
1498 1207 1546 1231 per
1566 1201 1616 1225 tria
1632 1201 1724 1231 priora
1745 1202 1817 1226 rerba

1318 1242 1500 1267 commendatis
1515 1241 1542 1268 ¹³.

1079 1329 1121 1353 39.
1141 1329 1187 1354 Sed
1205 1330 1230 1354 in
1256 1329 1336 1354 tribus
1364 1329 1446 1353 verbis
1475 1329 1636 1360 pertractatis
1659 1330 1710 1354 tres
1738 1331 1851 1355 caritatis

1007 1372 1100 1403 species
1119 1372 1179 1396 1111111
1198 1371 1363 1397 conuncudari
1382 1372 1510 1396 videntur:
1531 1380 1594 1400 una,
1615 1380 1676 1404 quae
1695 1373 1801 1398 hahetur
1820 1373 1851 1398 ad

1007 1415 1117 1439 inimicos
1130 1415 1203 1439 etiam
1220 1415 1371 1439 reconciliari
1384 1415 1510 1444 nolentes,
1524 1415 1553 1439 de
1565 1423 1612 1446 qua
1627 1415 1686 1440 dicit
1699 1416 1804 1441 Ioannes
1816 1415 1850 1440 ¹⁴:

1006 1457 1159 1489 Diliyamus
1178 1457 1276 1487 Deum,
1296 1458 1419 1488 quoniam
1438 1458 1509 1482 Deus
1524 1458 1601 1488 prior
1615 1458 1777 1487 dilem'tuos,
1795 1466 1851 1483 cum

1006 1500 1086 1525 adhuc
1106 1500 1204 1524 inimici
1222 1507 1345 1529 essemus;
1364 1500 1461 1525 ethaeo
1474 1501 1512 1525 est
1531 1508 1626 1525 summa
1640 1501 1664 1525 et
1677 1502 1756 1533 magis
1774 1502 1851 1526 admi-

1005 1543 1084 1568 randa
1102 1543 1207 1568 dilectio.
1234 1543 1341 1574 Diligere
1366 1544 1430 1568 enim
1449 1544 1559 1568 inimicos
1586 1545 1664 1575 magis
1683 1544 1793 1568 divinum
1812 1545 1851 1569 est

1005 1593 1079 1618 quam
1089 1586 1233 1610 humanum.
1244 1586 1361 1614 Secunda,
1372 1594 1434 1617 quae
1447 1586 1553 1611 habetur
1566 1587 1597 1611 ad
1610 1594 1650 1611 eos
1664 1587 1705 1618 qui
1718 1587 1849 1618 aliquando

1005 1629 1108 1654 fuerunt
1125 1630 1224 1657 inimici,
1244 1629 1286 1654 sed
1306 1629 1385 1660 petita
1404 1630 1613 1659 reconciliatione,
1628 1631 1653 1655 in
1666 1630 1772 1661 gratiam
1792 1630 1851 1655 sunt

1006 1672 1106 1703 recepti.
1126 1672 1195 1697 Unde
1214 1672 1308 1697 Paulus
1319 1671 1354 1696 ¹⁵:
1375 1672 1545 1697 Reconciliati·
1563 1680 1651 1697 sumus
1667 1673 1721 1697 Deo
1730 1680 1779 1704 per
1791 1681 1852 1698 smi-

1004 1715 1107 1746 yuinem
1127 1715 1215 1746 ipsius.
1235 1715 1332 1745 Tertia,
1352 1723 1414 1746 quae
1435 1715 1542 1740 habetur
1570 1723 1628 1748 erga
1653 1723 1694 1741 eos
1721 1716 1762 1747 qui
1787 1723 1852 1740 111111-

1006 1766 1081 1789 quam
1100 1758 1202 1782 fuerunt
1220 1759 1324 1787 inimici,
1345 1758 1373 1783 de
1397 1766 1446 1790 qua
1464 1759 1527 1783 idem
1542 1757 1574 1783 ¹⁵:
1598 1758 1736 1790 Operemur
1758 1760 1852 1784 bonum

1007 1801 1042 1825 [ccl
1054 1808 1146 1832 omnes,
1160 1801 1271 1825 maxime
1283 1803 1368 1826 alitem
1381 1801 1416 1826 ad
1428 1801 1576 1826 (lomesticos
1589 1802 1656 1832 fidei.
1670 1802 1754 1826 Prima
1767 1802 1850 1827 autem

1006 1844 1119 1869 caritatis
1139 1845 1231 1875 species
1250 1845 1320 1869 nobis
1339 1845 1524 1869 commendatur
1543 1846 1568 1869 in
1592 1846 1671 1876 primo
1694 1845 1781 1875 verbo,
1807 1845 1849 1870 ubi

1007 1887 1127 1912 Dominus
1147 1887 1217 1911 Iesus
1237 1888 1292 1912 orat
1311 1895 1355 1918 pro
1374 1888 1492 1916 inimicis:
1514 1888 1631 1916 secunda,
1645 1888 1687 1912 ubi
1706 1888 1797 1913 latroni
1812 1895 1850 1919 pe-

1005 1930 1068 1954 tenti
1088 1930 1230 1960 paradisum
1249 1930 1386 1961 promittit3
1412 1930 1499 1959 tertia,
1524 1930 1565 1955 ubi
1591 1931 1681 1955 amicos
1706 1931 1850 1962 praecipuos

1006 1973 1134 2004 coniungit
1142 1972 1147 1984 ¹
1154 1971 1171 1997 ⁷.
1182 1973 1304 2004 Tegamur
1315 1980 1372 2004 ergo
1382 1973 1470 1998 horum
1480 1973 1568 1998 umbra
1581 1973 1703 1998 foliorum.
1715 1973 1851 1998 Audiamus

1006 2016 1031 2040 et
1050 2016 1208 2040 exaudiamus
1227 2015 1272 2040 hos
1291 2016 1391 2040 nostrae
1409 2015 1518 2040 citharae
1538 2023 1611 2041 sonos
1636 2016 1775 2041 dulcissimo
1801 2023 1852 2041 mo-

1006 2058 1121 2082 dulantes
1140 2058 1165 2082 et
1183 2066 1198 2082 a
1216 2058 1311 2083 fervore
1325 2059 1404 2083 omnis
1417 2058 1537 2087 invidiae,
1557 2059 1617 2088 odii,
1637 2059 1687 2083 irae
1700 2058 1725 2083 et
1738 2059 1769 2083 ab
1786 2059 1852 2084 omni

1006 2101 1171 2125 amaritudine
1199 2100 1367 2130 detractionis⁷
1395 2101 1556 2133 adulationis,
1584 2102 1761 2132 simulationis,
1786 2102 1852 2127 adiu-

1006 2144 1081 2168 vante
1099 2144 1217 2173 Domino,
1237 2144 1279 2175 qui
1292 2145 1328 2168 est
1341 2151 1399 2168 vera
1418 2145 1515 2169 caritas
1531 2143 1559 2175 ¹⁸,
1574 2144 1755 2175 temperemus,
1769 2145 1851 2176 ipsum

1005 2188 1030 2212 in
1059 2187 1171 2212 omnibus
1197 2187 1310 2212 caritatis
1336 2187 1463 2218 speciebus
1485 2189 1567 2213 animo
1587 2188 1660 2212 simul
1687 2188 1711 2213 et
1736 2188 1852 2219 operibus

1005 2229 1141 2254 imitantes.
1628 2224 1634 2239 ‘

170 2491 176 2505 ῑ
196 2491 271 2512 Maltli.
289 2491 315 2517 5,
334 2490 371 2512 27.
388 2494 410 2512 et
428 2490 463 2511 -28,

169 2521 178 2534 ’Β
195 2521 250 2549 Cap.
268 2522 294 2547 9,
306 2522 343 2543 21.
360 2533 391 2538 —
408 2521 519 2549 Superius
534 2527 575 2549 pro
588 2523 722 2544 reserentur
735 2523 750 2543 Α
763 2522 778 2543 Β
792 2521 880 2550 fueruit
893 2527 950 2544 rese-

106 2552 161 2581 rati,
173 2553 212 2581 qui
225 2553 292 2574 ctiam
306 2553 400 2575 inferius
416 2559 459 2580 pro
476 2552 611 2575 criminalia
629 2553 769 2574 substituunt
785 2552 948 2575 cruntuuliler.

169 2583 178 2596 ³
195 2584 268 2606 Codd.
285 2584 302 2605 Α
317 2585 331 2605 Β
349 2584 507 2613 confovemur.

169 2615 177 2627 ⁴
195 2614 240 2637 Cir.
257 2621 326 2643 supra
344 2622 398 2643 pag.
421 2615 474 2640 175„
493 2618 544 2637 uota
563 2615 583 2637 ὃ,

170 2645 179 2659 ⁵
197 2647 258 2669 ioan.
275 2646 317 2673 ¹19,
334 2647 371 2668 26.
389 2649 410 2668 et
427 2646 512 2668 deinde
530 2652 550 2667 v,
569 2645 606 2668 27.

170 2677 179 2689 ¹⁵
196 2678 244 2699 Gal.
263 2677 290 2703 6,
308 2678 330 2699 ’2.
343 2678 371 2699 Ex
384 2678 401 2699 A
413 2677 428 2698 B
440 2677 532 2705 supplex
541 2677 600 2698 imus
613 2678 673 2698 111111(-
689 2677 738 2703 loc.·,
755 2677 810 2698 Bon.
823 2683 875 2698 runi
888 2677 923 2699 ed.
940 2677 945 2698 l

107 2709 174 2737 legit:
192 2709 245 2732 Non
262 2707 305 2731 hoc
322 2707 384 2731 e‘nim
402 2707 510 2731 Christus
527 2707 618 2734 docuit,
636 2709 678 2730 aui
694 2708 756 2736 fecit.
779 2707 885 2730 Portae-it
907 2711 949 2730 etr.

108 2752 137 2756 -
155 2740 266 2768 Superius
282 2745 325 2767 pro
348 2739 433 2762 Volunt
450 2740 487 2767 (ita
506 2741 523 2761 A
536 2740 561 2766 B)
581 2740 635 2761 [son.
653 2745 706 2761 curn
728 2739 763 2761 ed.
786 2739 791 2760 1
813 2738 911 2766 Nolunt,
929 2742 951 2761 ct

108 2771 206 2794 subinde
223 2776 265 2798 pro
282 2770 365 2793 volunt
378 2771 477 2800 portare
494 2772 537 2793 etc.
554 2771 571 2792 A
582 2771 598 2792 B
614 2771 713 2799 floriare
730 2770 870 2798 (liquuntur.

170 2801 178 2814 ⁷
196 2802 267 2830 Epist.
287 2802 301 2824 l.
320 2802 376 2824 Petr.
395 2803 420 2828 2,
438 2802 474 2823 21.
493 2802 522 2824 lta
541 2802 609 2823 otiam
627 2802 732 2829 August„
750 2802 772 2823 111
791 2802 850 2823 ioan.
863 2802 949 2828 Evang.

108 2835 136 2855 tr.
157 2833 206 2855 124.
223 2839 247 2854 n.
264 2833 289 2859 5;
307 2833 408 2855 Enarrat.
427 2833 447 2855 in
466 2833 500 2855 Ps.
519 2832 556 2854 87.
573 2839 596 2854 n.
618 2833 635 2854 Ι.
653 2835 709 2860 etc.;
722 2832 819 2860 Vulgata
838 2831 900 2855 robis
917 2838 950 2854 re-

108 2863 215 2894 linquens
232 2863 374 2893 ecl-emplum,
394 2865 420 2886 ul
435 2863 569 2893 sequamini
584 2866 626 2885 etc.

170 2894 179 2907 ‘³
197 2895 325 2922 Respicitur
342 2895 414 2917 Ecclc.
433 2895 457 2921 Ιι,
480 2896 500 2916 ΙΙ
512 2902 517 2916 :
531 2895 555 2917 lit
566 2895 584 2916 si
597 2894 732 2916 dormierint
744 2895 799 2921 (11111,
812 2894 951 2916 fovebuntur

110 2929 203 2954 mutuo3
222 2933 281 2948 unus
297 2926 416 2954 quomodo
433 2926 536 2948 calefiet?

171 2956 180 2969 ν
197 2957 269 2979 Codd.
287 2958 304 2979 A
316 2957 331 2979 B
348 2956 494 2986 specialiler,
513 2957 553 2985 qui
565 2957 633 2978 etiam
647 2956 745 2978 subinde
757 2963 798 2983 pro
810 2962 852 2985 per
861 2962 951 2985 purum

108 2987 248 3010 substituunt
262 2994 307 3017 per
324 2987 412 3017 ipsum,
424 2991 447 3010 et
458 2994 500 3016 pro
517 2987 647 3011 accendunt
663 2994 716 3009 cum
734 2988 770 3010 ed,
792 2989 797 3010 1
813 2987 951 3010 accendunt.

1070 2490 1088 2502 ²⁰
1106 2491 1148 2513 Pro
1165 2496 1219 2513 cum
1236 2492 1301 2517 (ull)
1314 2496 1355 2513 nec
1367 2491 1383 2512 A
1394 2491 1410 2512 B
1426 2490 1512 2513 sinon.
1528 2491 1622 2513 {userius
1633 2497 1675 2518 pro
1688 2497 1756 2520 quem
1768 2493 1851 2514 amani

1007 2523 1022 2543 A
1034 2522 1050 2543 B
1068 2528 1136 2550 quem
1154 2521 1202 2550 ipse
1219 2523 1291 2544 amm.

1069 2552 1086 2564 ¹¹
1106 2553 1178 2575 codd.
1195 2554 1211 2574 A
1224 2553 1238 2574 13
1256 2558 1409 2580 conset-rure,
1421 2553 1461 2581 (1(ιί
1473 2553 1541 2575 etiam
1554 2553 1649 2575 iuferius
1661 2559 1703 2580 pro
1715 2552 1851 2576 decrescens

1006 2583 1147 2606 subsuumnt
1164 2589 1280 2606 arescens.

1070 2614 1088 2627 ¹²
1102 2615 1170 2642 Epist.
1189 2615 1202 2636 l.
1221 2615 1279 2637 ioan.
1299 2614 1324 2641 li,
1341 2615 1364 2636 7.
1380 2627 1411 2631 —
1428 2616 1560 2643 Sequuntur
1579 2615 1592 2636 Ι.
1611 2615 1670 2636 Tim.
1694 2616 1716 2642 l,
1740 2615 1760 2637 ὅ,
1784 2616 1851 2638 Rom.

1011 2646 1049 2673 13,
1067 2647 1094 2667 8;
1118 2646 1160 2674 Qui
1183 2646 1244 2668 enim
1262 2646 1335 2673 diligit
1358 2646 1489 2673 proximum
1512 2646 1585 2673 legem
1604 2646 1712 2673 implerit.
1730 2658 1761 2663 —
1779 2647 1850 2674 Supe-

1007 2677 1054 2699 rius
1072 2684 1113 2704 pro
1132 2676 1310 2706 comprobemus
1329 2677 1367 2704 (ita
1385 2677 1437 2705 AB)
1457 2677 1512 2699 Bon.
1529 2683 1582 2699 cuni
1600 2677 1636 2699 ed.
1656 2678 1663 2699 l
1684 2677 1849 2706 approbemus.

1069 2706 1088 2720 ¹³
1105 2708 1178 2730 Codd.
1195 2708 1212 2730 A
1224 2708 1239 2730 Β
1256 2708 1364 2730 omittunt
1379 2714 1420 2737 per
1439 2708 1509 2730 tria...
1526 2707 1702 2731 commendatis.

1070 2738 1089 2751 ¹⁴
1107 2739 1175 2767 Epist.
1194 2740 1207 2761 Ι.
1226 2739 1252 2766 4,
1271 2740 1310 2763 19,
1328 2743 1379 2766 post
1395 2745 1465 2767 quem
1488 2740 1556 2761 Rom.
1578 2739 1603 2766 5,
1630 2740 1668 2762 10:
1685 2740 1741 2762 Cum
1765 2740 1850 2763 inimici

1007 2776 1118 2792 essemus
1135 2782 1166 2786 —
1184 2770 1295 2798 Superius
1312 2776 1355 2798 pro
1372 2769 1448 2793 verbis
1465 2770 1501 2792 cd.
1521 2771 1528 2792 ’1
1550 2769 1661 2794 verbulis.

1070 2800 1089 2813 ¹⁵
1107 2802 1173 2823 Rom.
1190 2801 1215 2828 5,
1234 2802 1255 2823 9.
1277 2807 1338 2830 seq.:
1357 2802 1469 2823 iustificati
1487 2802 1508 2823 111
1525 2802 1636 2830 sanguine
1658 2802 1752 2830 ipsius...
1771 2809 1851 2825 recon-

1007 2832 1074 2854 ciliati
1092 2839 1172 2854 suiuus
1191 2833 1236 2854 Deo
1255 2839 1295 2860 pei·
1312 2835 1409 2854 inortcin
1427 2833 1473 2855 Filii
1491 2833 1549 2855 eius.

1072 2862 1090 2875 ¹¹³
1107 2864 1154 2885 Gal.
1172 2864 1198 2890 6,
1218 2864 1253 2885 Ἰ10.

1071 2892 1090 2906 ¹⁷
1107 2895 1135 2917 lla
1155 2895 1222 2922 Bon.;
1240 2895 1276 2917 ed.
1297 2895 1302 2916 i
1324 2894 1458 2921 coiumiltit,
1476 2896 1492 2917 A
1505 2895 1520 2916 Β
1536 2894 1581 2918 sibi
1597 2895 1694 2918 invicem
1717 2895 1850 2919 commum.

1070 2924 1090 2937 ¹⁸
1107 2926 1175 2953 Epist.
1193 2926 1208 2948 1.
1226 2927 1285 2948 inan.
1303 2926 1329 2953 4,
1347 2927 1369 2948 8.
1382 2939 1409 2942 —-
1423 2926 1515 2949 inferius
1533 2932 1574 2954 pro
1585 2926 1659 2949 simul
1671 2927 1710 2954 (ita
1722 2928 1739 2949 A
1750 2928 1775 2955 n)
1793 2928 1850 2949 Bon.

1007 2963 1060 2979 cuin
1078 2957 1114 2979 cd.
1137 2958 1141 2978 Ι
1163 2956 1246 2980 simus.

1868 1379 1894 1398 De
1908 1380 1974 1404 prima.

1867 1593 1894 1612 De
1907 1593 1996 1612 secunda.

1868 1721 1895 1740 De
1908 1722 1971 1741 tertia.
