2133 3317
0 794 81 907 Ῥαφίαν

19 832 56 847 οη.

0 1626 8 1642 z.
17 1617 80 1638 calore.

530 206 726 236 OPUSCULUM
748 207 778 235 X.
802 208 885 236 VlTls
906 209 1056 238 MYSTICA.
1078 210 1339 240 ADDITAMENTUM
1361 212 1403 240 IV.

425 284 509 309 CAPUT
529 284 611 309 XXII.

97 372 136 397 De
153 370 304 401 fortitudine
324 370 410 394 trunci
427 376 472 395 seu
494 370 524 395 de
542 370 690 394 constantia
703 370 763 394 boni
776 370 910 401 propositi
923 370 941 395 ¹.

167 455 208 480 73.
227 455 367 481 Fortitudo
386 455 468 480 trunci
488 455 604 486 exprimit
616 457 626 470 ²
640 455 774 486 virtutem,
793 462 855 486 quae
869 455 941 480 forti-

97 500 155 525 tudo
173 498 284 524 vocatur.
303 498 350 523 Est
368 499 452 523 autem
471 498 604 527 fortitudo,
624 498 758 523 secuudum
771 498 835 529 quod
848 498 888 523 hic
900 505 941 522 ac-

96 543 210 574 cipimus,
234 541 354 573 quaedam
377 542 458 566 virtus
486 541 592 566 omnium
618 540 785 565 tentationum
814 541 940 565 sustinens

96 585 215 614 insultus,
226 592 275 609 non
286 584 386 609 tantum
398 592 483 609 earum
497 592 559 616 quae
572 584 697 613 molestae,
712 584 754 608 sed
767 584 841 608 etiam
855 591 940 608 earum

96 635 156 660 quae
175 634 308 659 prosperae
326 627 394 652 sunt.
414 627 461 652 Est
483 627 567 652 autem
592 627 652 652 haec
676 627 757 651 virtus
782 627 869 652 trunco
894 627 941 651 lilii

96 670 188 700 nostri,
207 670 335 701 proposito
352 670 410 696 boni
429 671 523 701 operis,
543 670 568 695 et
587 671 691 695 maxime
709 669 767 695 voto
786 669 940 701 virginitatis

95 714 254 743 couveniens,
273 714 331 744 quia
349 713 443 744 quanto
460 713 611 738 laudabilius
629 712 668 738 est
685 713 784 744 votum,
802 712 874 737 tanto
893 712 941 737 fal-

94 757 171 782 lacius
190 756 215 781 et
233 755 323 781 fortius
341 756 437 781 insistit
455 756 582 785 diabolus,
602 755 631 780 ut
649 755 767 787 impediat
780 755 840 780 bene
854 755 939 780 termi-

95 800 150 825 nari
159 799 168 813 3
181 799 245 830 quod
258 799 283 823 in
296 799 360 824 bono
373 799 443 824 initio
456 806 505 824 non
519 799 601 830 potuit
613 798 739 829 impedire.
753 798 821 823 Talis
834 798 938 822 truncus

94 850 150 868 vere
177 849 239 874 opus
263 842 301 867 est
325 842 354 867 ut
378 842 412 867 sit
436 841 508 867 fortis
533 841 621 867 contra
645 840 739 873 friyus.
763 841 867 873 Frigus,
891 849 939 872 quo

94 886 183 911 bonum
202 885 357 916 propositum
381 884 507 914 tentatur,
533 885 624 909 accidia
637 884 689 915 est,
712 892 761 916 qua
779 884 938 915 quaudoque,

94 928 158 954 sicut
176 928 250 953 etiam
270 935 346 958 supra
359 930 368 942 ⁴
387 927 504 956 diximus,
518 927 543 951 in
557 927 656 951 tantum
669 927 802 951 tentantur
814 926 896 955 electi,
910 926 939 951 ut

93 979 137 997 nec
154 978 225 996 orare
244 971 321 995 libeat
340 977 385 995 nec
402 970 484 1001 legere
502 977 547 995 nec
572 970 686 994 meditari
710 977 754 994 nec
779 969 847 994 aliud
871 969 939 1001 quid-

93 1021 166 1046 quam
185 1014 283 1045 operari
301 1020 384 1038 eorum
403 1020 465 1044 quae
484 1013 544 1037 sunt
562 1013 683 1044 quaedam
700 1012 809 1037 fomenta
827 1013 938 1042 animae,

93 1058 150 1089 quia
168 1057 293 1086 oratione,
320 1056 436 1085 lectione,
462 1056 634 1085 meditatione,
659 1063 701 1080 seu
726 1056 801 1080 etiam
824 1055 938 1080 exteriori

93 1100 206 1126 exercitio
225 1100 335 1131 corporis
353 1100 418 1124 vires
437 1099 533 1123 animae
552 1098 703 1129 reparantur
722 1098 747 1122 et
759 1098 939 1123 conservantur

92 1143 118 1169 et
135 1142 272 1175 augentur,
285 1143 368 1173 eisque
382 1142 531 1171 subtractis,
544 1142 652 1166 animam
665 1141 824 1172 languescere
841 1148 939 1166 necesse

93 1186 174 1212 estet
192 1187 218 1211 in
243 1186 323 1217 frigus
346 1185 450 1211 mortale
470 1185 568 1214 resolvi,
593 1184 727 1216 statimque
752 1184 879 1209 subintrat
903 1185 938 1209 lu-

93 1230 163 1255 xuria
190 1229 347 1260 vindicatque
374 1228 421 1253 sibi
449 1228 529 1252 sedem
558 1228 584 1252 in
608 1228 692 1252 anima
718 1227 808 1259 frigida
835 1228 860 1252 et
884 1235 938 1252 eam

93 1273 197 1305 pessime
225 1279 269 1297 suo
300 1272 356 1303 igne
383 1271 503 1296 calefacit.
533 1271 588 1295 Siue
620 1270 801 1295 intermissione
833 1270 910 1302 igitur
929 1271 938 1284 ⁵

93 1315 178 1341 nostro
195 1315 260 1344 lilio,
280 1315 371 1346 virgini
390 1314 497 1343 Christi,
512 1314 645 1342 orandum,
660 1313 802 1345 legendum,
816 1313 938 1338 meditan-

92 1359 164 1388 dum,
183 1358 223 1383 vel
241 1358 316 1382 etiam
335 1357 443 1382 exterius
461 1357 554 1388 aliquid
573 1356 724 1387 operandum
737 1356 788 1385 est,
802 1364 832 1381 ne
845 1357 870 1381 in
884 1357 939 1388 ipsa

92 1401 196 1426 truncus
214 1400 271 1425 boni
291 1400 411 1431 propositi
430 1398 613 1430 corrumpatur.
633 1399 699 1424 Haec
718 1400 795 1428 enim,
820 1399 884 1424 sicut
902 1399 938 1423 ait

92 1443 180 1469 beatus
199 1443 357 1475 Augustinus
376 1443 399 1471 ⁶,
419 1443 440 1467 si
461 1449 516 1467 cum
538 1442 684 1467 discretione
703 1442 778 1470 fiant,
797 1442 826 1466 ut
844 1441 938 1466 valetu-

92 1487 172 1512 dinem
191 1486 300 1518 corporis
318 1493 367 1511 non
387 1485 546 1517 perturbent,
566 1485 591 1510 in
610 1485 709 1510 delicias
729 1485 873 1516 spirituales
886 1492 938 1510 ver-

93 1526 190 1554 tuntur'.

164 1572 205 1596 74.
228 1571 314 1603 Calor,
334 1579 381 1603 quo
406 1571 575 1602 corrumpitur
599 1571 703 1596 truncus
731 1571 788 1596 boni
816 1572 937 1602 propositi

94 1616 184 1641 saeculi
197 1622 316 1646 prospera
335 1615 406 1644 sunt,
425 1615 451 1639 in
464 1614 553 1646 quibus
572 1615 645 1639 nimis
661 1614 764 1639 insidiae
784 1614 936 1639 inimicorum

92 1658 181 1684 latent.
200 1658 294 1683 Multos
306 1658 370 1682 enim
390 1658 541 1686 invenimus,
555 1657 597 1688 qui
609 1657 721 1682 adversis
734 1656 866 1688 resistant,
879 1657 937 1688 quia

92 1702 118 1727 in
136 1702 186 1726 illis
205 1700 311 1726 tentatio
330 1700 368 1725 est
387 1700 527 1725 manifesta.
547 1699 607 1729 Quis
625 1700 709 1724 autem
735 1699 887 1731 repugnaret
911 1700 937 1724 in

93 1752 151 1776 pace
165 1743 352 1775 prosperitatis,
371 1743 413 1768 ubi
426 1743 565 1768 omnimoda
583 1744 652 1774 quies
664 1743 791 1768 invenitur
801 1741 826 1767 ⁷?
845 1743 936 1767 Sanum

93 1787 131 1812 est
149 1794 250 1818 corpus,
269 1786 435 1811 adversitates
459 1786 535 1811 animi
553 1786 712 1817 quieverunt,
732 1786 883 1810 tentationes
902 1793 937 1810 se-

93 1830 165 1855 datae
184 1829 251 1854 sunt.
265 1829 328 1859 Quid
347 1829 461 1860 superest
478 1829 526 1853 nisi
545 1829 684 1853 securitas?
706 1828 784 1859 Cave,
804 1836 875 1858 cave3
892 1835 936 1853 vae

92 1873 149 1898 huic
167 1872 307 1902 securitati,
327 1880 372 1897 vae
391 1873 445 1903 paci
458 1872 526 1901 huic,
546 1872 574 1896 de
588 1879 637 1903 qua
649 1871 708 1896 dicit
726 1872 781 1902 ipsa
799 1871 899 1896 Veritas
912 1875 935 1895 S:

93 1916 164 1941 Dwm
182 1915 259 1946 fortis
273 1916 390 1940 armatus
409 1915 522 1940 custodit
533 1915 630 1939 atrium
648 1922 739 1945 suum,
759 1915 785 1939 in
799 1922 865 1946 pace
877 1916 938 1939 sunt

93 1959 192 1988 omnia,
212 1965 277 1990 quae
297 1958 420 1989 possidet.
439 1958 507 1982 Time
532 1965 601 1989 orgo,
621 1958 679 1982 dum
706 1958 788 1983 omnia
812 1958 857 1982 tibi
883 1965 936 1989 pro-

94 2009 166 2034 spera
186 2001 245 2026 sunt
263 2002 288 2026 et
313 2001 462 2033 tranquilla,
481 2008 511 2026 ne
531 2001 572 2025 ille
596 2000 674 2030 fortis
699 2002 830 2032 armatus,
850 2001 873 2025 id
898 2000 937 2025 est

93 2045 207 2074 satanas,
227 2045 279 2069 sine
298 2045 440 2070 resistentia
459 2044 585 2076 possideat
603 2044 636 2069 te.
658 2044 717 2069 Noli
735 2044 814 2069 dicere
832 2044 898 2075 apud
912 2044 936 2068 te

93 2087 157 2119 quod
175 2087 238 2112 dixit
257 2087 299 2111 ille
317 2087 400 2116 dives,
419 2087 488 2112 cuius
512 2094 572 2118 ager
590 2087 678 2111 uberes
696 2086 793 2112 fructus
812 2086 900 2111 attulit
912 2087 935 2110 ⁹:

93 2129 193 2155 Anima
211 2137 281 2160 mea,
301 2129 378 2155 habes
396 2129 480 2154 multa
499 2130 565 2154 bona
583 2130 696 2160 reposita
719 2130 747 2154 in
772 2137 853 2154 annos
873 2129 937 2161 plu-

93 2173 191 2202 rimos,·
209 2172 320 2201 comede,
340 2172 405 2203 bibe,
424 2172 541 2203 epulare,
561 2172 632 2203 quia,
651 2179 708 2196 cum
727 2171 857 2196 dixerint:
877 2172 937 2196 Pax

94 2215 118 2239 et
135 2215 273 2246 securitas,
293 2216 352 2239 tune
369 2215 518 2245 ‘repentinus
539 2215 696 2246 superveniet
714 2215 749 2239 eis
768 2215 899 2245 interitus,
914 2215 937 2239 et

93 2265 146 2282 ‘mm
165 2257 294 2289 effuyicrit.
314 2257 351 2282 Tu
369 2264 439 2287 vero,
460 2258 481 2282 si
499 2258 537 2282 vis
556 2265 641 2288 pacem
665 2257 690 2282 et
715 2257 873 2282 securitatem
899 2264 937 2282 ve-

94 2307 148 2325 ram
166 2300 269 2329 habere,
298 2300 366 2329 vide,
392 2307 421 2325 ue
449 2308 559 2332 unquam
582 2308 682 2325 securus
711 2301 758 2328 sis,
788 2301 866 2326 sciens
892 2308 937 2332 pro

1788 215 1841 242 199

998 287 1076 317 certo,
1096 288 1158 313 nihil
1177 289 1221 313 tibi
1247 289 1299 314 tam
1318 290 1453 315 timendum
1473 291 1537 315 sicut
1563 291 1718 322 praesentem
1742 299 1840 323 pacem,

998 337 1060 360 quae
1079 331 1131 355 sine
1154 331 1227 356 dubio
1251 332 1380 357 aeternum
1404 334 1508 364 generat
1526 333 1648 359 timorem.
1673 334 1758 366 Neque
1778 335 1842 360 enim

997 372 1111 397 omnibus
1130 374 1227 398 Sanctis
1246 375 1332 400 melior
1345 383 1370 400 es
1390 375 1430 405 tu,
1449 377 1491 407 qui
1505 377 1530 401 in
1543 376 1724 402 tentationibus
1743 378 1841 408 probati

997 415 1023 439 et
1042 416 1143 446 perfecti
1162 417 1230 441 sunt.
1249 417 1309 446 Quis
1327 418 1413 443 melior
1432 419 1503 444 beato
1516 420 1573 448 Iob,
1593 420 1631 444 cui
1650 421 1702 451 ipse
1722 420 1842 446 Dominus

997 457 1166 483 testimonium
1186 459 1312 490 perhibuit
1322 463 1349 489 ¹⁰,
1369 461 1432 492 quod
1452 462 1517 486 esset
1534 463 1575 487 vir
1593 463 1702 493 simplex
1717 464 1741 488 et
1758 465 1842 489 rectus

997 507 1027 524 ac
1047 501 1137 526 timeris
1155 502 1239 526 Deum
1259 504 1283 527 et
1300 504 1416 528 recedens
1435 512 1451 529 a
1469 505 1553 536 malo,
1573 506 1598 530 et
1616 506 1654 530 cui
1676 506 1770 531 similis
1788 514 1840 531 nori

997 543 1051 567 erat
1071 543 1098 567 in
1118 544 1211 568 terra?
1229 544 1312 569 Simile
1331 546 1385 570 vide
1404 547 1429 570 in
1453 547 1565 572 omnibus
1585 548 1662 573 Deum
1681 549 1840 579 timentibus,

997 586 1137 617 Apostolis,
1157 587 1324 618 Martyribus,
1348 598 1360 610 «
1373 589 1468 620 quanta
1493 592 1560 621 passi
1579 592 1639 615 sunt
1657 591 1794 621 tormenta,
1813 592 1842 617 ut

996 629 1076 654 securi
1094 630 1253 660 pervenirent
1277 631 1308 655 ad
1327 632 1435 662 palmam
1454 633 1552 664 regni¹¹
1564 644 1588 663 »,
1611 634 1653 665 qui
1673 634 1752 664 fortes
1777 634 1842 665 facti

995 673 1057 697 sunt
1076 672 1102 696 in
1121 672 1199 703 bello,
1218 680 1267 697 non
1286 674 1312 698 in
1331 675 1506 705 prosperitate.

1068 713 1109 738 75.
1131 714 1300 745 Tempestates
1312 716 1395 741 autem
1415 717 1529 742 truncum
1544 718 1589 743 lilii
1602 719 1681 743 nostri
1694 719 1840 751 impugnan-
1852 725 1904 747 Item.
1914 727 1986 753 pompe-

996 756 1035 781 tes
1059 756 1205 781 manifestae
1228 757 1393 783 adversitates
1418 759 1489 789 sunt,
1509 760 1534 784 in
1561 761 1650 791 quibus
1672 762 1839 792 quaerendum
1875 750 1962 768 statibus.

996 799 1034 823 est
1053 799 1151 824 unicum
1170 799 1196 824 et
1220 800 1347 831 singulare
1372 802 1505 826 remedium
1524 803 1565 827 ille
1590 803 1699 834 optimus
1717 804 1838 834 medicus,

996 842 1044 866 dux
1062 849 1111 867 non
1130 842 1262 872 seducens,
1282 850 1324 867 rex
1346 851 1403 868 suos
1422 845 1533 876 erigens,
1553 845 1649 870 athleta
1673 846 1837 877 fortissimus,
1856 854 1985 880 ,Remedium

995 886 1021 910 in
1040 886 1091 910 suis
1111 886 1135 910 et
1154 893 1198 917 pro
1218 886 1270 910 suis
1298 893 1413 917 pugnans
1441 888 1466 911 et
1487 889 1588 913 vincens
1607 888 1632 913 et
1659 889 1714 914 iude
1733 890 1839 915 victores
1855 878 1924 919 's'iofm‘'
1932 877 1986 896 Clu-i-

995 935 1115 953 coronans
1129 928 1249 953 Dominus
1267 929 1347 953 Iesus.
1361 929 1424 958 Quid
1443 931 1553 961 quaeris,
1573 931 1637 962 quod
1649 932 1675 956 in
1688 932 1730 957 illo
1743 939 1791 957 non
1805 933 1840 957 111-

994 971 1101 996 venias?
1120 971 1144 995 Si
1163 971 1279 1003 aegrotas
1290 970 1317 1001 ¹²,
1337 972 1444 997 medicus
1456 973 1506 1001 est:
1526 974 1546 997 si
1563 974 1673 1003 exsulas,
1687 974 1736 999 dux
1755 975 1806 1005 est,
1820 976 1840 1000 si

995 1014 1121 1039 desolatus
1139 1021 1177 1044 es,
1197 1022 1239 1039 rex
1258 1015 1310 1044 est;
1330 1015 1351 1039 si
1370 1015 1539 1047 impugnaris,
1559 1017 1628 1047 pugil
1648 1017 1699 1046 est;
1714 1018 1734 1041 si
1747 1018 1840 1047 esuris,

996 1057 1068 1087 panis
1091 1056 1142 1086 est3
1163 1058 1183 1081 si
1203 1057 1270 1086 sitis,
1291 1057 1365 1088 potus
1383 1058 1433 1088 est,
1453 1059 1473 1082 si
1492 1059 1574 1090 alges,
1593 1059 1768 1084 vestimentum
1788 1060 1840 1090 est;

995 1100 1016 1124 si
1034 1099 1157 1128 tristaris,
1177 1100 1295 1131 gaudium
1314 1100 1366 1129 est;
1385 1101 1406 1125 si
1425 1101 1608 1131 obtenebraris,
1628 1102 1670 1126 lux
1689 1102 1740 1132 est3
1761 1103 1781 1127 si
1801 1110 1841 1128 or-

995 1142 1094 1173 phanus
1112 1150 1151 1172 05,
1172 1143 1244 1173 pater
1257 1143 1303 1167 est.
1322 1143 1433 1174 Sponsus
1452 1144 1501 1173 est,
1522 1145 1615 1169 amicus
1628 1144 1678 1175 est,
1698 1145 1776 1169 frater
1789 1145 1839 1175 est,

995 1193 1120 1215 summus,
1140 1186 1262 1216 optimus,
1276 1186 1531 1216 misericordissimus,
1546 1186 1708 1217 fortissimus,
1729 1187 1840 1218 pulcher-

995 1229 1085 1258 rimus,
1100 1229 1300 1260 sapientissimus
1313 1229 1364 1259 est,
1385 1230 1466 1254 omnia
1486 1230 1537 1254 sine
1551 1230 1599 1255 fine
1612 1231 1762 1262 gubernans.
1777 1231 1840 1261 Quid

994 1271 1077 1295 autem
1096 1271 1203 1296 laboro?
1222 1271 1323 1300 Omnia,
1343 1279 1405 1303 quae
1422 1273 1485 1297 velle
1504 1273 1574 1304 potes
1594 1273 1619 1297 et
1638 1273 1723 1303 debes,
1742 1273 1780 1298 est
1794 1274 1839 1299 Do-

994 1314 1076 1339 minus
1095 1314 1166 1339 Iesus
1186 1314 1309 1339 Christus.
1329 1315 1447 1340 Desidera
1466 1315 1543 1345 huuc,
1563 1316 1661 1347 acquire
1686 1316 1766 1346 hunc,
1786 1324 1840 1347 pos-

995 1357 1046 1382 side
1064 1357 1143 1386 hunc,
1163 1358 1220 1389 quia
1238 1357 1278 1382 hic
1296 1358 1335 1382 est
1353 1358 1397 1382 illa
1420 1365 1470 1382 una
1488 1358 1597 1389 pretiosa
1623 1359 1774 1390 margarita,
1795 1366 1840 1390 pro

994 1408 1043 1432 qua
1062 1400 1164 1425 emenda
1190 1401 1317 1425 vendenda
1336 1401 1395 1425 sunt
1414 1402 1507 1430 omnia,
1527 1409 1589 1432 quae
1606 1402 1650 1426 tua
1668 1402 1728 1426 sunt
1738 1400 1771 1431 13;
1791 1409 1840 1433 qua

994 1443 1097 1472 habita,
1123 1444 1218 1468 nullius
1245 1443 1403 1474 tempestatis
1435 1444 1567 1475 procellam
1596 1444 1702 1469 timebis.
1731 1445 1768 1469 Sit
1797 1445 1839 1469 ille

994 1486 1051 1511 finis
1077 1487 1197 1517 propositi
1223 1486 1272 1516 tui,
1293 1486 1326 1511 sit
1350 1487 1375 1511 in
1400 1487 1442 1512 illo
1462 1487 1543 1518 posita
1568 1487 1687 1512 fortitudo
1706 1488 1763 1516 tua,
1790 1495 1839 1512 non

994 1529 1019 1553 in
1038 1529 1132 1554 viribus
1151 1529 1202 1553 tuis
1213 1527 1245 1558 ¹⁴¹3
1266 1529 1290 1553 et
1309 1529 1377 1554 nullo
1391 1529 1461 1555 modo
1480 1530 1654 1561 confringeris,
1668 1530 1725 1561 quia
1743 1531 1795 1561 ipse
1814 1530 1839 1555 et

993 1579 1043 1597 non
1071 1572 1135 1596 alius
1158 1572 1197 1597 est
1218 1572 1363 1597 verissimus
1388 1572 1413 1597 et
1431 1572 1540 1603 optimus
1564 1573 1705 1598 consolator
1729 1573 1837 1598 omnium
1873 1579 1876 1583 ’

993 1614 1174 1640 adversitatum
1194 1615 1219 1640 et
1238 1622 1420 1646 pressurarum.

1316 1700 1400 1725 CAPUT
1419 1701 1516 1726 XXIII.

1011 1787 1051 1811 De
1070 1787 1209 1818 vermibus,
1229 1786 1275 1817 qui
1293 1786 1433 1811 corrodunt
1446 1786 1465 1799 ¹⁵
1485 1788 1620 1818 truncum,
1642 1787 1670 1811 id
1690 1788 1727 1812 est
1744 1787 1822 1812 maiis

1045 1829 1250 1861 suyqestionibus
1269 1829 1362 1854 bomem
1377 1830 1538 1860 propositum
1556 1830 1784 1860 corrumpentibus.

1065 1914 1106 1939 76.
1131 1915 1231 1940 Vermes
1249 1915 1365 1940 truncum
1379 1915 1435 1940 boui
1449 1916 1569 1946 propositi
1581 1915 1767 1946 corrumpentes
1780 1914 1840 1939 sunt
1857 1920 1986 1943 1tem,vermi-

993 1957 1145 1982 tentationes
1157 1957 1314 1987 intrinsecae,
1328 1965 1390 1989 quae
1402 1958 1474 1983 tanto
1487 1958 1622 1983 nociviores
1633 1956 1652 1970 ¹⁵
1665 1958 1731 1987 suut,
1745 1958 1839 1989 quanto
1851 1944 1984 1992 {affori-um-

993 2001 1178 2030 familiariores,
1192 2008 1264 2032 saepe
1283 2001 1329 2025 sub
1341 2002 1420 2032 specie
1439 2001 1496 2026 boni
1509 2001 1599 2026 bonum
1619 2001 1773 2032 propositum
1786 2008 1840 2026 cor-

994 2044 1145 2075 rumpentes.
1164 2043 1211 2068 Est
1225 2044 1289 2068 enim
1307 2044 1409 2075 aliquis,
1429 2044 1512 2075 quide
1531 2044 1609 2069 bonae
1628 2044 1785 2075 cogitationis
1801 2052 1839 2069 ra-

992 2087 1044 2111 dice
1062 2086 1119 2111 boni
1138 2086 1260 2118 propositi
1278 2087 1394 2111 truncum
1413 2086 1503 2111 emisit.
1523 2087 1645 2118 Proponit
1663 2088 1758 2117 omnia,
1778 2095 1840 2118 quae

993 2129 1078 2154 mundi
1097 2130 1170 2159 sunt,
1184 2130 1334 2161 relinquere,
1354 2130 1383 2154 111,
1400 2130 1482 2155 nudus
1495 2130 1623 2155 Christum
1642 2131 1735 2155 nudum
1755 2138 1839 2162 sequa-

993 2172 1035 2197 tur
1045 2171 1078 2202 ¹⁷;
1097 2172 1139 2197 sed
1158 2173 1270 2197 nascitur
1282 2172 1431 2197 intrinsecus
1450 2173 1541 2197 vermis
1554 2180 1646 2204 pravae
1659 2173 1838 2204 suggestionis,
1852 2178 1922 2204 Pravae
1936 2182 1979 2200 sug-

993 2215 1075 2240 diceus
1094 2215 1142 2240 ita:
1163 2215 1275 2240 indotata
1289 2215 1334 2240 tibi
1353 2223 1422 2240 soror
1441 2216 1491 2245 est,
1505 2216 1656 2246 paupercula
1675 2216 1766 2245 mater,
1781 2216 1840 2240 sunt
1865 2202 1964 2224 gestiones.

994 2258 1108 2283 fortassis
1127 2258 1231 2289 fratres,
1251 2259 1290 2283 vel
1315 2258 1371 2288 filii,
1395 2259 1446 2283 sive
1471 2259 1512 2283 alii
1538 2259 1683 2290 quicumque
1708 2259 1780 2283 amici
1805 2260 1840 2284 rei

993 2301 1126 2326 familiaris
1148 2302 1232 2332 iuopia
1256 2302 1413 2331 laborantes,
1437 2302 1478 2333 qui
1498 2302 1526 2327 de
1548 2302 1572 2327 te
1599 2302 1650 2327 solo
1670 2302 1791 2333 pendent,
1817 2302 1841 2327 te

159 2494 166 2507 ¹
186 2495 240 2517 Bon.
257 2501 310 2517 011111
328 2494 345 2516 Α
363 2494 444 2516 011111111
460 2500 501 2517 seu
519 2493 577 2516 de...
591 2493 716 2522 propositi.

157 2524 166 2538 ²
185 2526 212 2548 lta
230 2526 261 2552 A,
280 2526 334 2548 Bon.
351 2531 404 2548 cum
422 2525 458 2547 ed.
478 2526 485 2546 ἸΙ
508 2524 630 2553 ivmrimit.

160 2556 169 2569 ³
187 2557 227 2580 Ed.
246 2558 253 2578 l
276 2556 381 2584 tertiari,
399 2557 454 2579 etin
473 2557 577 2584 margine
593 2555 654 2578 alins
673 2555 806 2579 terminari.
824 2556 855 2578 De
868 2555 940 2578 verbo

97 2588 193 2611 tertiare
209 2589 248 2610 cfr.
266 2588 299 2610 Du
318 2587 408 2615 Gange,
425 2587 566 2610 Glossarium
584 2590 626 2609 etc.

158 2619 167 2631 ‘¹
185 2619 250 2641 Num.
269 2619 305 2641 66.
323 2631 353 2635 —
371 2619 482 2647 Superius
499 2625 541 2647 pro
560 2618 655 2648 Frigus,
677 2624 722 2647 quo
746 2617 833 2641 bonum
853 2624 941 2647 propo-

97 2649 168 2673 situm
185 2651 289 2673 tentatur
307 2650 346 2676 <ita
364 2652 390 2678 A)
410 2651 464 2672 Bon.
482 2656 535 2672 cum
553 2650 590 2672 ed.
614 2650 621 2671 ἸΙ
649 2650 741 2672 Bonum
763 2655 865 2679 numque
883 2655 941 2679 pro-

97 2680 201 2710 positum
217 2681 280 2704 unde
296 2682 408 2704 tentatur.

159 2712 169 2725 ⁵
186 2714 215 2735 lta
235 2714 263 2740 Λ;
280 2713 317 2735 ed.
336 2713 344 2734 l
366 2715 388 2734 et
405 2713 461 2734 Bon.
478 2711 535 2735 Sine
551 2713 632 2734 [tutem
650 2711 830 2734 intermissione.

159 2742 169 2756 ⁶
186 2744 219 2766 De
236 2744 299 2766 Bono
316 2744 441 2771 viduitatis,
459 2750 478 2765 0.
496 2744 533 2765 21.
551 2750 574 2765 n.
592 2744 633 2765 26:
652 2743 734 2765 leiuniu
752 2749 846 2771 quoquc
863 2749 889 2764 ac
909 2743 941 2764 vi-

97 2774 176 2803 giliae,
187 2775 211 2797 in
223 2777 333 2804 quantum
352 2775 506 2797 valetudinem
524 2781 569 2796 non
582 2773 729 2802 perturbant,
742 2774 759 2795 si
772 2774 872 2800 orando,
885 2774 941 2801 psal-

99 2805 176 2833 lendo,
193 2806 290 2834 legendo
307 2809 329 2828 et
346 2806 368 2828 in
386 2807 436 2834 lege
453 2806 493 2828 Dei
506 2805 638 2828 meditando
651 2805 802 2831 insumantur,
815 2805 836 2827 in
848 2805 941 2827 delicias

97 2836 226 2864 spirituales
243 2837 310 2859 eliam
330 2837 377 2865 ipsa
395 2843 454 2866 quae
472 2837 580 2859 videntur
598 2836 711 2858 laboriosa
729 2839 858 2858 vertuntur.

161 2867 169 2880 ⁷
187 2869 249 2890 llanc
274 2868 454 2896 propositionem
482 2874 509 2890 ex
534 2869 552 2890 A
579 2867 748 2896 supplevimus.
776 2868 870 2889 lnserius
898 2873 940 2895 pro

99 2898 237 2928 quieveram!
255 2899 294 2925 (ila
312 2900 339 2928 A)
357 2900 413 2922 Bon.
432 2902 454 2921 01
471 2899 507 2921 0(1.
526 2900 534 2920 11
557 2905 617 2928 quae
633 2900 758 2925 enervant,
776 2900 804 2921 et.

160 2929 168 2942 ⁸
186 2931 240 2952 Luc.
259 2931 295 2957 ll,
313 2931 351 2957 21,
369 2930 407 2953 ubi
431 2937 474 2958 pro
499 2930 591 2957 omnia,
609 2936 670 2959 quae
695 2929 737 2955 (ita
756 2930 782 2959 A)
810 2930 865 2952 Bon.
887 2935 940 2951 cum

99 2960 195 2989 Vulgata
214 2967 241 2983 esi
258 2967 324 2991 qnae.

160 2991 170 3004 ⁹
187 2993 241 3015 Luc.
262 2993 299 3019 12,
318 2993 359 3020 ⁴9,
377 2995 428 3021 post
444 2998 514 3021 quem
533 2993 548 3014 Ι.
565 2992 645 3014 Thess.
663 2992 689 3019 5,
707 2992 729 3014 3,

1059 2494 1079 2506 ¹⁰
1097 2493 1135 2516 lob
1154 2494 1174 2521 1,
1193 2495 1214 2516 l.
1232 2495 1292 2516 018.

1059 2525 1077 2538 ¹¹
1096 2525 1198 2547 Breviar.
1215 2526 1311 2547 Roman.
1338 2526 1369 2551 (et
1393 2525 1460 2547 etiarn
1479 2525 1546 2547 Liber
1565 2525 1725 2552 llesponsaliS,
1748 2525 1786 2553 qui
1807 2528 1841 2547 cst

996 2556 1055 2578 inter
1077 2562 1148 2584 opera
1170 2557 1284 2585 Gregorii)
1308 2556 1436 2579 Commune
1458 2557 1550 2584 plurim.
1573 2557 1635 2578 Mart.
1660 2556 1746 2584 antiph.
1774 2556 1781 2578 l
1811 2556 1842 2578 ad

996 2588 1099 2614 Laudes,
1117 2587 1155 2609 ubi
1175 2591 1250 2609 tamen
1268 2594 1310 2615 pro
1327 2587 1397 2617 requi
1411 2587 1557 2609 substituitur
1579 2587 1698 2616 martyrii.
1715 2599 1745 2603 -—-
1763 2588 1842 2616 Sequi·

997 2622 1033 2641 tur
1050 2618 1119 2641 llebr.
1138 2618 1174 2645 ll,
1193 2618 1227 2640 34.

1060 2649 1078 2662 ¹2
1097 2651 1126 2671 lta
1145 2650 1174 2676 Α;
1192 2650 1248 2671 Bon.
1265 2655 1319 2672 cum
1342 2649 1378 2671 ed.
1399 2650 1405 2671 l
1433 2648 1461 2672 Si
1478 2651 1591 2678 (ινφ-01118
1607 2655 1638 2672 es.
1657 2649 1751 2671 luserius
1774 2655 1801 2672 ex
1823 2649 1841 2672 Α

996 2681 1157 2709 supplevimus
1173 2680 1196 2703 si
1211 2680 1299 2708 muris,
1316 2679 1387 2709 punis
1405 2681 1444 2703 est.

1060 2711 1078 2724 ¹³
1096 2711 1138 2734 Csr.
1153 2712 1228 2734 lllattli.
1242 2712 1278 2739 13,
1292 2712 1328 2733 46.
1340 2724 1370 2727 -
1382 2711 1493 2739 Superius
1505 2717 1548 2739 pro
1559 2710 1656 2740 acquire
1667 2711 1737 2739 hunc,
1749 2711 1841 2741 posside

996 2743 1067 2770 lunio,
1085 2742 1140 2772 quia
1153 2742 1190 2765 liic
1207 2742 1246 2770 (ita
1260 2743 1287 2771 A)
1300 2743 1356 2765 Bon.
1367 2748 1420 2765 cum
1433 2742 1470 2765 ed.
1483 2743 1491 2763 ,1
1507 2741 1602 2772 require
1614 2742 1684 2765 hunc.
1697 2742 1759 2770 Quia
1776 2742 1840 2765 haec.

1060 2773 1078 2786 ²⁴
1097 2774 1155 2796 Vide
1172 2780 1240 2801 supra
1260 2779 1314 2801 pag.
1337 2774 1392 2800 110,
1410 2777 1487 2796 nolani
1509 2773 1532 2796 7.
1548 2786 1579 2790 —
1596 2774 1690 2796 lnserius
1710 2780 1737 2796 ex
1755 2774 1771 2796 Α
1789 2780 1841 2802 sup-

997 2805 1112 2833 plevimus
1129 2804 1244 2827 omnium.

1060 2835 1079 2848 Π)
1095 2835 1187 2889 Cod3bA
1199 2837 1370 2865 corrumpunt,
1382 2835 1421 2864 qui
1439 2835 1506 2858 etlam
1519 2842 1571 2858 cum
1586 2836 1641 2858 Bou.
1651 2836 1734 2858 omittit
1745 2835 1769 2859 id
1785 2837 1841 2859 est...

1033 2873 1037 2879 ”
1047 2873 1052 2879 ”
1151 2874 1158 2888 ‘l
1206 2885 1210 2889 .

997 2872 1045 2890 σου
1056 2868 1227 2926 ιιιέηῗῑὲηξλςηὲᾱ.
1246 2898 1254 2920 ·Ι
1276 2901 1298 2920 et
1314 2898 1369 2920 Bon.
1386 2897 1520 2921 viciniores.

1060 2928 1078 2942 ¹⁷
1096 2929 1208 2951 Alluditur
1225 2929 1253 2951 ad
1271 2929 1342 2951 verba
1360 2929 1451 2952 Hieron.
1468 2935 1538 2957 supra
1556 2935 1609 2957 pag.
1629 2929 1685 2957 lit,
1702 2932 1754 2952 nota
1771 2930 1793 2952 7.
1812 2930 1840 2951 al-

996 2961 1096 2983 13111.-
1118 2961 1211 2983 inferius
1237 2964 1288 2988 post
1312 2960 1391 2984 (licens
1416 2960 1447 2984 ita
1474 2962 1533 2983 lianc
1557 2960 1649 2983 exhibet
1674 2960 1790 2983 rubricam
1809 2961 1841 2983 De

995 2998 1072 3021 praru
1089 2991 1247 3021 suqyeslione.
