2133 3317
540 203 736 232 OPUSCULUM
758 204 789 232 Χ,
811 204 896 232 VlTlS
917 203 1065 232 MYSTICA.
1087 202 1345 231 ADDlTAMENTUM
1369 201 1409 230 lV.

111 287 192 318 virgo,
211 285 250 309 vel
269 284 429 315 coniugatus,
449 283 486 307 cui
506 282 632 313 Virginem
652 282 758 306 Matrem
782 282 948 311 commiserit3

111 336 181 361 quem
191 327 337 353 familiarius
350 326 474 354 dilexerit,
487 325 572 349 utrum
582 325 716 355 virginem,
730 324 768 348 vel
781 324 948 355 coniugatum.

111 371 173 401 Quid
191 377 253 401 opus
271 369 309 393 est
327 369 413 393 multis
424 369 435 391 ¹?
453 368 529 398 Virgo
542 367 581 391 est
600 367 715 391 Christus
727 366 813 395 Iesus,
832 366 907 390 natus
921 366 949 390 de

110 414 223 445 Virgine,
251 419 325 443 quam
353 411 444 442 virgini
470 411 602 441 purissimo
629 409 823 437 commendavit,
842 409 888 433 hoc
912 409 950 432 est

110 457 181 482 beato
199 455 298 483 Ioanni,
317 461 388 485 quern
412 463 424 475 ‹<
437 453 551 484 specialis
565 453 738 483 praerogativa
756 452 882 476 castitatis
900 459 950 475 am-

111 500 182 532 pliori
201 498 329 522 dilectione
356 496 448 521 fecerat
466 494 586 527 dignum¹
600 505 625 519 ».
654 495 700 519 Hic
726 495 798 519 Iesus
820 494 949 523 Christus,

111 544 219 574 Sponsus
237 541 296 564 tuus
315 539 359 564 tibi
379 539 516 570 sequendus
532 537 571 562 est
590 537 672 569 potius
688 545 761 568 quam
781 537 909 568 parenteS,
930 537 950 561 si

110 586 148 610 vis
165 584 249 609 florem
262 583 392 607 iuvenilem
411 582 507 606 animae
520 581 578 605 tuae
596 587 749 608 conservare,
763 580 804 610 qui
823 586 949 610 nunquam

110 626 253 655 veterascit,
273 625 405 656 virginitas
424 625 488 649 enirn
507 631 634 655 nunquam
652 623 754 648 decidet.
776 623 800 647 Si
819 622 902 646 autem
921 622 950 646 de

111 670 168 695 flore
186 668 307 699 corporali
326 668 364 692 vis
382 675 467 698 agere,
487 666 597 698 nunquid
622 673 671 691 uon
690 666 770 697 magis
795 665 885 690 florent
903 666 951 689 vir-

111 713 180 745 gines
198 712 280 736 animo
299 711 372 735 simul
391 710 416 734 et
429 717 530 740 corpore
549 717 622 740 quam
643 709 684 740 qui
702 707 852 739 corrupti2?
871 709 950 733 Immo

110 762 167 779 vero
186 754 295 785 virgines
312 753 402 777 tamin
420 759 522 783 corpore
544 759 618 783 quam
632 753 656 776 in
678 752 760 776 anima
780 759 836 776 vere
850 751 949 780 florent,

111 797 247 828 singularia
267 796 319 820 lilia
337 796 382 820 lilii
402 796 548 826 singularis,
575 795 671 819 Domini
691 794 761 822 Iesu,
780 795 834 825 qui,
858 794 886 818 ut
911 794 951 818 fir—

111 840 184 865 miter
202 846 286 870 spero,
305 839 330 863 et
355 839 380 863 in
403 838 449 863 hac
467 838 566 862 mortali
594 838 647 862 vita
666 838 717 862 suis
745 837 804 861 liliis
822 837 952 861 abundan-

111 883 171 908 tiam
190 889 248 906 suae
273 881 406 906 suavitatis
425 881 593 905 abundantius
618 887 691 911 quam
710 880 798 904 ceteris
823 880 920 904 eructat
933 878 950 908 ³,

110 926 167 957 quia
185 925 210 949 in
223 924 262 948 his
281 923 467 948 similitudinem
480 930 550 947 suam
564 923 631 947 videt
646 923 788 948 distinctius
801 929 951 953 expressam.

111 968 266 998 Quocumque
284 967 348 991 enim
368 966 484 990 Christus
503 966 596 996 pergit,
616 966 726 996 virgines
745 964 901 996 sequuntur4
920 964 952 989 fe-

110 1010 250 1041 cundaeque
268 1009 344 1038 fiunt,
363 1009 392 1033 de
411 1009 501 1040 spiritu
514 1009 593 1038 ipsius
611 1005 776 1038 concipientes
794 1007 885 1032 bonum
898 1014 952 1038 pro—

111 1053 218 1085 positum
237 1052 262 1077 et
280 1052 344 1076 bona
362 1059 437 1082 opera
456 1051 594 1082 parientes,
614 1058 677 1081 quae
700 1057 827 1081 nunquam
846 1050 952 1074 moriun-

111 1096 166 1125 tur,
185 1095 249 1120 sicut
267 1094 394 1126 generatio
419 1094 530 1123 terrena,
550 1101 612 1124 quae
637 1094 662 1118 in
682 1093 781 1124 peccato
799 1093 952 1124 concipitur,

110 1139 135 1164 in
153 1138 259 1163 tristitia
278 1137 376 1168 paritur
395 1137 419 1161 ct
437 1136 562 1161 anxietate
581 1136 701 1165 nutritur,
721 1143 775 1160 cum
797 1136 881 1160 dolore
899 1136 952 1160 tan-

110 1182 163 1206 dem
183 1181 309 1206 amittitur
326 1180 365 1205 vel
384 1180 514 1204 deseritur.
533 1179 589 1204 Non
615 1179 679 1204 tales
697 1179 771 1203 erunt
795 1178 839 1203 filii
862 1179 913 1207 tui,
939 1186 952 1204 o

110 1225 180 1255 virgo
207 1223 314 1252 Christi,
342 1230 391 1247 non
410 1223 453 1247 sic.
481 1222 616 1253 Nunquam
636 1222 787 1249 morientur.
806 1220 953 1252 nunquam⁵

110 1266 269 1295 amittentur,
288 1267 361 1290 immo
380 1273 476 1296 semper
496 1265 547 1289 sive
566 1265 704 1294 viventem,
730 1265 780 1289 sive
809 1264 953 1289 morientem

110 1309 243 1341 sequentur
262 1310 298 1337 te,
317 1308 455 1333 tuebuntur
479 1308 504 1332 te
523 1309 547 1332 et
570 1309 594 1332 in
620 1308 697 1332 vitam
721 1308 847 1332 aeternam
867 1307 953 1338 perdu-

110 1353 166 1378 cent
183 1353 217 1377 te.
230 1352 314 1377 Multi
331 1359 389 1383 ergo
407 1351 458 1381 filii
471 1352 495 1375 et
515 1351 593 1376 multo
606 1351 719 1376 meliores
737 1350 864 1382 desertae,
877 1350 902 1375 id
915 1351 953 1375 est

109 1396 214 1427 virginis
233 1394 340 1423 Christi,
360 1401 422 1425 quae
441 1393 472 1418 ad
486 1401 604 1424 praesens
623 1393 721 1418 deserta
739 1393 849 1423 videtur,
869 1393 953 1424 mayis

111 1444 188 1469 quam
206 1438 261 1462 eius
286 1443 350 1468 quae
377 1436 452 1460 habet
469 1436 573 1460 virumfl
591 1436 724 1460 carnalem.
743 1435 767 1460 Si
786 1435 846 1460 haec
868 1436 893 1460 et
915 1435 953 1459 his

111 1480 200 1505 similia
218 1480 360 1511 frequenter
378 1479 410 1503 ad
428 1479 535 1503 mentem
554 1478 687 1507 reduxeris,
708 1478 845 1503 morientur
868 1479 952 1509 procul

110 1523 182 1548 dubio
201 1523 227 1548 in
246 1523 271 1547 te
290 1529 385 1547 vermes
403 1522 527 1546 malarum
546 1521 733 1553 suggestionum
755 1517 800 1546 nec
825 1521 856 1546 ad
875 1529 953 1546 corro-

111 1565 216 1590 dendum
235 1565 350 1589 truncum
370 1564 427 1589 boni
441 1564 561 1595 propositi
577 1564 623 1593 tui,
642 1564 728 1588 tuente
741 1564 766 1588 te
784 1563 879 1594 Sponso
897 1564 952 1593 tuo,

110 1607 191 1639 aliquo
209 1607 280 1632 modo
299 1607 487 1638 praevalebunt.

434 1692 518 1717 emir
537 1691 628 1717 XXIV.

144 1779 184 1804 De
204 1778 362 1810 lonqitudine
379 1779 475 1809 trunci,
493 1785 537 1803 seu
553 1778 583 1802 de
600 1779 694 1802 virtute
713 1778 919 1810 lonqanimitaiis

258 1823 282 1846 et
296 1822 492 1852 perseverantia
510 1821 538 1845 in
557 1821 622 1846 bono
636 1822 771 1852 proposito
786 1819 804 1845 ⁷.

180 1908 223 1933 80.
241 1908 391 1939 Lonyitudo
410 1907 493 1932 trunci
512 1907 536 1931 in
555 1907 620 1936 lilio,
639 1914 702 1938 quae
720 1907 745 1931 in
767 1907 847 1931 altum
872 1907 954 1931 erecta

109 1950 159 1980 est,
178 1951 298 1975 virtutem
311 1950 510 1981 longanimitatis
528 1950 653 1980 insinuat,
667 1957 730 1980 quae
744 1957 901 1980 perseverare
915 1957 954 1975 vo-

109 1993 218 2019 lentibus
231 2000 324 2018 summe
343 1993 482 2017 necessaria
500 1993 546 2017 est.
565 1992 611 2016 Sed
630 1993 688 2023 quia
706 1987 735 2016 de
759 1992 854 2017 virtute
873 2000 953 2023 perse-

109 2036 236 2062 verantiae
267 2043 344 2067 supra
371 2037 396 2060 in
421 2035 533 2060 tractatu
553 2035 615 2060 sexti
640 2035 691 2060 folii
705 2037 714 2050 Β
739 2035 852 2059 diffusius
877 2035 953 2060 locuti

110 2086 208 2108 sumus,
227 2079 267 2104 hic
284 2079 383 2103 brevius
402 2078 495 2109 aliquid
519 2078 635 2103 dicemus.
659 2078 763 2103 Videtur
790 2078 874 2102 autem
893 2077 952 2102 haee

109 2122 191 2147 virtus
207 2121 342 2152 plurimum
354 2121 547 2146 commendanda
560 2122 585 2146 in
598 2121 749 2152 virginibus,
763 2122 867 2146 maxime
881 2128 953 2145 sexus

109 2164 220 2194 feminei,
244 2171 349 2196 quarum
374 2164 426 2188 tam
454 2164 544 2188 animis
568 2171 642 2195 quam
665 2164 808 2195 corporibus
832 2164 952 2195 quaedam

109 2207 242 2232 infirmitas
267 2207 292 2232 et
319 2207 434 2232 debilitas
461 2207 647 2238 longanimitati
675 2207 726 2232 sive
754 2207 952 2238 perseverantiae

110 2250 234 2275 contraria
252 2250 404 2274 naturaliter
422 2250 460 2274 est
478 2249 581 2274 inserta.
594 2249 640 2274 Sed
658 2249 800 2274 benedictus
819 2249 897 2279 Deus,
911 2250 952 2281 qui

1792 202 1844 229 201

1006 280 1125 305 hodierna
1149 281 1186 305 die
1205 281 1278 305 etiam
1305 280 1410 310 infirma
1434 279 1524 304 mundi
1548 279 1635 311 elegit,
1660 280 1690 303 ut
1708 278 1850 308 confundat

1005 322 1086 352 fortia
1097 322 1115 353 ⁹,
1134 324 1159 347 et
1178 324 1266 348 animis
1286 323 1489 354 virguncularum
1515 323 1703 347 tenerrimarum
1724 329 1749 346 se
1768 322 1849 352 ipsum

1007 366 1123 396 proponit
1135 366 1300 393 defensorem.
1320 366 1349 390 ut
1367 366 1435 390 illius
1448 366 1521 396 primi
1540 366 1565 390 et
1577 365 1705 390 fort1ssimi
1724 365 1850 395 corrupto-

1007 409 1055 436 ris,
1075 409 1171 439 antiqui
1197 409 1320 439 serpentis
1344 409 1408 437 (lieo,
1432 410 1507 439 caput
1528 408 1617 437 elidat,
1644 408 1685 438 qui
1703 407 1849 432 humillimis

1007 451 1100 475 Christi
1129 451 1267 482 virginibus
1295 452 1427 475 insidiatur
1439 450 1466 475 ²⁰.
1486 451 1545 480 Quis
1573 458 1646 475 sanae
1675 450 1765 475 mentis
1791 457 1849 481 prae

1006 493 1096 524 gaudio
1115 501 1163 517 non
1183 494 1304 522 exsultet,
1323 501 1377 518 cuin
1400 495 1448 518 iam
1467 494 1579 524 tempora
1604 494 1691 518 nostra
1710 494 1748 518 tot
1767 493 1850 518 videat

1007 536 1131 566 virginum
1155 536 1214 560 liliis
1240 537 1361 565 redimiri,
1381 537 1454 561 tanta
1479 537 1636 566 fortitudine,
1656 544 1704 561 non
1724 544 1782 566 sua,
1808 536 1850 561 sed

1006 579 1094 609 Sponsi
1114 579 1151 602 sui
1171 579 1257 603 contra
1283 579 1390 604 furorem
1409 580 1522 604 draconis
1546 580 1628 604 infesti
1654 580 1760 604 viriliter
1782 580 1850 604 dimi-

1006 621 1121 645 cantibus
1140 621 1165 644 et
1183 621 1303 652 triumphi
1322 629 1436 646 coronam
1456 623 1627 647 merentibus?

1078 662 1120 687 81.
1140 663 1238 688 Gaudeo
1258 671 1301 694 ego
1322 664 1406 694 planu,
1425 672 1479 689 cuin
1503 666 1551 689 iam
1570 673 1613 690 nec
1632 666 1656 689 in
1676 666 1736 690 viris
1755 673 1799 690 nec
1824 666 1849 690 in

1007 705 1151 730 civitatibus
1170 713 1214 730 uec
1233 707 1257 730 in
1276 707 1394 731 claustris
1413 708 1465 732 lilia
1484 708 1533 732 ista.
1551 708 1646 739 desint,
1666 709 1739 733 immo
1757 716 1811 733 cum
1825 709 1850 733 et

1007 748 1087 772 multa
1098 748 1115 760 ²¹
1136 748 1234 774 deserta
1247 750 1272 773 et
1285 750 1351 773 invia
1369 750 1486 774 claustris
1500 751 1663 781 virginalibus
1677 752 1727 776 siut
1741 752 1850 782 repleta,

1007 792 1042 815 ita
1061 792 1090 815 ut
1108 798 1165 815 vere
1184 791 1293 820 dicatur,
1313 792 1377 822 quod
1396 794 1537 823 germinant
1555 795 1635 824 campi
1657 795 1731 819 eremi
1749 802 1849 825 germen

1007 834 1088 859 odoris
1108 834 1213 859 Domini.
1234 834 1331 859 Etenim
1351 835 1489 860 ascendunt
1508 836 1537 860 (te
1555 837 1652 861 deserto
1675 838 1849 868 virgunculae,

1008 878 1130 902 virtutum
1152 877 1250 902 deliciis
1269 877 1415 908 affluentes,
1436 879 1539 903 innixae
1566 887 1614 904 nou
1641 888 1714 910 super
1745 888 1783 909 se,
1810 880 1851 905 sed

1007 927 1084 950 super
1102 920 1221 944 dilectum
1239 919 1343 945 suurn¹2
1363 921 1388 945 et
1406 921 1580 952 longanimiter
1594 923 1764 953 exspectantes
1777 924 1851 954 Spon-

1008 971 1062 988 sum
1082 970 1168 993 suum,
1188 963 1286 994 quando
1305 964 1401 993 veniat,
1422 964 1463 993 ut,
1483 972 1537 989 cum
1557 966 1648 990 elamor
1662 966 1742 990 factus
1761 966 1850 995 fuerit,

1007 1006 1097 1037 aptent
1116 1006 1243 1037 lampades
1262 1014 1320 1031 suas
1338 1007 1363 1031 et
1381 1007 1477 1031 intrent
1495 1015 1549 1032 eum
1569 1015 1596 1032 eo
1615 1008 1645 1032 ad
1671 1009 1773 1039 nuptias
1792 1016 1851 1033 sem-

1009 1050 1134 1080 puerum,
1154 1050 1195 1074 ubi
1215 1049 1399 1074 iucunditatem
1412 1051 1435 1074 et
1453 1050 1649 1075 exsultationem
1668 1052 1852 1076 thesaurizabit

1008 1099 1085 1123 super
1103 1093 1174 1123 ipsas
1193 1094 1217 1117 et
1234 1093 1335 1117 nomine
1354 1094 1456 1117 aeterno
1470 1093 1621 1118 hereditabit
1640 1093 1729 1119 uias¹³
1742 1095 1852 1125 Sponsus

1008 1135 1123 1164 illarum,
1143 1135 1263 1160 Dominus
1283 1135 1349 1160 Deus
1367 1136 1460 1160 noster.
1479 1150 1513 1154 ——
1532 1136 1582 1161 Vos
1601 1137 1690 1168 igitur,
1710 1145 1723 1163 ο
1742 1139 1851 1169 virgines

1009 1178 1116 1207 Christi,
1135 1186 1165 1203 ne
1184 1178 1304 1203 deficiatis
1323 1179 1347 1203 in
1364 1179 1546 1209 exspectatione
1560 1179 1662 1204 Christi.
1681 1181 1769 1205 Aderit
1786 1182 1850 1206 enim

1008 1221 1126 1246 citissime
1145 1221 1255 1251 Sponsus
1273 1221 1369 1250 vester,
1389 1222 1430 1252 qui
1450 1222 1538 1247 idcireo
1557 1223 1691 1248 adventum
1715 1231 1785 1248 suum
1805 1224 1853 1249 dif-

1009 1263 1072 1293 fert,
1091 1264 1120 1288 ut
1138 1271 1192 1288 cum
1212 1264 1299 1289 ceteris
1318 1264 1389 1288 bonis
1408 1265 1523 1295 operibus
1542 1266 1633 1290 vestris
1655 1267 1753 1291 vestrae
1778 1267 1852 1292 etiam

1009 1307 1083 1331 donet
1101 1307 1278 1337 exspectationi
1298 1314 1421 1332 coronam.
1441 1308 1506 1337 Scio,
1527 1309 1639 1339 quamvis
1663 1310 1779 1339 expertus
1804 1316 1852 1334 non

1009 1350 1054 1374 sim
1064 1369 1070 1379 ,
1083 1350 1203 1381 quomodo
1220 1351 1340 1381 gematis,
1354 1351 1473 1382 quomodo
1492 1352 1691 1382 compungamini
1709 1352 1734 1376 in
1752 1352 1795 1377 illo
1808 1359 1854 1383 pu-

1010 1392 1107 1417 rissimo
1135 1393 1208 1417 cubili
1224 1393 1304 1417 cordis
1323 1393 1418 1422 vestri,
1438 1395 1607 1424 exspectantes
1628 1394 1726 1419 beatam
1743 1401 1812 1425 spem
1830 1395 1855 1419 et

1009 1435 1145 1460 adventum
1168 1435 1266 1460 Christi
1280 1434 1314 1465 ι4,·
1333 1436 1373 1460 sed
1397 1437 1525 1467 patientes
1553 1438 1628 1461 estote
1655 1439 1678 1461 et
1705 1437 1853 1467 confirmate

1008 1477 1087 1502 corda
1107 1480 1199 1503 vestra.
1220 1479 1258 1503 Ne
1283 1478 1402 1503 deficiatis
1424 1480 1449 1503 in
1475 1479 1537 1504 bono
1557 1481 1683 1510 proposito
1708 1481 1805 1509 vestro,
1824 1481 1854 1504 ut

1008 1521 1040 1546 ad
1059 1522 1293 1547 consummationem
1317 1522 1374 1547 boni
1393 1523 1474 1553 operis
1492 1523 1517 1547 et
1543 1524 1752 1553 perseverantiam
1772 1531 1853 1554 perve-

1009 1565 1062 1589 nire
1082 1564 1197 1595 possitis,
1218 1572 1261 1595 per
1280 1572 1353 1596 quam
1372 1572 1486 1590 eoronam
1506 1567 1648 1590 mereamini
1668 1567 1852 1597 sempiternam.

1343 1650 1426 1675 CAPUT
1445 1651 1520 1676 XXV.

1039 1735 1079 1760 De
1097 1735 1170 1765 foliis
1189 1736 1240 1760 litii
1260 1737 1328 1761 cirea
1347 1738 1464 1761 truncum
1476 1735 1503 1768 ¹⁵,
1523 1737 1550 1762 id
1567 1739 1603 1762 est
1623 1737 1651 1762 (te
1673 1738 1753 1763 verbis
1767 1739 1821 1769 piis

1266 1781 1289 1804 et
1306 1779 1445 1809 fructuosis
1463 1781 1600 1811 riryinum.

1081 1864 1123 1889 82.
1142 1865 1196 1889 Iam
1215 1865 1244 1890 de
1272 1864 1358 1896 foliis,
1377 1873 1440 1897 quae
1459 1867 1523 1891 circa
1541 1867 1656 1892 truncum
1681 1868 1754 1896 sunt,
1774 1867 1853 1892 videa-

1010 1916 1073 1932 mus.
1102 1908 1173 1933 Folia
1191 1909 1282 1939 igitur⁷
1311 1909 1375 1933 sicut
1394 1908 1501 1940 supra¹⁶
1524 1910 1629 1934 diximus
1648 1910 1676 1934 de
1696 1910 1760 1935 foliis
1779 1911 1851 1940 vitis,

1009 1951 1140 1976 verborum
1160 1951 1267 1982 figuram
1286 1951 1388 1976 habent.
1408 1952 1478 1977 Circa
1496 1960 1558 1984 quae
1572 1953 1630 1977 folia
1648 1953 1852 1978 considerandum

1009 1993 1059 2022 est,
1079 1993 1143 2024 quod
1169 2001 1264 2024 semper
1283 1994 1343 2018 sunt
1366 1995 1480 2019 virentia.
1499 1995 1621 2024 Inferius,
1641 1996 1710 2020 iuxta
1722 1994 1739 2007 ¹⁷
1758 1995 1852 2020 terram

1011 2037 1103 2062 maiora
1122 2037 1181 2061 sunt
1200 2037 1225 2061 et
1244 2037 1328 2068 plura,
1348 2045 1421 2068 quam
1442 2039 1467 2062 in
1487 2039 1607 2069 superiori
1621 2039 1706 2069 parte,
1726 2039 1751 2063 et
1770 2046 1852 2070 super-

1009 2079 1091 2110 posita
1115 2080 1312 2110 apostematibus
1338 2081 1459 2111 rumpunt
1477 2081 1502 2105 et
1527 2081 1645 2112 mitigant
1672 2088 1708 2106 ea.
1727 2081 1852 2106 Nimirum

1008 2122 1048 2146 his
1067 2122 1132 2147 foliis
1149 2122 1239 2147 similia
1257 2122 1347 2147 debent
1365 2130 1418 2147 esse
1432 2123 1507 2148 verba
1526 2124 1659 2155 virginum.
1676 2123 1797 2149 Viriditas
1810 2124 1853 2155 igi-

1009 2165 1051 2189 tur
1070 2164 1184 2189 foliorum
1198 2165 1316 2190 virtutem
1332 2165 1461 2190 verborum
1475 2166 1612 2197 significat,
1626 2167 1739 2191 videlicet
1758 2167 1787 2191 ut
1800 2167 1853 2191 nul-

1008 2208 1060 2232 lum
1079 2207 1181 2232 verbum
1202 2207 1343 2238 proferatur
1359 2208 1390 2233 ab
1409 2216 1450 2233 ore
1464 2209 1568 2240 virginis
1587 2209 1692 2239 Christi,
1713 2210 1852 2241 quodnihil

1008 2251 1032 2274 in
1053 2258 1078 2275 se
1097 2250 1199 2275 virtutis
1217 2251 1351 2275 contineat.
1364 2251 1513 2276 Resecentur
1524 2250 1543 2263 ¹⁸
1563 2252 1601 2276 hic
1620 2260 1668 2277 non
1685 2253 1764 2277 solum
1778 2253 1853 2277 verba

172 2425 180 2438 ¹
198 2426 299 2448 Breviar.
311 2426 406 2448 Roman.
423 2426 444 2447 in
457 2427 514 2448 resto
527 2426 550 2448 S.
567 2426 627 2448 ioan.
639 2425 678 2454 (27
695 2426 759 2455 Dec.)
777 2427 847 2454 Resp.
863 2427 926 2449 Noct.
939 2428 952 2449 2

110 2457 160 2479 lect.
177 2457 199 2479 5.
216 2456 261 2480 cfr.
280 2460 336 2479 tom.
354 2457 390 2479 Vl.
407 2462 461 2484 pag.
478 2457 536 2483 529,
554 2459 606 2479 nota
627 2458 644 2478 1.

172 2487 181 2501 ²
198 2487 255 2510 Cod.
272 2489 289 2510 A
307 2494 406 2517 corpore
422 2487 560 2517 incorrupti
580 2494 653 2517 quam
669 2487 792 2517 coniuqaei
807 2488 832 2511 in
853 2494 953 2518 corpore

111 2518 138 2542 de
153 2519 289 2542 necessitate
305 2518 415 2548 corrupti
430 2520 452 2542 et
467 2518 538 2542 ethim
554 2519 665 2548 fortassis
682 2519 707 2542 in
723 2519 822 2542 animo?

173 2549 182 2562 ³
199 2550 279 2572 Psalm.
303 2550 357 2578 141,
382 2550 410 2572 7:
433 2551 566 2572 Memoriam
588 2550 742 2573 abundantiae
764 2551 883 2573 suavitatis
901 2555 953 2573 tuae

111 2581 255 2603 eructabunt.
271 2594 301 2597 —
319 2582 430 2609 Superius
447 2587 472 2604 ex
490 2582 506 2603 A
525 2581 685 2609 supplevimus
702 2581 798 2604 Domini
814 2583 874 2604 lesu.

172 2612 181 2624 ⁴
198 2614 269 2640 Apoc.
289 2612 329 2639 «4,
347 2612 373 2634 4:
392 2612 498 2639 Virgines
514 2613 575 2634 enim
593 2616 653 2635 sunt.
665 2613 690 2635 Hi
708 2616 836 2641 sequuntur
848 2615 952 2641 Agnum,

110 2649 258 2672 quocumque
275 2643 332 2666 ierit.
348 2656 379 2659 —
396 2644 492 2666 interius
509 2647 561 2671 post
577 2644 701 2672 ueneratio
724 2645 819 2667 terrena
836 2650 862 2666 ex
879 2645 897 2666 A
915 2645 952 2667 ad-

111 2674 213 2697 didimus
229 2680 295 2704 quae.

172 2704 182 2718 ⁶
199 2706 228 2728 ua
245 2706 276 2732 A;
293 2706 348 2728 Bon.
365 2711 417 2728 cum
435 2705 472 2728 ed.
495 2706 502 2727 1
520 2705 599 2735 Neque
615 2705 678 2728 enim
689 2712 797 2735 unquam
809 2706 951 2734 morientur,

112 2742 248 2790 unqugnlrg'ai.
266 2767 295 2789 54
303 2785 308 2795 ‚
327 2768 348 2789 1.
365 2770 388 2790 et
404 2768 452 2790 Gal.
464 2767 476 2789 4
485 2785 490 2794 ‚
502 2768 541 2790 27.
551 2779 583 2784 —
594 2768 705 2795 Superius
717 2771 769 2795 post
780 2767 885 2802 desertae
897 2769 951 2791 Bon.

111 2803 164 2820 cum
181 2799 218 2821 ed.
236 2799 245 2820 1
271 2801 350 2821 contra
365 2799 383 2820 A
400 2799 548 2827 prosequitur
569 2798 593 2821 id
609 2800 643 2822 est
658 2799 762 2828 viraines
779 2799 879 2827 Christz,
891 2805 951 2829 quae

112 2829 157 2858 [ω’
174 2829 183 2873 1
200 2829 254 2883 33?
271 2829 648 2884 tffss'li'effiffieiffidfflfft
663 2829 760 2884 ‘tefam
778 2830 894 2854 ²'²'“³”‘¹¹⁷'·

172 2890 182 2904 ⁸
198 2878 328 2920 Csr.'supra
348 2898 401 2920 pag.
420 2892 476 2919 178,
494 2895 546 2914 nota
565 2893 586 2914 8.
602 2867 619 2890 p
647 2867 664 2890 p
727 2878 732 2883 ⁸

173 2921 183 2934 ⁹
199 2923 268 2950 Epist.
286 2924 300 2945 l.
317 2923 369 2945 Cor.
389 2924 410 2950 l,
427 2923 466 2945 27.

173 2952 193 2965 ¹⁰
209 2954 264 2976 (lod.
282 2954 300 2975 A
317 2953 467 2983 corruptoris·
484 2955 567 2983 caput,
587 2953 679 2983 antiqui
692 2953 806 2983 serpentis
828 2954 893 2982 dico,
910 2954 952 2984 qui

111 2983 209 3007 illarum
226 2983 335 3008 mlloaneo
352 2984 491 3012 insidiatur,
508 2991 609 3008 suarum
621 2985 741 3014 riryinum
759 2985 951 3009 humillimarum

204 3031 228 3054 S.
238 3031 325 3054 Bonuv.
343 3044 373 3047 —
391 3032 457 3054 Tem.
470 3032 526 3054 vui.

1010 2427 1096 2450 virtute
1118 2428 1237 2451 conculcet
1263 2428 1312 2455 (cfr.
1338 2429 1393 2463 Gen.
1420 2429 1446 2455 3,
1474 2429 1528 2457 15.).
1554 2428 1656 2451 Subinde
1684 2435 1726 2456 pro
1751 2429 1853 2452 exsultet

1010 2459 1051 2484 ‘lm
1071 2459 1164 2512 &gdid
1176 2459 1451 2518 lAezt'stffnlni‘gsiiilgmi-iro
1473 2490 1609 2520 germinant
1627 2494 1648 2513 et
1665 2490 1745 2514 odoris
1763 2491 1770 2517 ί
1779 2491 1806 2513 ila
1824 2493 1851 2520 A)

1009 2521 1063 2543 Bon.
1081 2527 1133 2543 cum
1152 2521 1188 2543 ed.
1210 2522 1215 2543 l
1237 2521 1370 2550 germinent
1386 2525 1408 2544 et
1425 2521 1527 2544 odorem.

1071 2551 1090 2564 ¹²
1107 2552 1172 2574 Cant.
1189 2553 1215 2580 8,
1233 2552 1258 2574 5:
1276 2553 1339 2581 Quae
1351 2555 1384 2575 est
1402 2553 1441 2575 isla
1464 2559 1524 2581 quae
1543 2553 1645 2575 ascendit
1656 2553 1685 2575 de
1700 2553 1803 2580 deserto,
1815 2554 1852 2576 de-

1008 2583 1065 2605 liciis
1082 2584 1189 2610 affluens,
1208 2583 1280 2606 innixa
1299 2590 1369 2611 super
1387 2584 1495 2606 dilectum
1513 2585 1598 2606 suum?
1617 2596 1645 2599 —
1664 2583 1766 2607 Subinde
1783 2585 1852 2612 respi-

1008 2614 1067 2636 citur
1084 2615 1160 2636 lllaun.
1178 2614 1220 2641 25,
1237 2615 1258 2636 6.
1276 2621 1340 2643 seqq.
1358 2615 1397 2641 (de
1409 2615 1540 2642 virginibus
1557 2615 1726 2643 prudentibus).

1071 2644 1090 2657 ¹³
1109 2645 1174 2667 Eccli.
1188 2645 1229 2673 15,
1242 2646 1263 2667 6.
1282 2646 1323 2668 Pro
1343 2645 1512 2669 iucunditatem
1532 2648 1554 2669 et
1565 2646 1748 2669 eoesultationem
1760 2646 1851 2670 thesau-

1008 2675 1094 2699 rizabit
1112 2676 1156 2701 (ita
1174 2676 1230 2698 Bon.
1247 2683 1299 2699 cum
1313 2677 1420 2705 Vulgata)
1438 2678 1455 2699 A
1468 2680 1490 2699 et
1507 2678 1542 2699 ed.
1558 2678 1566 2699 1
1583 2677 1718 2700 iucunditas
1735 2679 1756 2700 et
1772 2677 1851 2700 exsul-

1008 2707 1064 2730 tatio
1082 2706 1283 2730 ttresaurizabitur
1310 2708 1355 2735 (ed.
1383 2709 1390 2729 1
1413 2708 1604 2737 thesaurizabit).
1623 2721 1651 2724 α
1669 2708 1755 2731 Deinde
1781 2715 1807 2731 ex
1832 2709 1850 2731 A

1008 2738 1167 2766 supplevimus
1184 2738 1291 2767 Sponsus
1308 2738 1413 2761 illarum.

1071 2768 1090 2781 ¹¹
1109 2769 1153 2791 Tit.
1172 2770 1198 2797 2,
1217 2770 1257 2798 13,
1275 2773 1327 2797 post
1343 2776 1413 2798 quem
1431 2771 1473 2792 lac.
1493 2770 1520 2797 ὅ,
1538 2771 1559 2792 8.
1578 2771 1639 2793 Ducis
1657 2772 1699 2793 lios
1711 2771 1773 2793 locos
1789 2777 1815 2793 ex
1832 2772 1849 2793 A

1008 2800 1177 2828 supplevimus.

1070 2830 1090 2844 ¹⁶
1106 2832 1162 2853 Cod.
1180 2832 1197 2853 A
1216 2831 1247 2854 De
1263 2831 1339 2860 sotiis,
1350 2833 1474 2861 quaesunt
1493 2832 1558 2856 circa
1574 2834 1700 2861 truncum,
1720 2833 1811 2856 omissis
1827 2832 1852 2855 id

1007 2863 1063 2885 est...
1082 2862 1204 2891 m'ryinum
1222 2863 1298 2890 (etium
1316 2863 1371 2885 Bon.
1391 2864 1447 2885 haec
1464 2864 1567 2892 orniuit).

1070 2892 1090 2905 ²⁰
1106 2893 1161 2921 Cap.
1180 2894 1202 2916 6.
1219 2900 1240 2915 n.
1260 2894 1280 2915 l.

1070 2923 1089 2936 ¹⁷
1107 2925 1136 2946 lta
1155 2926 1183 2952 A;
1203 2925 1257 2947 Bon.
1275 2931 1327 2947 cum
1346 2925 1383 2947 ed.
1401 2926 1409 2946 1
1431 2925 1530 2949 virentia
1547 2925 1660 2955 inferius,
1677 2928 1698 2950 et
1718 2926 1795 2954 circu,
1810 2926 1850 2955 qui

1007 2955 1075 2978 etiam
1094 2955 1191 2977 subinde
1209 2956 1306 2978 vocibus
1322 2957 1343 2978 et
1358 2956 1507 2986 superposita
1524 2957 1637 2980 interserit
1654 2958 1725 2987 quod.

1070 2986 1089 2998 ¹⁸
1107 2987 1146 3009 Ed.
1168 2988 1173 3009 1
1195 2990 1217 3010 ει
1235 2987 1289 3009 Βοη.
1306 2991 1384 3010 eontra
1402 2989 1419 3010 A
1440 2988 1467 3011 Ut
1483 2990 1625 3012 resecentur.

1727 3039 1755 3060 26

1897 671 1996 691 Multitudo

1867 696 1932 714 horum
1948 695 1997 714 lilio-

1867 723 1914 737 rum.

1868 1142 1959 1161 uenatio.

1871 2081 1984 2101 Notandum.
