2133 3317
532 217 728 246 OPUSCULUM
750 216 791 244 lV.
813 215 976 244 COLLATlO
997 215 1040 243 DE
1061 215 1261 244 CONTEMPTU
1282 215 1424 244 SAECULI.

106 297 136 322 111
148 304 232 322 01111105
244 296 419 322 delectationes
432 296 548 321 lasciviae
567 294 659 320 vincat.
674 294 718 319 Cui
732 301 790 326 ergo
808 294 874 325 sapit
888 293 956 318 Chri-

108 340 176 368 stus,
205 347 306 364 amarus
334 339 373 364 est
400 339 437 364 illi
465 338 586 367 mundus,
616 338 685 368 quia,
710 337 836 368 «gustato
865 337 956 368 spiritu

108 382 213 411 Christi,
234 382 325 413 desipit
350 382 429 407 omnis
447 388 504 406 caro
518 380 525 392 ¹
540 390 564 404 ».
593 380 663 405 Unde
681 380 770 405 beatus
797 380 956 411 Augustinus

108 425 138 450 ad
151 425 297 450 Dominum:
321 435 334 446 «ι
346 425 419 454 Peto,
432 424 461 449 ut
474 424 556 449 omnia
569 423 629 448 mihi
641 423 810 452 amarescant,
823 423 852 447 ut
870 423 898 447 tu
918 429 957 447 so-

107 468 147 493 lus
166 467 245 492 dulcis
263 468 360 492 animae
378 474 446 491 meae
465 473 599 497 appareas,
620 466 661 497 qui
680 473 706 490 es
725 465 826 490 dulcedo
845 464 957 489 ineffabi-

107 511 153 540 lis,
173 518 217 542 per
236 517 310 542 quam
329 510 419 535 cuncta
442 517 529 534 amara
547 509 717 534 dulcorantur.
741 508 794 533 Tua.
819 508 882 533 enim
905 507 957 532 dul-

108 554 165 579 cedo
187 553 322 578 Laurentio
349 552 495 577 craticulam
524 552 619 577 dulcem
648 551 712 576 fecit.
736 551 785 577 Pro
812 551 857 575 tua
875 550 958 575 dulce-

108 596 164 621 dine
189 596 262 620 ibant
279 595 401 626 Apostoli
417 595 557 627 gaudentes
575 602 591 619 a
613 595 747 625 conspectu
765 593 880 624 concilii,
899 600 958 624 quo-

108 639 180 664 niam
200 638 273 670 diyni
300 638 383 663 habiti
400 639 462 663 sunt
483 646 536 669 pro
560 638 663 662 nomine
690 637 752 662 Iesu
778 636 958 661 contumeliam

103 681 164 713 pati
175 680 200 711 ²,·
213 681 266 705 ibat
284 681 398 705 Andreas
411 688 512 705 securus
531 680 557 705 et
573 680 696 712 gaudens,
710 679 827 711 quoniam
840 679 872 703 ad
887 678 957 703 tuam

109 723 260 748 dulcedinem
281 723 446 754 properabam
466 730 511 754 pro
530 723 576 748 hac
594 722 697 747 emenda
716 722 806 753 pellem
831 721 958 753 propriam

109 766 316 791 Bartholomaeus
337 766 418 796 dedit3
444 773 489 797 pro
516 765 563 790 hac
581 765 707 797 gustanda
726 765 814 789 veneni
843 764 958 795 poculum

109 809 250 840 intrepidus
278 809 385 834 Ioannes
414 808 528 839 potavit3
556 807 620 832 hanc
647 808 676 832 ut
706 807 820 838 gustavit
850 806 957 835 Petrus,

110 852 219 877 omnium
237 851 381 876 inferiorum
394 851 498 880 oblitus,
518 851 636 876 clamavit
651 851 723 882 quasi
736 850 826 878 ebrius,
841 849 923 874 dicens
935 847 957 873 ⁸:

109 895 237 926 Domine,
258 895 352 919 bonum
371 895 421 925 est,
439 901 486 918 nos
506 893 547 918 liic
565 900 631 923 esse,·
649 892 776 923 faciamus
793 892 834 916 hic
854 892 906 916 tria
924 892 959 916 ta-

111 937 258 963 bernacula.
277 937 324 962 Hic
342 944 466 962 moremur
483 936 509 961 et
521 936 728 967 contemplemur,
747 935 805 966 quia
824 934 893 959 nullo
910 934 959 958 alio

110 981 258 1012 indigemus.
283 980 363 1004 Unam
392 980 526 1004 scintillam
554 978 689 1003 dulcedinis
721 978 768 1002 iste
795 977 909 1009 gustavit
935 977 960 1001 et

111 1031 208 1049 omnem
226 1023 301 1048 aliam
322 1022 474 1047 dulcedinem
493 1021 624 1046 fastidivit.
643 1021 720 1051 Quid,
740 1021 829 1052 putas,
842 1019 958 1049 dixisset,

112 1067 133 1092 si
151 1073 269 1098 magnam
288 1066 357 1091 illam
377 1066 520 1091 dulcedinis
538 1064 729 1089 multitudinem
748 1063 895 1088 Divinitatis
913 1070 960 1094 gu-

113 1109 217 1139 stasset,
237 1116 316 1140 quam
334 1108 489 1134 abscondisti
507 1107 654 1132 timentibus
674 1108 697 1131 te
709 1106 741 1131 ¹¹?
759 1106 831 1131 Hane
855 1106 960 1131 dulcedi-

111 1160 168 1178 nem
187 1153 257 1177 tuam
275 1151 425 1177 ineffabilem
439 1151 464 1176 et
481 1151 526 1176 illa
543 1150 693 1182 gustaverat
705 1150 776 1181 virgo
795 1149 911 1181 Agatha,
931 1149 960 1173 de

111 1203 160 1227 qua
178 1196 295 1227 legimus,
308 1195 373 1227 quod
392 1195 544 1226 ,laetissima
562 1194 587 1218 et
607 1193 766 1225 gratulanter
784 1193 838 1217 ibat
856 1192 887 1217 ad
909 1199 960 1217 car-

110 1246 201 1268 cerem,
220 1239 293 1270 quasi
310 1238 342 1263 ad
361 1238 449 1269 epulas
470 1238 600 1262 invitata‘.
620 1237 703 1266 Hanc,
722 1237 752 1261 ut
776 1243 844 1265 reor,
865 1236 890 1261 et
907 1236 960 1266 ipse

110 1282 273 1313 gustaverat,
292 1282 334 1313 qui
352 1280 485 1306 dicebat⁵:
509 1280 592 1312 Quam
610 1287 707 1311 magna
724 1278 863 1303 multitudo
876 1278 961 1303 dulce-

111 1325 180 1350 dinis
199 1325 269 1356 tuae,
289 1324 415 1355 Domine,
434 1331 512 1355 quam
531 1322 686 1347 abscondisti
706 1322 852 1346 timentibus
875 1322 916 1346 te!
935 1321 961 1346 et

110 1367 201 1392 iterum
212 1376 218 1392 ε
240 1366 348 1392 Gustaie
360 1368 384 1392 et
395 1367 489 1398 videte,
502 1366 626 1397 quoniam
638 1365 725 1391 suavis
744 1366 781 1390 est
792 1365 922 1390 Dominus
935 1375 960 1389 ».

112 1410 181 1435 Haec
198 1411 365 1442 Augustinus.

184 1452 226 1478 10.
246 1453 292 1483 Qui
311 1460 369 1485 ergo
391 1453 453 1478 nihil
471 1452 500 1477 de
520 1452 570 1477 ista
591 1451 718 1477 dulcedine
738 1451 783 1476 Dei
801 1451 890 1482 gustat
911 1458 961 1476 sor-

62 1500 85 1518 '-
114 1496 194 1521 didari
211 1496 318 1521 terrenis
336 1496 463 1521 desideriis
485 1503 535 1521 non
553 1495 641 1520 evitat.
660 1495 780 1526 Magnum
799 1494 890 1519 donum
916 1494 960 1519 Dei

114 1539 153 1565 est
171 1540 233 1564 vitia
251 1540 277 1564 et
294 1539 394 1564 delicias
418 1539 493 1563 huius
511 1538 596 1563 mundi
613 1538 747 1563 abdicasse.
768 1537 869 1562 Ululate
888 1543 960 1568 ergo,

1801 216 1856 243 657

1014 293 1096 317 miseri
1116 293 1247 318 dilectores
1273 293 1347 318 huius
1371 293 1469 323 mundi,
1498 294 1540 325 qui
1568 300 1657 324 corpus
1685 293 1743 317 ante
1763 293 1862 324 tempus

1014 336 1144 360 destruitis
1163 336 1188 360 et
1206 337 1314 360 animam
1333 336 1482 361 interficitis.
1502 336 1571 360 Unde
1588 335 1748 360 infirmitates
1768 335 1860 360 multae

1013 378 1038 403 et
1057 386 1124 403 mors
1148 379 1200 403 tam
1220 379 1351 409 repentina
1378 379 1473 403 nisiex
1501 379 1610 404 ciborum
1637 379 1714 403 nimia
1742 379 1812 409 copia
1837 378 1862 402 et

1012 421 1135 452 frequenti
1149 422 1279 446 mulierum
1292 422 1361 446 usu?
1379 422 1444 446 Dum
1457 422 1562 446 dulciter
1575 422 1657 446 vivere
1670 421 1769 446 creditis
1778 440 1784 450 ‚
1798 422 1862 446 certe

1012 464 1130 488 deluditis
1149 464 1329 495 vosmetipsos;
1348 471 1393 495 pro
1418 472 1518 495 corpore
1543 464 1714 490 obliviscimini
1740 465 1862 494 animam,

1013 507 1038 532 et
1057 514 1122 536 eece,
1142 514 1232 538 corpus
1251 507 1325 532 simul
1343 515 1398 532 cum
1416 508 1500 532 anima
1518 508 1577 532 ante
1596 508 1695 539 tempus
1717 507 1862 536 destruitis;

1014 550 1149 581 epulamini
1169 550 1194 575 et
1212 550 1383 580 inebriamini,
1403 558 1452 576 11011
1471 551 1536 575 0111111
1555 550 1613 582 post
1631 550 1736 575 mortem
1755 551 1862 582 amplius

1014 593 1126 622 facietis;
1145 593 1268 618 seminate
1287 594 1477 624 corruptionem
1491 592 1508 624 ⁰,
1528 593 1553 618 et
1571 593 1600 618 de
1622 593 1779 624 corruptione
1799 593 1863 618 colli-

1013 636 1079 668 getis
1097 636 1206 661 divinam
1227 636 1390 666 sententiam,
1410 644 1483 668 quam
1503 637 1585 661 iustus
1604 637 1645 661 ille
1663 636 1734 661 iudex
1754 636 1823 660 dabit
1838 637 1863 660 111

1014 686 1104 710 magno
1123 679 1211 704 iudicio
1226 679 1283 708 Dei,
1302 679 1398 704 dicens:
1412 679 1466 711 lte,
1486 679 1630 710 maledicti,
1650 679 1677 703 in
1691 679 1774 710 iyncm
1787 680 1863 703 aeter-

1014 729 1084 747 num.
1098 722 1167 751 Heu,
1187 729 1228 747 cor
1246 722 1383 753 lapideum!
1398 723 1431 751 si,
1446 729 1500 747 011111
1514 722 1590 746 talem
1604 721 1649 746 tibi
1666 722 1761 753 cogitas
1775 721 1805 746 ob
1817 721 1860 746 hu·

1014 765 1052 790 ius
1065 765 1150 789 mundi
1164 772 1242 796 parva
1256 765 1346 790 solatia
1356 766 1482 790 imminere
1497 765 1660 794 sententiam,
1675 772 1723 789 non
1738 764 1863 790 formidas.

1087 807 1129 832 11.
1148 808 1194 833 Sed
1213 808 1276 833 forte
1305 809 1360 840 quis
1379 808 1457 837 dicat,
1486 808 1550 839 quod
1570 808 1622 837 vir,
1642 808 1683 839 qui
1703 808 1728 832 in
1757 808 1863 838 peccatis

1017 851 1079 876 vixit
1098 851 1151 876 toto
1170 851 1280 882 tempore
1300 852 1366 876 vitae
1385 859 1457 880 suae,
1477 852 1502 875 in
1519 851 1607 876 mortis
1625 851 1744 879 articulo,
1763 850 1864 881 accepta

1015 894 1179 925 poenitentia,
1199 902 1214 918 a
1233 894 1284 919 Deo
1303 895 1399 919 veniam
1420 893 1547 919 obtinebit.
1562 894 1629 923 Heu,
1649 901 1723 925 quam
1743 901 1807 918 vana
1826 901 1864 918 su-

1015 936 1119 967 spicatio
1145 937 1170 961 et
1198 936 1263 962 falsa
1291 937 1435 962 meditatio!
1455 937 1520 962 Raro
1547 936 1648 965 accidit,
1678 936 1707 960 ut
1734 937 1759 961 in
1786 936 1863 961 morte

1015 979 1141 1004 mereatur
1160 980 1269 1004 divinam
1294 980 1404 1004 obtinere
1423 980 1604 1011 indulgentiam
1630 980 1686 1010 qui,
1711 979 1768 1004 dum
1789 986 1864 1004 sanus

1015 1023 1054 1047 est
1072 1022 1098 1047 et
1116 1023 1228 1052 validus,
1248 1023 1327 1047 Deum
1347 1023 1468 1048 offendere
1488 1030 1537 1047 11011
1556 1022 1681 1048 formidat.
1701 1022 1754 1047 Hoc
1779 1023 1864 1053 teneo,

1016 1065 1061 1090 hoc
1080 1073 1165 1090 verum
1187 1065 1259 1096 puto,
1279 1066 1344 1097 quod
1363 1066 1384 1090 ei
1396 1073 1446 1090 non
1466 1065 1545 1090 bonus
1564 1066 1603 1090 est
1621 1065 1692 1094 finis,
1712 1065 1750 1089 cui
1768 1072 1864 1095 semper

1015 1107 1064 1132 fuit
1082 1108 1149 1133 mala
1167 1108 1228 1133 vita.
1247 1108 1369 1133 Pretiosa
1391 1109 1427 1133 est
1454 1108 1483 1132 in
1502 1109 1637 1138 conspectu
1661 1107 1771 1132 Domini
1795 1114 1865 1132 mors

1016 1150 1171 1176 Sanctorum
1189 1152 1256 1182 eius,
1277 1151 1313 1176 ait
1331 1151 1468 1176 Psalmista
1482 1150 1504 1181 ⁷3
1529 1158 1600 1176 mors
1625 1157 1682 1175 vero
1703 1151 1865 1181 peccatorum

1011 1194 1127 1225 pessima
1134 1202 1142 1224 ;
1160 1194 1241 1218 nolite
1258 1201 1331 1225 ergo,
1356 1194 1491 1223 carissimi,
1512 1194 1618 1225 diliyere
1637 1193 1763 1218 mundum
1786 1199 1866 1224 neque

1016 1244 1046 1261 ea
1064 1243 1129 1267 quae
1148 1237 1175 1261 in
1194 1236 1289 1261 mundo
1307 1238 1381 1267 sunt,
1408 1237 1450 1261 sed
1479 1246 1491 1259 «
1504 1236 1586 1268 1119110
1613 1237 1643 1261 de
1670 1236 1752 1260 medio
1779 1234 1865 1266 Baby-

1017 1279 1084 1304 lonis
1095 1278 1113 1303 ⁸.
1132 1279 1203 1304 Exite
1229 1279 1257 1304 de
1289 1278 1324 1304 Ur
1352 1279 1553 1310 Chaldaeorum,
1574 1278 1684 1304 incendio
1710 1277 1803 1303 scilicet
1827 1278 1864 1302 vi-

1017 1322 1116 1347 tiorum.
1136 1323 1231 1354 Fugite
1249 1323 1273 1347 et
1297 1322 1394 1347 salvate
1413 1322 1515 1347 animas
1540 1323 1646 1347 vestras.
1675 1321 1809 1346 Convolate
1833 1320 1867 1344 ad

1016 1365 1090 1390 urbes
1103 1364 1210 1396 refugii,
1230 1365 1261 1389 ad
1279 1365 1332 1390 loca
1357 1365 1471 1390 videlicet
1489 1365 1619 1395 religiosa,
1643 1364 1685 1389 ubi
1710 1364 1811 1395 possitis
1837 1363 1865 1387 (10

1017 1408 1160 1439 praeteritis
1179 1415 1252 1439 agere
1271 1408 1463 1439 poenitentiam,
1483 1408 1509 1432 in
1532 1407 1657 1438 praesenti
1679 1407 1790 1432 obtinere
1811 1413 1866 1437 gra-

1016 1451 1077 1475 tiam
1100 1451 1126 1475 et
1143 1450 1292 1475 fiducialiter
1310 1450 1422 1475 futuram
1441 1450 1546 1482 gloriam
1565 1450 1740 1481 praestolari»
1755 1448 1774 1474 ⁹.

1140 1536 1260 1562 EXPLICIT
1279 1543 1398 1562 COLLATIO
1417 1544 1448 1561 DE
1467 1543 1615 1562 CONTEMPTU
1634 1543 1744 1561 SAECULI.

178 1752 186 1765 ¹
205 1752 325 1779 Bernard.,
351 1752 422 1780 Epist.
450 1752 500 1774 111.
526 1758 548 1774 n.
575 1752 605 1774 3:
630 1752 724 1774 Gustato
748 1752 842 1780 spiritu,
870 1757 963 1774 necesse

116 1787 162 1811 est,
180 1784 285 1811 desipere
308 1790 415 1811 carnem,
433 1783 546 1805 affectanti
564 1783 667 1805 caelestia
688 1786 776 1805 terrena
795 1789 839 1805 non
857 1783 963 1811 sapiunt;

116 1815 215 1838 aeternis
232 1815 325 1837 inhianti
345 1815 434 1837 fastidio
451 1818 504 1837 sunt
522 1815 657 1837 transitoria.
675 1827 702 1830 —-
722 1815 774 1843 Seq.
790 1814 900 1836 sementia
918 1816 964 1836 An-

116 1846 201 1875 gustini
219 1845 316 1869 habetur
333 1846 425 1874 Soliloq.
442 1846 532 1868 animae
549 1846 578 1868 ad
592 1846 665 1868 Deum
678 1845 750 1873 (inter
762 1851 831 1873 opera
845 1846 963 1874 August),

116 1884 136 1901 c.
153 1878 192 1900 22.
209 1878 294 1900 Textus
310 1877 426 1905 originalis
443 1877 496 1900 hinc
512 1877 566 1899 inde
583 1877 659 1906 aliqua
676 1877 795 1899 interserit.

179 1908 189 1923 ²
205 1909 254 1931 Act.
272 1909 297 1936 5,
316 1908 351 1931 41.
761 1907 770 1920 ⁸
787 1908 864 1930 Matth.
886 1907 924 1936 17⁷,
943 1907 963 1929 4.

179 1939 189 1952 ‘¹
206 1940 341 1966 1151110131),
360 1940 397 1962 20.

179 1971 189 1986 ⁵
205 1971 288 1993 Psalm.
304 1971 346 1998 30,
364 1971 393 1993 20
418 1973 441 1993 et
457 1971 543 1993 deinde
562 1971 597 1993 Ps.
615 1971 657 1998 33,
675 1971 696 1992 9.

180 2001 190 2015 ⁶
207 2003 254 2024 Gal.
272 2003 298 2029 6,
317 2003 343 2024 8:
361 2002 405 2031 Qui
421 2002 518 2024 seminat
534 2002 558 2024 in
575 2008 643 2024 carne
660 2008 701 2024 sua
723 2002 752 2024 de
771 2008 840 2024 carne
857 2004 879 2023 et
895 2004 964 2024 metet

117 2034 297 2087 ⁰⁰‘¹'⁰⁷‘'²1³2⁰L¹f⁹s??·
307 2046 352 2087 Πς
361 2033 592 2093 ἓῗὲωᾶῖιωὲῗω
604 2032 856 2093 31ῖὶξῑὲεξὲἰξὲ··εωη
872 2064 887 2086 p
922 2064 951 2086 33

224 2071 591 2092 s..‚.·...—
730 2071 791 2086 .*l
889 2071 964 2091 s.,

119 2097 160 2124 2·2;
178 2096 191 2117 Ι.
210 2096 270 2118 ioan.
288 2097 313 2122 2,
332 2096 369 2118 115.

181 2126 191 2139 ⁵
208 2128 248 2150 ier.
261 2127 302 2155 51,
315 2127 336 2149 6.
350 2127 382 2149 De
400 2127 433 2149 Ur
451 2125 625 2150 Chaldaeorum
643 2128 684 2149 cfr.
701 2127 758 2149 Gen.
778 2127 799 2148 11
813 2144 817 2154 ,
835 2127 872 2148 31.
889 2129 911 2148 et
926 2126 964 2154 ¹5,

118 2158 141 2180 7.
159 2158 290 2181 Secundum
303 2158 406 2186 llieron.,
424 2157 529 2181 Hebraic.
546 2158 588 2187 Qq.
607 2158 629 2180 in
646 2158 701 2180 Gen.
721 2158 761 2185 11,
779 2158 822 2184 28,
848 2157 882 2180 Ur
900 2157 964 2179 inter-

217 3044 244 3068 S.
252 3044 341 3067 Bonae.
358 3056 388 3060 —
405 3044 473 3067 Tom.
485 3044 543 3066 vnl.

1020 1754 1123 1779 pretatur
1140 1751 1200 1778 ignis
1225 1751 1274 1773 sire
1291 1750 1439 1777 inconditum
1458 1748 1571 1772 Chaldaei
1586 1749 1714 1771 secundum
1733 1749 1809 1777 ipsum
1828 1749 1867 1777 (dc

1019 1782 1133 1805 Nominib.
1151 1782 1256 1804 Rebi-aiv.
1279 1784 1323 1803 ret.
1342 1785 1389 1803 test.
1403 1781 1432 1803 (10
1444 1781 1509 1808 Gen.)
1527 1781 1592 1809 quasi
1605 1780 1740 1807 daemonia,
1753 1781 1788 1802 vel
1801 1781 1865 1809 quasi

1020 1813 1103 1840 ubera,
1125 1817 1163 1835 ant
1182 1815 1275 1835 sei-oves.
1297 1825 1327 1829 —
1349 1812 1452 1834 subinde
1469 1813 1579 1839 allegatur
1594 1812 1633 1833 ler.
1653 1812 1692 1836 48,
1711 1812 1733 1838 6,
1751 1815 1772 1833 et
1795 1812 1867 1840 respi-

1020 1846 1078 1867 citur
1096 1845 1162 1867 Nutu.
1183 1844 1224 1871 35,
1247 1845 1280 1866 ΙΙ.
1297 1850 1374 1873 seqq.‚
1392 1843 1431 1865 nbi
1449 1843 1478 1865 (10
1495 1842 1627 1866 σίυὶίαίίῠιιε
1644 1842 1739 1872 resumi.

1084 1875 1093 1888 ⁹
1110 1876 1227 1901 Bernard..
1247 1876 1319 1897 Serui.
1338 1875 1367 1897 de
1385 1875 1535 1897 conversione
1546 1875 1575 1897 ad
1588 1874 1695 1902 clericos,
1707 1881 1728 1896 c.
1740 1875 1778 1896 21.
1790 1881 1812 1896 n.
1825 1874 1866 1902 37;

1020 1907 1075 1929 vide
1091 1913 1160 1934 snpra
1181 1913 1234 1934 pag.
1254 1906 1293 1933 iu,
1312 1910 1387 1928 notam
1412 1907 1429 1928 Ι.
1446 1905 1491 1928 Cir.
1511 1906 1569 1928 Deir.
1594 1906 1704 1932 Blesens.,
1728 1906 1802 1927 Serui.
1825 1906 1866 1932 62,

1020 1938 1059 1961 ubi
1077 1938 1205 1966 Religiosos
1222 1938 1340 1966 alloquens
1357 1937 1422 1959 (lit-it:
1440 1938 1514 1959 Semel
1532 1937 1608 1960 existis
1625 1937 1653 1959 de
1671 1937 1769 1963 lericho,
1787 1938 1866 1959 fratres

1021 1970 1077 1996 mei,
1089 1970 1224 1992 ascendistis
1245 1969 1273 1991 de
1292 1969 1376 1991 {eritho
1395 1969 1415 1990 in
1435 1969 1567 1995 Ierusalem,
1585 1968 1614 1990 de
1631 1968 1747 1996 Babylone
1761 1968 1781 1990 in
1800 1968 1866 1994 Sion,

1021 2001 1050 2023 de
1068 2002 1172 2028 Aegypto
1195 2001 1216 2022 in
1235 2004 1317 2023 terram
1336 2000 1507 2028 promissioniS,
1526 2000 1555 2022 (le
1572 1999 1671 2022 tenebris
1688 2000 1716 2022 ad
1735 2000 1821 2028 lucem,
1838 1999 1867 2022 de

1020 2033 1070 2054 loco
1091 2032 1298 2058 dissimilitudinis,
1316 2032 1344 2054 (le
1362 2032 1410 2053 loco
1433 2031 1534 2053 horroris
1557 2031 1586 2053 ad
1609 2031 1705 2053 domum
1728 2030 1824 2052 laetitiae
1846 2034 1868 2052 et

1021 2063 1108 2086 salutis.
1126 2063 1224 2086 Venistis
1241 2063 1269 2085 tle
1291 2067 1347 2085 terra
1366 2063 1488 2090 salsuginis
1505 2063 1533 2084 ad
1552 2066 1636 2084 terram
1660 2061 1820 2089 habitabilem,
1838 2061 1867 2084 de

1020 2095 1051 2117 Ur
1071 2094 1238 2117 Chaldaeorum
1257 2094 1286 2116 ad
1303 2094 1459 2122 refrigerium,
1471 2094 1501 2116 de
1517 2095 1577 2116 sanie
1593 2093 1703 2121 spirituali
1721 2093 1751 2115 ad
1766 2093 1869 2115 resectio-

1020 2132 1086 2152 nem,
1103 2126 1132 2147 (le
1145 2125 1342 2154 praevaricatione
1359 2126 1387 2148 ad
1406 2125 1517 2153 gratiam,
1535 2125 1564 2147 (le
1577 2125 1701 2147 mundanis
1718 2123 1868 2147 anxietatibus

1020 2157 1050 2179 ad
1067 2157 1168 2186 quietem
1186 2160 1228 2179 etc.

1745 3040 1773 3061 83

1877 811 1962 839 Obieetio
1973 813 2009 831 sol-

1904 838 1959 854 Vllllr.
