2133 3317
763 359 1071 396 OPUSCULUM
1102 360 1173 395 XI.

419 474 925 538 APOLOGIA
965 474 1517 539 PAUPERUM

654 619 841 663 CONTRA
871 619 1288 663 OALUMNiATOREM

868 997 1041 1026 PROLOGUS
1054 998 1071 1025 ¹.

177 1086 200 1114 l.
222 1085 327 1114 Summi
350 1084 535 1122 legislatoris²
556 1083 704 1113 inviolabili
723 1085 829 1113 constat
843 1084 940 1112 defini-

2 1132 171 1165 readunatione
192 1132 343 1166 sancitum,
365 1132 404 1161 sic
425 1131 557 1160 maiestati
580 1133 708 1160 aeternae
729 1131 836 1159 cultum
864 1130 940 1160 debi-

0 1168 22 1196 ipi
29 1167 81 1191 logis·

0 1197 26 1211 ns.

96 1183 156 1209 tum
171 1187 231 1208 esse
245 1179 425 1213 reddendum,
437 1178 511 1215 quod
526 1178 663 1207 idolorum
678 1178 788 1215 cultura
801 1178 903 1206 vitetur
915 1177 939 1212 3;

95 1226 133 1255 sie
154 1225 334 1263 redigendum
356 1225 525 1254 intellectum
548 1228 671 1254 creatum
687 1225 714 1253 in
730 1232 854 1253 summae
870 1224 940 1253 veri-

93 1273 157 1301 tatis
177 1273 360 1309 obsequium,
382 1272 455 1309 quod
476 1272 571 1301 nullus
589 1271 698 1301 falsitati
715 1271 882 1308 praebeatur
896 1279 939 1300 as-

94 1327 206 1353 sensus;
221 1319 260 1348 sic
275 1319 428 1348 vacandum
450 1318 657 1347 sanctificationi
677 1318 844 1355 spirituum,
863 1318 938 1355 quod

93 1365 209 1394 ferietur
230 1374 246 1394 a
267 1365 401 1394 servitute
422 1365 574 1394 carnalium
596 1365 786 1402 voluptatum;
809 1365 848 1394 sic
862 1363 938 1393 deni-

94 1419 148 1449 que
169 1411 306 1440 virtutum
327 1411 503 1440 deiformium
517 1411 723 1448 approbandam
745 1419 804 1440 esse
825 1411 939 1440 rectitu-

94 1458 201 1492 dinem,
223 1458 296 1495 quod
318 1458 532 1486 deformantium
553 1457 684 1487 vitiorum
706 1458 828 1495 pravitas
843 1466 939 1495 repro-

93 1505 184 1534 betur.
214 1505 398 1542 Propterea⁴‚
427 1505 500 1534 sicut
529 1505 672 1534 veritatem
695 1505 758 1533 fidei
780 1507 807 1533 et
827 1512 937 1533 morum

94 1559 188 1581 amore
209 1551 338 1581 iubemur
367 1552 516 1589 praecipuo
543 1551 700 1581 desiderare
725 1559 756 1580 ao
785 1559 939 1588 quaerere;

155 1696 164 1709 ¹
182 1697 215 1719 De
236 1699 347 1726 sequente
371 1697 482 1725 Apologia
504 1698 562 1720 haec
583 1697 647 1720 iuvat
668 1697 770 1720 breviter
791 1700 939 1726 praenotare3

93 1736 158 1764 plura
175 1736 230 1759 vide
247 1736 270 1758 in
286 1736 459 1764 prolegomenis
475 1737 559 1759 nostris
576 1742 628 1765 cap.
644 1737 666 1759 2.

158 1776 178 1798 l.
195 1776 218 1798 ln
237 1776 325 1798 famosa
350 1775 520 1803 controversia,
544 1782 614 1805 quam
639 1776 781 1799 Universitas
806 1776 939 1799 Parisiensis

94 1817 172 1837 contra
196 1814 349 1837 Mendicantes
377 1814 512 1841 concitavit,
537 1815 559 1836 S.
585 1814 798 1851 Bonaventurawab
821 1815 870 1843 ipso
890 1815 940 1837 ‘litis

94 1853 186 1876 exordio
204 1853 360 1876 defensionem
378 1853 526 1881 evangelicae
543 1853 685 1881 paupertatis
701 1854 803 1881 suscepit
819 1856 842 1876 et
858 1853 938 1882 dispu-

94 1892 163 1915 tando
181 1892 202 1915 in
220 1892 304 1914 scholis
321 1895 343 1914 et
362 1891 503 1920 publicando
527 1892 589 1914 illam
612 1892 775 1920 Quaestionem
798 1893 939 1920 disputatam

94 1931 123 1954 de
139 1932 288 1960 Paupertate,
305 1937 366 1960 quae
383 1934 417 1953 est
433 1933 511 1953 contra
531 1931 670 1954 Tractatum
682 1930 774 1954 brevem
787 1931 814 1954 de
822 1931 938 1961 periculis

93 1969 279 1994 novissimorum
296 1971 430 1999 temporum
447 1970 552 1992 Gulielmi
569 1969 599 1993 de
613 1969 649 1993 St.
661 1970 762 1999 Amore,
775 1970 938 1999 incipientem:

97 2017 109 2030 α
120 2009 185 2038 Ecce,
199 2009 301 2032 videntes
313 2008 451 2032 clamabant
461 2017 484 2031 n.
495 2009 556 2032 Haec
569 2008 666 2032 hahetur
681 2010 702 2031 in
721 2010 748 2032 V.
766 2012 829 2032 tomo
847 2013 939 2033 nostrae

94 2049 199 2071 editionis
221 2054 276 2077 pag.
297 2047 354 2075 1¹49,
372 2053 426 2071 cum
443 2047 640 2077 Replicationibus
658 2050 736 2071 contra
761 2049 874 2078 quasdam
897 2055 939 2077 po-

95 2087 200 2110 steriores
217 2087 384 2109 contrariorum
402 2086 625 2110 Animadversiones
639 2087 687 2113 (cfr.
700 2088 829 2115 Prolegom.
843 2088 870 2110 V.
883 2088 938 2110 tomi

94 2132 114 2148 c.
131 2127 157 2154 2,
175 2131 229 2154 pag.
246 2126 284 2148 Vl.
300 2126 384 2154 semp).
410 2125 514 2148 Eundem
531 2125 635 2148 Gulielmi
653 2125 738 2148 librum
762 2127 939 2149 confutaverunt

94 2165 118 2187 S.
134 2165 236 2187 Thomas
247 2165 360 2192 opusculo
373 2164 463 2187 Contra
478 2163 645 2194 impugnantes
662 2164 705 2187 Dei
720 2164 824 2193 cultum,
842 2167 865 2188 et
882 2165 939 2188 alius

94 2203 189 2232 quidam
206 2204 242 2226 Fr.
264 2203 335 2225 Minor
357 2203 379 2225 in
403 2203 442 2226 illo
467 2206 577 2232 tractatu,
602 2204 668 2226 cuius
690 2204 778 2226 initium
802 2207 849 2226 est:
873 2205 939 2227 “Ma-

93 2248 151 2270 nus,
168 2248 229 2271 quae
248 2245 327 2265 contra
343 2241 530 2270 Omnipotentem
547 2242 643 2270 erigitur
655 2251 677 2270 ι,
694 2249 765 2272 quem
777 2243 938 2266 Bonaventura

95 2281 152 2304 infra
169 2282 191 2304 in
209 2281 333 2309 Apologia,
350 2287 402 2309 cap.
419 2282 434 2304 l.
451 2287 474 2303 n.
491 2282 514 2303 3.
530 2282 640 2304 nominat.
664 2281 764 2304 Libellus
781 2282 817 2304 ille
833 2282 938 2305 Gulielmi

95 2320 123 2343 de
141 2321 172 2343 St.
189 2320 273 2342 Amore
298 2320 327 2342 ab
352 2320 479 2342 Alexandro
497 2320 539 2349 iv,
565 2321 661 2343 Summo
684 2321 803 2348 Pontifice,
821 2321 940 2349 Anagniae

94 2365 131 2382 an.
150 2359 223 2386 1256,
241 2360 254 2381 5
272 2358 352 2382 Oetob.
364 2358 530 2382 condemnatus
542 2361 575 2381 est
588 2359 650 2388 (vide
662 2359 829 2382 chartularium
843 2360 940 2382 Univer-

95 2398 167 2421 sitatis
182 2398 291 2420 Parisien.
303 2398 390 2420 editum
403 2404 416 2420 a
429 2398 451 2420 P.
463 2398 489 2419 11.
504 2398 589 2420 Denine
601 2400 624 2420 et
634 2397 762 2426 Chatelain,
775 2399 790 2420 l.
803 2399 842 2420 291
864 2399 939 2427 seqq).

157 2438 179 2459 2.
188 2437 295 2460 Attamen
305 2437 341 2459 illa
353 2436 380 2459 lis
391 2437 484 2459 decreto
497 2436 588 2459 Summi
599 2437 713 2459 pontificis
725 2436 820 2459 minime
832 2437 939 2459 exstincta

95 2478 137 2498 est.
147 2476 316 2503 Antesignanus
327 2475 528 2503 adversariorum,
545 2476 662 2503 praefatus
673 2475 807 2504 GulielmuS,
819 2482 872 2498 cum
885 2477 940 2498 mul-

95 2514 124 2537 tis
140 2514 183 2542 ipsi
200 2514 379 2537 adhaerentibus
401 2513 514 2536 obstinate
532 2514 634 2537 defendit
650 2520 717 2537 suam
734 2514 868 2542 opinionem
890 2514 939 2542 (cfr.

96 2554 150 2576 illud
165 2553 293 2577 Chartular.
309 2560 364 2582 pag.
382 2553 440 2580 495,
463 2553 503 2575 ubi
520 2560 546 2576 ex
563 2553 656 2576 duabus
672 2554 774 2581 epistolis
791 2554 850 2576 inter
867 2560 940 2576 annos

100 2593 156 2615 1270
173 2595 196 2616 et
213 2593 268 2616 t27i
289 2593 382 2621 scriptis
399 2594 481 2615 borum
500 2599 565 2615 mens
581 2593 636 2615 satis
647 2594 727 2621 patet).
739 2594 763 2615 ln
775 2593 858 2615 eodem
871 2599 939 2615 sensu

96 2635 186 2660 praeter
203 2633 259 2655 alios
275 2632 418 2660 scripserunt
435 2635 482 2654 tum
501 2632 606 2654 Nicotaus
623 2632 771 2654 Lexoviensis
783 2632 805 2654 in
817 2638 889 2660 opere
905 2633 939 2654 tri-

96 2670 195 2699 partito:
220 2671 253 2693 De
278 2669 419 2700 perfectione
444 2672 466 2693 et
490 2669 628 2693 eoecettentta
651 2668 798 2693 clericorum
816 2670 865 2699 (cir.
884 2669 939 2692 ibid.

96 2715 151 2737 pag.
168 2709 226 2736 497,
244 2711 298 2732 nota
316 2710 360 2738 t.)‚
382 2712 430 2732 turn
456 2712 537 2732 auctor
562 2708 629 2732 libelli
647 2715 660 2731 a
679 2709 838 2732 Bonaventura
856 2709 879 2731 in
898 2710 940 2731 hac

96 2748 207 2777 Apologia
228 2745 314 2771 sortiter
338 2748 461 2776 contutati,
478 2748 545 2771 cuius
561 2748 639 2771 titulus
653 2751 703 2771 est:
721 2747 811 2772 Contra
827 2747 940 2771 adversae

96 2787 162 2811 rium
176 2787 328 2817 perfectionis
344 2787 490 2811 christianae
513 2788 536 2810 et
558 2786 725 2816 praelatorum
749 2788 771 2810 et
796 2786 940 2816 facultatum

96 2825 230 2854 Ecclesiae,
245 2826 285 2855 qui
303 2826 397 2854 incipit:
418 2834 428 2846 ι
441 2826 542 2849 Tantum
565 2825 609 2848 sibi
633 2826 811 2854 praesumtionis
827 2830 940 2849 assumse-

96 2867 150 2888 runt
165 2865 259 2894 quidam
278 2865 382 2888 hominm
393 2873 404 2885 ι»
426 2865 477 2894 (cfr.
493 2865 551 2888 infra
568 2871 589 2888 c.
605 2865 626 2888 i,
637 2871 659 2887 n.
674 2865 694 2887 l.
705 2867 728 2887 et
738 2871 761 2887 n.
773 2865 813 2893 3.).
825 2865 897 2888 liuius
908 2871 941 2888 se

97 2904 168 2927 cundi
175 2904 279 2932 opusculi
292 2903 415 2932 perniciosi
423 2904 477 2933 quis
489 2904 556 2927 suerit
565 2906 652 2932 auctor,
663 2905 783 2932 hucusque
792 2909 837 2926 non
846 2904 940 2927 omnino

98 2945 196 2971 constat;
214 2943 306 2966 videtur
323 2945 399 2965 tamen
417 2942 486 2965 fuisse
503 2943 613 2971 magister
624 2942 757 2965 Gherardus
768 2942 894 2972 (Giraldus)
911 2943 941 2966 de

97 2980 254 3004 Abbatisvilla.
280 2982 336 3004 Nam
362 2981 384 3004 in
409 2981 527 3005 Chronicis
551 2982 626 3005 xxw
642 2984 776 3006 nostrorum
793 2982 940 3005 Generaiium

191 3028 215 3051 S.
225 3028 314 3051 Bonae.
331 3041 361 3044 —
379 3029 446 3051 Toni.
458 3028 515 3051 vui.

997 1083 1036 1112 sic
1056 1086 1084 1112 et
1104 1091 1215 1112 errores
1236 1084 1323 1113 eidem
1353 1084 1493 1121 oppositos
1521 1092 1630 1113 summo
1658 1085 1840 1122 astringimur
1873 1096 1987 1123 Errorasvi.

998 1131 1114 1159 horrore
1136 1131 1224 1159 vitare
1244 1133 1376 1168 tantoque
1390 1131 1417 1159 id
1432 1131 1639 1166 vehementius,
1659 1135 1763 1168 quanto
1778 1140 1841 1169 per·
1857 1119 1987 1165 {iisssseffit‘e'

996 1177 1156 1206 niciosiores
1177 1185 1236 1206 esse
1257 1177 1421 1214 probantur.
1443 1178 1521 1214 Quod
1542 1178 1607 1215 quia
1625 1179 1785 1216 scripturae
1799 1187 1842 1208 sa-

997 1232 1060 1253 crae
1081 1224 1230 1253 catholicos
1259 1226 1422 1253 tractatores
1443 1232 1497 1253 non
1519 1224 1615 1259 latuit,
1637 1233 1703 1253 mox
1725 1228 1757 1253 ut
1778 1225 1843 1254 sub-

996 1271 1063 1299 oriri
1079 1274 1227 1300 senserunt
1242 1279 1439 1308 perversorum
1454 1271 1578 1308 germina
1593 1271 1767 1308 dogmatum,
1782 1280 1840 1300 ma-

996 1326 1050 1354 gno
1071 1317 1205 1346 studuere
1226 1320 1327 1346 conatu
1348 1317 1460 1346 illorum
1482 1318 1653 1346 convulsioni
1668 1326 1780 1355 operam
1801 1318 1841 1346 di-

997 1364 1125 1401 ligentem
1147 1364 1321 1401 impendere,
1344 1372 1393 1398 ne,
1415 1364 1437 1393 si
1460 1364 1487 1393 in
1508 1365 1595 1393 altum
1617 1369 1840 1399 succrescerent,

996 1410 1109 1439 sationis
1129 1410 1281 1439 dominicae
1302 1411 1407 1439 semina
1428 1411 1596 1440 suffocarent
1606 1411 1626 1439 ⁵.

1075 1458 1101 1485 2.
1125 1457 1225 1490 Porro,
1240 1457 1338 1486 diebus
1352 1457 1412 1486 istis
1426 1456 1597 1491 novissimis,
1612 1457 1715 1494 quibus
1730 1457 1840 1486 eviden-

996 1503 1059 1532 tiori
1081 1504 1206 1532 claritate
1226 1504 1351 1533 veritatis
1372 1504 1545 1541 evangelicae
1572 1504 1663 1541 fulgor
1692 1505 1839 1539 illuxerat;

996 1550 1070 1588 quod
1091 1550 1196 1587 absque
1217 1550 1417 1587 profluentium
1443 1550 1626 1579 exuberantia
1654 1551 1839 1588 lacrymarum

1870 1465 1987 1484 Perniciosns

1858 1494 1908 1530 ⁰¹f{⁰¹'
1921 1494 1986 1512 proru-

1857 1517 1875 1535 pi
1887 1526 1891 1530 .

999 1697 1113 1726 (Analecta
1131 1697 1243 1719 Francisc.
1261 1697 1299 1723 ill,
1317 1696 1363 1718 326
1380 1696 1418 1718 lin.
1436 1695 1459 1725 4)
1477 1695 1575 1718 habetur
1592 1696 1622 1719 de
1633 1702 1660 1718 eo
1674 1696 1761 1719 libello:
1777 1705 1787 1717 ιι
1799 1696 1842 1725 Qui

997 1736 1099 1758 creditur
1117 1736 1186 1758 fuisse
1204 1735 1306 1763 magistri
1323 1735 1435 1757 Gherardi
1453 1735 1482 1757 de
1499 1734 1647 1757 Abbatisvilla
1660 1743 1682 1762 »;
1696 1735 1759 1764 quod
1771 1735 1840 1757 etiam

996 1776 1020 1798 Ρ.
1037 1775 1124 1798 Denisse
1142 1775 1189 1803 (cit.
1206 1774 1332 1798 Chartular.
1345 1780 1399 1802 pag.
1414 1774 1472 1801 415,
1484 1776 1536 1796 nota
1549 1775 1580 1802 ⁴2.)
1594 1776 1618 1796 ut
1630 1773 1750 1802 probabile
1761 1775 1841 1802 refert,

995 1817 1018 1838 et
1028 1814 1092 1844 quod
1106 1814 1173 1837 valde
1190 1814 1341 1837 confirmatur
1358 1813 1439 1836 codice
1455 1813 1614 1841 Burghesiano
1632 1813 1703 1842 (nunc
1721 1814 1839 1843 Vaticano)

996 1860 1018 1876 n.
1035 1854 1094 1880 360,
1112 1853 1153 1882 qui
1165 1853 1203 1876 fol.
1223 1853 1264 1874 90ὃ
1280 1853 1358 1880 ipsum
1378 1854 1499 1875 tractatum
1512 1851 1591 1880 habet,
1603 1852 1643 1881 qui
1654 1852 1686 1875 sic
1699 1851 1842 1875 inscribitur:

999 1901 1009 1913 α
1023 1893 1143 1915 Tractatus
1161 1892 1264 1920 magistri
1282 1891 1371 1914 Girardi
1388 1891 1418 1914 de
1434 1890 1583 1914 Abbatisvilla
1605 1892 1678 1914 sactus
1700 1894 1778 1914 contra
1800 1894 1842 1914 tra-

995 1934 1081 1954 ctatum
1107 1931 1182 1953 fratris
1204 1930 1233 1953 de
1250 1930 1348 1958 Baiona,
1365 1930 1404 1959 qui
1423 1930 1560 1958 incipiebat:
1578 1930 1667 1957 Manus,
1685 1936 1745 1959 quae
1762 1933 1841 1953 contra

995 1970 1181 1998 Omnipotentem
1198 1969 1294 1997 erigitur
1306 1978 1327 1991 ».

1058 2009 1080 2031 3.
1098 2008 1170 2031 Etiam
1187 2008 1217 2031 de
1233 2011 1327 2031 auctore
1353 2010 1461 2030 tractatus
1486 2008 1567 2030 ultimo
1591 2008 1702 2030 nominati
1727 2009 1843 2031 affirmare

995 2048 1083 2077 aliquid
1100 2048 1194 2070 omnino
1211 2048 1354 2075 exploratum
1372 2053 1420 2070 non
1437 2053 1574 2075 possumus,
1586 2053 1640 2070 cum
1653 2049 1721 2070 testes
1732 2053 1777 2070 non
1790 2053 1842 2070 con-

996 2087 1099 2109 cordent.
1125 2088 1147 2110 ln
1172 2087 1252 2109 codice
1270 2085 1441 2114 Laurentiano,
1463 2092 1534 2115 quem
1554 2086 1698 2114 signavimus
1715 2087 1787 2109 littera
1810 2087 1840 2114 A,

996 2125 1116 2148 exhibetur
1134 2132 1146 2148 a
1164 2132 1234 2148 manu
1247 2125 1349 2148 secunda
1368 2126 1418 2154 (cfr.
1430 2125 1488 2147 infra
1506 2131 1560 2153 pag.
1578 2125 1636 2152 235,
1654 2128 1706 2147 nota
1725 2126 1755 2153 8.)
1769 2128 1793 2147 ut
1804 2131 1841 2147 au-

996 2166 1045 2187 ctor
1057 2164 1126 2187 huius
1139 2167 1247 2187 tractatus
1259 2164 1301 2187 Fr.
1315 2163 1417 2187 Thomas
1435 2163 1462 2186 de
1479 2163 1586 2187 Ebot-aco
1599 2164 1655 2187 Ord.
1672 2164 1737 2191 illin.,
1754 2164 1783 2186 de
1794 2170 1841 2192 quo

995 2204 1019 2226 l).
1037 2204 1123 2226 Denifle
1149 2203 1214 2230 (ibid.
1239 2209 1294 2232 pag.
1318 2202 1376 2230 415,
1401 2206 1455 2226 nota
1478 2204 1509 2232 2.)
1533 2203 1612 2231 tradit,
1631 2203 1707 2231 ipsum
1725 2209 1763 2226 an.
1784 2203 1840 2225 1253

996 2249 1075 2266 mense
1092 2243 1164 2265 Martii
1182 2243 1295 2271 incepisse
1312 2243 1388 2270 legere
1406 2242 1495 2265 Oxonii.
1509 2242 1614 2265 Attamen
1633 2243 1655 2264 in
1673 2242 1740 2265 citato
1763 2242 1843 2265 codice

995 2282 1160 2312 Burahesiano
1177 2282 1315 2310 opusculum
1333 2283 1378 2304 hoe
1394 2281 1455 2304 clare
1472 2281 1603 2304 attribuitur
1623 2281 1652 2303 illi
1670 2282 1796 2304 Bertrando
1813 2281 1843 2304 de

997 2321 1088 2343 Baiona.
1106 2322 1129 2343 ln
1147 2321 1230 2344 eodem
1248 2320 1361 2343 habentur
1378 2321 1446 2343 etiam
1467 2320 1511 2348 ipsi
1537 2323 1609 2343 textus
1631 2323 1769 2342 tractatuum
1792 2323 1841 2342 tum

997 2360 1099 2388 magistri
1125 2359 1250 2387 Gtmrardi,
1275 2362 1325 2382 tum
1351 2359 1469 2382 Bertrandi
1494 2362 1572 2382 contra
1595 2359 1693 2382 Brevem
1710 2360 1840 2382 tractatum

996 2399 1103 2422 Gulielmi
1128 2399 1158 2421 de
1179 2399 1212 2421 St.
1235 2399 1334 2425 Amore,
1352 2401 1400 2420 tum
1418 2398 1481 2420 aliud
1498 2398 1636 2426 opusculum
1662 2397 1789 2425 Glierardi‚
1812 2398 1842 2420 in-

997 2438 1108 2465 scriptum
1119 2436 1274 2466 Exceptiones
1287 2436 1408 2461 Gherardt
1418 2440 1498 2460 contra
1509 2435 1594 2459 librum
1605 2436 1765 2465 incipientem:
1778 2445 1788 2457 α
1798 2437 1840 2459 Ma-

997 2483 1052 2503 nus,
1069 2482 1130 2505 quae
1146 2478 1226 2498 contra
1244 2475 1431 2504 OmnIpotentem
1443 2484 1454 2495 n
1474 2478 1529 2503 etc.,
1547 2479 1594 2498 tum
1608 2475 1776 2505 Responsz'ones
1788 2475 1842 2498 Ber-

997 2515 1071 2538 tramli
1088 2517 1167 2537 eontra
1184 2516 1225 2537 has
1243 2514 1406 2544 Emoeptiones.

1059 2554 1081 2577 4.
1098 2554 1159 2576 Haec
1175 2554 1287 2582 Apologia
1304 2554 1389 2582 scripta
1407 2554 1448 2576 suit
1464 2560 1477 2576 a
1496 2554 1653 2577 Bonaventura
1670 2554 1714 2576 iam
1733 2555 1792 2576 facto
1805 2554 1841 2576 Mi·

996 2593 1068 2616 nistro
1085 2592 1189 2615 Generali
1207 2595 1229 2615 et
1245 2595 1308 2615 certo
1326 2599 1370 2615 non
1388 2595 1440 2615 ante
1456 2599 1543 2615 annum
1562 2593 1630 2615 1269.
1648 2594 1698 2620 lpse
1713 2593 1774 2615 enlm
1786 2593 1841 2616 dicit

997 2632 1020 2654 in
1037 2632 1083 2654 [ine
1099 2631 1226 2659 Apologiae
1243 2631 1272 2660 (c.
1294 2632 1327 2653 12.
1345 2634 1397 2659 post
1415 2631 1543 2660 medium):
1564 2640 1574 2652 α
1586 2631 1626 2654 His
1643 2631 1704 2653 enim
1722 2631 1798 2654 modis
1810 2631 1842 2653 vi-

996 2673 1077 2694 xerunt
1103 2672 1213 2693 hactenus
1237 2670 1370 2693 huiusmodi
1395 2676 1510 2698 pauperes
1537 2671 1558 2692 in
1585 2676 1669 2698 magna
1698 2670 1842 2693 multitudine

995 2709 1124 2739 semanima
1139 2715 1216 2733 annos
1233 2711 1255 2733 et
1270 2708 1375 2738 amplius
1387 2717 1410 2732 ».

1059 2748 1069 2762 ²
1086 2748 1126 2772 lob
1143 2749 1185 2777 36,
1203 2749 1247 2771 22:
1265 2749 1344 2771 Nullus
1360 2748 1382 2770 ei
1398 2747 1464 2777 [Deo]
1482 2748 1562 2770 similis
1579 2748 1602 2770 in
1618 2747 1794 2776 legislatoribus.

1060 2786 1069 2800 ⁸
1086 2787 1156 2810 Exod.
1173 2788 1216 2816 20,
1234 2787 1280 2810 3-5.
1297 2799 1326 2803 —
1344 2787 1377 2810 De
1393 2793 1458 2816 seqq.
1475 2788 1517 2810 cfr.
1534 2787 1557 2809 il.
1574 2786 1627 2810 Cor.
1645 2787 1686 2814 lo,
1704 2787 1726 2810 5.
1742 2790 1764 2809 et
1775 2788 1841 2810 Rom.

999 2827 1040 2854 ⁴2,
1058 2827 1080 2849 fl.
1096 2832 1145 2855 seq.
1164 2838 1192 2842 -
1210 2826 1304 2849 inferius
1321 2832 1365 2854 pro
1381 2825 1480 2855 ferietur
1496 2826 1512 2848 F
1528 2827 1705 2855 praeservetur.

1059 2863 1070 2877 ⁴
1086 2865 1116 2887 lta
1133 2865 1178 2888 AB
1199 2867 1222 2887 et
1238 2865 1274 2887 ed.
1293 2865 1318 2892 ⁴3
1337 2865 1387 2887 Vat.
1404 2867 1427 2887 et
1443 2865 1481 2888 ed.
1499 2865 1512 2887 2
1529 2865 1607 2888 minus
1632 2864 1691 2887 bene
1707 2865 1841 2888 Praeterea.

997 2904 1093 2927 interius
1111 2909 1153 2932 pro
1169 2903 1305 2928 desulerare
1320 2909 1349 2927 tw
1366 2909 1480 2933 quaerere
1497 2904 1515 2926 G
1532 2903 1692 2927 desideranter
1709 2903 1840 2934 acquirere.

1060 2942 1070 2955 ⁵
1087 2944 1163 2966 ltlatth.
1181 2943 1223 2971 ⁴3,
1240 2943 1271 2966 7:
1287 2943 1415 2966 Creverunt
1431 2943 1512 2971 spinae
1528 2946 1551 2966 et
1570 2944 1742 2966 suffocaverunt
1759 2949 1794 2966 ea.
1810 2955 1841 2961 —

999 2982 1109 3011 Superius
1126 2988 1169 3010 pro
1185 2981 1334 3006 convulsioni
1352 2983 1368 3004 E
1385 2981 1509 3006 evulsioni.

1718 3030 1746 3052 30
