2133 3317
242 220 298 249 724

494 260 539 281 11118

241 300 348 322 membro
367 299 460 327 putrido
478 305 530 321 cum
549 298 634 320 damno
648 298 716 320 totius
727 304 807 325 corpo-

241 340 272 362 ris
290 340 334 362 470
354 339 366 361 1
385 351 414 355 -
433 338 545 360 Miseratio
563 337 662 360 crudelis
680 340 725 363 est,
744 337 807 359 unde

240 380 319 408 plures
336 381 357 401 01
370 378 476 400 1110110105
488 377 590 405 graviter
601 376 749 399 offenduntur
762 375 807 397 346

243 418 258 441 b
275 431 306 435 --
324 418 354 439 Ex
372 416 529 440 misericordia
549 418 623 443 potest
641 415 690 437 fieri
712 415 808 443 aliquod

241 464 301 485 opus
327 457 487 484 imperfectum
515 455 560 478 257
585 455 612 477 19
631 467 661 471 -
679 454 762 483 Quanti
779 454 808 476 sit

241 497 334 519 sceleris
353 495 477 524 prohibere
494 501 636 523 quemquam
655 493 684 516 ab
696 492 808 521 operibus

242 535 415 558 misericordiae
433 535 477 556 319
496 534 509 556 9

290 576 354 597 Missa
374 587 403 590 —
421 577 455 596 cst
473 573 586 602 passionis
598 577 620 594 et
633 573 712 594 mortis
724 571 807 594 Christi

242 614 422 642 repraesentatio
444 614 485 635 103
507 613 540 634 10.
563 612 604 634 105
625 611 808 640 19-11110111110

242 660 284 682 pro
302 654 401 675 residuis
419 653 555 675 delictorum
567 651 704 674 celebranda
716 654 751 673 est
764 651 808 672 102

244 693 272 715 10
291 705 320 708 —
337 693 418 715 Missae
436 691 559 714 celebratio
576 694 610 713 est
623 696 721 718 magnae
733 690 809 717 digni-

243 733 294 755 tatis
312 732 465 760 obsequium,
482 730 584 753 officium
602 730 693 752 debitae
711 729 809 751 servitu-

243 772 270 795 tis
288 772 326 794 Dei
340 774 362 793 et
375 771 475 793 initincta
488 769 601 792 sacerdoti
619 768 647 792 ib.
667 769 680 790 9
698 781 728 785 —
740 768 810 791 Omit-

243 814 292 834 tens
309 811 401 833 Missam
419 816 445 832 cx
471 809 610 837 negligentia
635 808 698 830 varia
725 808 809 830 damna

243 853 322 873 causat
338 852 360 872 et
377 851 455 871 contra
474 855 499 871 se
521 848 597 876 ipsum
621 848 725 876 quinque
750 847 809 869 mala

244 890 297 913 facit
314 888 367 912 ibid.
386 901 416 905 -
434 888 577 916 Negligentia
589 887 618 909 ad
630 893 681 909 eam
694 886 810 909 celebran-

244 930 297 952 dam
315 929 447 957 expellenda
471 930 504 950 est
529 933 571 955 per
596 926 729 949 exercitium
756 925 810 948 boni

244 969 334 997 operis,
352 969 508 996 lacrymarum
527 966 688 989 contritionem
706 968 729 987 et
741 965 810 987 devo-

243 1009 311 1031 tionis
328 1009 447 1030 flammam
465 1006 519 1029 ibid.
535 1018 566 1022 —
584 1005 681 1028 Effectus
698 1011 716 1027 s.
729 1004 810 1026 Missae

243 1047 298 1071 ibid.
316 1048 359 1069 449
379 1048 391 1069 6
409 1059 440 1063 -
458 1046 521 1068 111νο1
539 1049 609 1068 1010111
628 1045 752 1067 Ecclesiam
766 1044 810 1066 105

245 1088 273 1109 19
291 1100 321 1103 -
339 1088 380 1115 lpsi
399 1086 505 1109 contritio
523 1087 545 1107 et
567 1084 681 1107 confessio
705 1083 811 1111 praemit-

244 1127 311 1149 tenda
330 1129 364 1149 est
381 1125 409 1148 ib.
430 1126 437 1147 1
459 1137 490 1141 -
508 1125 530 1146 111
549 1130 595 1153 quo
613 1124 722 1146 consistat
745 1129 811 1151 prae-

244 1166 332 1195 paratio
350 1165 482 1187 immediata
502 1164 531 1186 ad
548 1170 567 1186 s.
584 1163 674 1185 Missam
698 1163 737 1184 106
755 1163 768 1184 2
782 1175 811 1177 -

244 1206 321 1228 Oratio
339 1204 511 1233 praeparatoria
530 1204 557 1225 ad
577 1203 668 1225 Missam
683 1202 726 1224 103
744 1202 768 1223 10
781 1214 812 1217 -

247 1245 360 1267 Sacerdos
378 1244 505 1272 praecipue
518 1243 597 1265 decem
611 1241 730 1264 affectibus
742 1244 763 1263 et
775 1241 812 1263 de-

244 1284 335 1307 sideriis
351 1283 409 1305 trahi
427 1282 495 1305 debet
514 1282 543 1304 ad
560 1287 624 1304 sacra
648 1281 756 1308 mysteria
778 1286 812 1302 ce-

245 1323 354 1346 lebranda
376 1322 417 1344 104
437 1322 465 1344 15
485 1334 511 1336 -
535 1320 698 1343 Celebraturus
720 1320 811 1342 Missam

247 1363 289 1385 tria
312 1362 429 1385 intendere
454 1360 524 1383 debet
550 1360 591 1382 105
614 1360 638 1382 16
655 1372 686 1376 ——
704 1360 746 1381 Pro
764 1359 812 1388 qui-

246 1402 291 1425 bus
307 1402 424 1424 orandum
443 1401 471 1423 sit
489 1401 511 1423 in
528 1401 595 1423 Missa
612 1399 641 1422 ib.
663 1400 688 1421 19
708 1412 735 1415 —-
754 1400 813 1428 Qua-

245 1442 294 1464 liter
311 1448 336 1464 se
354 1440 440 1463 habere
457 1440 541 1463 debeat
557 1439 666 1462 sacerdos
677 1439 700 1461 in
713 1439 761 1467 ipsa
775 1444 812 1460 ce-

245 1481 371 1504 lebratione
391 1480 429 1502 101
451 1480 473 1502 7.
496 1480 536 1501 106
555 1479 567 1501 3
580 1492 611 1494 -
623 1478 700 1500 Oratio
713 1478 813 1500 mentali-

245 1523 280 1543 ter
297 1520 394 1543 dicenda
414 1520 436 1541 in
449 1519 612 1541 communione
627 1518 669 1540 106
684 1518 696 1540 1
709 1530 740 1534 -
752 1518 813 1546 Quo-

246 1561 317 1583 modo
330 1559 433 1582 facienda
448 1559 477 1581 sit
489 1558 615 1587 gratiarum
629 1558 687 1580 aetio
700 1560 752 1586 post
765 1557 813 1579 Mis-

246 1606 295 1622 sam
314 1599 343 1622 ib.
360 1599 374 1621 5
392 1612 422 1615 —
439 1598 563 1621 Celebrans
580 1598 671 1620 Missam
684 1597 705 1619 in
719 1599 813 1624 peccato

246 1639 335 1661 mortali
355 1638 478 1660 mortaliter
496 1640 577 1665 peccat
593 1640 615 1660 et
636 1642 729 1658 rursum
752 1636 814 1658 Chri-

246 1681 307 1701 stum
326 1677 440 1705 crucifigit
458 1677 502 1699 358
521 1676 535 1699 b
552 1689 582 1692 —
595 1676 686 1698 Missam
699 1675 814 1697 celebran-

247 1718 309 1740 tibus
326 1717 474 1739 serviendum
493 1719 527 1739 est
544 1722 597 1738 cum
610 1715 725 1743 profunda
738 1714 815 1737 cordis

246 1757 371 1780 devotione
388 1759 411 1778 et
427 1756 533 1783 corporis
549 1754 680 1777 reverentia
699 1754 742 1776 484
763 1755 770 1775 1

293 1797 386 1819 1111551111
405 1809 435 1811 -
453 1795 615 1818 Ordinationes
626 1795 704 1823 quoad
717 1794 814 1816 Missalia

248 1836 293 1859 464
310 1836 325 1858 b

293 1876 428 1898 MissmNAnn
448 1888 476 1890 —
494 1874 647 1896 ministerium
666 1873 813 1896 0000111011-

246 1917 304 1942 tate,
322 1914 492 1943 impetuositate
504 1914 542 1935 vel
554 1913 635 1936 astutia
648 1912 815 1940 subterfugien-

247 1955 291 1977 dae
309 1954 457 1982 disciplinae,
475 1953 516 1976 sed
528 1953 606 1975 divina
618 1952 768 1980 inspiratione
780 1958 815 1974 su-

247 1994 393 2022 scipiendum
419 1996 454 2015 est
480 1993 524 2015 436
547 1993 559 2014 2
641 1992 743 2014 officium
769 1998 815 2013 non

248 2036 282 2056 est
299 2033 458 2055 involuntariis
476 2032 645 2060 imponendum
664 2030 718 2054 ibid.
733 2043 763 2047 —
776 2032 816 2053 Su-

247 2073 360 2101 scipiendi
378 2072 408 2094 ad
426 2073 469 2094 1100
490 2078 576 2094 munus
598 2070 683 2093 debent
706 2076 756 2093 esse
779 2076 816 2093 ro-

247 2111 309 2134 busti
334 2117 446 2139 corpore‚
472 2114 603 2134 constantes
631 2111 652 2132 in
682 2110 739 2137 tide,
765 2116 817 2137 pro-

247 2151 295 2173 bati
308 2151 391 2173 virtute
404 2154 426 2173 et
438 2149 668 2178 irreprehensibiliter
685 2149 816 2172 conversati

247 2190 302 2213 ibid.

295 2230 390 2252 Minus
407 2241 437 2245 —-
450 2229 552 2251 consistit
564 2228 586 2250 in
598 2228 752 2256 abnegatione
764 2234 817 2255 pro-

250 2269 314 2298 priae
332 2269 455 2291 voluntatis
473 2271 495 2291 et
511 2274 593 2290 sensus
610 2267 655 2290 246
673 2268 686 2289 8
704 2279 735 2283 —
747 2267 816 2295 respi-

248 2309 279 2331 cit
295 2308 399 2330 animum
419 2307 463 2330 440
482 2308 495 2329 9
514 2320 543 2323 —
561 2307 618 2329 Mitis
635 2307 695 2329 cedit
708 2306 817 2334 improbi-

249 2348 334 2370 tatibus
352 2347 396 2370 410
416 2348 444 2369 12

296 2388 408 2410 Mones-rm
426 2399 457 2403 —
475 2387 560 2409 factum
578 2386 672 2414 respicit
693 2385 737 2407 440
755 2385 768 2406 9
786 2398 816 2401 —

249 2433 273 2450 se
291 2427 390 2449 extendit
408 2426 468 2449 circa
486 2432 512 2449 se
528 2432 570 2454 per
582 2427 742 2453 contemptum
754 2425 817 2447 volu·
832 2433 834 2435 >

251 2469 340 2495 ptatum
360 2466 388 2488 -16
406 2466 419 2488 9
438 2478 468 2482 -
487 2466 604 2488 Modestus
620 2467 698 2487 servat
720 2464 817 2492 discipli-

250 2512 303 2528 nam
321 2511 449 2532 sensuum,
467 2511 564 2533 operum
583 2507 605 2527 et
622 2503 748 2526 verborum
773 2503 817 2525 410

251 2546 280 2568 12
296 2557 327 2561 -
345 2545 461 2568 Modestus
478 2547 512 2567 est
529 2544 569 2573 qui
585 2550 627 2566 1100
639 2546 673 2566 051
684 2544 818 2571 superfluus

250 2591 293 2607 nec
309 2585 439 2607 diminutus
457 2584 501 2606 440
520 2584 533 2605 9
546 2596 576 2600 -
589 2584 663 2605 llomo
675 2589 700 2605 se
711 2588 818 2605 exercere

251 2623 320 2646 debet
335 2624 365 2646 ad
383 2623 495 2651 triplicem
513 2623 651 2645 modestiam
671 2623 714 2644 130
733 2623 745 2644 8

297 2664 420 2685 Montanus
439 2675 467 2678 -—
486 2662 581 2690 propria
594 2662 703 2684 intuenda
715 2661 744 2684 ad
756 2661 818 2684 exhi-

251 2702 352 2725 bendam
371 2702 525 2724 reverentiam
544 2702 556 2723 9
575 2701 588 2723 5

298 2742 402 2764 11100100111
421 2754 451 2757 -
469 2741 592 2774 Negligens
605 2741 695 2763 modica
708 2740 817 2768 paulatim

251 2781 312 2804 cadit
328 2781 357 2803 ad
376 2781 463 2803 maiora
483 2781 526 2803 490
545 2780 557 2802 3

299 2821 398 2843 1110000111
417 2833 446 2836 -
462 2826 476 2842 0
494 2820 592 2842 Domino
610 2819 725 2842 inhibetur
743 2820 787 2841 398
806 2819 819 2841 4

251 2872 281 2876 -
298 2860 422 2886 Dominus,
435 2859 580 2888 prohibendo
592 2859 722 2881 moechiam
731 2876 737 2886 ,
749 2858 820 2881 mino-

252 2905 301 2922 rem
319 2899 410 2927 lapsum
429 2902 451 2921 et
468 2904 562 2921 omnem
575 2898 687 2920 maiorem
700 2897 820 2926 turpitudi-

252 2944 306 2961 nem
324 2937 433 2966 prohibet
451 2938 495 2960 435
513 2939 526 2959 2

300 2978 380 2999 Metti-x
398 2989 429 2993 —-
446 2977 567 3005 Appetitas
579 2977 683 2999 mollium
696 2979 731 2999 est
742 2983 755 2998 a
768 2982 821 2999 con·

253 3016 395 3044 cupiscentia
415 3016 542 3044 voluptatis
559 3016 572 3038 4
590 3016 604 3038 5

942 219 1042 247 INDEX
1064 213 1314 249 ALPHABETICUS.

890 298 990 320 1110οΑ001
1009 311 1038 313 -
1055 300 1108 321 5001
1124 299 1161 321 vel
1178 299 1288 326 collegiati
1308 299 1343 321 vel
1356 299 1407 321 soli-

842 337 893 359 tarii
911 337 956 359 435
974 338 987 360 3
1007 350 1034 353 -—
1053 338 1114 360 iuxta
1131 338 1231 360 nominis
1243 338 1407 365 interpretatio-

842 382 895 398 nem
912 377 1028 399 solitariae
1045 377 1106 399 vitae
1123 377 1228 404 deputati
1240 376 1359 399 intendere
1370 376 1407 399 de-

843 415 898 438 bent
915 416 981 439 saluti
1000 417 1122 444 propriae,
1139 422 1185 438 non
1204 416 1291 438 alienae
1315 416 1359 438 319
1379 416 1407 437 10

841 467 872 471 -
890 456 941 478 Vita
960 456 1086 478 monastica
1104 459 1138 478 est
1161 456 1239 478 schola
1262 455 1408 483 perfectionis

844 494 887 517 143
906 495 918 516 6
936 508 967 510 -
984 495 1072 517 orando
1089 495 1137 517 Deo
1154 495 1262 517 assistunt
1278 497 1301 517 et
1316 494 1346 516 ad
1358 500 1408 522 pro-

842 534 916 556 ximos
934 534 1091 562 praedicando
1109 534 1299 556 condescendunt
1315 534 1357 555 321
1380 533 1408 555 11

842 585 873 589 -
891 573 964 595 Valde
980 573 1121 595 conveniens
1138 576 1184 599 est,
1211 573 1273 600 ipsos
1298 573 1327 595 ad
1350 578 1409 600 opus

843 613 1021 640 praedicationis
1043 612 1130 634 assumi
1149 612 1193 634 3l9
1217 612 1241 633 10
1258 624 1289 628 -
1306 611 1410 634 Nobilius

842 654 876 674 est
893 658 953 680 opus
971 653 1138 673 monachorum
1155 657 1226 679 quam
1243 651 1409 678 agricultorum

843 694 865 713 et
882 691 979 713 militum
998 691 1039 713 321
1067 690 1091 712 11
1111 703 1139 706 —
1157 690 1214 712 iuste
1232 690 1345 717 stipendia
1368 696 1410 712 sua

844 733 963 752 merentur
981 729 1033 753 ibid.
1051 742 1082 746 —
1105 729 1155 751 laici
1178 735 1219 751 1100
1245 729 1411 756 praedicationi

844 775 885 792 1100
909 770 974 791 saluti
1001 769 1130 791 animarum
1157 768 1300 790 intendentes
1326 767 1412 790 debent

844 809 993 837 corporaliter
1010 808 1103 836 operari
1120 814 1162 830 nec
1188 810 1285 835 possunt
1310 807 1339 829 ab
1362 807 1412 829 aliis

844 851 934 871 sumtus
951 848 1057 876 accipere
1075 847 1104 870 ib.
1123 847 1151 869 15
1165 859 1194 862 —
1207 848 1292 869 Eorum
1304 846 1412 869 obedien-

845 888 874 910 tia
892 887 985 910 duobus
1004 887 1168 914 constringitur
1186 886 1231 908 395
1249 886 1262 907 6
1276 891 1362 907 -non
1375 885 1413 907 de-

844 927 899 949 bent
924 932 1036 955 quaerere
1062 926 1220 954 possessiones
1243 925 1264 947 in
1283 925 1348 947 terris
1366 924 1411 946 278

849 967 873 988 19
892 979 922 982 -
940 966 1027 994 antiqui
1040 972 1085 988 non
1098 965 1241 994 quaerebant
1253 964 1412 992 possessiones

845 1006 888 1028 399
908 1007 920 1027 8
939 1019 969 1022 —
987 1011 1033 1027 non
1052 1008 1150 1033 possunt
1163 1004 1249 1027 habere
1261 1004 1348 1033 aliquid
1361 1010 1412 1032 pro-

845 1045 921 1072 prium
940 1045 985 1066 313
1005 1044 1026 1065 8.
1044 1044 1089 1066 395
1106 1043 1129 1065 7.
1146 1049 1181 1071 sq.
1199 1055 1229 1058 —
1247 1043 1268 1064 in
1292 1042 1411 1065 communi

844 1084 964 1111 possidere
981 1086 1078 1111 possunt
1096 1083 1141 1105 395
1158 1082 1180 1104 7.
1198 1089 1233 1111 sq.
1250 1094 1281 1098 —
1294 1083 1412 1104 Monac-bo-

844 1129 897 1145 rum
916 1123 1015 1151 Aegypti
1032 1124 1158 1150 paupertas
1175 1122 1220 1143 277
1235 1122 1262 1143 17
1274 1134 1305 1137 —
1318 1122 1411 1150 perfecti

844 1162 912 1185 nudis
929 1162 1029 1190 pedibus
1046 1161 1186 1184 incedebant
1203 1161 1247 1183 387
1265 1162 1279 1183 5
1291 1174 1321 1177 —
1335 1161 1412 1183 indiae

845 1202 1005 1224 calceamentis
1023 1207 1068 1223 non
1087 1204 1181 1223 utuntur
1199 1201 1244 1223 389
1267 1201 1287 1223 11
1309 1213 1340 1217 -
1358 1200 1411 1223 anti-

845 1241 883 1270 qui
902 1242 1037 1268 languentes
1054 1247 1113 1269 aqua
1132 1241 1213 1269 frigida
1238 1240 1275 1262 vix
1298 1240 1327 1262 ad
1349 1240 1411 1262 suffi-

845 1280 952 1303 cientiam
971 1279 1094 1302 utebantur
1112 1280 1156 1302 434
1174 1280 1198 1301 10
1211 1292 1241 1296 -
1253 1279 1369 1302 111οο001115
1381 1279 1411 1301 10-

846 1319 932 1342 hibitus
949 1322 983 1342 est
999 1320 1104 1342 carnium
1122 1326 1176 1342 esus
1188 1319 1233 1341 258
1247 1320 1259 1341 2
1272 1332 1303 1335 —
1315 1325 1360 1341 non
1374 1319 1411 1341 de·

846 1359 901 1381 bent
922 1359 1034 1387 implicari
1057 1360 1118 1381 curis
1140 1359 1301 1381 ecclesiasticis
1319 1358 1363 1380 248
1382 1358 1410 1379 13

845 1411 876 1414 -
901 1399 1018 1421 Monachis
1044 1398 1180 1427 prohibetur
1206 1399 1253 1421 fieri
1280 1400 1411 1426 compatres

847 1439 891 1462 436
910 1440 922 1462 3
944 1439 999 1462 Vide
1015 1446 1036 1462 r.
1055 1438 1193 1468 lielt'ffl'osus.

894 1480 1011 1502 1110101005
1028 1491 1058 1495 -
1076 1479 1097 1500 111
1116 1478 1219 1506 capituto
1237 1478 1362 1500 Arelatensi
1380 1477 1412 1499 vi-

846 1518 879 1541 dit
897 1519 918 1541 S.
936 1519 1082 1541 Franciscum
1101 1518 1146 1540 515
1166 1518 1201 1540 10,
1220 1518 1265 1540 545
1284 1518 1312 1540 10

894 1559 1005 1580 1100111105
1024 1571 1052 1573 -
1065 1561 1117 1580 511111
1129 1558 1164 1580 vcl
1177 1557 1318 1585 collegiatae,
1330 1558 1366 1579 vel
1379 1563 1413 1579 50-

847 1598 933 1620 11101100
951 1597 996 1620 435
1014 1598 1026 1619 3
1045 1610 1075 1613 -
1093 1601 1144 1619 sunt
1163 1597 1270 1620 vitandae
1288 1596 1341 1619 ibid.

895 1637 991 1659 Monffls
1007 1649 1038 1653 —
1055 1637 1182 1659 lntellectus
1205 1636 1299 1659 moralis
1321 1642 1414 1664 respon-

847 1677 886 1699 det
903 1676 963 1699 actui
981 1676 1126 1704 purgationis
1144 1676 1156 1698 3
1179 1676 1183 1697 1

896 1716 985 1738 1111111505
1001 1728 1032 1732 -
1049 1722 1136 1743 parvus
1149 1715 1298 1743 paucioribus
1310 1717 1332 1737 et
1344 1715 1415 1737 tex-io-

847 1754 913 1777 ribus
935 1755 1024 1782 indiget
1045 1754 1156 1777 remediis
1179 1754 1223 1776 378
1246 1755 1270 1776 l3
1288 1767 1319 1770 —
1336 1760 1415 1782 pecca-

848 1798 924 1817 torum
951 1794 1094 1821 subtiliores,
1122 1794 1298 1822 periculosiores
1316 1796 1338 1816 et
1356 1794 1415 1815 incu-

848 1834 970 1857 rabiliores
999 1837 1052 1856 sunt
1080 1832 1227 1861 passionibus
1255 1833 1416 1861 corporalibus

850 1874 891 1896 364
914 1880 926 1895 a

897 1914 996 1936 Monicus
1012 1925 1043 1929 —
1060 1913 1190 1940 Religiosus
1207 1912 1237 1935 de
1253 1911 1339 1934 Ordine
1363 1911 1417 1934 Cru-

849 1954 972 1975 ciferorum
990 1959 1002 1974 a
1022 1953 1044 1974 S.
1062 1952 1183 1974 Francisco
1202 1951 1335 1973 mirabiliter
1352 1957 1417 1973 sana-

850 1996 886 2015 tus
904 1995 938 2014 est
955 1992 1000 2014 514
1019 1993 1039 2014 8.
1053 1992 1097 2014 568
1111 1991 1126 2013 1)
1139 2004 1168 2007 -
1181 1994 1260 2019 postea
1272 1991 1415 2018 Religionem

850 2032 924 2054 Sancti
943 2032 1061 2059 ingressus
1078 2031 1139 2053 vitae
1160 2031 1292 2053 austeritate
1314 2030 1417 2052 excelluit

850 2072 895 2094 515
914 2072 934 2093 8.
953 2071 998 2093 569
1016 2077 1028 2093 a

897 2111 959 2133 Mons
976 2124 1006 2126 —
1024 2113 1058 2132 est
1076 2110 1159 2132 Incerta
1179 2110 1222 2132 497
1240 2116 1253 2132 a
1271 2123 1300 2125 —
1318 2112 1352 2132 est
1369 2110 1417 2132 ine-

849 2150 951 2173 vitabilis
968 2150 997 2172 28
1015 2151 1028 2172 2
1046 2162 1077 2166 -
1094 2153 1128 2171 051
1139 2149 1357 2175 indeterminabilis,
1369 2149 1417 2171 ine-

850 2189 963 2216 vitabilis,
981 2188 1140 2211 irrevocabilis
1158 2188 1171 2210 5
1189 2188 1202 2210 7
1220 2200 1251 2204 —
1269 2190 1302 2210 est
1325 2188 1416 2210 indecli-

850 2228 946 2255 nabilis,
972 2226 1153 2255 investigabilis,
1179 2226 1329 2249 immutabilis
1355 2226 1384 2248 52
1402 2227 1415 2248 2

849 2280 880 2284 -
897 2267 975 2289 ’1101115
993 2268 1074 2289 horror
1091 2266 1222 2289 eommunis
1239 2268 1272 2288 est
1294 2266 1415 2293 omnibus,

850 2307 958 2335 perfectis
981 2309 1003 2328 et
1019 2305 1161 2334 imperfectis
1178 2306 1223 2328 237
1242 2306 1255 2327 6
1273 2318 1303 2322 —
1321 2306 1415 2327 Mortem

850 2347 932 2368 timere
950 2348 984 2368 est
996 2346 1184 2373 imperfectorum
1197 2345 1242 2367 253
1256 2345 1268 2366 3
1281 2358 1311 2360 -
1324 2345 1417 2366 Τ1111010

851 2388 950 2408 01011010
968 2388 1002 2407 051
1019 2385 1135 2411 naturale,
1148 2384 1189 2407 sed
1202 2385 1281 2412 fugere
1293 2387 1327 2406 est
1340 2384 1417 2406 101011-

851 2425 934 2447 tarium
960 2424 1005 2446 254
1028 2424 1061 2446 10.
1087 2424 1132 2446 255
1154 2424 1189 2446 11.
1205 2430 1241 2452 sq.
1263 2423 1417 2446 1711100110-

850 2471 913 2495 qere.
930 2477 959 2481 —
978 2464 1044 2486 Morti
1059 2470 1085 2486 se
1101 2464 1184 2486 offerre
1201 2466 1235 2485 est
1247 2464 1375 2491 perfectum
1389 2463 1418 2485 de

851 2510 937 2532 genere
954 2506 1019 2526 actus
1037 2503 1082 2525 238
1101 2503 1129 2525 10
1147 2515 1178 2519 -
1196 2503 1290 2525 Mortem
1308 2505 1418 2530 appetere

851 2547 884 2566 est
902 2546 967 2566 actus
984 2544 1099 2571 perfectae
1116 2543 1216 2565 caritatis
1234 2543 1278 2564 252
1293 2542 1313 2564 4.
1326 2548 1360 2570 sq.
1373 2542 1418 2564 253

851 2584 873 2605 3.
891 2583 935 2605 257
949 2583 978 2604 20
992 2595 1023 2598 -
1036 2582 1175 2604 Sustinentia
1189 2581 1269 2604 mortis
1282 2582 1356 2603 illatae
1369 2587 1420 2609 pro-

852 2625 903 2650 pter
922 2623 1033 2644 bonorem
1050 2622 1090 2644 Dei
1108 2621 1254 2643 desideratur
1271 2626 1284 2643 a
1301 2621 1419 2649 perfectis,

853 2665 877 2684 ut
895 2662 992 2684 celerius
1010 2664 1032 2683 et
1049 2661 1152 2683 intimius
1174 2661 1282 2683 uniantur
1305 2660 1352 2682 Deo
1375 2660 1419 2682 252

852 2702 865 2723 2
885 2714 915 2717 -
933 2701 1037 2723 Traditio
1055 2700 1090 2722 sui
1108 2700 1130 2722 in
1154 2702 1252 2722 mortem
1275 2706 1317 2727 pro
1343 2700 1420 2728 aliquo

852 2743 887 2763 est
904 2740 1035 2763 diffusionis
1052 2740 1209 2768 permaximae
1227 2742 1249 2761 et
1260 2740 1375 2767 perfectae
1387 2745 1422 2761 ca-

853 2780 925 2802 ritatis
943 2780 988 2802 253
1007 2780 1020 2801 2
1040 2792 1068 2795 —
1081 2779 1155 2801 Homo
1167 2785 1193 2801 ex
1206 2779 1305 2807 perfecta
1319 2778 1421 2806 compla-

853 2819 925 2842 centia
945 2819 993 2841 vult
1010 2824 1052 2846 pro
1070 2817 1180 2841 omnibus
1198 2818 1256 2840 mori
1274 2818 1287 2839 9
1306 2818 1319 2839 8
1338 2830 1364 2833 —
1378 2818 1421 2840 Per

853 2861 953 2881 mortem
971 2858 1067 2886 spiritus
1084 2857 1185 2880 hominis
1202 2857 1280 2880 unitur
1298 2857 1420 2879 immortali

853 2900 875 2920 et
901 2897 1039 2925 impassibili
1067 2897 1114 2919 Deo
1132 2897 1177 2919 252
1196 2898 1208 2919 2
1227 2909 1256 2912 -
1274 2897 1296 2918 10
1315 2896 1421 2924 passione

853 2940 875 2959 et
892 2940 967 2959 morte
991 2936 1129 2959 attendenda
1155 2938 1189 2958 est
1214 2935 1365 2963 configuratio
1391 2935 1420 2957 ad

856 2975 973 2999 Christum
985 2975 1040 2999 ibid.
1051 2989 1081 2992 ——
1094 2975 1208 2998 bonorum
1221 2978 1255 2997 est
1266 2974 1333 2997 beata
1341 2992 1346 3001 ,
1358 2980 1421 2996 mors

856 3018 1005 3043 peccatorum
1023 3015 1098 3037 infelix
1115 3018 1137 3037 et
1154 3015 1238 3037 misera
1250 3014 1279 3036 53
1294 3013 1307 3036 4
1318 3026 1349 3030 —
1361 3014 1421 3042 Quo-

1699 260 1757 283 MUL

1441 298 1511 321 modo
1529 299 1603 326 gratia
1621 298 1696 321 bonae
1713 300 1794 321 mortis
1816 299 1946 322 obtineatur
1964 300 2009 322 192

1440 344 1453 359 0
1473 350 1501 353 —
1518 338 1731 366 circumspectione
1749 338 1795 361 diei
1807 339 1888 361 mortis
1899 345 2010 362 exacuen-

1442 377 1486 399 dus
1504 380 1538 399 est
1563 378 1671 400 stimulus
1696 378 1850 400 conscientiae
1867 378 1880 400 5
1897 378 1911 400 7
1930 391 1959 394 —-
1977 379 2009 401 De

1442 419 1516 438 morte
1534 417 1641 439 meditari
1658 419 1692 439 est
1710 416 1821 439 horribile
1838 417 1866 439 53
1885 417 1898 440 5

1489 467 1520 471 —
1537 459 1571 478 est
1588 456 1703 484 poenaHs,
1727 458 1766 478 aut
1788 456 1908 484 culpabilis
1932 456 1972 478 241
1995 457 2007 478 6

1441 506 1473 510 -
1490 493 1613 522 culpabilis
1637 499 1671 517 051
1696 496 1763 523 culpa
1789 495 1892 518 mortalis
1909 495 1962 518 ibid.
1979 507 2010 512 -—

1442 533 1572 561 improprie
1598 534 1681 556 dicitur
1703 535 1799 557 venialis
1824 535 1891 562 culpa
1909 534 1962 557 ibid.
1981 547 2010 550 ——-

1443 573 1573 595 animarum
1591 573 1727 595 declinanda
1744 576 1779 595 est
1795 580 1836 602 per
1848 580 1953 602 pugnam
1966 573 2011 595 257

1444 613 1473 634 20
1490 624 1521 628 -
1538 616 1630 634 aeterna
1649 615 1683 634 est.
1699 612 1838 640 stipendium
1857 613 1984 640 peccatoris
1997 613 2010 634 8

1445 652 1458 673 2
1475 664 1505 667 —
1524 652 1546 674 ln
1559 652 1649 673 inferno
1661 658 1707 674 non
1719 652 1761 674 erit
1774 658 1836 674 mors
1849 655 1956 680 naturae,
1969 652 2010 674 sed

1445 697 1534 719 poenae
1557 691 1586 713 84
1611 691 1639 713 43
1659 704 1687 707 —
1710 690 1793 713 Christi
1810 691 1839 713 69
1859 691 1871 713 4
1888 704 1919 707 —
1936 691 2012 714 crucis

1445 734 1493 752 erat
1511 730 1586 758 magis
1603 730 1700 758 acerba,
1713 730 1788 758 magis
1800 731 1933 758 vituperosa
1945 733 1967 752 et
1978 731 2012 753 in-

1446 770 1540 791 honesta
1563 770 1626 791 omni
1643 772 1716 792 morte
1735 769 1852 791 communi
1871 769 1915 791 502
1935 770 1963 791 12
1983 782 2011 785 -

1446 809 1520 836 prima
1538 809 1614 831 cordis
1637 809 1685 831 lesu
1710 811 1744 831 est
1769 809 1860 831 dilectio
1887 809 2012 831 multorum

1446 850 1591 870 mortuorum
1619 848 1662 870 463
1687 849 1699 870 2
1717 860 1748 864 -
1766 848 1892 875 corporatis
1917 847 2013 870 accessit

1446 887 1475 909 ad
1493 887 1568 909 Iesum
1586 890 1608 909 et
1625 887 1681 909 vicit
1698 887 1725 909 ad
1745 889 1850 915 tempus,
1867 890 1892 909 ut
1912 887 2013 909 vincere·

1446 930 1483 948 tur
1500 927 1523 948 in
1540 930 1661 949 aeternum
1679 926 1734 949 ibid.
1751 939 1781 942 —
1794 927 1885 949 devicta
1897 929 1931 949 est
1943 927 1965 948 in
1978 933 2013 948 re-

1446 966 1589 988 surreetione
1614 966 1696 989 Christi
1722 966 1746 987 81
1777 965 1805 988 34
1823 978 1854 982 -
1870 966 1913 988 Pro
1938 968 2013 988 morte

1447 1009 1525 1027 nostra
1544 1005 1683 1027 vivificanda
1702 1006 1789 1027 effusus
1800 1007 1834 1027 est
1846 1005 1940 1033 sanguis
1951 1004 2013 1028 Chri-

1446 1045 1474 1066 sti
1493 1045 1506 1066 5
1524 1045 1537 1067 7

1494 1084 1651 1106 1110111111011110
1669 1096 1697 1099 -—
1711 1084 1752 1105 Per
1764 1083 1965 1106 mortificationem
1977 1083 2013 1106 sui

1447 1123 1536 1146 Veritas
1554 1126 1588 1145 est
1604 1123 1740 1146 associanda
1763 1124 1787 1145 18
1807 1123 1835 1145 14
1847 1135 1878 1139 -
1890 1122 2014 1145 011011001-

1446 1168 1497 1184 mae
1514 1162 1538 1184 in
1555 1163 1618 1185 caelo
1636 1169 1747 1190 magnum
1771 1162 1898 1190 gaudium,
1920 1164 2012 1189 stupen-

1446 1201 1499 1224 dam
1518 1202 1628 1230 gloriam,
1646 1201 1905 1229 incomprehensibilem
1918 1201 2010 1224 laudem

1445 1240 1475 1263 64
1494 1242 1522 1263 22

1494 1281 1538 1303 Mos
1555 1293 1585 1296 —
1605 1280 1693 1302 vei-itas
1711 1286 1803 1302 morum
1820 1279 1973 1302 desideranda
1990 1282 2012 1301 et

1445 1320 1578 1348 quaerenda
1597 1320 1641 1341 233
1662 1320 1669 1341 1
1691 1331 1722 1335 -
1739 1325 1785 1341 non
1803 1319 1847 1341 sint
1865 1319 1928 1341 leves
1941 1318 1980 1340 141
1997 1319 2010 1340 6

1445 1371 1476 1375 -
1494 1359 1591 1381 Devotio
1608 1365 1686 1381 mores
1698 1358 1796 1380 exterius
1809 1357 1929 1386 componit
1941 1357 1985 1379 147
1999 1358 2011 1379 2

1445 1410 1477 1414 -
1495 1399 1582 1420 Morum
1602 1398 1722 1420 maturitas
1740 1397 1820 1419 aetatis
1832 1397 1948 1419 defectum
1960 1403 2013 1424 sup-

1448 1439 1494 1466 plet
1511 1438 1556 1460 360
1574 1444 1586 1459 a

1494 1479 1568 1500 Mo’rus
1586 1490 1616 1493 —
1633 1480 1710 1499 rectus
1732 1477 1843 1499 mentium
1868 1476 2012 1504 divinarum,

1447 1518 1503 1546 quid
1522 1518 1550 1540 sit
1568 1517 1611 1539 396
1634 1517 1654 1538 11

1494 1557 1582 1579 Moyses
1599 1569 1629 1573 —
1647 1556 1676 1578 de
1693 1556 1760 1585 aquis
1782 1557 1899 1578 assumtus
1921 1557 1943 1577 01
1959 1555 2014 1577 Pha-

1447 1597 1524 1619 raonis
1536 1596 1660 1624 imperium
1674 1595 1820 1618 subnervatis
1831 1594 2014 1623 significatChri-

1448 1639 1509 1658 stum
1527 1638 1686 1663 resurgentem
1705 1636 1734 1657 82
1753 1635 1781 1657 36
1798 1647 1829 1651 —
1841 1637 1889 1656 erat
1901 1634 2015 1662 Propheta

1448 1675 1546 1698 eximius
1563 1675 1592 1697 38
1611 1675 1640 1697 27
1657 1688 1688 1690 -
1706 1677 1754 1697 erat
1772 1674 1906 1696 mitissimus
1922 1675 1945 1696 et
1967 1673 2014 1696 Deo

1450 1714 1642 1737 familiarissimus
1664 1714 1704 1736 138
1723 1715 1736 1736 2
1754 1726 1785 1730 -
1802 1713 1955 1742 quadraginta
1967 1712 2016 1735 die-

1450 1754 1493 1777 bus
1510 1754 1623 1776 ieiunavit
1641 1753 1685 1775 409
1703 1753 1717 1775 7
1735 1765 1765 1769 -
1779 1753 1890 1775 ieiunium
1902 1752 1974 1780 Moysi
1985 1752 2016 1774 si-

1450 1794 1543 1822 gnificat
1568 1799 1698 1815 moerorem
1725 1798 1767 1820 pro
1792 1792 1906 1814 deletione
1933 1791 2015 1819 culpae

1450 1832 1503 1856 ibid,
1521 1832 1672 1855 —ieiunans
1698 1831 1786 1859 accepit
1811 1832 1896 1859 Legem
1923 1830 1963 1853 271
1986 1831 2014 1853 16

1450 1886 1479 1888 -
1497 1872 1581 1895 videns
1599 1872 1712 1900 populum
1730 1871 1821 1894 ebrium
1839 1870 1929 1893 tabulas
1949 1870 2017 1898 fregit

1450 1911 1505 1935 ibid.
1525 1925 1554 1928 —
1572 1913 1657 1939 Legem
1670 1911 1760 1939 accepit
1772 1911 1793 1932 in
1806 1912 1886 1932 monte
1897 1910 1957 1932 Sinai
1971 1909 2015 1932 438

1451 1953 1464 1974 2
1482 1964 1512 1968 -
1528 1952 1615 1979 Legem
1632 1953 1753 1978 acceptam
1771 1950 1865 1972 tradidit
1881 1949 1933 1972 filiis
1950 1949 2016 1971 lsrael

1451 1990 1506 2014 ibid.
1522 2003 1553 2007 —
1570 1990 1693 2013 consilium
1711 1990 1786 2012 lethro
1799 1991 1891 2017 gratum
1904 1987 1984 2010 habuit
1995 1991 2017 2010 et

1450 2030 1553 2053 servavit
1573 2029 1614 2052 147
1634 2030 1660 2051 19
1679 2042 1710 2045 —
1728 2029 1749 2051 in
1767 2029 1845 2056 plures
1862 2034 1921 2051 onus
1935 2028 2018 2056 populi

1450 2069 1547 2098 regendi
1570 2069 1648 2091 divisit
1673 2069 1714 2090 138
1734 2069 1756 2090 2.
1774 2068 1819 2090 375
1838 2067 1857 2089 4.
1877 2066 1921 2090 447
1939 2067 1968 2089 36
1985 2080 2016 2083 —

1451 2109 1520 2137 elegit
1535 2109 1599 2131 viros
1616 2108 1712 2130 idoneos
1735 2108 1757 2129 in
1783 2108 1912 2135 praefectos
1936 2106 2017 2134 populi

1453 2149 1492 2170 43t
1516 2148 1523 2169 1
1546 2160 1577 2164 -
1593 2147 1687 2169 retinuit
1703 2146 1748 2169 sibi
1766 2146 1933 2174 plenitudinem
1956 2148 2018 2174 pote-

1450 2187 1514 2209 statis
1525 2187 1548 2208 in
1561 2189 1616 2215 typo
1630 2187 1719 2209 futurae
1731 2185 1889 2214 dispositionis
1904 2185 2017 2208 Ecclesiae

1450 2226 1496 2248 375
1514 2226 1526 2248 4
1545 2238 1575 2242 —
1593 2225 1771 2248 sollicitudinem
1789 2224 1870 2247 habuit
1885 2225 2017 2252 generalem

1450 2266 1480 2288 de
1497 2266 1584 2294 populo
1602 2265 1646 2287 447
1666 2265 1694 2287 36
1713 2277 1743 2281 -
1755 2264 1789 2287 Ad
1803 2265 1878 2292 ipsum
1890 2263 2019 2286 refereban-

1450 2308 1487 2327 tur
1505 2305 1592 2327 maiora
1618 2304 1704 2326 iudicia
1732 2304 1776 2326 446
1802 2304 1826 2326 31
1848 2316 1879 2319 ——
1896 2303 1978 2326 crebro
1994 2303 2018 2325 in

1451 2344 1626 2367 tabernaculum
1645 2344 1744 2366 foederis
1761 2343 1790 2366 ad
1807 2343 1931 2366 Dominum
1943 2348 2019 2365 recur-

1451 2385 1486 2413 rit,
1498 2384 1609 2406 familiare
1621 2384 1694 2412 ipsius
1705 2383 1845 2412 colloquium
1856 2385 1963 2410 expetens
1974 2381 2017 2404 149

1456 2425 1476 2446 11
1499 2436 1529 2440 —-
1547 2423 1649 2446 officium
1668 2429 1737 2445 suum
1755 2422 1831 2450 primo
1854 2422 1970 2444 humiliter
1986 2427 2019 2444 re-

1453 2462 1568 2491 fugIebat,
1587 2463 1628 2485 sed
1645 2462 1675 2484 ad
1693 2463 1736 2484 hoc
1755 2464 1841 2484 tractus
1858 2467 1899 2489 per
1911 2460 2019 2483 obedien-

1452 2502 1518 2529 tiam,
1536 2502 1631 2525 sollicite
1648 2501 1782 2530 adimplevit
1799 2501 1839 2523 364
1861 2507 1874 2523 a
1891 2513 1922 2517 -
1939 2500 2020 2528 despe-

1453 2542 1513 2564 ravit
1530 2541 1559 2564 de
1576 2541 1653 2564 divina
1673 2541 1776 2569 potentia
1794 2540 1823 2562 38
1842 2540 1871 2562 27
1887 2552 1918 2556 -
1935 2539 1994 2562 Silex
2006 2545 2019 2562 a

1453 2582 1531 2609 Moyse
1548 2586 1673 2609 percussus
1690 2580 1767 2602 emisit
1784 2585 1857 2608 aquas
1878 2579 2019 2607 largissimas

1455 2621 1494 2642 181
1517 2621 1530 2642 2
1546 2633 1578 2636 -
1594 2620 1666 2642 iratus
1684 2620 1726 2642 fuit
1743 2619 1794 2641 tiliis
1811 2618 1895 2641 Ruben
1912 2621 1934 2641 et
1955 2618 2020 2641 dimi-

1454 2660 1506 2682 diae
1523 2659 1593 2682 tribui
1611 2660 1714 2681 Manasse
1732 2658 1772 2681 351
1795 2657 1810 2680 b

1503 2699 1587 2721 1110111111
1605 2711 1636 2715 -
1654 2699 1751 2720 formata
1769 2700 1802 2720 est
1825 2703 1837 2719 a
1855 2697 1903 2719 Deo
1924 2697 1965 2719 261
1991 2697 2019 2719 12

1453 2751 1485 2755 -
1501 2738 1593 2766 Corpus
1610 2737 1712 2760 mulieris
1737 2737 1838 2760 tenerius
1863 2739 1898 2759 est
1922 2742 2020 2764 corpore

1456 2778 1498 2800 viri
1517 2778 1557 2800 121
1579 2777 1593 2800 5
1611 2790 1640 2793 —
1658 2777 1716 2799 Tam
1733 2776 1817 2798 animis
1834 2782 1905 2804 quam
1919 2775 2021 2803 corpori-

1455 2816 1499 2839 bus
1508 2816 1610 2839 mulieris
1622 2816 1736 2845 quaedam
1750 2815 1869 2838 infirmitas
1881 2817 1903 2837 et
1915 2814 2020 2837 debilitas

1455 2856 1641 2884 perseverantiae
1657 2855 1771 2877 contraria
1789 2855 1922 2877 naturaliter
1937 2854 2019 2877 inserta

1455 2898 1489 2918 est
1506 2896 1546 2917 201
1569 2895 1597 2916 80
1615 2907 1646 2910 -
1663 2894 1782 2916 Mulierum
1794 2894 1964 2922 familiaritates,
1976 2894 2020 2916 col-

1454 2935 1531 2963 loquia
1548 2936 1570 2956 et
1586 2936 1694 2961 aspectus
1711 2935 1764 2956 sunt
1780 2933 1870 2956 occasio
1882 2933 1963 2955 ruinae
1975 2931 2019 2955 517

1455 2974 1469 2996 5
1486 2986 1516 2990 -
1533 2974 1576 2995 Ρο1
1598 2973 1732 2995 huiusmodi
1756 2971 1839 2995 debilis
1864 2972 1976 3000 frangitur
1997 2973 2020 2993 et

1456 3013 1520 3035 sortis
1547 3012 1677 3034 infirmatur
1702 3011 1756 3034 ibid.
1782 3022 1813 3027 ——
1839 3011 1971 3039 spiritualia
1997 3010 2020 3032 in
