2133 3317
471 210 670 239 OPUSCULUM
693 209 780 238 XXIII.
804 209 954 237 LEGENDA
976 209 1090 237 SANCTI
1111 209 1286 238 FRANCISCI.
1308 210 1377 238 CAP.
1398 209 1462 238 VIII.

97 290 131 318 ab
150 289 244 318 eodem
267 289 385 326 quadam
407 288 450 317 die
472 291 581 321 vocata,
604 287 679 316 velut
700 287 795 316 edocta
810 287 939 321 caelitus,

97 344 180 373 super
211 343 324 364 manum
359 334 460 363 volavit
494 334 589 371 ipsius.
624 333 673 362 Cui
709 341 773 362 cum
807 333 938 362 dixisset:

100 394 114 408 α
129 383 228 416 Canta,
250 390 329 411 soror
352 389 412 410 mea
433 381 540 415 cicada,
562 384 588 409 et
609 380 756 409 Dominum
781 380 938 409 Creatorem

97 434 145 458 tuo
166 429 252 457 iubilo
274 428 354 456 lauda
368 438 398 461 »;
422 428 480 456 sine
501 435 580 455 mora
601 427 731 455 obediens
752 434 851 455 canere
879 435 939 455 coe-

96 477 135 513 pit
162 483 212 504 nec
243 475 361 507 destitit,
383 474 469 502 donec
490 474 568 502 iussu
591 474 677 502 Patris
698 473 731 501 ad
757 474 846 502 locum
876 481 939 510 pro-

97 523 186 560 prium
210 521 350 550 revolavit.
373 521 470 549 Mansit
490 524 582 549 autem
606 528 654 557 per
675 523 736 548 octo
750 520 808 548 dies
823 519 939 554 ibidem,

96 569 218 607 quolibet
239 569 282 597 die
304 568 452 602 veniendo,
474 568 608 596 cantando
639 570 666 596 et
697 567 849 596 recedendo
879 567 940 596 eius

96 617 170 645 iussa
191 615 344 652 perficiens.
367 615 486 643 Tandem
510 615 551 643 vir
573 614 619 643 Dei
636 614 674 642 ait
688 614 722 642 ad
736 614 839 642 socios:
859 625 872 638 α
888 614 939 642 De—

96 670 158 691 mus
179 662 232 691 iam
254 662 341 690 sorori
364 665 474 690 nostrae
495 661 603 690 cicadae
619 660 771 694 licentiam;
786 660 852 689 satis
866 660 939 689 enim

94 716 144 738 nos
165 716 216 737 suo
237 711 321 737 cantu
342 708 504 741 laetificans,
519 707 553 736 ad
568 707 663 736 laudes
684 707 732 735 Dei
754 710 815 735 octo
830 707 939 735 dierum

95 756 182 793 spatio
203 755 375 784 excitavit».
398 755 430 783 Et
450 754 541 783 statim
562 754 597 782 ab
617 762 649 782 eo
672 753 809 782 licentiata
827 753 940 782 recessit

95 811 145 831 nec
165 802 240 831 ultra
261 802 362 831 ibidem
383 801 527 838 apparuit,
549 809 580 829 ac
608 801 629 829 si
661 800 821 829 mandatum
853 800 940 837 ipsius

95 857 149 878 non
170 849 286 878 auderet
306 849 481 885 aliquatenus
503 848 655 884 praeterire
668 849 686 875 ¹.

176 896 220 924 10.
243 895 335 924 Eidem
358 895 435 923 Senis
455 895 566 923 infirmo
588 894 737 931 phasianus
765 894 876 931 quidam
906 893 940 922 de

74 961 79 967 -
96 951 166 971 novo
187 945 285 979 captus
304 950 321 970 a
341 941 424 970 nobili
447 941 566 978 quodam
589 940 767 969 transmissus
788 943 829 969 est
850 940 938 969 vivus.

96 989 148 1026 Qui
170 989 317 1023 continuo,
339 991 370 1017 ut
392 988 482 1017 virum
505 991 631 1017 sanctum
662 987 768 1017 audivit
798 990 825 1016 et
857 987 939 1021 vidit,

97 1038 171 1065 tanta
191 1035 238 1064 ei²
260 1035 453 1064 amicabilitate
475 1035 612 1068 cohaesit,
635 1038 666 1063 ut
686 1034 763 1063 nullo
791 1034 871 1063 modo
893 1042 940 1071 pa—

96 1086 203 1112 teretur
224 1083 259 1111 ab
280 1082 339 1119 ipso
360 1082 476 1119 seiungi.
498 1082 564 1110 Nan]
586 1082 716 1118 pluribus
737 1081 843 1110 vicibus
858 1084 939 1110 extra

96 1130 223 1159 locellum
244 1130 370 1158 Fratrum
394 1129 421 1157 in
443 1129 521 1158 vinea
542 1129 664 1166 positus,
681 1132 710 1157 ut
726 1129 830 1162 abiret,
846 1128 867 1157 si
884 1128 939 1157 vel-

95 1177 148 1211 let,
171 1176 266 1213 rapido
287 1184 398 1213 semper
419 1184 505 1204 cursu
527 1175 634 1204 redibat
664 1175 698 1204 ad
726 1176 851 1210 Patrem,
880 1178 942 1206 tan-.

95 1231 179 1261 quam
201 1223 223 1252 si
244 1223 279 1251 ab
299 1223 394 1252 eodem
415 1222 489 1251 omni
521 1222 618 1251 fuisset
647 1225 769 1259 tempore
797 1222 938 1251 educatus.

94 1270 196 1299 Deinde
218 1270 325 1299 cuidam
348 1270 464 1299 collatus
485 1269 561 1304 viro,
583 1270 630 1307 qui
652 1278 689 1298 ex
710 1269 854 1298 devotione
881 1278 939 1298 ser-

95 1325 160 1346 vum
182 1317 229 1346 Dei
252 1317 363 1346 visitare
385 1317 505 1350 solebat,
527 1316 603 1345 velut
624 1316 675 1345 sibi
699 1316 842 1345 molestum
869 1316 940 1345 soret

94 1372 110 1392 a
130 1364 167 1401 pii
196 1363 282 1392 Patris
313 1363 450 1393 absentari
483 1366 648 1400 conspectu,
679 1371 769 1392 escam
801 1363 940 1392 recusavit

94 1410 213 1439 omnino.
235 1411 399 1447 Reportatus
420 1410 528 1439 tandem
550 1410 583 1439 ad
604 1410 738 1438 famulum
754 1410 818 1444 Dei,
833 1410 939 1444 statim,

94 1460 126 1486 ut
146 1457 290 1494 conspexit
311 1457 446 1491 eundem,
468 1457 635 1494 quibusdam
650 1457 797 1485 hilaritatis
812 1459 938 1494 praeten-

31 1517 38 1524 .,
75 1504 131 1533 -sis
151 1504 291 1541 gestibus,
312 1504 390 1533 avide
411 1504 596 1533 manducavit.
620 1520 655 1524 —
676 1503 745 1532 Cum
764 1503 797 1532 ad
812 1508 945 1532 eremum

94 1551 264 1588 pervenisset
275 1551 407 1580 alvernae
418 1554 531 1588 propter
542 1550 785 1588 Quadragesimam
797 1550 938 1579 celebran-

93 1598 155 1627 dam
177 1598 205 1626 in
227 1598 360 1626 honorem
381 1597 542 1634 Archangeli
563 1597 702 1626 Michaelis
713 1597 734 1631 ⁸,
762 1597 864 1626 diversi
892 1604 938 1634 ge-

93 1645 168 1674 neris
188 1653 253 1674 aves
274 1645 348 1674 circa
369 1645 456 1681 ipsius
477 1644 605 1673 cellulam
626 1644 786 1679 volitantes,
802 1647 938 1673 concentu

93 1700 193 1721 sonoro
214 1695 241 1721 et
262 1692 381 1721 laetitiae
401 1692 540 1729 gestibus,
561 1691 639 1729 quasi
668 1691 702 1720 de
730 1691 790 1720 eius
817 1691 937 1720 adventu

93 1739 259 1776 gaudenteS,
281 1739 388 1768 Patrem
409 1739 485 1776 pium
507 1739 624 1768 invitare
638 1746 670 1768 ac
683 1739 794 1767 allicere
808 1738 939 1767 videban-

93 1789 140 1815 tur
160 1785 195 1814 ad
216 1793 330 1814 moram.
352 1786 413 1822 Quo
434 1786 508 1820 viso,
529 1786 601 1814 dixit
615 1785 648 1814 ad
663 1785 784 1814 socium:
804 1797 818 1811 «
833 1785 937 1820 Cerno,

93 1833 197 1867 Frater,
217 1832 367 1861 voluntatis
387 1840 447 1861 esse
467 1832 591 1867 divinae,
613 1832 687 1869 quod
708 1832 753 1861 hic
767 1832 938 1869 aliquamdiu

93 1887 312 1913 commoremur;
335 1882 443 1908 tantum
463 1886 574 1908 sorores
594 1879 717 1908 aviculae
738 1879 771 1908 de
790 1882 884 1908 nostra
899 1879 938 1908 vi-

93 1926 194 1955 dentur
215 1926 371 1963 praesentia
384 1925 519 1954 consolari
535 1938 561 1954 υ.
577 1925 646 1954 Cum
661 1926 746 1963 igitur
761 1926 938 1955 contraheret

94 1972 130 2001 ibi
151 1980 273 2007 moram,
295 1972 364 2001 falco
385 1972 485 2001 ibidem
500 1972 645 2001 nidificans
659 1980 758 2009 magno
773 1980 802 2001 se
817 1972 854 2001 illi
870 1973 938 2001 ami-

94 2019 173 2048 citiae
193 2019 303 2048 foedere
321 2019 468 2056 copulavit.
483 2019 550 2048 Nam
565 2027 674 2056 semper
689 2019 786 2048 horam
801 2022 938 2048 nocturno

95 2070 235 2103 tempore,
257 2066 284 2095 in
306 2074 361 2103 qua
382 2066 424 2095 vir
445 2069 558 2095 sanctus
578 2066 611 2094 ad
639 2066 731 2095 divina
758 2066 849 2095 officia
874 2074 937 2095 sur-

94 2120 159 2150 gere
179 2113 277 2142 solitus
297 2116 372 2147 erat,
393 2115 476 2142 cantu
497 2121 548 2141 suo
579 2112 774 2150 praeveniebat
803 2116 831 2142 et
861 2121 936 2142 sono.

95 2159 172 2196 Quod
193 2160 296 2189 famulo
317 2160 365 2189 Dei
386 2159 576 2197 gratissimum
597 2164 672 2194 erat,
700 2167 733 2188 eo
760 2160 835 2197 quod
863 2162 937 2188 tanta

94 2207 263 2241 sollicitudo,
285 2215 368 2244 quam
391 2207 464 2236 circa
484 2215 547 2236 eum
563 2207 690 2244 gerebat,
705 2214 814 2235 omnem
829 2206 864 2235 ab
878 2207 937 2244 ipso

1786 211 1840 239 529

997 286 1115 315 desidiae
1137 289 1276 323 torporem
1298 292 1451 317 excuteret.
1474 288 1542 317 Cum
1565 296 1630 317 vero
1650 296 1749 317 servus
1763 288 1841 317 Chri-

997 333 1031 362 sti
1052 333 1211 362 infirmitate
1233 334 1295 370 plus
1317 335 1396 363 solito
1417 338 1591 371 gravaretur,
1616 335 1745 371 parcebat
1773 335 1841 363 falco

997 387 1046 408 nec
1079 383 1133 408 tam
1166 380 1340 416 tempestivas
1375 381 1510 410 indicebat
1543 382 1656 418 vigilias.
1685 381 1840 419 Siquidem,

997 426 1072 454 velut
1094 426 1247 455 instructus
1268 435 1284 455 a
1306 427 1376 461 Deo,
1398 428 1470 456 circa
1491 428 1644 457 diluculum
1673 437 1739 457 suae
1768 429 1841 457 vocis

997 481 1157 509 campanam
1179 473 1230 502 levi
1254 476 1328 502 tactu
1349 474 1483 510 pulsabat.
1506 475 1634 503 Divinum
1663 478 1738 504 certe
1767 475 1840 504 vide-

997 524 1043 548 tur
1065 520 1149 549 fuisse
1163 520 1337 557 praesagium
1362 525 1415 549 tam
1439 522 1463 549 in
1486 522 1671 551 exsultatione
1685 522 1839 551 mulumodi

996 567 1105 604 generis
1126 567 1218 595 avium
1240 575 1323 604 quam
1351 568 1377 595 in
1399 571 1481 596 cantu
1496 568 1624 603 falconis,
1640 577 1702 598 cum
1719 569 1764 598 Dei
1782 569 1840 598 lau-

996 613 1075 642 dator
1090 616 1117 641 et
1131 613 1222 642 cultor
1237 614 1333 650 pennis
1349 615 1587 651 contemplationis
1602 616 1760 650 subvectus,
1776 619 1841 645 tunc

996 660 1067 689 foret
1088 660 1142 689 illic
1163 661 1333 697 apparitione
1355 661 1498 697 seraphica
1520 662 1710 691 sublimandus
1721 664 1741 691 4.

1077 708 1121 735 11.
1144 707 1246 735 Moram
1267 715 1300 736 eo
1320 707 1435 736 faciente
1458 711 1581 745 tempore
1603 709 1721 746 quodam
1738 710 1763 738 in
1779 718 1839 739 ere-

996 754 1106 782 mitorio
1127 753 1248 788 Graecii,
1271 754 1321 782 loci
1344 754 1417 783 illius
1438 755 1580 792 indigenae
1603 756 1681 784 malis
1709 757 1839 794 multipli-

996 801 1075 829 cibus
1097 800 1279 829 vexabautur.
1302 801 1367 829 Nam
1389 804 1416 830 et
1438 801 1568 838 luporum
1591 803 1731 839 rapacium
1748 804 1840 832 multi-

997 847 1063 876 tudo
1084 856 1139 876 non
1161 847 1249 876 solum
1271 848 1370 882 bruta,
1392 848 1438 877 sed
1460 852 1487 877 et
1508 849 1633 878 homines
1648 851 1840 885 consumebat,

996 897 1023 922 et
1044 893 1148 930 grando
1168 902 1261 922 annua
1282 897 1444 931 tempestate
1464 895 1566 923 blada⁵
1587 899 1614 924 et
1640 896 1732 925 vineas
1760 897 1841 926 deva-

997 941 1094 969 stabat.
1117 941 1188 969 Dum
1210 941 1294 977 igitur
1316 941 1355 970 sic
1375 941 1483 970 afflictis
1505 950 1604 978 praeco
1619 943 1688 971 sacri
1705 943 1840 980 Evangelii

996 987 1183 1024 praedicaret,
1205 988 1277 1016 dixit
1297 988 1331 1016 ad
1352 996 1413 1016 eos:
1441 1000 1454 1013 κ
1469 988 1507 1017 Ad
1529 989 1662 1018 honorem
1684 993 1710 1018 et
1733 990 1840 1019 laudem

996 1034 1191 1071 omnipotentis
1211 1034 1258 1063 Dei
1291 1034 1427 1064 fideiubeo
1459 1035 1550 1069 vobis,
1583 1036 1657 1072 quod
1688 1037 1842 1073 pestilentia

997 1081 1064 1110 haec
1085 1081 1175 1110 omnis
1195 1081 1337 1115 abscedet,
1353 1085 1380 1110 et
1396 1081 1544 1119 respiciens
1559 1091 1607 1111 vos
1622 1083 1755 1111 Dominus
1770 1084 1842 1112 mul-

996 1128 1130 1165 tiplicabit
1152 1128 1177 1156 in
1202 1129 1399 1165 temporalibus
1420 1129 1513 1163 honis,
1536 1129 1557 1158 si
1587 1130 1653 1158 mihi
1683 1130 1841 1165 credentes,

997 1175 1182 1204 misereamini
1203 1176 1304 1210 vestri,
1326 1179 1373 1210 ut,
1395 1184 1461 1204 vera
1481 1176 1650 1206 confessione
1675 1178 1841 1214 praemissa,

996 1222 1100 1260 tlz'ynos
1120 1221 1242 1259 faciatis
1260 1223 1453 1260 poenitentiae
1472 1222 1591 1260 fructus
1602 1224 1622 1252 ⁶.
1655 1224 1757 1253 lterum
1790 1225 1841 1253 hoc

996 1269 1130 1298 annuntio
1151 1270 1243 1305 vobis,
1266 1270 1340 1307 quod
1362 1271 1382 1299 si
1406 1270 1545 1299 beneficiis
1566 1271 1664 1308 ingrati
1688 1272 1727 1300 ad
1753 1272 1842 1300 vomi-

997 1320 1058 1344 tum
1080 1316 1213 1345 conversi
1231 1316 1368 1353 fueritis,
1388 1317 1565 1346 innovabitur
1580 1318 1675 1355 plaga,
1690 1318 1841 1355 duplicabi-

997 1366 1044 1391 tur
1065 1371 1168 1400 poena,
1190 1366 1216 1392 et
1237 1363 1324 1392 mai0r
1346 1364 1377 1392 in
1398 1372 1448 1392 vos
1469 1364 1518 1392 ira
1536 1365 1676 1393 desaeviet
1691 1377 1717 1393 υ.
1737 1365 1775 1394 Ab
1797 1365 1842 1394 illa

997 1410 1111 1447 itaque⁷
1134 1410 1218 1444 hora,
1242 1410 1434 1447 poenitentiam
1456 1411 1489 1439 ad
1511 1411 1732 1440 exhortationem
1755 1412 1841 1449 ipsius

995 1456 1141 1493 agentibus
1161 1456 1230 1490 illis,
1252 1460 1430 1485 cessaverunt
1452 1457 1557 1490 clades,
1580 1457 1687 1494 periere
1702 1458 1841 1494 pericula,

995 1511 1045 1532 nec
1067 1503 1206 1532 molestiae
1227 1504 1379 1540 quidquam
1402 1504 1460 1540 lupi
1482 1504 1601 1533 intulere
1622 1505 1665 1533 vel
1684 1505 1840 1542 grandines.

996 1550 1096 1584 Immo,
1117 1550 1191 1587 quod
1213 1550 1301 1579 maius
1322 1554 1379 1585 est,
1401 1551 1422 1579 si
1452 1551 1562 1588 quando
1590 1551 1745 1580 vicinorum
1774 1561 1841 1581 arva

994 1596 1099 1633 grando
1120 1597 1299 1633 pervaderet,
1321 1598 1437 1626 istorum
1461 1598 1587 1627 terminis
1601 1599 1840 1636 appropinquans,

995 1643 1196 1672 terminabatur
1218 1644 1335 1678 ibidem,
1356 1648 1405 1673 aut
1426 1645 1453 1673 111
1479 1648 1584 1681 partem
1614 1645 1694 1674 aliam
1723 1646 1841 1675 diverte-

994 1691 1049 1719 bat.
1072 1690 1196 1719 Servavit
1216 1691 1337 1728 grando,
1359 1695 1541 1720 servaverunt
1562 1695 1589 1720 et
1610 1692 1666 1729 lupi
1688 1692 1840 1729 pactionem

995 1738 1067 1766 servi
1090 1738 1154 1772 Dei,
1175 1746 1225 1767 nec
1247 1741 1344 1767 contra
1364 1739 1473 1775 pietatis
1495 1739 1582 1776 legem
1605 1739 1631 1768 in
1661 1739 1786 1768 homines
1806 1739 1840 1768 ad

995 1785 1123 1821 pietatem
1147 1793 1295 1814 conversos
1315 1788 1522 1815 attentaverunt
1543 1786 1662 1823 amplius
1682 1786 1839 1821 desaevire,

995 1832 1127 1868 quamdiu
1150 1832 1229 1861 iuxta
1250 1832 1406 1861 condictum
1429 1836 1525 1862 contra
1546 1834 1682 1870 piissimas
1703 1834 1749 1862 Dei
1766 1834 1839 1871 leges

995 1878 1077 1915 impie
1099 1887 1152 1907 11011
1174 1883 1298 1916 egerunt.
1321 1896 1359 1899 ψ
1381 1880 1425 1908 Ple
1446 1880 1531 1917 igitur
1546 1880 1718 1909 sentiendum
1734 1880 1767 1909 de
1782 1881 1839 1918 pie-

995 1928 1050 1954 tate
1071 1925 1122 1954 viri
1144 1926 1235 1960 beati,
1257 1934 1329 1963 quae
1351 1929 1405 1954 tam
1427 1927 1513 1955 mirae
1534 1927 1689 1956 dulcedinis
1710 1930 1737 1956 et
1752 1927 1840 1956 virtu-

995 1972 1030 2000 tis
1050 1972 1117 2006 fuit,
1140 1976 1171 2001 ut
1191 1972 1317 2001 domaret
1338 1973 1454 2007 ferocia,
1475 1973 1668 2003 domesticaret
1689 1974 1839 2008 silvestria,

995 2022 1138 2047 mansueta
1159 2019 1270 2048 doceret
1290 2022 1318 2048 et
1338 2020 1487 2048 brutorum
1509 2024 1636 2049 naturam
1659 2021 1762 2049 homini
1786 2022 1838 2050 iam

995 2064 1071 2102 lapso
1093 2065 1222 2094 rebellem
1243 2066 1277 2094 ad
1298 2066 1340 2095 sui
1372 2066 1553 2095 obedientiam
1587 2067 1739 2097 inclinaret.
1768 2068 1839 2097 Vere

995 2112 1062 2141 haec
1083 2116 1139 2147 est,
1161 2121 1233 2150 quae
1253 2116 1367 2142 cunctas
1394 2113 1444 2142 sibi
1467 2117 1610 2142 creaturas
1631 2114 1841 2148 confoederans;

994 2159 1068 2187 valet
1089 2159 1130 2188 ad
1149 2159 1266 2194 omnia,
1284 2160 1508 2196 promissionem
1530 2159 1638 2189 liabens
1658 2161 1750 2195 vitae,
1766 2170 1840 2199 quae

994 2215 1072 2235 nunc
1092 2211 1149 2241 est,
1171 2210 1196 2235 et
1215 2205 1339 2244 futurae
1349 2207 1368 2234 ⁸.

159 2606 166 2619 ¹
185 2607 244 2629 Vide
261 2606 400 2634 Wadding.,
418 2607 459 2629 loc.
478 2607 528 2634 (11.,
545 2607 574 2629 ad
592 2613 629 2629 au.
650 2607 702 2629 ¹22¹
714 2624 720 2633 ‚
738 2613 759 2629 11.
777 2606 818 2634 35;
836 2606 891 2628 ibid.
908 2606 937 2629 ad

97 2651 133 2668 an.
154 2646 221 2673 ¹226,
238 2652 261 2668 11.
279 2646 301 2668 8.
317 2646 392 2673 agitur
409 2645 438 2668 de
455 2652 503 2674 seq.
521 2645 579 2668 sacto
598 2646 635 2673 (de
653 2646 782 2674 phasiano).

158 2684 167 2696 ²
184 2684 240 2707 Cod.
258 2685 275 2706 Α
293 2685 359 2707 lanta
376 2685 409 2712 et,
428 2684 575 2707 BCDEFG
587 2685 590 2706 Ι
602 2685 620 2707 M
640 2686 705 2707 tauta
723 2683 765 2706 illi.

159 2721 167 2734 ⁸
185 2723 244 2745 Vide
261 2723 318 2745 infra
336 2730 356 2745 c.
375 2723 411 2745 Ἰ13.
428 2730 449 2745 n.
471 2724 489 2745 t.

159 2761 168 2774 ¹
186 2762 274 2784 Scilicet
292 2762 314 2784 iu
332 2762 483 2789 impressione
505 2762 653 2789 stigmatum,
676 2762 705 2784 de
721 2768 766 2790 qua
789 2762 845 2783 infra
863 2767 882 2783 c.
904 2762 937 2783 13.

98 2799 140 2822 cfr.
159 2800 297 2828 Wadding.‚
319 2801 362 2822 loc.
379 2801 428 2827 cit.,
451 2801 481 2823 ad
498 2807 534 2822 an.
556 2800 625 2827 ¹224,
643 2807 664 2822 u.
684 2800 703 2822 4.
723 2813 750 2816 --
769 2800 879 2828 Superius
896 2806 938 2827 pro

100 2838 188 2862 uidetur
205 2839 278 2868 fuisse
295 2840 309 2861 F
327 2838 449 2862 videbatur
465 2839 546 2868 sitisse.

160 2877 169 2889 ⁵
187 2878 220 2900 Du
237 2878 327 2906 Gange,
345 2878 484 2900 Glossarium
502 2882 557 2900 etc.:
575 2877 689 2905 Blaclum,
707 2878 762 2900 Gan.
780 2877 834 2906 Ble',·
852 2878 884 2900 sic
901 2884 939 2900 au-

99 2919 143 2938 tem
160 2916 307 2944 appellabunt
323 2916 423 2945 quodvis
441 2917 552 2943 triticum,
575 2917 615 2939 etsi
639 2917 740 2939 differret
763 2922 775 2938 a
800 2918 937 2938 frumento...

100 2955 213 2977 interdum
231 2954 333 2984 [ponitur
350 2955 454 2984 bladum]
473 2962 514 2983 pro
532 2957 590 2978 farre
617 2956 691 2978 omnis
717 2955 819 2983 generis,
844 2955 938 2984 quaudo

100 2997 133 3016 est
149 2994 171 3016 in
188 2994 259 3016 herba
277 2997 329 3016 aute
347 3000 452 3016 messem.

188 3040 313 3063 S.Bonav.
329 3053 359 3056 —-
376 3041 444 3063 Toni.
458 3041 516 3063 vui.

1058 2605 1067 2618 '⁵
1084 2607 1137 2628 Luc.
1156 2606 1182 2633 3,
1204 2606 1230 2632 8;
1253 2607 1293 2628 cfr.
1319 2606 1394 2628 [1101111.
1418 2607 1444 2633 3,
1468 2606 1489 2628 8.
1506 2618 1537 2622 —
1555 2606 1658 2628 Subinde
1684 2607 1837 2634 respiciuntur

996 2646 1061 2668 Prov.
1080 2646 1122 2672 26,
1144 2646 1182 2667 li:
1200 2646 1262 2667 Sicut
1279 2645 1354 2671 cauis,
1371 2645 1411 2674 qui
1429 2645 1550 2667 revertitur
1567 2645 1595 2667 ud
1620 2645 1732 2667 vomitum
1756 2652 1837 2674 suum,

995 2684 1027 2705 sic
1045 2683 1192 2711 imprudens,
1209 2684 1248 2712 qui
1267 2684 1332 2705 iterat
1349 2684 1465 2706 stultitiam
1484 2690 1549 2706 suam
1569 2685 1617 2711 (cfr.
1630 2684 1652 2706 II.
1666 2685 1723 2706 Petr.
1736 2685 1764 2712 2,
1777 2686 1837 2713 22„

996 2723 1060 2745 losue
1077 2724 1119 2751 22,
1140 2724 1178 2745 18:
1196 2724 1221 2745 Et
1238 2729 1279 2745 vos
1296 2723 1364 2745 hodie
1376 2723 1499 2751 reliquistis
1511 2723 1646 2749 Dominumv
1658 2727 1680 2745 et
1692 2730 1742 2745 cras
1754 2724 1777 2746 111
1790 2724 1836 2746 uui-

995 2767 1088 2783 versum
1106 2762 1172 2783 lsrael
1191 2761 1222 2783 ira
1239 2762 1288 2783 eius
1305 2761 1428 2783 desaeviet.
1448 2761 1496 2783 Vat.
1515 2767 1567 2783 cum
1585 2762 1621 2784 ed.
1644 2762 1648 2783 1
1671 2763 1691 2784 et
1708 2762 1797 2785 maiori
1813 2762 1837 2785 iu

995 2805 1035 2823 vos
1053 2800 1089 2823 ira
1107 2799 1227 2823 desaeviet.
1244 2812 1275 2817 —
1294 2800 1350 2822 Vide
1369 2801 1506 2828 Waddiiig„
1528 2801 1569 2823 loc.
1592 2801 1642 2828 cit,
1660 2801 1688 2823 ad
1709 2807 1745 2824 an.
1767 2802 1837 2830 1217,

996 2846 1017 2861 11.
1039 2840 1073 2861 13.

1057 2876 1065 2890 ⁷
1085 2879 1140 2901 Edd.
1159 2878 1248 2908 utique,
1269 2885 1330 2907 quae
1346 2879 1414 2901 etiam
1432 2879 1548 2907 aliquanto
1566 2879 1659 2902 iuferius
1673 2886 1714 2907 pro
1726 2879 1836 2903 Servavit

994 2917 1087 2947 prande
1104 2917 1244 2940 substituunt
1261 2917 1363 2941 Cessacit
1380 2917 1479 2947 gyrando.

1057 2955 1066 2968 Β
1085 2956 1154 2984 Epist.
1171 2957 1184 2978 l⁴
1203 2957 1262 2979 Tim.
1282 2956 1307 2985 4,
1325 2957 1350 2979 8:
1368 2957 1441 2979 Pietas
1457 2961 1532 2979 nutem
1555 2958 1583 2979 :ul
1606 2958 1682 2980 omniu
1708 2958 1767 2980 utilis
1790 2962 1836 2985 est,

995 2995 1171 3023 promissionem
1188 2999 1230 3018 etc.

1713 3044 1740 3065 (Π

1853 715 1910 734 Aliud
1919 716 1986 734 mirum

1881 740 1957 758 factum.

1857 1885 1951 1909 Epilogus.
