2133 3317
372 275 429 297 AEG

124 315 147 338 in
164 315 238 338 Deum
254 314 388 342 rapiebatur
410 313 554 341 excessibus,
570 316 595 336 ut
612 313 687 341 magis

124 356 255 377 censeretur
272 354 329 376 inter
346 353 453 375 homines
469 352 541 375 vitam
558 352 686 380 angelicam

124 399 193 421 agere
209 398 281 422 quam
298 393 423 415 humanam
441 391 494 414 ibid.

170 433 295 454 Aeovrrius
312 444 343 447 —
359 432 495 453 Sanctorum
518 430 687 458 Aegyptiorum

124 470 260 494 abstinentia
278 471 322 493 258
341 472 354 493 2

170 510 301 532 Asuuium
318 522 348 526 —
366 509 407 531 Per
429 509 606 531 aemulationem
624 508 687 530 Veri-

124 552 157 572 tas
174 552 208 571 est
224 547 419 576 apprehendenda
431 547 460 570 ad
472 547 623 570 imitationem
637 547 688 570 Vir-

123 590 198 610 tutum
217 588 244 609 48
263 587 291 609 44

171 628 309 652 At-:QuAtii-As
325 639 354 642 —
372 629 405 648 est
423 626 445 648 in
461 626 558 648 veritate
569 628 591 648 et
603 625 687 653 pulcri-

126 666 205 688 tudine
224 665 251 687 47
270 666 298 687 12

170 705 218 727 Aria
234 716 265 721 —
283 704 372 732 mitigat
388 704 448 732 ign1s
474 704 586 726 internam
608 703 687 726 calidi-

124 746 193 766 tatem
209 744 238 766 32
255 744 269 766 7

171 783 256 805 Assius
271 794 302 799 ·—
319 782 439 810 Homines,
456 788 509 805 cum
527 787 640 810 magnum
652 787 686 803 ae-

123 823 184 844 stum
202 821 299 848 habent,
316 824 487 844 consueverunt
498 827 522 843 se
534 821 652 844 denudare
665 823 687 843 et

123 860 223 888 spoliare
244 860 285 882 ll4
303 861 316 882 8

171 900 244 922 ΑΕΤΑ5
260 912 291 916 -
309 900 331 921 111
347 899 419 922 veteri
437 902 572 921 testamento
584 899 614 921 ab
627 898 685 921 Abel

123 944 199 967 usque
214 938 244 961 ad
262 939 368 961 loannem
386 938 511 966 Baptistam
528 938 632 967 quinque
649 944 686 960 ae-

124 980 181 1000 tates
206 977 380 1005 distinguuntur
404 977 429 999 74
452 977 465 999 2
482 989 514 993 —
531 977 552 999 in
571 977 684 1005 principio

123 1020 200 1039 sextae
216 1017 296 1038 aetatis
312 1016 406 1038 advenit
422 1015 525 1038 Christus
542 1014 574 1038 ib.
592 1016 605 1037 3

169 1067 201 1071 —
217 1055 306 1077 Morum
323 1054 443 1077 maturitas
465 1055 545 1077 aetatis
570 1054 685 1077 desectum

124 1095 216 1122 supplet
232 1094 277 1116 360
294 1100 306 1116 3

169 1134 310 1156 Azranuins
326 1145 357 1149 —
374 1132 443 1155 habet
459 1132 647 1161 consequentiam
665 1135 687 1154 et

123 1172 288 1195 connexionem
305 1177 358 1194 cum
375 1171 520 1200 simplicitate
538 1171 566 1193 16
584 1172 608 1193 11

170 1223 200 1228 -
217 1211 239 1233 111
257 1214 362 1239 tempore
378 1210 561 1239 comparandum
582 1214 617 1233 est
642 1216 687 1232 me-

123 1251 205 1278 ritum,
222 1257 270 1279 quo
287 1250 310 1272 in
326 1250 459 1273 aeternitate
475 1250 568 1272 vivatur
586 1249 614 1272 53
633 1249 646 1272 4

170 1301 201 1306 —
217 1289 357 1312 Transitoria
374 1289 487 1311 contraria
513 1291 565 1311 sunt
586 1288 686 1311 aeternis

124 1327 168 1351 489
187 1328 196 1350 1

170 1367 284 1390 Arrecws
303 1379 334 1383 —
357 1367 512 1389 inflammatur
536 1369 558 1389 et
583 1366 685 1389 elevatur

124 1406 251 1429 dilectionis
268 1406 368 1434 igniculo
386 1406 414 1427 88
433 1406 441 1428 1
463 1418 494 1422 -
510 1405 575 1428 Calor
587 1405 685 1428 affectio-

123 1445 159 1467 nis
176 1445 280 1474 sequitur
296 1445 325 1468 ad
342 1445 489 1473 splendorem
514 1444 685 1467 illuminationis

123 1484 227 1507 caelestis
244 1484 257 1506 6
277 1484 304 1506 10
320 1496 352 1501 -
368 1484 465 1506 Devotio
486 1484 637 1506 affectuosum
656 1484 687 1505 sa-

124 1523 153 1546 cit
172 1523 215 1546 148
233 1524 246 1546 2

154 1575 185 1578 -
202 1563 302 1585 Affectus
318 1562 417 1585 caritatis
434 1561 503 1585 dehet
514 1567 564 1584 esse
576 1561 684 1584 dilatatus

123 1602 153 1624 ad
169 1602 280 1624 exteriora
300 1602 329 1624 45
345 1602 358 1623 9
376 1613 407 1618 —
424 1601 465 1624 Per
482 1602 589 1623 affectum
606 1601 684 1623 carita-

123 1641 152 1663 tis
167 1640 237 1664 debet
254 1641 302 1663 lieri
327 1640 427 1664 extensio
452 1640 511 1663 ctrca
530 1646 572 1662 nos
588 1646 630 1668 per
647 1646 685 1668 ap-

122 1680 219 1708 petitum
236 1679 371 1702 deliciarum
389 1679 519 1702 caelestium
528 1696 533 1706 ,
545 1685 587 1707 per
598 1679 685 1706 ample-

122 1725 177 1742 xum
194 1718 377 1746 rationabilium,
402 1724 444 1746 per
467 1720 626 1746 contemptum
644 1724 685 1740 vo-

122 1758 235 1786 luptatum
254 1758 380 1780 carnalium
400 1757 427 1779 16
445 1758 459 1779 9

168 1810 199 1813 -
216 1798 239 1819 ln
256 1797 404 1820 similitudine
420 1799 455 1819 est
471 1797 566 1819 affectus
582 1796 684 1819 caritatis

122 1838 211 1859 erectus
227 1836 256 1859 ad
274 1836 360 1864 Deum,
377 1838 483 1858 extensus
507 1835 536 1858 ad
553 1835 684 1863 proximum

123 1878 145 1898 et
161 1875 289 1898 exinanitus
313 1875 342 1897 ad
365 1875 479 1897 mundum
501 1875 530 1896 16
549 1875 577 1896 10
594 1886 625 1891 -
642 1874 684 1896 Per

122 1914 173 1942 pios
189 1915 283 1937 affectus
299 1914 374 1936 anima
393 1914 417 1936 fit
434 1919 493 1936 unus
510 1913 605 1941 spiritus
629 1919 682 1935 cum

121 1953 169 1976 Deo
188 1953 231 1975 149
251 1953 278 1975 10

169 2005 198 2008 -
215 1992 351 2015 Affectiones
367 1994 421 2014 sunt
437 1991 575 2019 margaritae
595 1991 637 2013 163
655 1991 667 2013 3

169 2043 199 2046 —
215 2030 351 2053 Affectiones
362 2030 466 2053 omnium
479 2032 621 2053 terrenorum
633 2032 685 2052 sunt

122 2070 211 2092 sarcina
227 2075 323 2092 onerosa
342 2069 382 2092 491
405 2070 418 2091 2

167 2121 198 2125 -
215 2108 398 2137 contemplantis,
415 2114 428 2130 a
444 2108 530 2137 quibus
547 2107 685 2136 purgandus

121 2147 150 2170 sit
166 2148 195 2170 56
214 2148 222 2169 1

167 2199 199 2204 -
216 2187 248 2215 pii
265 2187 295 2209 ad
311 2186 428 2210 Christum
446 2187 485 2209 121
509 2187 529 2209 4.
548 2187 592 2209 122
605 2187 627 2209 6.
641 2188 684 2209 189

122 2226 135 2248 4
152 2239 181 2242 -
200 2226 230 2254 pii
248 2226 277 2248 ad
297 2226 369 2248 lesum
386 2226 520 2249 crucifixum
534 2226 579 2248 474
597 2226 619 2248 4.
638 2226 683 2248 487

122 2266 143 2287 2.
162 2265 206 2287 189
225 2264 237 2286 4

169 2305 306 2326 Arrtmtfflo
323 2316 354 2320 —
371 2304 465 2332 Negatio
481 2304 608 2332 praeexigit
625 2305 685 2326 affir-

121 2343 245 2366 mationem
264 2342 291 2364 47
311 2343 338 2364 13

168 2394 199 2398 -
224 2382 245 2404 111
273 2381 358 2404 (11νί1115
387 2381 545 2410 incompactae
572 2384 626 2404 sunt
656 2382 683 2404 17

124 2421 151 2444 13

169 2460 308 2483 AFFLUENTtA
333 2473 363 2476 —
388 2459 465 2482 habita
491 2460 554 2483 illicit
578 2460 683 2483 animum

121 2499 260 2527 possidentis
278 2499 321 2521 423
341 2499 369 2521 16

168 2539 273 2560 Aonnou
291 2550 320 2554 -—
337 2538 468 2566 exemplum
485 2538 566 2561 silentii
584 2539 628 2561 116
647 2538 660 2560 4

167 2577 258 2599 Aoi-:um
270 2589 301 2594 —
312 2576 394 2599 Omma
406 2577 495 2605 agenda
507 2580 560 2599 sunt
572 2577 682 2604 oratione,

121 2616 201 2638 saltem
219 2616 323 2643 mentali,
345 2616 516 2644 praevenIenda
542 2616 586 2638 450
605 2616 633 2638 44
651 2628 682 2633 --

120 2655 144 2678 ln
161 2654 270 2678 omnibus
286 2655 383 2683 agendis
399 2661 492 2683 semper
516 2655 568 2683 plus
585 2655 682 2678 orationi

121 2693 239 2716 fidendum
257 2696 291 2717 est
306 2699 376 2723 quam
389 2694 496 2722 propriae
509 2694 634 2717 industriae
645 2695 682 2717 vel

121 2731 192 2755 labori
209 2732 263 2756 ibid.
280 2745 311 2750 —
326 2732 422 2761 Agenda
447 2733 524 2755 omnia
546 2735 599 2755 sunt
616 2732 682 2756 nobis

121 2777 134 2794 a
151 2771 249 2794 Domino
265 2771 385 2794 salubriter
401 2772 534 2800 inspiranda
551 2771 606 2795 ibid.

167 2811 325 2839 Acomsunuu,
339 2823 370 2827 —
387 2810 522 2833 abstinentia
540 2811 585 2833 258
605 2811 613 2832 ι1

167 2849 333 2872 Annicumonas
348 2861 379 2866 —
395 2849 476 2872 officiis
492 2850 541 2872 suis
565 2850 682 2872 intenden-

121 2891 154 2911 tes
170 2888 285 2916 stipendia
302 2894 342 2910 sua
361 2888 419 2910 iuste
436 2891 552 2911 merentur
569 2889 608 2911 321
632 2888 661 2911 14

168 2939 199 2943 -
216 2927 320 2955 Agricola
337 2933 406 2955 saepe
428 2927 526 2950 seminat
547 2930 569 2950 et
594 2928 682 2955 plantat

121 2966 143 2988 in
160 2972 214 2994 spe,
238 2965 302 2994 quod
327 2966 403 2988 omnia
428 2967 600 2995 convalescant,
617 2967 680 2996 quod

122 3008 198 3028 tamen
209 3005 348 3033 plerumque
358 3004 381 3027 in
393 3004 509 3034 aliquibus
521 3005 597 3028 deficit
609 3005 653 3028 347
667 3005 682 3027 b

214 3051 241 3075 S.
252 3051 341 3074 Bonav.
352 3063 383 3068 —
394 3052 462 3074 Tom.
474 3052 530 3074 Vlll.

818 235 916 264 INDEX
939 236 1184 265 ALPHABETICUS.

768 314 873 336 ΑιΑυοΑΕ
889 327 920 330 -
943 315 1028 337 multae
1052 316 1108 337 liora
1130 315 1239 337 transitus
1262 315 1284 337 S.

721 352 834 375 Francisci
863 353 959 375 veniunt
987 360 1057 382 supra
1086 356 1170 376 tectum
1200 353 1284 376 domus

721 391 765 414 547
783 392 796 413 6

767 431 882 454 Amemus
898 444 929 447 —
940 431 1035 460 quidam
1048 437 1090 459 per
1102 432 1124 454 S.
1136 432 1283 454 Franciscum

720 476 733 492 e
749 476 842 493 carcere
857 470 966 493 liberatur
984 471 1029 493 557
1047 471 1060 493 3

767 510 839 531 Ainus
856 522 885 525 —
904 509 973 532 Vicus
990 509 1061 532 Albus
1080 509 1125 532 555
1144 510 1172 532 12

767 549 895 571 ΑιΕΜΑΝΜΛ
913 560 945 564 -
962 548 1006 570 553
1024 549 1037 570 8

767 588 904 610 Ataxxunnn
921 599 952 604 —
969 588 1060 609 hamata
1085 588 1167 615 sagitta
1191 593 1285 615 percus-

721 632 760 649 sus
777 632 821 649 non
839 632 864 648 se
881 626 947 654 ligari
964 626 1069 654 permisit
1086 626 1130 648 165
1154 627 1158 648 1

767 677 798 681 -
816 666 875 693 Papa
893 668 989 694 quartus
1000 668 1049 687 erat
1060 665 1184 693 episcopus
1196 665 1282 688 Ostien-

720 705 752 727 sis
768 704 813 727 554
832 704 845 727 4
862 716 893 721 -
909 707 934 726 ut
951 704 1011 733 talisy
1037 707 1157 732 praesente
1179 704 1282 726 Romana

720 744 795 771 curia,
812 743 955 771 praedicavit
972 743 993 765 in
1014 743 1109 765 ecclesia
1127 743 1152 765 B.
1169 743 1282 765 Francisci

720 783 782 810 apud
800 783 912 805 Assisium
930 782 975 804 554
994 782 1006 804 4
1025 795 1054 798 —
1071 783 1093 804 in
1111 782 1284 810 praedicatione

720 821 856 849 affirmavit,
874 827 898 843 se
915 821 1022 849 stigmata
1047 827 1111 843 sacra
1129 822 1151 843 S.
1168 821 1283 844 Francisci

720 861 768 883 suis
784 861 856 883 oculis
873 860 1018 888 conspexisse
1036 860 1081 882 544
1100 861 1113 881 8

767 912 798 916 -
825 899 920 928 quidam
948 899 1004 922 allos
1032 905 1044 921 a
1073 899 1195 921 devotione
1221 899 1282 921 beati

720 938 833 960 Francisci
849 944 972 960 removens
989 938 1066 965 lingua
1084 938 1189 966 privatur
1206 938 1251 960 562
1270 937 1283 960 4

767 978 884 999 ΑιιεΝΑτιο
900 989 932 993 -
949 977 1006 999 Tres
1027 980 1080 999 sunt
1102 983 1185 999 causae
1202 977 1284 999 aliena-

720 1016 787 1039 tionis
804 1016 887 1038 mentis
904 1016 948 1037 119
966 1016 979 1037 6

766 1055 837 1078 Ausul
855 1067 886 1071 —
903 1055 948 1077 557
967 1055 980 1077 4

767 1094 917 1116 Atteoontcus
945 1106 974 1109 —
1003 1094 1129 1116 intellectus
1158 1093 1284 1122 respondet

720 1133 779 1156 actui
798 1133 967 1155 illuminationis
985 1133 998 1155 3
1017 1133 1025 1154 1

767 1173 888 1195 Αιιοουτιο
902 1185 930 1187 -
943 1173 964 1194 111
977 1175 1056 1194 mutua
1066 1172 1203 1194 allocutione
1213 1172 1283 1200 Spon-

720 1211 737 1233 si
755 1214 777 1234 et
794 1217 893 1239 sponsae
914 1217 954 1234 cor
979 1211 1082 1233 elevatur
1103 1211 1131 1234 ad
1151 1212 1223 1234 Deum
1247 1217 1283 1233 co-

720 1250 812 1273 lendum
831 1251 844 1272 9
858 1250 870 1272 4
882 1262 914 1267 -
925 1251 948 1273 111
961 1253 1040 1272 mutua
1053 1250 1187 1272 allocutione
1200 1250 1281 1278 Sponsi

719 1292 741 1312 et
758 1295 869 1317 sponsae,
886 1289 904 1311 si
922 1291 984 1312 recto
1002 1289 1083 1311 ordine
1102 1289 1151 1316 fiat,
1175 1289 1232 1311 mira
1249 1292 1283 1312 est

719 1329 837 1351 exsultatio
849 1331 871 1351 et
882 1327 996 1357 iubilatio,
1008 1331 1030 1350 et
1041 1328 1090 1356 ipsa
1103 1328 1166 1351 ducit
1181 1328 1282 1350 animam

719 1368 741 1390 in
759 1373 878 1390 excessum
896 1366 950 1390 ibid.

766 1419 797 1423 —
814 1407 844 1429 ad
861 1407 934 1429 lesum
952 1406 1067 1429 Christum
1083 1407 1127 1429 489
1140 1406 1160 1428 4.
1179 1407 1224 1429 213
1238 1407 1281 1428 112

766 1447 875 1468 Amemus
891 1458 921 1462 —
939 1446 970 1468 uti
987 1445 1121 1468 delectabile
1138 1449 1172 1468 est
1189 1445 1218 1468 55
1240 1445 1261 1467 14

765 1485 880 1508 Amissum
895 1497 926 1501 —
943 1485 973 1507 de
990 1485 1038 1507 Deo
1063 1485 1208 1507 sentiendum
1235 1487 1281 1512 est,

718 1527 741 1548 et
756 1524 876 1553 quomodo
894 1525 937 1547 lioc
954 1524 993 1546 fiat
1013 1524 1054 1546 128
1073 1525 1086 1546 2

765 1564 876 1586 Αιτιτυυο
894 1575 923 1579 —
940 1563 1104 1591 appropriatur
1116 1563 1174 1585 Patri
1187 1565 1282 1591 propter

718 1603 828 1625 unitatem
840 1605 862 1625 et
873 1604 1009 1630 potestatem
1029 1602 1057 1624 47
1078 1602 1104 1624 12
1122 1615 1151 1618 -
1165 1601 1236 1624 Patris
1248 1605 1282 1624 est

717 1641 840 1670 singularis
857 1644 879 1664 et
896 1641 961 1664 unica
974 1644 1075 1669 potestas
1092 1640 1145 1663 ibid.
1157 1653 1187 1656 ——
1199 1641 1221 1663 ln
1234 1641 1281 1663 Deo

717 1683 752 1703 est
768 1680 863 1703 altitudo
880 1680 987 1703 terribilis
1004 1679 1057 1703 ibid.

765 1720 869 1742 Atvenm
891 1732 919 1735 —
946 1719 991 1741 537
1012 1719 1026 1741 9
1052 1731 1080 1734 —
1104 1720 1127 1741 S.
1149 1718 1281 1741 Franciscus

718 1759 754 1781 hic
771 1758 871 1781 celebrat
887 1758 1095 1787 Quadragesimam
1121 1758 1143 1780 in
1169 1759 1281 1780 honorem

717 1798 832 1820 Michaelis
841 1797 975 1826 Archangeli
986 1797 1030 1819 529
1041 1797 1069 1819 10
1079 1810 1108 1813 ——
1119 1798 1141 1819 S.
1148 1797 1282 1819 Franciscus

718 1837 796 1859 ultimo
813 1837 902 1859 accedit
918 1836 948 1859 ad
964 1837 1063 1859 montem
1075 1836 1188 1858 Alvernae
1205 1835 1249 1857 542
1268 1836 1276 1857 ¹l

764 1888 795 1892 —
811 1876 940 1905 Antequam
958 1876 993 1897 vir
1010 1878 1103 1897 sanctus
1120 1875 1151 1897 ibi
1163 1876 1281 1897 contrabe-

717 1919 752 1938 ret
768 1921 870 1942 moram,
888 1915 1007 1943 grandinis
1031 1915 1131 1937 violenta
1156 1917 1281 1942 tempestas

718 1955 805 1977 tructus
822 1957 894 1976 terrae
920 1953 1120 1976 consuetudinarie
1145 1953 1281 1976 devastabat

717 1993 762 2016 543
779 1993 794 2015 7

764 2033 879 2055 Amanum
909 2044 939 2048 —
967 2034 1001 2054 est
1028 2034 1129 2054 castrum
1157 2031 1278 2060 quoddam

718 2071 763 2094 540
781 2071 794 2093 4

764 2110 896 2133 Amat-runo
912 2122 944 2127 -
960 2111 983 2132 ln
1006 2110 1072 2132 terris
1093 2113 1127 2132 est
1151 2109 1281 2132 amaritudo

719 2148 762 2171 438
784 2150 789 2170 1

764 2201 793 2204 -
811 2188 891 2210 Anima
908 2188 978 2211 debet
989 2188 1110 2210 amaricari
1122 2188 1281 2211 recordatione

718 2230 865 2255 peccatorum
883 2227 897 2249 5
914 2228 927 2249 6
945 2240 975 2243 —
992 2230 1026 2250 est
1043 2227 1171 2250 necessaria
1188 2229 1240 2255 post
1252 2227 1280 2249 la-

717 2272 785 2294 psum
803 2270 897 2294 propter
915 2266 1053 2289 medicinam
1072 2266 1101 2288 45
1119 2266 1132 2288 9

764 2318 793 2321 -—
811 2306 834 2327 ln
851 2305 1005 2328 amaritudine
1027 2305 1097 2328 debet
1121 2311 1171 2328 esse
1194 2305 1280 2333 ponde-

716 2343 773 2366 ratio
790 2344 903 2366 malorum
921 2347 1015 2372 propter
1033 2345 1140 2372 proprias
1157 2344 1279 2373 nequitias,

717 2382 853 2404 memoratio
869 2382 976 2405 dolorum
994 2386 1089 2410 propter
1105 2382 1188 2405 Christi
1206 2389 1278 2411 angu-

716 2421 783 2448 stiaS‚
800 2421 923 2449 postulatio
940 2421 1096 2444 remediorum
1114 2425 1208 2450 propter
1226 2428 1279 2450 pro-

715 2461 771 2484 ximi
787 2461 892 2484 miserias
910 2461 938 2483 45
956 2461 969 2482 9
986 2473 1017 2477 -
1034 2461 1058 2483 111
1075 2461 1228 2484 amaritudine
1245 2465 1279 2483 est

716 2500 820 2523 contritio
837 2503 942 2528 respectu
960 2500 1007 2527 sui,
1025 2500 1155 2528 compassio
1172 2503 1277 2528 respectu

715 2539 797 2562 Christi
814 2541 836 2561 et
852 2539 1022 2561 commiseratio
1047 2541 1152 2567 respectu
1179 2539 1278 2567 proximi

717 2579 744 2601 16
767 2578 792 2600 10

762 2629 793 2632 -—
809 2617 832 2639 ln
849 2616 1003 2639 amaritudine
1024 2619 1058 2639 est
1075 2617 1182 2645 purgatio
1204 2617 1230 2638 16
1249 2617 1276 2638 10

717 2668 745 2672 —
762 2655 905 2678 Amaricatus
922 2655 1098 2684 compunctione
1110 2661 1152 2684 pro
1164 2662 1189 2678 se
1201 2656 1278 2684 expia-

715 2697 752 2717 tur
768 2700 781 2716 a
798 2698 861 2717 reatu
879 2694 971 2717 sceleris
988 2694 1017 2716 76
1036 2695 1061 2717 21
1083 2706 1113 2711 -
1134 2694 1277 2717 Amaricatus

715 2733 876 2762 compassione
892 2733 921 2756 ad
939 2732 1054 2756 Christum
1072 2733 1176 2761 expiatur
1187 2739 1200 2755 a
1212 2736 1277 2756 reatu

715 2771 769 2795 ibid.

761 2811 856 2834 Auerno
871 2823 902 2827 ——
918 2817 964 2833 non
985 2813 1020 2833 est
1045 2810 1144 2833 fovenda
1171 2811 1277 2839 exemplo

715 2850 808 2872 honoris
820 2850 948 2873 comitantis
957 2851 1071 2878 pastorale
1083 2850 1184 2873 officium
1197 2850 1242 2872 296
1255 2850 1277 2873 8.

715 2889 760 2911 297
786 2890 807 2911 11
831 2901 862 2906 -
884 2890 998 2912 honorum
1015 2889 1221 2912 ecclesiasticorum
1243 2891 1278 2911 est

714 2927 838 2956 superbiae
859 2928 940 2950 vitium
959 2927 1003 2950 297
1022 2928 1046 2950 11
1073 2940 1102 2944 —
1124 2934 1275 2956 personarum

714 2967 918 2989 ecclesiasticarum
939 2970 973 2990 est
996 2967 1076 2989 vitium
1099 2966 1277 2989 abominabilius

714 3005 823 3028 omnibus
839 3008 862 3028 et
877 3005 967 3028 occasio
984 3005 1096 3028 simoniae
1113 3005 1157 3027 304
1174 3011 1186 3027 a

1826 239 1876 266 681

1573 276 1632 299 Atto

1364 316 1487 338 Aunnosms
1508 328 1539 332 —
1563 316 1714 343 Omnipotens
1738 316 1777 338 Dei
1808 316 1882 338 virtus

1316 354 1478 382 Ambrosium,
1503 361 1594 377 sacrum
1624 355 1760 378 antistitem.
1785 355 1880 377 tumula⁴

1317 393 1371 415 tioni
1397 393 1490 421 gloriosi
1518 394 1630 416 concessit
1655 394 1764 416 interesse
1792 393 1879 416 Martini

1317 432 1362 453 515
1384 432 1409 454 10

1364 471 1482 494 Autan-run
1506 484 1535 487 —
1556 472 1577 493 111
1603 472 1655 500 igne
1672 478 1716 494 non
1736 472 1879 495 consumitur

1318 510 1357 531 271
1382 510 1409 532 19

1364 550 1464 572 ΑΜιειτιΑ
1481 561 1512 566 -
1529 551 1647 572 creaturae
1664 549 1809 572 rationabiles
1825 553 1878 573 sunt

1317 588 1491 616 amplectendae
1508 589 1589 611 affectu
1607 589 1707 611 caritatis
1725 589 1752 611 16
1771 590 1784 611 9

1363 639 1394 644 -
1411 627 1533 656 Quomodo
1551 628 1640 650 amicus
1651 628 1782 656 diligendus
1793 628 1822 650 sit
1833 628 1877 650 200

1316 666 1345 688 77
1364 678 1394 682 -
1411 666 1569 695 dereliquendi
1586 670 1639 689 sunt
1651 670 1745 695 propter
1762 667 1876 690 Christum

1318 704 1346 727 47
1364 705 1377 727 7

1363 756 1394 760 —
1410 744 1490 766 Amico
1507 745 1648 772 exasperanti
1667 751 1711 767 non
1733 745 1878 768 irascendum

1316 783 1422 811 exemplo
1439 782 1522 806 Christi
1538 783 1569 805 75
1587 783 1615 805 17

1363 834 1394 838 -
1410 822 1538 850 singulares
1556 822 1679 850 fugiendae
1695 825 1748 845 sunt
1765 822 1810 844 495
1828 822 1843 845 b

1363 872 1394 877 —
1411 861 1487 883 divina
1506 861 1609 889 perditur
1626 867 1668 889 per
1684 864 1805 889 peccatum
1827 862 1852 884 12
1865 862 1878 884 2

1363 912 1393 915 -
1410 900 1504 922 Amicus
1520 899 1656 928 spiritualis,
1668 900 1720 929 quis
1731 901 1760 922 sit
1772 900 1817 923 354
1828 907 1849 928 a,
1865 900 1880 922 b

1362 938 1497 961 Animam
1514 950 1545 955 -—·
1562 939 1607 961 563
1626 939 1639 960 3

1363 978 1428 1000 Aaou
1445 989 1475 994 —
1492 980 1526 999 est
1543 978 1578 999 vis
1603 978 1785 1000 transformativa
1804 978 1848 1000 252
1867 979 1879 1000 2

1317 1028 1346 1031 -
1364 1019 1397 1038 est
1414 1016 1450 1038 vis
1473 1016 1596 1039 liberaliter
1621 1017 1728 1039 diffusiva
1752 1017 1796 1039 253
1819 1018 1832 1039 2
1850 1030 1880 1032 -

1316 1054 1360 1077 Ubi
1377 1056 1491 1083 perfectus
1507 1058 1542 1078 est
1557 1062 1635 1082 amor,
1647 1055 1678 1078 ibi
1691 1059 1713 1078 et
1724 1057 1825 1084 perfecta
1836 1056 1879 1078 dit—

1317 1093 1375 1116 iusio
1392 1095 1428 1116 vel
1447 1097 1511 1122 actu,
1530 1095 1564 1117 vel
1576 1094 1692 1117 desiderio
1704 1095 1771 1122 pleno
1784 1094 1838 1118 ibid.
1850 1107 1880 1111 —

1316 1136 1350 1155 est
1366 1133 1402 1156 vis
1420 1133 1507 1156 unitiva
1524 1134 1569 1156 252
1588 1134 1601 1156 2

1362 1184 1393 1189 -
1410 1173 1470 1201 Quid
1495 1173 1524 1195 sit
1548 1179 1626 1195 amare
1652 1173 1726 1195 Deum
1752 1173 1780 1195 43
1800 1173 1828 1195 44
1847 1186 1877 1189 —

1317 1211 1376 1240 Quid
1393 1211 1422 1233 sit
1439 1217 1517 1234 amare
1534 1212 1607 1234 Deum
1625 1218 1651 1234 ex
1664 1214 1711 1235 toto
1723 1212 1793 1235 corde
1810 1212 1849 1234 124
1863 1214 1876 1234 2

1316 1262 1346 1266 -
1363 1256 1390 1272 ex
1407 1253 1453 1273 tota
1470 1251 1546 1273 anima
1560 1250 1588 1274 ib.
1609 1251 1622 1273 3
1643 1263 1674 1268 -
1694 1257 1720 1274 ex
1738 1254 1782 1273 tota
1802 1254 1878 1273 mente

1317 1289 1361 1311 125
1380 1289 1393 1311 4

1363 1341 1393 1344 -
1414 1329 1539 1351 naturalem
1566 1329 1672 1351 timorem
1694 1335 1739 1351 non
1765 1335 1877 1357 superans

1315 1369 1349 1389 est
1365 1367 1514 1395 imperfectus
1531 1368 1576 1390 255
1594 1369 1630 1390 11.
1648 1374 1683 1396 sq.

1362 1418 1392 1422 —
1409 1412 1479 1429 verus
1496 1409 1518 1429 et
1536 1407 1616 1435 salsus,
1634 1408 1697 1429 unde
1713 1408 1800 1429 oriatur
1817 1407 1846 1429 47
1865 1408 1877 1427 S

1314 1457 1346 1461 —
1362 1445 1414 1472 Dei,
1435 1445 1496 1468 unde
1512 1446 1598 1468 oriatur
1617 1446 1662 1468 405
1675 1446 1703 1467 47
1716 1459 1745 1462 —
1763 1446 1811 1473 Dei,
1822 1452 1878 1475 quo-

1315 1485 1385 1507 modo
1411 1484 1432 1506 in
1457 1484 1525 1507 nobis
1551 1484 1660 1507 excitetur
1690 1486 1731 1507 123
1758 1486 1771 1506 9
1788 1497 1819 1501 -
1836 1485 1876 1507 Dei

1314 1524 1447 1546 accenditur
1464 1530 1505 1552 per
1522 1524 1669 1546 devotionem
1690 1523 1731 1546 448
1745 1525 1758 1546 2
1773 1536 1803 1540 -
1815 1530 1878 1552 prae-

1314 1563 1382 1591 cipue
1410 1563 1592 1585 consideratione
1617 1563 1716 1585 duorum
1746 1562 1878 1585 accenditur

1317 1602 1359 1624 102
1380 1602 1405 1624 10

1360 1653 1391 1657 -
1408 1641 1498 1663 Α11101·15
1515 1641 1602 1663 (101111111
1626 1644 1718 1663 emanat
1734 1647 1746 1663 a
1764 1644 1840 1663 mente
1856 1644 1878 1663 et

1314 1679 1386 1702 verbo
1408 1680 1433 1702 l7
1456 1680 1476 1702 11

1360 1730 1391 1735 -
1412 1719 1538 1747 gratuitus,
1564 1719 1656 1741 debitus
1681 1722 1702 1741 et
1727 1725 1753 1741 ex
1778 1722 1876 1747 utroque

1314 1758 1440 1786 permixtus
1457 1760 1491 1780 est
1508 1758 1530 1780 in
1552 1758 1717 1786 complacentia
1735 1758 1782 1780 Deo
1799 1758 1875 1780 debita

1314 1797 1327 1818 9
1345 1797 1358 1818 8
1375 1809 1406 1813 -
1423 1797 1537 1825 gratuitus
1548 1797 1648 1820 caritatis
1661 1797 1738 1820 sortior
1751 1800 1784 1819 est
1796 1803 1875 1819 amore

1313 1836 1397 1858 carnali
1417 1836 1461 1858 425
1479 1837 1507 1858 26

1359 1887 1390 1891 -
1410 1875 1530 1898 ecstaticus
1545 1875 1596 1898 iacit
1611 1875 1712 1897 animam
1730 1875 1840 1898 excedere
1855 1879 1877 1897 et

1313 1914 1394 1942 egredi
1404 1917 1465 1937 extra
1477 1914 1592 1937 desiderio
1609 1915 1678 1937 amati
1694 1915 1720 1936 10
1733 1915 1746 1936 9
1762 1927 1794 1931 -
1808 1918 1877 1937 ecsta-

1314 1953 1372 1976 ticus
1388 1956 1422 1976 est
1438 1953 1460 1975 in
1482 1954 1671 1982 supererogativa
1694 1953 1876 1976 sursumactionc

1314 1992 1396 2015 mentis
1408 1992 1429 2014 in
1440 1993 1513 2015 Deum
1523 1992 1567 2014 246
1580 1993 1593 2014 6

1359 2043 1390 2048 -
1407 2031 1495 2054 Causae
1518 2031 1595 2054 variae
1616 2032 1701 2054 amoris
1726 2031 1808 2054 Christi
1831 2031 1875 2054 214

1314 2070 1359 2092 115
1376 2082 1406 2086 -
1423 2070 1505 2093 Christi
1522 2077 1577 2099 erga
1595 2077 1637 2093 nos
1653 2074 1753 2099 quantus
1765 2073 1786 2093 et
1802 2071 1877 2099 qualis

1313 2109 1380 2131 suerit
1401 2110 1442 2132 182
1463 2110 1469 2131 1

1361 2160 1389 2163 -
1415 2149 1446 2171 Ex
1473 2149 1626 2171 conversione
1654 2148 1778 2171 affectionis
1805 2154 1875 2176 super

1313 2193 1415 2209 amorem
1433 2187 1516 2215 Sponsi
1533 2188 1688 2210 inflammatur
1705 2188 1818 2215 igniculus
1839 2193 1875 2209 sa-

1313 2226 1410 2254 pientiae
1439 2226 1453 2248 7
1486 2227 1513 2248 46
1541 2238 1572 2242 —
1600 2226 1752 2248 Adhaerentia
1783 2229 1876 2254 propter

1312 2265 1397 2288 amoris
1414 2265 1496 2293 Sponsi
1514 2265 1670 2288 fortitudinem
1688 2265 1828 2293 conglutinat
1847 2265 1875 2287 44

1312 2305 1334 2327 6.
1352 2305 1380 2327 15
1399 2305 1411 2326 8

1359 2356 1390 2360 -
1407 2344 1468 2372 ignis
1484 2344 1571 2366 amoris
1589 2343 1628 2365 Dei
1646 2343 1755 2366 continue
1766 2343 1790 2365 in
1807 2343 1874 2366 nobis

1311 2382 1499 2405 reaccendendus
1516 2385 1550 2405 est
1572 2382 1611 2404 149
1630 2382 1644 2404 7

1359 2433 1390 2438 —
1407 2421 1447 2444 Dei
1464 2424 1487 2443 et
1512 2421 1622 2449 proximi,
1644 2421 1674 2444 ad
1699 2421 1755 2450 quid
1780 2416 1873 2444 tendere

1311 2459 1395 2483 debeat
1413 2460 1458 2482 433
1477 2460 1490 2482 5

1357 2511 1388 2516 —
1404 2505 1482 2521 rerum
1499 2499 1653 2527 corporalium
1671 2502 1705 2521 est
1722 2499 1796 2527 prima
1809 2499 1873 2522 radix

1309 2538 1418 2561 vitiorum
1437 2538 1481 2560 299
1508 2538 1536 2560 16
1554 2550 1584 2554 —-
1601 2538 1685 2560 Amans
1707 2544 1744 2560 res
1761 2540 1874 2566 tempora-

1310 2577 1343 2599 les
1360 2577 1429 2599 miser
1445 2579 1479 2599 est
1492 2576 1520 2599 44
1534 2576 1562 2599 45
1573 2590 1602 2593 —
1619 2576 1653 2599 Ab
1665 2583 1744 2599 amore
1755 2580 1873 2599 creaturae

1310 2615 1379 2638 debet
1388 2616 1475 2638 affectio
1487 2616 1603 2643 revocari,
1615 2616 1725 2644 quoniam
1737 2621 1803 2638 amor
1811 2622 1874 2638 crea-

1310 2658 1375 2678 turae
1385 2661 1431 2678 non
1443 2655 1545 2683 proiicit,
1563 2661 1608 2678 non
1624 2655 1709 2683 reficit,
1726 2661 1773 2677 non
1790 2655 1873 2678 sufficit

1309 2693 1323 2715 7
1337 2694 1366 2716 15
1375 2706 1406 2711 -
1414 2694 1456 2716 Per
1468 2694 1624 2716 reductionem
1634 2693 1757 2716 affectionis
1768 2693 1798 2716 ab
1810 2694 1872 2716 omni

1309 2738 1388 2755 amore
1400 2735 1518 2755 creaturae
1534 2736 1691 2761 congregatur
1708 2732 1821 2761 igniculus
1837 2738 1873 2755 sa-

1309 2771 1407 2799 pientiae
1419 2770 1472 2794 ibid.
1485 2778 1602 2794 —rerum
1617 2771 1772 2799 corporalium
1784 2771 1872 2794 abscin-

1309 2810 1370 2833 ditur
1387 2816 1427 2838 per
1444 2811 1586 2839 paupertatis
1603 2810 1744 2833 tolerantiam
1762 2810 1806 2832 299
1825 2810 1853 2832 16

1356 2862 1387 2865 -
1403 2850 1494 2872 Amoris
1510 2849 1574 2877 signa
1590 2855 1635 2872 non
1647 2850 1722 2872 solum
1734 2849 1763 2871 ad
1775 2849 1869 2876 amicos,

1309 2894 1391 2911 verum
1409 2888 1478 2911 etiam
1496 2888 1525 2911 ad
1550 2888 1654 2911 inimicos
1672 2887 1812 2916 benignitate
1829 2888 1870 2910 lar-

1310 2928 1379 2955 giflua
1397 2927 1556 2956 protendenda
1574 2930 1627 2950 sunt
1643 2926 1688 2949 246
1705 2927 1718 2948 6

1357 2979 1387 2982 -
1404 2966 1480 2995 aliquo
1498 2966 1568 2989 modo
1592 2966 1687 2988 suavior
1704 2965 1799 2988 sentitur
1816 2971 1869 2988 cum

1309 3006 1437 3028 reverentia
1456 3005 1539 3028 mixtus
1558 3005 1596 3027 141
1619 3006 1632 3028 6

1750 3051 1779 3072 85
