2133 3317
176 631 252 654 Quarta.

179 1194 255 1218 Quinta.

127 1712 199 1731 Causae
215 1716 258 1736 spe-

139 1736 196 1754 ciales
204 1741 244 1754 sex.

266 217 322 247 350

269 298 348 330 sunt,
370 295 407 323 ita
428 294 502 331 quod
524 293 600 329 prior
622 292 676 320 iam
691 292 820 320 Fratrum
842 291 870 319 in
891 290 1013 319 fabulam
1034 290 1119 319 verti-

269 343 354 375 tur¹;
376 349 431 369 non
453 340 569 368 trahunt
597 339 624 367 in
649 338 827 374 exemplum,
849 337 934 366 immo
959 345 988 366 se
1010 339 1118 365 tantum

269 390 401 425 reputant
422 386 475 414 illis
500 385 642 422 prioribus
670 384 812 418 meliores,
835 392 890 421 quo
922 383 1015 412 minus
1035 391 1119 420 agno-

269 438 365 468 scunt⁷
387 441 458 470 quae
487 432 541 461 sint
569 431 756 468 perfectorum
779 431 905 459 virtutes.
930 431 960 459 Et
981 430 1047 459 dum
1070 438 1120 459 ex-

270 481 371 510 terna2
394 479 530 517 quaedam
552 478 686 507 exteriori
718 478 863 514 disciplina
894 480 1060 506 conservant
1091 477 1119 505 in

270 528 355 556 choro
377 526 420 554 vel
442 525 638 562 processionali
661 525 789 561 ingressu
804 528 831 553 et
846 524 992 558 similibus,
1014 523 1120 552 audent

269 581 407 607 asserere,
440 572 515 610 quod
543 575 632 601 status
664 571 776 600 Ordinis
804 579 949 608 nunquam
976 571 1061 600 fuerit
1083 571 1121 599 ita

270 621 368 650 bonus.
392 635 428 640 —
451 619 557 655 Quarta
578 627 662 647 causa
683 622 739 653 est,
762 618 837 655 quod
858 618 991 655 paulatim
1024 618 1121 646 subin-

269 670 344 696 trant
365 675 420 695 non
441 666 529 695 bonae
550 665 781 699 consuetudines,
803 673 875 702 quae
896 665 988 693 statim
1011 665 1045 693 ab
1060 664 1120 693 aliis

269 715 423 744 trabuntur
445 713 473 742 in
494 713 673 750 exempluin3
695 716 722 741 et
744 713 766 741 si
787 712 873 749 aliqui
896 713 985 741 zelum
1002 712 1049 741 Dei
1071 713 1120 741 ha-

269 761 388 790 hentes³
421 761 467 789 illa
497 760 687 796 redarguunt,
719 759 851 788 audacter
882 759 1033 788 defendunt
1058 759 1120 793 alii,

270 816 357 846 quare
379 808 430 837 sibi
452 816 507 836 non
530 807 610 836 liceat
638 806 713 844 quod
741 806 785 835 alii
808 806 1000 843 permittitur;
1022 809 1049 835 et
1071 814 1121 843 pro

270 856 329 893 lege
351 855 508 889 tenebitur,
530 862 594 883 cum
623 862 659 883 ex
686 862 740 882 usu
762 854 816 882 iam
839 853 1007 882 conveniens
1029 853 1121 881 videa-

270 906 333 936 tur,
356 902 393 931 ita
414 902 488 939 quod
503 902 552 930 vix
567 901 600 930 de
622 904 715 930 cetero
729 901 831 938 poterit
850 900 1010 937 exstirpari.
1027 901 1121 929 Recto-

270 958 315 979 res
337 958 465 987 quoque,
481 949 530 978 etsi
547 949 611 978 talia
632 957 687 977 non
709 948 843 985 diligunt,
860 951 967 982 tamen,
983 956 1017 977 ne
1032 948 1122 976 maius

270 997 374 1026 malum
397 1000 548 1033 sequatur,
570 995 761 1029 dissimulant,
784 997 815 1023 ut
837 995 949 1032 pacifice
971 1002 1035 1023 cum
1058 995 1122 1022 Fra-

271 1045 362 1073 tribus
384 1044 486 1073 vivant.
509 1044 635 1080 Cumque
667 1051 723 1071 una
751 1042 923 1071 consuetudo
945 1042 1007 1071 talis
1027 1042 1122 1070 sacta4

270 1091 356 1120 fuerit
377 1091 542 1125 tolerabilis,
565 1092 767 1127 consequenter
795 1093 822 1118 et
847 1089 1034 1118 introducitur
1056 1088 1121 1122 alia,

271 1139 349 1176 quasi
379 1138 531 1167 cohaerens
557 1137 660 1174 priori,
682 1140 729 1171 ut,
752 1137 773 1165 si
796 1137 842 1165 illa
870 1136 1048 1170 admittatur,
1070 1135 1123 1164 ista

271 1189 352 1214 vetus
374 1185 518 1213 toleretur.
534 1201 573 1204 —
588 1184 689 1220 Quinta
704 1191 789 1212 causa
809 1186 851 1212 est
872 1183 1016 1219 occupatio
1039 1190 1122 1219 nego-

271 1232 374 1261 tiorum
397 1232 558 1269 frequenter
580 1230 795 1268 emergentium,
818 1238 889 1267 quae
918 1229 1002 1259 corda
1023 1229 1124 1258 distra-

272 1280 329 1314 hit,
351 1279 480 1308 affectum
510 1278 663 1307 devotionis
695 1278 865 1314 exstinguit,
895 1285 986 1306 mores
1007 1277 1123 1311 alterat,

272 1327 391 1356 interius
412 1325 569 1355 occasiones
597 1325 730 1353 vitiorum
761 1324 883 1358 inducit,
905 1327 932 1353 et
961 1332 996 1353 ne
1017 1324 1050 1352 de
1073 1332 1124 1352 sua

273 1373 445 1405 correctione
467 1372 616 1401 efficaciter
637 1372 777 1408 cogitent,
803 1379 913 1408 semper
941 1379 1013 1399 nova
1038 1371 1124 1407 impe-

272 1421 395 1449 dimenta
416 1419 558 1456 Religiosis
584 1418 713 1452 innectit,
746 1418 833 1447 donec
865 1417 975 1446 tandem
1007 1425 1124 1446 consue-

273 1470 350 1497 scant
372 1467 429 1496 sola
451 1466 593 1495 exteriora
608 1466 745 1502 cogitare,
767 1468 794 1493 et
815 1465 965 1493 obscurato
987 1464 1125 1493 conscien-

272 1516 326 1544 tiae
347 1515 444 1548 oculo,
466 1514 549 1543 etiam
571 1521 635 1542 cuin
657 1513 774 1546 desunt,
796 1512 1009 1549 occupationum
1026 1519 1125 1540 causas

272 1562 466 1599 imprudenter
487 1568 640 1598 quaerere,
656 1560 729 1589 sicut
749 1560 863 1588 Samson
879 1562 1007 1588 caecatus
1021 1558 1048 1587 in
1065 1566 1125 1587 car-

273 1617 336 1639 cere
358 1609 458 1638 molam
481 1608 577 1642 traxit,
601 1608 726 1636 IudIcum
755 1607 862 1636 decimo
882 1610 964 1635 sexto
975 1606 995 1634 ⁵.

353 1657 423 1685 Sunt
443 1659 470 1684 et
491 1655 560 1684 aliae
581 1654 720 1692 speciales
742 1662 842 1683 causae
868 1653 1044 1691 quorundam
1073 1652 1125 1681 Or-

274 1703 388 1737 dinum,
418 1705 449 1731 ut
477 1702 573 1731 nimia
596 1702 714 1739 inopia,
741 1709 777 1730 ex
809 1709 865 1738 qua
896 1703 1035 1737 coguntur
1064 1699 1125 1728 fieri

273 1749 464 1787 proprietarii,
485 1749 553 1778 dum
576 1748 686 1778 sibimet
706 1748 818 1777 videtur
833 1747 954 1784 quisque
968 1746 1125 1783 providere,

273 1797 339 1835 quia
360 1806 414 1826 non
438 1796 600 1834 providetur
622 1796 661 1824 eis
682 1795 711 1824 in
733 1794 882 1824 communi.
906 1794 989 1828 Item,
1015 1793 1126 1822 nimiae

274 1853 357 1882 opes,
389 1852 404 1873 e
435 1843 539 1881 quibus
567 1843 660 1872 fiunt⁶
683 1842 823 1876 carnales,
856 1840 969 1878 superbi
998 1844 1024 1869 et
1054 1840 1125 1869 mul-

225 1927 227 1930 ,
273 1892 403 1929 tipliciter
425 1891 524 1920 vitiosi.
548 1891 629 1925 Item,
651 1889 819 1928 frequentia
841 1889 917 1917 inter
941 1888 1125 1922 saeculares,

273 1947 309 1968 ex
330 1947 386 1976 qua
406 1938 497 1967 oritur
519 1938 672 1967 multarum
696 1936 879 1966 tentationum
894 1936 1049 1965 carnalium
1068 1943 1125 1964 ma-

274 1986 344 2016 teria
371 1989 398 2015 et
429 1986 541 2023 teporis.
562 1986 646 2020 Item,
667 1984 805 2022 frequens
833 1983 958 2012 mutatio
976 1982 1126 2020 praelato-

274 2043 358 2068 rum,
380 2041 468 2071 quae,
497 2033 548 2062 etsi
570 2041 621 2070 pro
653 2035 733 2069 parte
764 2032 837 2060 bona
858 2031 909 2065 sit,
932 2030 959 2059 in
988 2032 1125 2067 quantum

275 2081 340 2109 mali
361 2080 547 2114 abiiciuntur;
569 2082 659 2108 tamen
681 2079 708 2107 in
731 2086 763 2107 eo
777 2078 875 2106 nociva
890 2081 945 2111 est,
962 2077 1036 2114 quod
1051 2076 1125 2110 boni,

275 2127 341 2156 dum
364 2127 418 2156 cito
439 2129 552 2163 sperant
580 2125 701 2159 absolvi,
724 2133 778 2153 non
808 2126 992 2161 praesumunt
1013 2122 1126 2160 aggredi

275 2174 318 2203 vel
341 2182 394 2202 non
417 2173 583 2210 proficiunt,
605 2175 637 2201 ut
658 2172 811 2200 reforment
832 2173 935 2199 statum
957 2169 1079 2203 Ordinis,
1099 2172 1127 2197 et

275 2221 393 2250 rebelles
414 2220 516 2249 subditi
532 2219 624 2257 potIus
639 2219 781 2252 laborant,
797 2221 828 2246 ut
843 2217 1027 2254 deponantur,
1042 2223 1127 2253 quam

276 2271 365 2297 status
385 2267 476 2296 debite
498 2266 666 2296 reformetur
679 2265 698 2293 ⁷.
727 2265 810 2299 Item,
836 2264 858 2293 si
887 2271 961 2292 unus
987 2263 1127 2300 praelatus

276 2314 443 2352 quandoque
464 2313 524 2342 vult
546 2311 733 2341 reformationi
749 2310 907 2345 intendere,
922 2309 959 2338 ab
975 2309 1044 2338 aliis
1058 2318 1127 2346 quo-

634 213 832 243 OPUSCULUM
853 213 917 241 XIII.
939 211 1252 241 DETERMINATIONES
1273 211 1515 248 QUAESTIONUM.
1539 211 1618 240 PARS
1640 211 1657 239 I.

1174 298 1230 327 quo
1252 290 1334 318 modo
1356 289 1529 327 impeditur,
1545 289 1588 318 vel
1609 289 1643 318 ad
1665 289 1759 317 minus
1780 297 1833 317 non
1856 288 1968 317 iuvatur
1989 290 2023 318 ab

1175 336 1218 364 bis
1240 344 1361 373 quorum
1383 336 1489 365 auxilio
1511 336 1662 373 indigeret,
1684 338 1716 364 ut
1737 335 1814 372 prior
1835 344 1889 364 non
1911 335 2023 364 adiuva-

1175 385 1222 411 tur
1244 382 1278 410 ab
1300 382 1414 416 abbate,
1436 382 1480 411 vel
1501 382 1586 411 abbas
1606 382 1641 411 ab
1662 382 1790 419 episcopo
1819 385 1846 411 et
1871 382 1904 410 de
1930 381 2024 410 simili-

1175 429 1229 458 bus
1250 428 1416 463 similiter⁸3
1439 429 1513 458 unde
1540 429 1658 458 rebelles
1689 429 1791 458 subditi
1823 429 1963 466 appellant
1989 428 2022 457 ad

1175 476 1236 505 illos
1258 484 1328 513 quos
1350 476 1442 504 sciunt
1463 476 1514 504 sibi
1536 476 1565 504 in
1585 484 1636 505 sua
1657 476 1807 505 rebellione
1828 476 1929 505 favere.
1945 476 2024 510 Item,

1176 523 1198 552 si
1219 523 1305 560 aliqui
1327 523 1354 551 in
1376 531 1432 551 uno
1464 523 1523 551 Ioco
1555 523 1700 560 diligenter
1731 523 1844 552 student
1874 523 2026 552 reformare

1176 573 1278 599 statum
1294 570 1321 598 in
1338 569 1445 604 melius,
1463 570 1613 598 mittuntur
1634 570 1669 599 ad
1689 570 1774 599 alium
1795 570 1897 604 locum,
1909 569 1957 598 11111
1972 577 2025 598 non

1176 617 1322 646 inveniunt
1349 616 1424 654 quod
1456 617 1636 653 quaerebant.
1658 634 1698 638 --
1720 617 1760 645 Ex
1788 617 1832 645 1115
1860 619 1943 653 atque
1968 616 2027 645 aliis

1176 664 1268 693 causis
1299 665 1388 692 status
1416 663 1563 700 Religionis
1591 663 1699 698 deficit,
1729 666 1760 692 ut
1791 671 1846 692 non
1868 663 1958 692 50111111
1980 662 2027 691 fiat

1176 710 1313 745 deterior,
1335 710 1382 739 sed
1404 710 1486 738 etiam
1508 710 1587 747 quasi
1602 710 1798 748 desperabilis,
1814 710 1888 748 quod
1903 710 1952 739 vix
1976 718 2027 739 un-

1177 766 1278 795 quam,
1300 757 1353 786 nisi
1376 757 1450 786 Deus
1471 757 1551 786 aliter
1572 757 1696 792 ordinet,
1718 757 1895 786 reformetur.

1256 805 1308 833 Sed
1329 805 1402 842 quia
1424 804 1612 842 diliyentibus
1634 805 1725 833 Deum
1747 804 1848 833 omniu
1869 812 2026 841 cooperan-

1178 855 1227 880 tur
1248 851 1279 880 in
1302 851 1408 880 bonum
1421 851 1449 884 9;
1471 851 1546 888 quod
1567 859 1623 880 non
1653 851 1685 880 fit
1716 851 1743 879 in
1766 851 1916 879 communi
1935 853 2025 888 potest

1177 899 1237 927 fieri
1264 899 1291 927 in
1321 898 1524 936 partientur&
1545 898 1612 935 quia
1633 898 1769 935 proficere
1790 898 1885 926 volens
1912 904 2027 926 conver-

1178 946 1211 974 tit
1231 946 1265 974 ad
1287 946 1398 974 lucrum
1419 953 1502 974 suum
1525 945 1643 973 aliorum
1665 945 1863 974 detrimentum
1886 947 1913 973 et
1933 951 2028 973 omnes

1178 993 1236 1022 vias
1257 993 1337 1022 alieni
1359 992 1484 1021 defectus
1505 993 1539 1021 ad
1556 992 1710 1030 profectum
1725 1000 1808 1021 suum
1824 1000 1888 1020 cum
1903 992 1951 1021 Dei
1966 999 2028 1029 gra-

1178 1040 1216 1068 113
1237 1043 1390 1077 retorquet.
1414 1040 1445 1068 Et
1467 1040 1539 1068 sicut
1561 1040 1713 1068 electorum
1735 1039 1822 1076 gloria
1844 1047 1880 1068 ex
1902 1039 1955 1068 hoc
1975 1046 2029 1067 ma-

1177 1087 1220 1115 ior
1241 1090 1297 1121 est,
1319 1087 1393 1124 quod
1416 1087 1601 1124 reproborum
1625 1086 1747 1115 societati
1769 1086 1902 1120 admixti,
1930 1094 2028 1115 eorum

1178 1142 1232 1162 non
1255 1134 1399 1162 imitantur
1421 1134 1595 1171 exemplum,
1617 1134 1666 1171 qui
1694 1137 1760 1162 sunt
1780 1133 1847 1170 ipsis
1872 1132 2029 1162 tentationis

1178 1184 1206 1209 et
1226 1181 1400 1210 exercendae
1422 1181 1534 1210 virtutis
1556 1181 1683 1215 materia;
1705 1180 1744 1209 ita
1765 1183 1792 1209 et
1812 1180 1876 1209 boni
1903 1179 2029 1217 Religiosi

1179 1236 1324 1264 nunquam
1347 1227 1414 1256 tanti
1436 1227 1536 1256 fierent
1558 1227 1648 1256 meriti
1671 1227 1745 1264 apud
1767 1228 1872 1262 Deum,
1895 1227 1918 1256 si
1938 1235 1993 1256 non
2014 1235 2030 1255 a

1179 1275 1337 1312 tepidorum
1359 1275 1487 1303 Fratrum
1509 1274 1662 1303 defectibus
1683 1274 1717 1303 ad
1738 1274 1920 1311 multiplicem
1941 1274 2030 1303 virtu-

1180 1322 1215 1350 tis
1237 1322 1339 1350 luctam
1361 1321 1471 1350 assidue
1493 1321 1733 1355 exercitarentur;
1755 1321 1802 1350 tali
1824 1324 1917 1350 autem
1943 1320 2031 1358 gloria

1180 1377 1227 1398 eos
1248 1369 1382 1406 impedire
1404 1369 1563 1398 nullatenus
1584 1369 1737 1405 expediret.
1753 1368 1829 1397 Unde
1851 1368 1996 1405 Apostolus
2008 1368 2030 1385 ¹⁰

1180 1417 1252 1445 inter
1274 1420 1366 1445 cetera
1387 1417 1525 1445 virtutum
1547 1424 1662 1445 suarum
1684 1416 1796 1450 merita,
1811 1416 1915 1453 quibus
1929 1424 1958 1445 se
1980 1415 2030 1444 mi-

1180 1464 1300 1493 nistrum
1316 1464 1417 1493 Christi
1433 1463 1603 1492 excellenter
1617 1463 1767 1500 gloriatur,
1783 1466 1928 1492 enumerat
1949 1463 2030 1492 etiam

1178 1511 1314 1548 pericula.
1335 1511 1366 1539 in
1387 1510 1475 1548 falsis
1496 1509 1662 1547 fratribus,
1678 1518 1711 1539 00
1725 1510 1799 1547 quod
1821 1510 1845 1539 ei
1867 1513 1894 1539 et
1908 1510 1969 1539 aliis
1983 1510 2031 1539 110-

1180 1558 1223 1587 nis
1244 1558 1391 1595 multiplex
1414 1558 1449 1586 sit
1470 1557 1577 1586 occasio
1599 1557 1728 1592 virtutis,
1751 1557 1854 1586 scilicet
1876 1557 1966 1595 primo
1985 1565 2031 1586 eo-

1181 1613 1245 1634 rum
1268 1613 1354 1642 prava
1374 1605 1503 1641 exempla
1524 1607 1589 1633 sunt
1610 1604 1690 1633 bonis
1710 1604 1876 1633 tentationis
1891 1604 2030 1638 materia,

1181 1655 1208 1681 et
1229 1652 1268 1681 sic
1292 1652 1423 1681 victoriae
1444 1660 1536 1681 causa.
1559 1652 1641 1686 Item,
1663 1651 1725 1680 zelo
1747 1651 1877 1680 iustitiae
1891 1651 1965 1681 circa
1986 1659 2031 1680 eo-

1182 1708 1246 1728 rum
1268 1699 1334 1728 vitia
1355 1699 1546 1728 accenduntur
1561 1702 1588 1728 et
1612 1702 1736 1728 uruntur
1758 1699 1894 1728 scandalis
1908 1699 2032 1728 infirmo-

1182 1755 1246 1775 rum
1263 1747 1293 1774 11.
1316 1746 1398 1781 Item,
1421 1754 1518 1775 eorum
1547 1746 1665 1775 miseriis
1693 1746 1932 1783 compatiuntur,
1961 1746 2033 1775 sicut

1182 1796 1270 1822 mater
1292 1794 1349 1822 tilio
1377 1793 1411 1822 ad
1433 1793 1615 1830 perditionem
1637 1793 1807 1830 properanti.
1829 1793 1913 1828 Item,
1934 1793 2032 1831 mayis

1182 1840 1321 1869 laborant
1334 1840 1414 1869 bonis
1435 1840 1572 1877 exemplis
1593 1848 1640 1869 eos
1662 1840 1801 1877 corrigere
1820 1842 1847 1869 et
1870 1839 1982 1869 monitis
2006 1843 2033 1869 et

1182 1888 1355 1917 orationibus
1377 1890 1404 1917 et
1425 1887 1573 1916 beneficiis.
1591 1887 1672 1922 Item,
1687 1887 1818 1916 distortos
1832 1895 1924 1916 mores
1935 1887 1959 1904 1²
1978 1895 2033 1924 pa-

1183 1936 1284 1964 tienter
1313 1934 1437 1964 tolerant
1464 1938 1491 1963 et
1523 1934 1655 1969 iniurias,
1684 1942 1754 1971 quas
1782 1934 1821 1963 eis
1848 1942 1899 1971 pro
1928 1934 2032 1964 iustitia

1183 1982 1317 2011 referunt.
1340 1982 1420 2016 Item,
1442 1990 1479 2010 ex
1501 1989 1599 2011 eorum
1628 1981 1811 2011 contubernio
1841 1981 2032 2019 despectiones

1182 2029 1325 2057 sustinent
1340 2029 1375 2057 ab
1390 2029 1532 2058 extraneis
1542 2052 1549 2063 ,
1564 2028 1613 2065 qui
1628 2028 1702 2065 ipsos
1716 2028 1814 2057 dicunt
1828 2028 1896 2057 tales
1908 2028 1940 2056 1⁸.
1956 2028 2031 2062 Item,

1183 2076 1345 2104 timidiores
1366 2083 1398 2104 ac
1420 2083 1470 2112 per
1492 2076 1544 2104 hoc
1570 2074 1742 2103 humiliores
1762 2075 1849 2109 fiunt,
1871 2077 1899 2104 et
1922 2082 1957 2103 ne
1988 2082 2033 2103 ca-

1183 2123 1262 2157 dant,
1277 2122 1466 2151 sollicitiores.
1484 2122 1563 2156 Item,
1578 2122 1634 2151 Deo
1656 2122 1742 2159 magis
1757 2120 1892 2159 referunt
1902 2121 2032 2159 gratias,

1183 2169 1257 2206 quod
1279 2177 1341 2204 eos,
1363 2177 1397 2198 ne
1429 2169 1497 2198 tales
1528 2172 1636 2203 essent,
1659 2169 1776 2206 benigne
1797 2168 1925 2198 defendit.
1949 2169 2032 2202 Item,

1183 2224 1220 2245 ex
1241 2216 1321 2244 malis
1341 2215 1422 2244 iuxta
1443 2223 1472 2244 se
1494 2215 1590 2252 positis
1611 2215 1734 2244 virtutes
1756 2215 1904 2244 iustorum
1929 2215 2033 2244 clarius

1184 2262 1294 2291 elucent
1319 2265 1346 2291 et
1373 2262 1500 2299 pulcrius
1530 2262 1637 2299 fulgent
1650 2263 1681 2290 14.
1704 2278 1743 2282 —
1764 2262 1817 2291 Ista
1841 2265 1868 2291 et
1889 2262 1942 2291 alia
1962 2262 2034 2291 bona

1185 2312 1265 2343 sunt,
1287 2317 1358 2346 quae
1387 2309 1461 2338 Deus
1488 2309 1562 2337 elicit
1582 2316 1618 2338 ex
1640 2309 1778 2338 consortio
1810 2309 1948 2338 malorum
1970 2316 2034 2338 cum

340 2511 348 2524 ¹
366 2511 427 2534 Libr.
446 2512 478 2534 lll.
496 2511 552 2539 Reg.
570 2511 592 2538 9,
609 2510 637 2532 7:
655 2510 749 2538 Eritque
766 2510 832 2532 lsrael
850 2509 873 2531 in
890 2508 1042 2537 proverbium
1064 2511 1087 2531 et
1103 2509 1127 2530 in

279 2551 378 2574 fabulam
396 2551 484 2574 cunctis
501 2550 599 2578 populis.
618 2549 661 2572 Cir.
680 2550 745 2571 Dent.
762 2550 802 2577 ⁵28,
816 2549 853 2571 37.
865 2551 887 2571 et
899 2548 957 2571 Tob.
970 2548 997 2577 3,
1011 2547 1031 2570 4.
1045 2561 1074 2564 —
1088 2548 1128 2570 Su-

278 2591 356 2619 perius
381 2593 433 2618 post
457 2589 489 2613 ita
515 2589 579 2619 quod
599 2588 670 2618 prior
697 2589 745 2611 iam
766 2588 882 2611 Fratrum
902 2589 916 2609 Β
934 2588 999 2610 addit
1012 2587 1127 2617 profecto.

278 2631 382 2653 Subinde
399 2636 441 2658 pro
459 2629 560 2652 trahunt
577 2629 615 2658 (ita
634 2630 651 2651 A
662 2629 687 2657 Β)
706 2628 761 2651 edd.
781 2627 895 2650 trahitur.

342 2668 350 2681 2
369 2669 425 2691 Edd.
444 2669 473 2692 El
491 2668 548 2691 (lum
566 2667 683 2697 eatempla.

342 2707 351 2720 ³
369 2708 442 2731 Codd.
459 2707 502 2730 BC
519 2708 635 2730 amantes.
654 2706 749 2729 Inferius
767 2708 819 2734 post
831 2705 959 2735 defenduut
974 2705 1018 2728 alii
1033 2706 1051 2728 A
1063 2705 1128 2728 addit

279 2747 388 2775 dicentes,
406 2750 428 2770 et
444 2753 487 2775 pro
505 2746 568 2776 qnod
584 2746 627 2769 alii
644 2747 660 2768 15
682 2746 800 2768 substituit
825 2744 888 2774 quod
904 2744 1005 2773 alicubi,
1030 2744 1047 2768 C
1065 2744 1128 2774 quod

279 2786 342 2809 olibi.
781 2786 790 2797 ‘³
807 2784 865 2807 Cod.
882 2785 899 2806 B
916 2783 970 2807 lulis
988 2783 1037 2806 iam
1053 2784 1127 2813 facto.

342 2825 351 2837 ⁵
369 2825 433 2847 Vei-s.
452 2826 489 2847 21.
508 2838 535 2841 —
555 2825 666 2852 Superius
683 2830 725 2852 pro
744 2823 833 2851 Quinta
853 2829 927 2846 causa
949 2824 982 2846 est
1005 2822 1127 2852 occupatio

279 2865 429 2894 negotiorum
447 2864 486 2890 (ita
503 2865 519 2886 A
530 2864 556 2893 C)
574 2864 628 2886 edd.
647 2863 736 2892 Quinta
753 2862 948 2892 occupationum,
967 2868 1010 2890 pro
1028 2868 1128 2891 occupa-

280 2903 371 2927 tionum
388 2909 474 2926 causas
492 2903 536 2926 AC
553 2902 714 2932 occupationis
737 2908 836 2930 causas,
854 2905 876 2924 et
902 2908 944 2929 pro
964 2899 1127 2931 imprudenter

282 2943 320 2970 (ita
338 2943 356 2964 A
366 2942 391 2971 Β)
410 2942 463 2964 edd.
480 2941 635 2972 impudenter.
849 2940 858 2953 ⁵
875 2940 932 2963 Cod.
951 2940 968 2963 C
985 2939 1127 2970 efficiuntur.

343 2980 351 2992 ⁷
370 2980 414 3003 Csr.
431 2981 490 3003 infra
508 2987 530 3008 p.
548 2981 572 3003 ΙΙ.
589 2988 612 3010 q.
630 2981 651 3003 5.
669 2993 699 2997 —
718 2980 773 3003 Edd.
792 2986 865 3009 quum
890 2981 917 3002 ut
937 2980 1015 3002 status
1037 2977 1127 3001 debitus

281 3020 433 3049 reformetur.

1247 2506 1256 2519 Β
1274 2509 1296 2530 111
1314 2508 1368 2530 edd.
1385 2508 1478 2530 additur
1495 2506 1624 2535 iudicetur,
1643 2513 1703 2535 quae
1721 2507 1789 2529 etiam
1807 2506 1901 2529 inferius
1923 2512 1965 2534 pro
1982 2505 2033 2529 dili-

1184 2549 1265 2577 genter
1287 2547 1381 2571 student
1406 2547 1540 2577 reformare
1558 2547 1596 2573 (ita
1614 2546 1668 2576 AC)
1687 2546 1828 2569 substituunt
1850 2545 1975 2575 cliliyerent
1999 2552 2034 2568 re-

1183 2587 1298 2616 formare.

1247 2625 1256 2637 ⁹
1275 2627 1340 2648 Rom.
1353 2626 1379 2654 8,
1392 2626 1429 2648 28.
1443 2638 1471 2641 —
1484 2625 1580 2648 Interius
1592 2631 1634 2653 pro
1647 2624 1703 2654 quia
1722 2625 1761 2653 (1ιο
1779 2625 1796 2646 Α
1807 2623 1833 2653 C)
1851 2624 1905 2646 edd.
1925 2622 2032 2652 Quilibet.

1247 2664 1267 2677 ¹⁰
1285 2665 1355 2693 Epist.
1372 2665 1396 2687 ll.
1414 2664 1465 2687 Cor.
1485 2665 1524 2691 11,
1542 2664 1579 2686 26.
1598 2663 1654 2686 lbid.
1671 2670 1693 2685 v.
1712 2663 1757 2685 23:
1775 2663 1868 2685 Ministri
1884 2662 1966 2685 Christi
1981 2665 2034 2684 sunt

1185 2704 1219 2733 (ut
1236 2705 1312 2726 minus
1329 2704 1422 2732 sapiens
1439 2703 1510 2732 dico),
1526 2703 1578 2731 plus
1598 2709 1657 2731 ego:
1682 2702 1704 2724 in
1727 2701 1846 2724 laboribus
1869 2701 1973 2730 plurimis
1990 2703 2033 2723 etc.

1184 2756 1215 2760 —
1232 2744 1344 2771 Superius
1361 2743 1407 2765 fide
1423 2742 1492 2765 codd.
1510 2742 1671 2770 supplevimus
1689 2740 1733 2764 tali
1748 2742 1852 2764 autem...
1869 2739 1996 2770 empulo-ec.

1248 2782 1267 2795 ¹²
1285 2782 1414 2810 Respicitur
1432 2782 1455 2804 ll.
1473 2781 1524 2804 Cor.
1547 2781 1585 2808 ll,
1604 2781 1646 2803 29:
1664 2780 1721 2809 Quis
1743 2780 1922 2807 scandalizatur,
1945 2782 1968 2802 et
1988 2785 2032 2807 ego

1185 2828 1230 2844 non
1249 2823 1322 2844 uror?

1248 2860 1267 2873 ¹²
1285 2860 1343 2883 Cod.
1358 2861 1376 2882 A
1393 2858 1507 2883 moribus.
1525 2859 1620 2882 Inferius
1637 2865 1680 2887 pro
1696 2858 1806 2888 referunt
1821 2858 1874 2880 edd.
1893 2857 2006 2887 inferunt.

1248 2899 1267 2912 ¹³
1285 2899 1340 2922 Cod.
1359 2899 1374 2921 Β
1391 2898 1434 2928 qui
1449 2898 1495 2928 ipsi
1509 2900 1567 2922 sunt
1583 2898 1652 2926 tales,
1672 2898 1726 2920 edd.
1744 2897 1814 2927 quasi
1834 2896 1879 2927 ipsi
1896 2896 1945 2920 sint
1961 2896 2032 2923 iales,

1184 2944 1245 2967 quae
1262 2938 1331 2961 etiam
1350 2938 1442 2960 inferius
1454 2940 1506 2965 post
1522 2936 1671 2960 sollicitiores
1688 2937 1777 2959 addunt
1793 2937 1856 2959 sunl.

1248 2977 1267 2989 ¹³
1285 2977 1345 3000 Vide
1362 2980 1417 2999 tom.
1437 2977 1450 2998 Ι.
1468 2983 1523 3004 pag.
1544 2976 1599 3003 495,
1612 2979 1664 2998 nota
1685 2976 1703 2998 1.
1714 2975 1787 2998 verba
1798 2975 1931 3002 Aristotelis,
1943 2977 1966 2996 et
1977 2980 2031 3002 pag.

1184 3016 1229 3038 ’786
1238 3034 1243 3044 ,
1260 3018 1312 3038 nota
1330 3016 1353 3038 7.
1368 3015 1440 3038 verba
1453 3015 1575 3043 Augustini
1593 3014 1642 3043 (csr.
1654 3017 1710 3037 tom.
1722 3014 1759 3036 IV.
1771 3020 1826 3042 pag.
1840 3013 1908 3041 4049,
1924 3015 1978 3035 nota
1991 3012 2030 3041 3.).

2044 811 2097 831 Notat-
2101 819 2121 834 m,

2049 1374 2101 1393 Exen:
2108 1380 2125 1394 un

2057 1400 2101 1422 Apo.-
2109 1399 2118 1418 l.

2045 1562 2100 1580 Datur
2116 1567 2133 1582 oc

2047 1586 2095 1604 casio
2111 1591 2132 1605 m

2047 1609 2099 1628 cendi
2111 1614 2133 1629 ren

2047 1634 2097 1651 actua
2109 1634 2133 1652 ’1111
