2133 3317
780 215 1020 243 PROLEGOMENA
1042 215 1120 244 C.lL

85 298 163 326 incipit
180 297 232 319 solio
249 296 286 319 75.
303 302 321 318 r.
339 296 374 318 his
390 294 478 317 verbis:
497 293 615 323 Proloqus
633 293 657 316 in
682 292 805 322 epistolam
829 298 926 321 sequen-

85 347 137 369 tem.
155 345 182 367 In
199 343 291 367 Christo
308 348 351 366 sao
368 342 450 365 dilecto
468 342 499 365 N.
522 342 689 364 Bonaventttra
711 339 739 362 de
756 339 843 362 Balneo
860 339 925 369 reyio

86 389 203 420 confratri
222 389 246 412 in
270 388 378 412 Domino.
405 387 577 417 Qualicumqae
602 386 695 410 homine
721 385 769 408 iam
793 384 866 408 veteri
882 388 926 407 etc.

87 438 170 461 Desinit
189 437 226 459 sol.
246 436 296 458 105.
308 442 338 457 r.:
355 433 538 458 commendabis.
559 433 606 461 Qui
621 435 655 456 est
672 432 750 456 trinus
762 435 813 460 eto,
825 434 849 454 ut
865 431 925 453 indi-

85 487 149 507 catur
166 483 224 505 intra
241 488 295 510 pag.
315 481 367 507 498,
380 484 431 504 nota
449 481 471 503 5.
490 481 555 502 —ln
577 481 619 502 hac
636 481 713 501 nostra
730 478 832 500 editione
849 478 925 505 signa—

87 534 123 552 tur
139 530 210 552 littera
229 529 255 551 Α.

148 577 168 598 2.
188 575 285 603 Ibidem,
303 574 438 597 bibliotheca
462 574 562 600 Publica,
578 573 629 596 cod.
654 573 706 594 Ι191.
731 577 849 600 progress.
874 571 926 593 668.

87 625 158 647 chart.
177 623 199 644 in
218 622 240 644 4.
255 627 314 644 saec.
333 621 383 643 XV.
400 633 430 637 —-
447 620 588 649 Opusculum
611 620 691 647 incipit
716 619 767 641 solio
784 624 803 640 r.
826 624 871 640 non
887 624 928 640 nu-

86 673 173 694 merato
186 670 221 692 his
232 668 322 691 verbis:
339 667 422 697 Incipit
438 666 536 696 epistola
553 665 643 689 domini
659 666 824 688 Bonarentare
839 663 928 693 peruti-

88 717 116 740 lis
132 722 161 740 ac
178 715 266 739 devota.
284 716 312 738 In
328 715 376 737 Xto
393 719 436 737 suo
448 713 530 737 dilecto
542 713 618 743 stater
630 712 798 735 Bonaventura
809 710 930 740 confratri

87 763 137 787 eins
153 762 178 785 in
196 761 303 785 Domino.
321 760 493 790 Qualicamque
509 763 552 782 etc.
571 759 656 782 Desinit
667 759 704 781 rol.
715 765 735 780 r.
747 758 803 780 utin
817 757 927 780 editione.

88 810 150 838 Sign.
168 810 192 831 B.

151 856 172 879 3.
189 854 339 882 Monasterii,
357 853 495 876 bibliotheca
511 852 668 876 Universitatis
684 852 801 878 Paulinae,
812 851 863 873 cod.
876 850 930 873 345.

89 902 160 932 (580.)
183 901 280 924 membr.
303 901 326 923 in
344 901 364 922 8.
385 906 444 922 saec.
462 900 513 922 XV.
534 899 643 922 exeuntis.
665 910 696 914 —
714 898 765 920 Post
782 897 927 919 medietatem

89 949 213 972 voluminis
230 948 283 970 folio
299 954 345 970 non
362 949 482 969 numerato
499 945 599 968 occurrit
623 945 714 967 rubrica
738 944 806 966 huius
822 944 929 971 opusculi

90 997 125 1020 his
142 996 230 1019 verbis:
256 994 340 1024 Incipit
360 993 487 1017 utilissima
512 992 614 1023 qaedam
639 991 737 1021 epistola
754 991 839 1015 ez1'mii
854 993 875 1014 et
892 991 928 1014 de-

89 1043 137 1067 voti
152 1042 254 1066 doctoris
273 1041 447 1068 Boron-entare,
473 1046 517 1070 que
541 1041 574 1062 est
599 1038 669 1069 quasi
690 1038 790 1068 quedam
807 1038 892 1067 requla
909 1039 932 1061 et

79 1089 203 1113 institutio
221 1087 327 1111 omnium
341 1087 380 1117 pie
396 1089 417 1110 et
433 1085 591 1116 spiritualiter
607 1085 631 1108 in
642 1085 690 1108 A‘to
709 1084 785 1107 vivere
801 1084 929 1107 volentiam

89 1137 111 1160 et
127 1134 281 1164 distinyuitar
303 1133 327 1157 in
352 1133 424 1157 XXV
444 1131 606 1159 memorialia,
630 1133 655 1154 at
676 1131 775 1160 inferias
789 1130 885 1160 patebit.
902 1131 930 1153 In

89 1183 137 1206 Xto
153 1188 197 1206 suo
214 1181 296 1204 dilecto
318 1181 345 1203 E.
368 1181 536 1203 Bonavenlara
558 1178 586 1202 de
607 1178 696 1202 Balneo
721 1177 786 1207 reqio
810 1177 931 1207 confrater

90 1230 140 1254 eius
156 1229 181 1252 in
198 1228 298 1252 Domino
315 1231 357 1250 etc.
382 1227 468 1249 Desinit
486 1227 522 1249 sol.
540 1233 557 1248 r.
584 1232 637 1248 cum
660 1225 806 1248 conclusione
824 1224 881 1247 intra
899 1230 932 1246 re-

89 1279 133 1300 lata
149 1283 202 1305 pag.
221 1276 277 1303 498,
294 1279 347 1298 nota
365 1275 385 1297 5.
403 1275 468 1302 sign.
484 1275 511 1297 D.

153 1323 174 1346 4.
191 1322 301 1352 Neapoli,
320 1321 457 1344 bibliotheca
474 1320 606 1347 Nationalis,
623 1320 675 1342 cod.
693 1320 737 1341 Vll.
757 1319 783 1341 G.
801 1318 838 1341 48.
858 1319 930 1341 chart.

90 1372 112 1394 in
129 1372 151 1393 8.
168 1376 227 1393 saec,
245 1370 296 1392 XV.
315 1369 421 1391 ineuntis.
437 1381 468 1384 —
485 1367 583 1390 Rubi-ica
610 1367 678 1389 huius
700 1365 805 1394 opusculi
826 1368 861 1387 est
878 1365 930 1387 folio

90 1425 135 1441 non
160 1420 280 1440 numerato
302 1416 338 1438 his
353 1415 444 1438 verbis:
461 1413 544 1444 Incipit
561 1413 661 1443 quedam
677 1412 784 1442 formala
801 1412 845 1435 vile
861 1411 930 1441 spiri-

91 1464 177 1493 taalis;
193 1464 231 1487 cui
248 1463 290 1486 alia
313 1469 396 1485 manus
420 1461 533 1484 recentior
556 1460 632 1483 addit:
654 1459 738 1489 fratris
756 1459 930 1482 Bonaventare.

91 1511 176 1534 Deinde
193 1510 308 1539 sequitur:
326 1510 352 1532 ln
369 1510 417 1532 Xto
442 1514 485 1531 sno
507 1507 581 1537 fratri
603 1506 684 1530 dilecto
703 1507 728 1529 P.
744 1506 821 1535 frater
837 1505 888 1528 eins
905 1504 929 1527 in

91 1557 198 1581 Domino.
217 1556 313 1579 Desinit:
331 1555 375 1579 Cui
390 1557 424 1578 est
440 1555 517 1577 honor
533 1555 555 1577 et
573 1553 652 1583 yloria
665 1559 710 1582 prr
727 1552 841 1581 indefessa
859 1553 881 1574 et
898 1551 933 1573 in-

91 1602 249 1627 terminabilia
274 1603 296 1625 et
319 1602 412 1632 infinita
433 1601 513 1624 secata
537 1599 682 1623 seculorum.
707 1600 788 1622 Amen.
810 1598 864 1620 Vale
884 1597 932 1627 sra-

92 1652 126 1674 ter
143 1653 197 1677 etc„
215 1652 239 1672 ut
255 1650 337 1677 legitur
355 1649 411 1671 intra
429 1655 481 1676 pag.
500 1647 557 1674 498,
574 1650 627 1669 nota
645 1647 666 1669 ὅ.
685 1646 748 1674 sign.
766 1645 789 1668 C.

154 1697 176 1719 5.
193 1697 290 1724 Romae,
308 1695 445 1718 bibliotheca
471 1695 601 1722 principum
624 1692 755 1720 Barberini,
779 1692 831 1714 cod.
854 1692 931 1714 XLlV.

92 1745 114 1767 2.
131 1743 230 1766 membr.
255 1749 314 1765 saec.
340 1742 403 1769 XlV,
427 1747 497 1770 quem
520 1740 685 1768 descripsimus
707 1745 777 1767 supra
802 1744 855 1766 pag.
878 1738 931 1760 XXl

92 1798 114 1814 n.
131 1791 185 1813 220.
201 1803 232 1806 —
248 1790 310 1812 Folio
328 1789 349 1812 3.
366 1795 385 1811 r.
402 1788 555 1816 praemittitur
580 1787 691 1815 opusculo
716 1792 815 1814 sequens
840 1785 932 1807 titulus:

92 1838 177 1867 Incipit
192 1836 290 1866 epistola
306 1835 397 1859 domini
411 1835 496 1864 fratris
513 1834 677 1857 Bonaventure
693 1832 789 1856 cuidam
805 1838 848 1855 sao
866 1831 932 1854 disci-

89 1884 148 1914 pulo
165 1883 193 1906 de
208 1881 331 1913 spirituali
342 1882 451 1911 prosecta
468 1880 577 1904 notabilis
594 1879 668 1903 valde.
682 1878 769 1902 Dilecto
782 1878 806 1902 in
816 1878 865 1901 Xto
877 1879 929 1901 Iesu

93 1931 122 1955 N.
139 1931 215 1960 frater
231 1929 281 1953 eius
298 1932 340 1952 etc.
358 1928 443 1951 Desinit
460 1928 496 1950 tol.
516 1928 554 1949 27.
578 1933 614 1948 v.:
632 1925 752 1956 repleatur
773 1925 796 1947 in
814 1925 861 1948 Xto
879 1925 931 1947 Iesu

93 1979 187 2003 domino
204 1979 301 2005 nostro,
318 1976 358 2000 cui
372 1977 406 1999 est
422 1975 498 1998 honor
515 1976 536 1997 et
553 1973 638 2003 olor-ia.
656 1974 736 1996 Amen..
755 1972 817 2000 sign.
836 1973 858 1994 E.

155 2025 178 2046 6.
197 2023 296 2051 Ibidem,
309 2022 444 2045 bibliotheca
457 2020 622 2047 Casanatensis‚
634 2020 686 2043 cod.
697 2020 722 2041 B.
735 2020 772 2042 Vl.
786 2019 822 2041 13.
835 2018 933 2040 membr.

92 2073 116 2095 in
141 2072 178 2094 12.
194 2077 254 2094 saec.
279 2070 335 2092 Xlll.
360 2068 470 2091 exeuntis.
486 2080 517 2084 —
534 2067 676 2095 Opusculum
702 2066 781 2094 incipit
806 2065 842 2087 iol.
860 2065 897 2087 34.
915 2071 933 2086 r.

93 2119 129 2141 his
145 2117 235 2140 verbis:
254 2115 359 2146 Epistola
376 2114 514 2139 venerabilis
528 2113 607 2143 patris
624 2112 709 2143 fratris
726 2112 890 2135 Bonavenlare
904 2111 932 2134 de

94 2164 181 2188 Balneo
198 2163 271 2193 reaia.
288 2164 315 2186 1η
332 2163 379 2186 Xto
396 2161 470 2192 fi'atri
485 2161 567 2184 dilecto
586 2161 609 2183 Τ.
627 2160 795 2183 Bonaoentara
812 2158 933 2188 confi-ater

94 2211 143 2235 eius
160 2211 184 2234 in
196 2210 295 2234 Domino
307 2212 348 2231 etc.
363 2209 447 2231 Desinit
458 2207 549 2230 verbis:
562 2206 700 2236 Eoepliciunt
717 2204 867 2228 memorialia
876 2211 934 2234 paa-

92 2257 157 2288 peris
173 2256 264 2281 servuli
280 2255 402 2286 crucifixi.
420 2255 483 2283 sign.
500 2255 525 2277 F.

156 2304 179 2326 7.
198 2303 295 2331 Ibidem,
314 2302 451 2325 bibliotheca
468 2301 600 2329 principum
618 2300 714 2326 Corsini,
732 2299 783 2322 cod.
800 2298 838 2321 41.
855 2299 879 2320 Ε.
896 2298 933 2320 28,

95 2350 192 2374 membr.
210 2351 232 2373 in
258 2350 279 2373 t.
305 2355 365 2372 saec.
390 2349 450 2371 XlV.
466 2361 496 2364 —
521 2347 582 2370 Folio
606 2347 658 2369 489.
683 2353 701 2369 r.
725 2346 822 2374 legitur:
848 2344 932 2374 Incipit

95 2397 191 2427 epistola
209 2396 299 2420 domini
313 2395 398 2425 fratris
415 2395 579 2417 [tonat-entare
600 2393 627 2416 de
649 2392 736 2416 Balnea
753 2392 818 2422 reqio
837 2390 933 2414 Ordinis

95 2443 216 2467 Minorum
233 2442 260 2466 de
277 2442 359 2465 ordine
374 2440 506 2471 spiritualis
530 2440 587 2468 vite,
608 2446 680 2470 qaam
699 2439 764 2463 misit
779 2439 874 2463 cuidam
891 2444 934 2461 sao

96 2489 217 2520 discipulo.
235 2490 263 2512 In
280 2489 328 2512 Xto
344 2494 387 2511 suo
404 2487 479 2518 fratri
498 2487 580 2510 dilecto
600 2487 622 2510 T.
649 2487 817 2509 Bonaventara
842 2485 934 2515 confra-

97 2539 132 2560 ter
156 2537 206 2560 eins
231 2536 255 2559 in
280 2535 379 2559 Domino
396 2539 439 2557 etc.
457 2535 543 2557 Desinit
565 2534 617 2556 solio
640 2534 691 2555 ¹198.
707 2540 742 2556 v.:
756 2539 801 2562 per
818 2532 934 2562 indefessa

97 2585 119 2607 et
134 2583 249 2606 immensa.
265 2589 294 2606 ac
310 2582 401 2613 infinita
419 2581 497 2605 secula
514 2581 658 2604 secutorum.
677 2582 758 2604 Amen.
775 2581 838 2608 sign.
854 2581 879 2602 G.

159 2631 181 2652 ln
199 2629 332 2657 castigando
349 2632 410 2651 textu
429 2629 551 2651 vaticanae
576 2628 682 2650 editionis
704 2628 842 2656 plerumque
864 2627 936 2649 secuti

97 2684 178 2700 sumus
194 2676 286 2699 codices
302 2676 442 2704 antiquiores
460 2676 475 2697 E
486 2675 539 2703 FG,
557 2674 642 2703 quibus
663 2680 707 2696 non
725 2680 777 2696 raro
794 2674 861 2696 etiam
880 2673 896 2696 C
913 2676 936 2696 et

98 2723 211 2746 interdum
229 2723 246 2745 Β
262 2722 414 2745 consentiunt.
432 2722 518 2743 Tamen
536 2721 585 2743 illos
603 2720 696 2742 minime
708 2726 775 2742 caece
786 2720 852 2748 sequi
864 2719 937 2748 potui-

99 2776 162 2797 mus,
179 2776 232 2792 cum
249 2776 294 2792 non
311 2775 363 2791 raro
380 2769 463 2796 singuli
481 2768 600 2790 manifeste
613 2767 679 2789 salsas
690 2767 796 2789 lectiones
808 2767 936 2795 habuerint,

99 2820 120 2839 et
136 2816 272 2846 aliquando,
289 2816 329 2838 sed
347 2821 411 2843 raro,
429 2816 476 2837 fere
499 2821 580 2837 omnes
602 2814 623 2836 in
650 2814 748 2836 eundem
766 2820 867 2836 errorem
886 2813 938 2836 inci-

98 2864 180 2886 derint.

162 2910 252 2932 Praeter
268 2909 360 2931 codices
377 2909 410 2931 usi
428 2914 509 2931 sumus
533 2908 625 2936 antiqua
644 2907 743 2930 editione
759 2907 826 2935 (sign.
844 2908 879 2930 ed.
902 2908 935 2936 1),

99 2956 210 2984 impressa
236 2956 284 2977 sine
310 2955 445 2978 indicatione
468 2954 523 2982 loci,
541 2953 689 2981 probabiliter
706 2960 742 2976 an.
768 2953 838 2982 1480,
856 2954 895 2983 qui
914 2954 936 2976 in

192 3034 218 3057 S.
230 3034 322 3057 Bonan.
331 3046 361 3050 —
374 3034 443 3055 Tom.
454 3033 508 3055 Vlll.

1722 212 1821 240 LXXXI

983 293 1027 315 fine
1045 293 1114 321 primi
1131 292 1198 314 huius
1215 292 1379 319 opusculorum
1397 291 1546 318 collectionis,
1563 290 1648 313 scillcet
1673 289 1825 318 Brevstoquii,

984 343 1074 362 notatus
1091 343 1132 362 est.

1197 432 1226 455 11.
1244 431 1334 455 Codices
1350 438 1364 454 a.
1380 431 1444 454 nobis
1461 438 1503 454 non
1521 429 1609 453 collati.

1047 526 1068 548 8.
1081 525 1165 549 Assisii
1176 526 1198 548 in
1210 525 1315 553 Umbria,
1327 525 1465 547 bibliotheca
1477 524 1644 552 Communalis‚
1656 524 1710 546 olim
1724 523 1826 546 Conven-

984 576 1021 595 tus
1032 573 1103 595 sancti
1116 573 1236 599 Francisci,
1247 573 1298 595 cod.
1312 572 1348 595 27.
1360 573 1432 594 chart.
1444 572 1466 593 in
1483 572 1516 593 16.
1528 577 1588 593 saec.
1601 571 1650 593 XV.
1665 583 1692 586 —
1705 571 1765 593 Folio
1781 576 1827 592 non

985 623 1105 642 numerato
1122 620 1217 647 legitur:
1234 619 1316 649 Incipit
1332 618 1454 649 speculum
1471 618 1578 648 fratrom
1595 617 1729 645 Minoram,
1741 622 1825 640 veram

985 666 1055 690 etiam
1073 666 1179 689 omnium
1196 665 1370 696 reliyiosoram.
1389 666 1416 688 In
1433 666 1480 688 Xto
1497 666 1550 688 lesa
1566 664 1641 694 fratri
1659 663 1741 687 dilecto
1758 664 1827 686 Petro

985 713 1061 742 frater
1072 713 1123 735 eius
1134 716 1176 735 etc.
1189 713 1274 735 Desinit
1290 716 1313 734 ut
1330 712 1351 734 in
1369 712 1435 734 editis
1452 718 1505 734 cum
1522 711 1652 734 additione:
1668 709 1730 737 Vale,
1742 710 1825 739 frater,

985 760 1010 783 in
1027 759 1126 783 Domino
1144 760 1195 782 lesa
1213 760 1268 786 Xto,
1285 758 1335 782 sine
1351 764 1397 788 qao
1414 758 1494 781 omnia
1511 757 1571 781 nihil
1587 757 1672 780 calent.
1688 756 1829 786 Ea‘pliciant

985 806 1135 830 memorialia
1149 806 1263 836 pauperis
1280 805 1370 829 servuli
1387 804 1509 835 Grncifioei.
1526 805 1610 828 Amen.

1050 854 1072 875 9.
1089 854 1210 882 Auyustae
1237 852 1401 879 Trevirorum,
1429 851 1564 874 bibliotheca
1590 850 1690 877 Publica,
1706 850 1758 872 cod.
1775 849 1828 871 747.

986 906 1102 928 progress.
1120 900 1173 922 566.
1191 899 1281 922 miscell.
1300 899 1321 921 in
1339 899 1376 920 42.
1393 905 1452 920 saec.
1469 898 1519 920 XV.
1538 910 1567 913 —-
1584 897 1647 920 Circa
1672 897 1740 918 finem
1763 896 1828 918 volu—

986 948 1054 970 minis
1071 947 1123 969 folio
1141 953 1186 969 non
1204 949 1337 969 numerato:
1355 945 1437 974 Incipit
1453 944 1551 974 epistota
1566 944 1650 974 fratris
1664 944 1829 967 Bonaventare

984 993 1094 1023 peruiilzs
1111 995 1181 1022 alque
1199 992 1287 1015 (levata.
1306 993 1331 1015 Iu
1349 992 1397 1015 Xto
1413 998 1457 1014 sao
1474 991 1556 1014 dilecto
1574 991 1600 1013 E.
1617 990 1693 1020 frater
1711 991 1829 1013 Bonaven-

987 1042 1044 1064 tara
1061 1044 1102 1063 ctc.
1121 1040 1205 1062 Desinit
1222 1038 1312 1061 verbis:
1329 1037 1510 1061 commendabis.
1533 1037 1577 1061 Cui
1594 1039 1627 1060 est
1649 1036 1725 1059 bonor
1742 1038 1762 1058 el
1779 1035 1830 1065 ylo-

988 1087 1034 1115 ria,
1051 1087 1120 1110 decas
1137 1089 1158 1110 et
1176 1086 1301 1116 imperium
1316 1092 1360 1115 per
1377 1085 1468 1115 infinita
1485 1084 1566 1108 secata
1582 1083 1725 1107 seculorum.
1744 1084 1828 1106 Amen.

988 1134 1092 1164 Empticit
1110 1133 1207 1163 epistola
1223 1133 1307 1163 fratris
1325 1133 1489 1155 Bonai‘eoture
1505 1131 1587 1154 clevata
1599 1133 1622 1154 et
1633 1130 1703 1153 atilis.
1717 1131 1763 1153 Deo
1775 1136 1830 1159 yra-

989 1181 1040 1205 tias.

1055 1229 1089 1250 lO.
1107 1228 1209 1254 Bernae,
1229 1227 1364 1249 bibliotheca
1382 1226 1497 1252 Civitatis,
1514 1225 1565 1247 cod.
1583 1230 1638 1246 mss.
1655 1224 1681 1245 Α.
1699 1224 1736 1245 82.
1754 1224 1826 1245 chart.

990 1275 1011 1297 in
1034 1275 1067 1298 16.
1084 1281 1143 1297 saec.
1161 1274 1211 1297 XV.
1228 1274 1338 1296 exeuntis.
1355 1286 1386 1289 ——
1402 1272 1502 1294 Robrica
1524 1271 1629 1299 opusculi
1647 1273 1679 1292 est
1702 1269 1755 1292 solio
1777 1269 1794 1290 1.
1811 1275 1830 1290 r.

989 1323 1034 1345 sic:
1053 1321 1135 1351 Incipit
1152 1321 1248 1351 epistola
1266 1320 1356 1343 [lamini
1373 1320 1536 1342 Bonaventure
1560 1316 1690 1341 cardinalis
1715 1316 1743 1338 de
1759 1314 1828 1338 modo

987 1367 1128 1399 proficiendi
1143 1366 1313 1397 compendioso.
1332 1367 1357 1389 In
1374 1366 1422 1389 Xto
1439 1371 1482 1388 suo
1499 1364 1573 1394 fratri
1590 1364 1618 1386 N.
1637 1363 1665 1387 N.
1684 1362 1765 1385 dilecto
1783 1362 1831 1391 fra-

989 1416 1025 1438 ter
1043 1414 1092 1437 eius
1109 1414 1133 1437 in
1150 1414 1258 1437 Domino.
1277 1413 1448 1442 Qualicamque
1467 1415 1510 1434 etc.
1528 1411 1612 1434 Desinit
1631 1410 1667 1432 sol.
1684 1409 1721 1432 24.
1740 1416 1761 1431 v.
1782 1415 1831 1431 ver-

990 1462 1037 1484 bis:
1056 1460 1100 1484 Gai
1116 1462 1150 1484 est
1165 1460 1253 1488 bonor,
1270 1459 1348 1489 yloria
1365 1461 1387 1482 et
1402 1458 1529 1488 imperinm
1549 1464 1593 1487 per
1616 1456 1731 1486 indefessa
1755 1457 1775 1478 et
1798 1454 1831 1478 in-

989 1508 1084 1539 definita
1101 1507 1180 1531 secula
1197 1507 1341 1530 secutor-am.
1359 1508 1441 1529 Amen.

1056 1556 1089 1578 i'l.
1107 1554 1240 1582 Braoeellis,
1261 1554 1396 1576 bibliotheca
1415 1553 1497 1581 Regia,
1515 1552 1567 1575 cod.
1585 1551 1696 1574 3716-28.
1718 1551 1789 1572 chart.
1806 1550 1828 1571 in

990 1603 1010 1625 4.
1028 1605 1133 1625 exaratus
1150 1608 1208 1623 anno
1230 1600 1295 1623 1490.
1311 1613 1342 1617 —
1358 1600 1419 1622 Folio
1441 1599 1490 1621 156.
1508 1605 1525 1621 r.
1544 1603 1596 1626 post
1612 1598 1654 1620 alia
1672 1603 1742 1625 opera
1760 1596 1830 1619 nostri

990 1649 1105 1676 Doctoris,
1122 1649 1151 1671 de
1168 1648 1255 1677 quibus
1271 1647 1361 1675 egImus
1378 1649 1432 1668 tom.
1452 1646 1479 1667 V.
1497 1651 1550 1673 pag.
1568 1645 1620 1667 XlX
1638 1651 1661 1666 n.
1674 1644 1711 1666 46.
1723 1646 1745 1665 et
1761 1649 1831 1670 supra

990 1702 1043 1724 pag.
1062 1696 1109 1718 Xlll
1126 1702 1149 1717 n.
1167 1695 1202 1717 48.
1221 1694 1330 1716 habetur:
1347 1692 1460 1722 Sequitur
1474 1691 1599 1715 utilissima
1619 1690 1720 1720 qaedam
1732 1688 1829 1719 epistola

989 1742 1073 1766 eximii
1088 1744 1110 1765 et
1126 1741 1201 1764 devoti
1217 1740 1319 1764 doctoris
1343 1740 1507 1763 Bonaventure
1530 1737 1703 1768 prenominati,
1729 1743 1773 1766 que
1798 1738 1833 1759 est

990 1788 1059 1819 quasi
1075 1788 1175 1818 qaedam
1192 1787 1277 1817 regala
1293 1788 1315 1809 et
1332 1785 1445 1809 institutio
1463 1785 1570 1808 omnium
1586 1784 1623 1813 pie
1639 1785 1661 1806 et
1672 1782 1828 1812 spiritualiter

989 1835 1014 1858 in
1030 1836 1078 1859 Xto
1095 1835 1172 1858 viuere
1188 1833 1331 1862 valeniam,-
1348 1835 1369 1856 et
1390 1832 1544 1862 distinquitar
1569 1831 1610 1854 hec
1630 1829 1729 1860 epistota
1752 1829 1775 1852 in
1799 1829 1833 1852 oi-

990 1882 1049 1912 ‚isiaci
1060 1881 1162 1912 quinque
1178 1880 1327 1908 memoralia,
1339 1882 1366 1903 at
1377 1879 1477 1909 iuferius
1491 1877 1586 1908 patebit.
1604 1877 1732 1906 Proloqa&
1745 1878 1772 1899 In
1784 1876 1831 1899 ‚tto

989 1935 1033 1952 suo
1050 1928 1132 1952 dilecto
1150 1928 1176 1950 E.
1194 1928 1269 1958 frater
1287 1927 1452 1950 Bonaueotara
1471 1929 1513 1948 etc.
1531 1925 1617 1948 Desinit
1635 1925 1671 1947 sol.
1694 1924 1742 1946 159.
1755 1930 1773 1946 r.
1784 1929 1832 1945 ver-

991 1976 1036 1999 bis:
1054 1974 1235 1999 commendabis.
1256 1974 1299 1997 Cui
1314 1975 1348 1996 est
1365 1973 1473 1996 honoret
1485 1972 1576 2002 qloria,
1589 1972 1659 1995 decus
1671 1972 1692 1994 et
1704 1970 1830 2000 imperinm

987 2029 1032 2052 per
1050 2021 1140 2052 infinita
1158 2021 1238 2044 secata
1254 2020 1398 2043 seculorum.
1415 2020 1496 2043 Amen.

1058 2070 1090 2090 Ι2.
1109 2068 1208 2095 Ibidem,
1230 2067 1409 2090 cod.t1902-9.
1435 2067 1527 2089 miscell.
1553 2066 1576 2088 in
1603 2066 1624 2087 8.
1646 2071 1704 2088 saec.
1728 2065 1778 2087 XV.
1801 2076 1832 2080 —

990 2115 1052 2138 Folio
1071 2115 1122 2137 ⁴28.
1139 2121 1159 2136 r.
1176 2114 1271 2141 legitur:
1290 2113 1355 2136 Beati
1377 2112 1488 2135 Iohannis
1506 2111 1683 2138 Bomwenture,
1700 2110 1748 2134 viri
1766 2116 1834 2133 sera-

986 2161 1052 2191 phici
1068 2167 1096 2184 ac
1113 2160 1216 2184 doctoris
1233 2159 1387 2188 devotissimi,
1406 2158 1546 2182 Albancnsis
1564 2158 1668 2188 episcopi
1683 2160 1704 2180 et
1721 2157 1832 2181 cardina.—

992 2208 1035 2235 lis,
1052 2207 1150 2237 epistola
1166 2206 1307 2234 utilissima,
1325 2212 1369 2235 que
1385 2207 1419 2229 est
1436 2205 1505 2235 qnasi
1521 2204 1623 2234 quedam
1641 2204 1726 2234 remila
1737 2206 1759 2227 et
1769 2203 1834 2227 insti·

991 2255 1050 2279 tatio
1067 2254 1175 2278 onmium
1190 2254 1228 2284 pie
1244 2255 1265 2277 et
1281 2253 1438 2283 spiritualiter
1455 2252 1480 2275 in
1496 2253 1544 2275 Xto
1561 2252 1638 2275 vicere
1650 2251 1790 2278 volentiam,
1803 2251 1833 2280 fe-

992 2302 1066 2326 liciter
1084 2301 1170 2331 incipit.
1188 2300 1291 2330 Prefatio
1309 2307 1350 2323 sea
1366 2299 1481 2329 proloqns
1499 2299 1593 2329 epistole
1604 2298 1728 2328 sequentis.
1745 2299 1772 2321 In.
1784 2299 1833 2321 Xto

991 2355 1034 2372 sao
1051 2348 1133 2372 dilecto
1152 2347 1178 2370 E.
1194 2348 1269 2378 frater
1287 2348 1312 2370 B.
1329 2349 1371 2370 etc.
1390 2347 1475 2369 Desinit
1493 2347 1529 2369 fol.
1546 2346 1595 2368 140.
1608 2352 1638 2368 r.:
1651 2344 1834 2369 commendabis.

992 2394 1036 2418 Cui
1051 2396 1087 2418 est
1102 2395 1178 2418 honor
1195 2396 1235 2417 etc.
1253 2394 1317 2417 Finit
1333 2393 1431 2423 epistola
1448 2392 1591 2416 devotissimi
1611 2394 1632 2415 el
1654 2391 1773 2421 seraphini
1794 2390 1831 2413 do-

992 2441 1063 2465 ctoris
1080 2441 1157 2465 sancti
1173 2442 1345 2464 Bonaventure.

1056 2489 1092 2510 i3.
1110 2487 1256 2515 Colmariae,
1273 2487 1409 2509 bibliotheca
1426 2486 1540 2514 Civitatis,
1558 2486 1609 2508 cod.
1628 2486 1669 2513 15,
1687 2486 1715 2507 (le
1727 2491 1774 2514 quo
1786 2484 1834 2512 egi-

993 2541 1044 2557 mus
1061 2540 1131 2562 supra
1149 2540 1201 2562 pag.
1220 2534 1288 2556 XLlV
1306 2541 1327 2556 n.
1345 2533 1382 2555 57.
1400 2546 1429 2549 ——
1446 2533 1493 2555 Hoc
1513 2533 1651 2561 opusculum
1663 2535 1697 2554 est
1711 2532 1746 2554 tol.
1759 2531 1796 2554 25.
1809 2538 1831 2553 v.

992 2587 1045 2604 cum
1063 2581 1139 2603 titulo:
1157 2580 1241 2610 Incipit
1257 2580 1384 2604 utilissima
1401 2580 1501 2609 quedam
1523 2579 1619 2609 epistola
1642 2579 1726 2602 exrimii
1750 2580 1772 2601 et
1796 2578 1833 2600 (Ir-

992 2628 1041 2651 voti
1056 2627 1159 2651 doctoris
1175 2628 1351 2655 bonaventura,
1369 2633 1412 2656 que
1429 2628 1464 2650 est
1480 2626 1550 2656 quasi
1560 2625 1658 2655 auectam
1672 2625 1755 2654 regyula
1768 2627 1790 2648 et
1802 2625 1833 2647 in-

993 2674 1082 2698 stitatio
1100 2674 1206 2697 omnium
1221 2674 1259 2703 pie
1276 2676 1297 2697 et
1313 2673 1470 2703 spiritualiter
1493 2673 1517 2696 in
1534 2673 1581 2696 Xto
1606 2673 1681 2696 rivere
1703 2672 1831 2695 volentiam

993 2723 1016 2745 et
1030 2720 1184 2750 distinyaitur
1202 2720 1226 2743 in
1242 2720 1315 2743 XXV
1330 2719 1487 2747 memorialia,
1505 2720 1531 2742 ut
1547 2719 1647 2749 inferias
1663 2719 1757 2748 patebit.
1775 2719 1832 2742 Pro-

995 2767 1071 2797 logus.
1088 2768 1114 2790 In
1132 2767 1179 2790 A'to
1196 2773 1239 2789 sao
1257 2766 1338 2790 dilecto
1354 2767 1382 2789 E.
1393 2767 1416 2789 B.
1431 2766 1457 2789 de
1470 2766 1556 2789 Balneo
1569 2766 1633 2796 reyio
1645 2768 1687 2788 etc.
1701 2766 1784 2788 Desinit
1798 2766 1834 2787 sol.

995 2814 1032 2836 40.
1049 2820 1068 2836 r.
1086 2816 1110 2836 ut
1127 2814 1148 2835 in
1166 2813 1241 2835 editis.
1259 2814 1310 2835 Post
1331 2812 1394 2836 Finit
1416 2815 1550 2840 repetuntur
1568 2813 1649 2834 eadem
1670 2812 1753 2840 verba,
1774 2818 1833 2840 quae

995 2867 1063 2889 supra
1072 2879 1077 2888 ,
1095 2860 1180 2889 quibus
1197 2860 1301 2883 additur:
1314 2860 1358 2882 Per
1370 2866 1406 2882 me
1416 2859 1446 2889 fr.
1460 2860 1571 2882 Ioannem
1585 2858 1662 2882 Ilecltt.
1676 2859 1743 2882 Anno
1760 2857 1830 2881 1501.

1062 2907 1093 2929 14.
1113 2907 1240 2934 Gor-lonae,
1254 2906 1388 2929 bibliotheca
1402 2906 1567 2933 CommunaliS,
1581 2906 1632 2928 cod.
1646 2906 1681 2928 45.
1695 2906 1739 2928 iam
1752 2905 1834 2927 descri-

995 2957 1048 2982 ptus
1065 2960 1133 2981 supra
1152 2960 1206 2981 pag.
1225 2954 1254 2975 77
1267 2960 1288 2976 n.
1311 2954 1328 2975 l.
1345 2966 1374 2969 —
1391 2953 1438 2975 lloc
1455 2954 1592 2981 opusculum
1608 2956 1641 2975 est
1658 2959 1710 2974 cum
1729 2952 1832 2974 rubrica:

1711 3030 1738 3052 Xl
