2133 3317
135 682 163 701 Ita
174 681 270 706 praediea·

136 706 162 724 tin
175 706 216 724 eius
229 706 271 724 red-

136 729 187 748 ditur
194 729 272 747 antheu-

136 753 180 771 tica.

137 1313 141 1317 ,
155 1290 266 1309 Sollicitudo

136 1319 155 1332 m
168 1318 203 1340 usu
222 1315 267 1332 tem-

136 1342 194 1360 poris.

136 1805 205 1824 Ultimo
214 1810 267 1824 acce-

145 1828 172 1847 dit
181 1828 205 1847 ad
216 1829 267 1847 Illon-

144 1854 182 1871 tem
202 1852 268 1871 Alver-

142 1880 185 1895 nae.

284 225 339 254 542

283 306 394 332 sanctus
416 303 503 336 Pater,
526 301 653 330 habebat.
675 300 801 336 Cumque
825 299 976 327 multitudo
1004 299 1130 327 virorum

282 357 313 378 ac
335 349 484 377 mulierum
505 348 533 376 in
555 350 646 376 castro
667 347 713 375 illo
735 346 819 375 variis
833 345 1042 374 infirmitatibus
1056 345 1131 373 labo-

282 399 366 429 raret,
381 395 437 423 ibat
452 402 501 431 per
516 394 718 422 infirmantium
733 393 841 426 domus,
857 396 884 421 et
898 392 1013 420 intincta
1028 392 1131 420 chorda

282 442 309 470 in
330 450 418 478 aqua,
440 441 522 469 dabat
543 441 639 469 bibere
660 440 846 477 patientibus,
868 439 964 476 sicque
985 447 1034 476 per
1056 439 1131 467 hunc

280 488 394 517 modum
417 488 532 524 plurimi
554 487 732 516 sanabantur.
749 486 801 515 Sed
816 490 843 515 et
857 486 891 515 de
905 486 1024 523 panibus
1039 494 1055 514 a
1070 485 1130 515 viro

281 534 330 563 Dei
352 535 484 563 contactis
505 537 648 571 gustantes
668 533 789 571 aegroti,
811 533 904 561 divina
924 535 1056 569 operante
1075 532 1131 561 vir-

281 584 356 615 tute,
378 581 620 618 consequebantur
642 580 769 609 celeriter
792 579 914 608 remedia
935 579 1093 608 sanitatum.

364 629 407 656 12.
429 628 497 656 Cum
521 628 563 656 his
585 631 612 656 et
632 628 693 656 aliis
714 627 810 655 multis
838 626 1036 655 miraculorum
1066 634 1132 663 pro-

282 675 362 712 digiis
382 682 482 711 praeco
503 675 604 703 Christi
627 673 788 711 praedicans
810 676 986 706 coruscaret,
1008 672 1131 701 attende-

282 721 365 749 batur
386 721 430 749 his
451 729 522 758 quae
543 720 707 749 dicebantur
728 720 762 748 ab
783 728 831 753 eo,
853 727 884 748 ac
905 719 927 748 si
945 719 1064 756 Angelus
1079 719 1132 747 Do—

281 768 347 796 mini
370 768 540 805 loqueretur.
564 768 708 796 Excellens
728 775 849 804 namque
876 766 904 795 in
933 767 992 803 ipso
1019 773 1133 803 praero-

282 815 373 851 gatiVa
394 815 548 848 virtutum,
570 814 732 851 prophetiae
753 814 884 851 spiritus,
905 813 1028 842 efficacia
1048 813 1132 841 mira-

283 861 426 896 culorum,
448 861 594 890 oraculum
615 861 648 890 de
669 861 853 898 praedicando
877 860 993 889 caelitus
1020 860 1132 894 datum,

664 221 861 251 OPUSCULUM
882 221 969 249 XXIII.
992 220 1144 249 LEGENDA
1166 220 1280 249 SANCTI
1301 220 1476 249 FRANCISCI.
1499 219 1566 248 CAP.
1589 219 1652 247 XIII.

1187 298 1342 327 obedientia
1363 301 1557 327 creaturarum
1579 297 1686 326 ratione
1700 297 1870 332 carentium,
1886 298 2034 328 vehemens

1188 345 1343 373 immutatio
1358 345 1483 373 cordium
1498 344 1531 373 ad
1546 344 1697 373 verborum
1712 344 1800 380 ipsius
1813 344 1955 379 auditum,
1970 352 2034 374 eru-

1188 391 1254 420 ditio
1275 392 1335 420 eins
1356 400 1372 419 a
1393 391 1497 428 Spiritu
1518 394 1612 419 sancto
1633 393 1743 427 praeter
1765 390 1915 419 humanam
1934 391 2034 420 doctri-

1188 447 1267 473 nam,
1289 438 1464 475 praedicandi
1486 437 1636 466 auctoritas
1657 445 1673 465 a
1694 438 1810 465 Summo
1832 437 1960 466 Pontifice
1980 446 2035 467 non

1188 485 1246 514 sine
1268 485 1435 514 revelatione
1456 492 1600 518 concessa,
1622 484 1737 520 insuper
1758 487 1785 512 et·
1806 484 1924 521 Regula,
1939 484 1966 512 in
1982 493 2036 522 qua

1187 531 1277 560 forma
1298 531 1473 568 praedicandi
1495 530 1674 567 exprimitur,
1696 531 1730 559 ab
1750 531 1844 559 eodem
1868 531 1969 560 Christi
1990 532 2036 561 Vi-

1188 578 1263 607 cario
1284 578 1446 607 confirmata
1460 578 1478 612 ¹,
1494 577 1596 606 summi
1611 585 1722 614 quoque
1738 577 1817 614 Regis
1832 577 1972 614 signacula
1986 586 2035 615 per

1190 625 1302 654 modum
1324 625 1404 662 sigilli
1427 624 1536 661 corpori
1559 624 1619 652 eius
1640 624 1775 660 impressa
1800 627 1931 661 tanquam
1960 625 2036 654 testi-

1188 672 1282 700 monia
1296 671 1390 700 decem
1409 671 1456 699 toti
1471 671 1581 699 saeculo
1595 670 1783 699 indubitanter
1798 670 1947 706 affirmant,
1962 672 2037 701 Chri-

1189 719 1222 748 sti
1245 726 1409 755 praeconem
1430 717 1607 746 Franciscum
1628 720 1655 746 et
1676 717 1864 746 venerandum
1893 718 1983 747 officio
2010 722 2037 748 et

1189 764 1315 793 doctrina
1335 764 1527 793 authenticum
1550 766 1576 792 et
1601 763 1790 792 admirabilem
1819 764 1977 798 sanctitate,
2005 773 2037 794 ac

1190 820 1239 848 per
1262 812 1314 840 hoc
1338 814 1467 848 tanquam
1490 818 1555 839 vere
1577 810 1625 839 Dei
1647 811 1776 839 nuntium
1798 811 1899 839 Christi
1915 811 2037 848 Evange-

1190 859 1259 887 lium
1281 857 1461 895 praedicasse.

1038 990 1199 1018 CAHTULUM
1221 989 1284 1017 XIlI.

966 1113 1004 1141 De
1024 1111 1212 1149 stigmatibus
1232 1111 1329 1139 sacris
1342 1110 1360 1138 ².

364 1240 388 1266 l.
412 1239 468 1267 illos
489 1241 549 1267 erat
570 1238 693 1275 angelico
721 1238 780 1266 viro
812 1237 956 1266 Francisco
988 1243 1131 1273 nunquam

283 1285 363 1313 otiari
385 1293 401 1313 a
422 1285 509 1319 bono,
531 1285 598 1322 quin
621 1285 713 1321 potius
728 1285 814 1313 instar
829 1284 980 1321 spirituum
997 1291 1133 1320 superno-

284 1340 347 1360 rum
369 1332 396 1360 in
418 1332 491 1361 scala
512 1332 590 1360 Iacob
611 1335 659 1360 aut
681 1331 845 1360 ascendebat
860 1331 887 1359 in
903 1331 1008 1364 Deum,
1023 1333 1072 1358 aut
1086 1329 1133 1357 de-

283 1379 430 1408 scendebat
451 1379 484 1407 ad
505 1379 667 1416 proximum
680 1379 699 1406 ³.
722 1379 788 1406 Nam
810 1380 920 1415 tempus
942 1378 993 1406 sibi
1022 1384 1133 1405 conces-

283 1434 344 1455 sum
367 1426 400 1454 ad
423 1426 554 1455 meritum
576 1426 700 1454 dlvidere
715 1425 753 1454 sic
769 1425 921 1462 prudenter
936 1424 1085 1457 didicerat,
1101 1426 1133 1451 ut

282 1473 357 1502 aliud
378 1473 572 1510 proximorum
594 1473 679 1501 lucris
695 1472 839 1501 laboriosis
854 1471 1042 1508 impenderet,
1058 1470 1132 1499 aliud

282 1520 521 1557 contemplationis
543 1519 701 1556 tranquillis
716 1519 878 1548 excessibus
893 1519 1041 1547 dedicaret.
1057 1517 1133 1546 Unde

282 1575 345 1596 cum
361 1567 514 1595 secundum
530 1566 697 1603 exigentiam
712 1566 836 1595 locorum
853 1570 880 1594 et
895 1569 1052 1602 temporum
1068 1565 1133 1593 alje-

282 1622 333 1642 nae
355 1613 593 1642 condescendiSset
613 1613 805 1650 procurandae
830 1613 928 1647 saluti,
958 1612 1134 1649 inquietatio-

282 1661 365 1689 nibus
386 1660 524 1689 derelictis
544 1660 709 1693 turbarum,
729 1660 885 1688 solitudims
900 1662 1006 1688 secreta
1021 1658 1134 1695 petebat

282 1708 431 1744 locumque
454 1707 570 1744 quietis,
592 1715 648 1744 quo
670 1707 785 1735 liberius
808 1706 923 1735 Domino
947 1713 1061 1739 vacans,
1083 1713 1133 1734 ex-

283 1757 421 1792 tergeret,
444 1754 465 1783 si
488 1754 553 1791 quid
576 1754 700 1791 pulveris
722 1754 773 1782 sibi
795 1762 831 1782 ex
853 1753 1062 1782 conversatione
1084 1752 1133 1780 ho-

283 1801 389 1830 minum
411 1801 588 1830 adhaesisset.
611 1801 723 1829 Biennio
744 1801 853 1837 itaque,
875 1802 1023 1837 antequam
1052 1799 1133 1835 spiri-

284 1851 343 1877 tum
366 1848 494 1877 redderet
515 1848 590 1877 caelo
601 1848 622 1882 4,
643 1847 736 1876 divina
756 1847 930 1884 providentia
957 1846 1043 1880 duce,
1072 1848 1134 1882 post

283 1896 392 1925 labores
413 1895 590 1924 multimodos
612 1895 765 1932 perductus
779 1897 821 1923 est
836 1895 863 1923 in
879 1894 974 1922 locum
989 1893 1133 1922 excelsum

280 1951 429 1976 seorsum,
455 1943 502 1979 qui
532 1942 634 1971 dicitur
666 1942 742 1970 Mons
773 1941 915 1970 Alvernae.
947 1940 1015 1969 Cum
1048 1940 1133 1977 igitur

280 1989 360 2018 iuxta
381 1989 493 2018 solitum
516 1997 621 2018 morem
643 1988 888 2025 Quadragesimam
910 1987 1011 2016 ibidem
1033 1987 1067 2015 ad
1083 1987 1133 2015 ho-

280 2044 377 2065 norem
392 2036 478 2065 sancti
494 2036 657 2073 Archangeli
673 2035 812 2064 MichaeIIs
826 2035 952 2064 ieiunare
966 2033 1102 2070 coepisset
1112 2033 1132 2067 5,

280 2090 418 2119 supernae
439 2083 679 2120 contemplationis
700 2082 845 2111 dulcedine
874 2081 1062 2110 abundantius
1090 2088 1133 2109 so-

281 2129 329 2157 lito
351 2129 517 2166 superfusus
537 2138 569 2158 ac
590 2130 748 2158 caelestium
764 2128 966 2157 desideriorum
981 2127 1132 2156 ardentiori

280 2175 392 2204 flamma
413 2183 579 2209 succensus,
602 2183 788 2212 supernarum
811 2175 900 2211 coepit
927 2174 1133 2202 immissionum

281 2222 451 2250 cumulatius
472 2222 543 2250 dona
564 2222 675 2251 sentire.
691 2222 843 2250 Ferebatur
857 2220 969 2258 quidem
986 2220 1013 2248 in
1028 2220 1131 2253 altum,

281 2276 336 2297 non
357 2271 389 2297 ut
410 2269 538 2297 curiosus
560 2269 723 2297 maiestatis
741 2271 948 2305 perscrutator
967 2266 1132 2304 opprimen-

282 2315 339 2343 dus
360 2324 379 2344 ct
399 2315 530 2353 ylorz'ctss,
553 2316 599 2344 sed
622 2319 753 2352 tanquam
775 2323 879 2343 servus
898 2313 993 2351 fidelis
1014 2316 1040 2341 et
1057 2321 1132 2350 pru-

282 2362 369 2397 dens,
390 2362 559 2400 investigans
579 2362 783 2399 beneplacitum
804 2361 869 2395 Dei,
894 2361 939 2390 cui
967 2368 996 2389 se
1023 2360 1131 2389 confor-

282 2417 360 2438 mare
381 2409 538 2438 omnimode
559 2417 668 2438 summo
689 2408 853 2446 peroptabat
873 2407 981 2436 ardore.

1269 1236 1295 1263 2.
1318 1234 1474 1263 Immissum
1495 1238 1536 1263 est
1558 1234 1642 1271 igitur
1664 1235 1749 1263 menti
1771 1234 1830 1263 eius
1848 1242 1898 1271 per
1913 1235 2037 1264 divinum

1190 1281 1352 1315 oraculum,
1372 1281 1446 1318 quod
1468 1281 1496 1309 in
1517 1281 1660 1318 apertione
1681 1281 1744 1310 libri
1767 1281 1916 1319 evangelici
1932 1282 2037 1311 revela-

1190 1331 1270 1357 retur
1291 1328 1315 1356 ei
1337 1336 1353 1356 a
1374 1328 1499 1361 Christo,
1521 1328 1587 1364 quid
1601 1328 1610 1344 ⁷
1633 1328 1689 1357 Deo
1704 1328 1730 1356 in
1746 1328 1805 1365 ipso
1819 1332 1846 1357 et
1860 1328 1894 1357 de
1908 1329 1967 1366 ipso
1981 1337 2039 1357 ma-

1191 1375 1266 1403 xime
1287 1375 1358 1403 foret
1378 1377 1532 1411 acceptum.
1555 1374 1686 1403 Oratione
1708 1375 1801 1411 itaque
1815 1383 1878 1403 cum
1894 1375 1982 1404 multa
1996 1376 2039 1404 de·

1190 1422 1300 1450 votione
1321 1422 1488 1458 praemissa,
1510 1430 1621 1450 sacrum
1644 1422 1854 1458 Evangelioruin
1881 1422 1982 1451 librum
2006 1422 2040 1451 de

1190 1469 1270 1497 altari
1292 1473 1415 1498 sumtum
1439 1469 1465 1497 in
1487 1472 1598 1498 sanctae
1626 1469 1767 1498 Trinitatis
1795 1469 1907 1498 nomine
1937 1469 2040 1506 aperiri

1190 1516 1254 1545 fecit
1275 1524 1324 1553 per
1347 1517 1452 1545 socium
1463 1516 1484 1550 ⁸,
1500 1516 1592 1545 virum
1608 1516 1706 1553 utique
1720 1517 1776 1545 Deo
1790 1517 1921 1545 devotum
1936 1520 1963 1545 et
1978 1525 2040 1545 san-

1190 1566 1274 1592 ctum.
1298 1564 1367 1592 Sane
1389 1572 1452 1592 cum
1473 1564 1501 1591 in
1524 1563 1596 1592 trina
1617 1564 1679 1592 libri
1698 1564 1841 1600 apertione
1856 1564 1963 1593 Domini
1979 1572 2040 1602 pas-

1191 1610 1230 1639 sio
1251 1618 1361 1646 semper
1389 1614 1566 1644 occurreret,
1598 1610 1735 1639 intellexit
1768 1611 1810 1639 vir
1838 1611 1894 1640 Deo
1926 1611 2038 1648 plenus,

1190 1657 1265 1693 quod
1287 1657 1358 1685 sicut
1379 1657 1521 1686 Christum
1542 1657 1634 1686 fuerat
1649 1657 1772 1686 imitatus
1786 1657 1815 1686 in
1829 1658 1937 1687 actibus
1952 1658 2038 1693 vitae,

1190 1704 1229 1732 sic
1248 1703 1398 1732 conformis
1418 1704 1443 1733 ei
1464 1711 1524 1732 esse
1545 1704 1658 1733 deberet
1679 1704 1707 1732 in
1729 1704 1924 1733 afflictionibus
1945 1707 1972 1733 et
1992 1704 2040 1734 do-

1191 1750 1298 1779 loribus
1318 1750 1469 1787 passionis,
1491 1753 1640 1788 antequam
1661 1758 1699 1779 ex
1713 1751 1766 1779 hoc
1780 1751 1884 1780 mundo
1900 1752 2038 1781 transiret.

1191 1797 1222 1825 Et
1244 1797 1307 1826 licet
1328 1800 1442 1834 propter
1464 1798 1580 1826 multam
1601 1798 1792 1826 austeritatem
1814 1798 1885 1827 vitae
1907 1798 2040 1835 praeteri-

1191 1846 1234 1873 tae
1255 1844 1404 1881 crucisque
1424 1844 1577 1873 dominicae
1598 1844 1794 1873 baiulationem
1816 1845 1975 1874 continuam
1990 1845 2041 1874 im-

1190 1891 1295 1920 becillis
1316 1894 1389 1920 esset
1409 1891 1463 1919 iam
1485 1899 1618 1928 corpore,
1640 1899 1816 1929 nequaquam
1838 1894 1880 1921 est
1907 1892 2039 1927 territus,

1191 1938 1238 1967 secl
1259 1938 1293 1966 ad
1324 1938 1451 1975 martyrii
1481 1938 1675 1967 sustInentiam
1708 1939 1864 1975 vigorosius
1893 1939 2040 1968 animatus.

1191 1986 1361 2014 Excreverat
1381 1985 1516 2023 siquidem
1538 1986 1567 2014 in
1581 1994 1613 2015 eo
1628 1986 1815 2023 insuperabile
1829 1986 1933 2015 amoris
1948 1986 2040 2016 incen-

1190 2033 1268 2061 dium
1289 2033 1353 2061 boni
1377 2033 1437 2061 Iesu
1459 2032 1487 2061 in
1510 2032 1660 2069 lampades
1685 2033 1763 2070 ignis
1791 2036 1877 2071 atque
1903 2032 2040 2069 flamma-

1190 2088 1276 2113 rum,
1298 2082 1330 2107 ut
1351 2087 1447 2117 aquae
1467 2079 1577 2108 multae
1598 2079 1752 2108 ecto-itatem
1773 2079 1837 2108 eius
1851 2082 1906 2108 tam
1921 2079 2039 2108 validam

1190 2126 1373 2163 eaescz‘nyuere
1394 2134 1452 2154 non
1473 2126 1633 2154 valerent&

1269 2172 1295 2201 3.
1317 2173 1386 2201 Cum
1408 2173 1493 2210 igitur
1507 2173 1660 2209 seraphicis
1674 2173 1875 2202 desideriorum
1891 2173 2039 2202 ardoribus

1190 2227 1303 2248 sursum
1325 2223 1456 2256 ageretur
1477 2219 1505 2248 in
1527 2220 1616 2248 Deum
1641 2222 1668 2248 et
1695 2220 1866 2256 compassiva
1894 2220 2040 2249 dulcedine

1189 2266 1217 2295 in
1238 2274 1303 2295 eum
1324 2266 1581 2300 transformaretur,
1603 2267 1651 2303 qui
1674 2274 1710 2295 ex
1725 2267 1839 2296 caritate
1853 2267 1937 2295 nimia
1952 2267 2040 2296 voluit

1189 2313 1330 2350 crucifigi;
1346 2313 1466 2350 quodam
1482 2321 1562 2342 mane
1577 2313 1651 2342 circa
1664 2313 1765 2342 festum
1781 2313 1962 2342 Exaltationis
1977 2321 2038 2342 san—

1189 2363 1249 2389 ctae
1270 2360 1367 2389 Crucis
1379 2360 1412 2394 ¹⁰,
1433 2360 1502 2389 dum
1523 2362 1617 2389 oraret
1631 2360 1657 2388 in
1673 2360 1760 2389 latere
1778 2360 1895 2394 montis,
1910 2360 1979 2389 vidit
1993 2360 2039 2389 Se-

1189 2407 1259 2444 raph
1282 2415 1369 2435 unum
1392 2415 1442 2436 sex
1470 2407 1527 2436 alas
1559 2407 1706 2436 habentem
1737 2410 1794 2435 tam
1825 2407 1924 2444 ignitas
1955 2414 2039 2444 quam

346 2623 354 2635 ¹
373 2623 416 2646 Cir.
435 2630 505 2652 supra
523 2630 542 2646 c.
560 2624 581 2646 3.
599 2630 622 2646 n.
643 2624 678 2646 lO.
696 2624 718 2646 in
736 2624 788 2646 fine.

347 2660 355 2674 ²
373 2662 418 2685 Cl'r.
436 2662 521 2685 Tliom.
537 2668 550 2684 a
567 2662 662 2691 Celanoy
681 2662 732 2685 Vita
751 2663 765 2684 1.
784 2668 808 2690 p.
825 2663 839 2684 l.
857 2668 877 2684 c.
899 2662 937 2690 18,
955 2665 977 2684 et
994 2668 1016 2690 p.
1034 2662 1058 2684 ll.
1076 2667 1096 2684 c.
1108 2661 1132 2690 3;

286 2700 335 2723 Vita
355 2701 379 2723 ll.
395 2707 417 2729 p.
436 2702 460 2724 ll.
477 2707 496 2723 c.
516 2701 553 2723 110.
570 2704 592 2723 et
610 2707 632 2729 p.
651 2702 682 2723 lll.
700 2707 720 2723 c.
737 2701 821 2728 75-77;
838 2700 946 2729 Legenda
964 2701 1033 2723 trium
1055 2700 1133 2723 Socio-

284 2746 350 2768 rum,
367 2745 386 2762 c.
406 2740 442 2762 1l7.

347 2777 356 2790 ³
373 2779 430 2801 Gen.
447 2779 490 2806 28,
509 2779 551 2801 νΙ2;
570 2779 678 2808 Viditque
696 2778 781 2808 [Iacob]
800 2779 822 2801 in
839 2779 927 2801 somnis
939 2779 1048 2801 scalam...
1061 2778 1134 2806 Ange-

284 2817 318 2839 los
334 2823 429 2846 quoque
446 2818 487 2840 Dei
504 2818 654 2840 ascendentes
666 2820 688 2840 et
699 2818 867 2840 descendentes
880 2823 921 2846 per
933 2823 992 2839 eam.
1005 2817 1048 2840 Csr.
1060 2817 1134 2839 Wad-

285 2856 361 2884 ding.‚
379 2857 422 2879 loc.
439 2857 489 2884 cit.,
507 2857 537 2879 ad
554 2863 590 2879 an.
612 2856 683 2884 1224,
700 2863 724 2879 n.
741 2858 762 2879 2.

347 2894 357 2906 4
373 2895 438 2917 Anno
456 2895 524 2917 11224.
541 2895 586 2917 Cir.
604 2895 742 2923 Wadding.,
760 2896 802 2917 loc.
820 2895 869 2923 cic,
882 2894 913 2917 ad
924 2900 960 2917 an.
974 2894 1047 2922 1224,
1058 2901 1080 2916 n.
1097 2894 1132 2916 15.

285 2940 351 2962 seqq.
369 2946 397 2949 -
415 2933 518 2956 Subinde
542 2934 663 2962 respicitur
686 2935 762 2957 Matth.
782 2934 821 2962 -17,
841 2935 861 2956 l.
879 2940 941 2963 seq.,
964 2933 1005 2956 ubi
1030 2933 1134 2957 Christus

285 2972 350 2994 duxit
365 2972 456 2994 Petrum
464 2990 470 3000 ‚
487 2972 596 2995 Iacobum
608 2976 630 2995 et
642 2973 750 2995 loannem
771 2982 782 2993 ι(
794 2973 816 2995 in
829 2975 932 2996 montem
944 2973 1060 2995 excelsum
1072 2978 1135 2995 seor-

285 3017 338 3033 sum
354 3013 377 3033 et
394 3011 569 3039 transfiguratus
586 3014 620 3034 est
637 3014 689 3034 ante
705 3012 755 3034 illos
767 3020 788 3034 ».

1254 2621 1263 2634 ⁵
1280 2621 1326 2645 Csr.
1342 2628 1413 2650 supra
1431 2627 1485 2649 pag.
1504 2621 1562 2648 530,
1580 2623 1633 2644 nota
1651 2621 1688 2643 110.

1254 2660 1263 2674 θ
1280 2661 1348 2684 Prov.
1366 2661 1408 2689 25,
1426 2660 1467 2683 27:
1486 2660 1549 2682 Sicut
1565 2660 1606 2689 qui
1623 2660 1667 2682 mel
1685 2661 1783 2682 multum
1806 2660 1919 2687 comedit,
1937 2666 1984 2682 non
2005 2664 2039 2682 est

1190 2701 1211 2722 ei
1228 2700 1329 2728 bonum;
1347 2700 1379 2722 sic
1396 2700 1436 2729 qui
1454 2702 1567 2722 scrutator
1584 2701 1619 2721 est
1635 2699 1761 2721 maiestatis
1778 2699 1922 2727 opprimetur
1934 2705 1947 2721 a
1959 2699 2038 2727 gloria.

1190 2752 1221 2756 —
1238 2740 1315 2762 lllatth.
1333 2739 1376 2766 24,
1394 2739 1435 2761 45:
1449 2739 1516 2767 Quis,
1529 2741 1608 2767 putas,
1621 2741 1655 2761 est
1666 2738 1741 2760 fidelis
1752 2744 1834 2760 servus
1847 2740 1869 2760 et
1880 2738 1985 2766 prudens
1996 2740 2037 2760 etc.

1254 2777 1263 2790 ⁷
1280 2778 1335 2800 Acta
1354 2778 1393 2800 SS.
1410 2777 1480 2807 quod.

1253 2816 1262 2829 Β
1279 2817 1313 2839 Fr.
1331 2818 1446 2844 Leonem,
1463 2819 1489 2839 ut
1504 2818 1568 2839 notat
1585 2816 1724 2844 Wadding.,
1742 2816 1784 2838 loc.
1802 2816 1851 2843 cit.‚
1868 2815 1896 2838 ad
1915 2821 1951 2838 an.
1965 2815 2037 2843 11224,

1190 2862 1213 2878 n.
1230 2856 1253 2878 9.
1767 2868 1770 2869 ν

1254 2893 1263 2907 ⁹
1280 2894 1344 2918 Cant.
1363 2895 1389 2922 8,
1407 2894 1429 2917 6.
1446 2900 1494 2923 seq.
1512 2894 1562 2926 Csr.
1575 2894 1715 2921 Wadding.,
1738 2894 1782 2916 loc.
1804 2894 1854 2921 cIt.‚
1871 2900 1893 2915 n.
1911 2893 1949 2916 34.
1970 2899 2036 2922 seqq.

1192 2946 1221 2950 —-
1238 2934 1350 2961 Superius
1367 2940 1409 2961 pro
1426 2932 1541 2963 siquidem
1560 2933 1598 2959 (ita
1615 2932 1646 2962 K)
1664 2933 1718 2955 edd.
1730 2938 1783 2955 cum
1795 2932 1844 2955 aliis
1855 2932 1924 2955 codd.
1937 2931 2037 2962 quidem.

1254 2971 1273 2984 ¹⁰
1291 2972 1358 3000 Quod
1375 2971 1503 2994 celebratur
1521 2972 1529 2993 ,1
1537 2971 1558 2994 4.
1571 2971 1634 2999 Sept.
1645 2984 1675 2988 —
1687 2971 1720 2993 De
1732 2971 1820 2999 Seraph
1831 2977 1870 2993 sex
1881 2971 1928 2993 alas
1941 2969 2037 2993 habente

1191 3011 1232 3034 cfr.
1250 3011 1300 3033 lsai.
1317 3011 1344 3039 6,
1362 3012 1383 3033 2.

2053 1239 2113 1259 Revelz

2115 1243 2133 1260 Iri

2058 1263 2116 1290 proxiil
2124 1269 2133 1284 ε,

2072 1286 2128 1306 milito

2054 1314 2095 1328 cum
2105 1311 2133 1330 (Ἕω

2085 1338 2121 1357 pai.

2055 2174 2110 2222 saa

2056 2222 2113 2241 cifixul

2118 2175 2132 2236 ir
