2133 3317
247 227 303 256 346

102 313 188 356 Obiecmtio
199 313 237 337 pri
249 305 433 342 receptionem
449 304 541 332 denuo
555 302 714 338 denegare?
729 300 798 329 Cum
813 300 885 328 enim
901 299 996 328 Ordo
990 307 1017 327 in
1033 307 1097 336 pro-

138 594 231 613 Secunda.

162 734 231 753 Tertia.

157 1346 233 1370 Quarta.

106 1863 202 1886 Principia
210 1868 240 1886 ge-

118 1887 188 1906 neralia
212 1892 240 1905 re-

117 1910 231 1934 sponsionis,

129 2144 226 2171 Resplntio

144 2173 211 2192 prima.

143 2332 236 2351 Secunda.

247 352 364 381 sessione
386 358 466 379 versa
488 349 546 377 vice
568 356 596 377 se
611 347 788 384 obligaverit
809 349 855 380 ut,
874 346 946 375 sicut
966 346 1012 374 ille
1027 353 1098 374 sem-

248 407 298 437 pe1
319 399 419 435 ligatus
440 399 512 426 esset
526 395 636 429 Ordini,
658 395 696 423 ita
716 394 798 423 etiam
820 402 834 422 e
853 401 1002 427 converso;
1023 393 1098 422 vide-

248 450 305 480 tur,
327 444 401 482 quod
422 443 496 472 Ordo
524 445 635 471 tenetur
657 449 766 478 semper
793 441 934 478 recipere,
953 441 974 469 si
997 440 1097 477 exigit,

248 501 283 522 ne
304 492 472 530 promissum
494 497 577 519 suum
596 489 722 517 videatur
744 488 868 522 irritare,
891 488 913 516 si
934 487 1019 516 nollet
1034 494 1098 515 eum

248 544 355 573 tenere,
377 545 459 575 quem
481 535 666 573 spoponderat
681 542 824 572 nunquam
846 534 1048 571 derelinquere.
1061 549 1098 554 —

248 586 364 615 Videtur
377 586 396 619 ¹,
418 583 492 621 quod
514 583 588 611 Ordo
606 590 660 611 non
683 582 770 619 possit
792 582 872 610 talem
902 581 1044 610 licentiare
1065 580 1099 609 ad

248 634 333 662 alium
365 631 510 665 Ordinem,
533 630 599 667 quia
629 638 683 658 non
706 629 827 658 inveniet
858 629 921 657 alibi
951 628 1025 665 quod
1055 627 1100 656 bic

248 679 390 718 promisit,
413 681 440 707 et
460 679 498 706 ita
518 677 621 706 faceret
635 684 700 705 eum
722 676 776 704 voti
800 676 841 704 sui
864 679 1098 712 transgressorem

249 731 275 756 et
297 727 335 755 sic
364 728 498 763 peccaret.
523 741 558 744 —
584 723 700 752 Videtur
726 723 822 756 etiam,
851 722 926 759 quod
957 729 1021 750 cum
1050 721 1100 749 iste

249 783 303 803 non
326 774 411 811 possit
426 772 553 809 compelli
575 771 609 799 ad
624 771 708 799 alium
731 770 879 803 Ordinem,
902 777 965 798 cum
987 769 1055 797 nulli
1072 776 1100 797 se

249 821 345 850 Ordini
367 819 531 857 obligaverit
552 818 604 847 nisi
626 818 684 852 isti,
706 820 733 846 et
755 825 809 845 non
831 817 929 845 debeat
950 816 1008 853 cogi
1031 815 1100 844 invi-

249 872 295 898 tus
316 868 349 897 ad
371 867 445 904 quod
467 874 496 895 se
518 865 595 894 nullo
614 868 677 893 voto
698 864 813 893 strinxit
824 863 845 897 2,
866 863 948 892 etiam
971 863 993 891 si
1015 862 1100 891 alium

249 915 381 944 Ordinem
405 913 542 942 inveniret
564 912 607 941 isti
634 912 791 949 aequalem;
813 910 922 939 videtur
948 909 1022 938 Ordo
1050 909 1101 937 iste

249 971 309 992 esse
331 962 357 990 in
380 962 475 998 culpa,
497 960 519 989 si
541 960 603 988 talis
622 962 738 996 vagetur
760 959 787 987 in
810 957 933 991 saeculo,
955 965 1018 985 cum
1034 956 1102 984 nolit

248 1018 313 1039 eum
335 1009 459 1045 recipere
488 1010 625 1044 petentem
654 1009 681 1034 et
712 1005 745 1034 ad
775 1005 860 1033 alium
886 1004 1017 1032 Ordinem
1047 1011 1102 1031 non

249 1057 346 1086 debeat
369 1056 411 1085 vel
434 1064 488 1084 non
521 1054 606 1091 possit
628 1061 692 1082 eum
718 1052 903 1089 compellere3
926 1054 953 1079 et
978 1050 998 1079 si
1022 1050 1102 1087 punit

248 1113 312 1134 eum
334 1104 377 1133 vel
406 1102 645 1135 excommunicat,
667 1100 741 1138 quod
764 1099 913 1128 iniurietur
935 1099 974 1132 ei,
1001 1098 1101 1131 immo,

249 1153 270 1181 si
293 1160 346 1180 non
369 1153 479 1180 tenetur
501 1158 565 1178 eum
580 1148 655 1177 Ordo
677 1148 801 1184 recipere
815 1154 865 1175 nec
887 1146 960 1181 vult,
983 1146 1035 1174 iam
1052 1153 1102 1182 pu-

249 1200 289 1228 nit
311 1207 364 1227 non
386 1205 469 1227 suum
498 1196 660 1229 subditum,
690 1198 716 1223 et
748 1195 768 1223 si
801 1194 882 1231 punit
910 1201 973 1222 eum
1005 1201 1103 1229 corpo-

249 1246 345 1275 raliter
361 1244 506 1282 capiendo,
530 1243 572 1272 vel
588 1241 759 1279 castigando,
776 1241 885 1270 videtur
901 1240 927 1268 in
947 1247 1079 1269 canonem
1092 1239 1102 1256 ³

249 1293 371 1322 incidere
393 1292 445 1320 iam
468 1291 538 1319 latae
553 1289 716 1323 sententiae,
734 1296 798 1317 cum
813 1288 848 1316 sit
863 1287 981 1316 clericus
996 1287 1037 1315 vel
1054 1287 1103 1315 Re-

251 1339 364 1378 gularis.
381 1355 418 1360 —
433 1338 459 1366 Si
475 1341 568 1366 autem
590 1335 664 1365 Ordo
686 1344 740 1364 non
763 1335 822 1363 vult
837 1343 901 1363 eum
924 1334 1061 1370 recipere,
1077 1336 1104 1362 et

252 1395 305 1415 non
329 1385 471 1419 convenit,
493 1392 557 1413 eum
580 1383 660 1411 aliam
677 1382 844 1419 Religionem
860 1381 977 1415 intrare,
1000 1380 1043 1409 vel
1058 1380 1103 1408 alii

251 1434 350 1462 nolunt
370 1440 434 1461 eum
461 1431 598 1468 recipere,
626 1430 659 1458 ad
682 1438 753 1467 quos
773 1429 929 1458 licentiatus
951 1431 992 1457 est
1014 1431 1103 1456 trans-

251 1481 305 1514 ire,
328 1482 355 1509 et
383 1487 432 1516 per
459 1479 511 1507 hoc
539 1486 555 1506 a
583 1477 726 1506 Fratribus
752 1476 854 1513 ligatur
879 1474 1105 1504 excommunica—

251 1527 338 1561 tione,
361 1526 403 1554 vel
425 1533 479 1553 non
506 1524 676 1558 absolvitur;
700 1523 813 1560 ponitur
838 1522 866 1550 in
888 1522 1019 1559 laqueum
1041 1529 1104 1558 per-

250 1573 392 1611 plexitatis
408 1571 622 1605 inextricabilis,
637 1574 669 1599 ut
689 1570 767 1607 quasi
784 1578 820 1598 ex
834 1569 909 1598 omni
931 1572 1010 1606 parte
1025 1576 1105 1605 prae-

251 1621 328 1649 clusa
349 1620 384 1649 sit
412 1619 436 1648 ei
466 1619 509 1647 via
540 1618 655 1652 salutis,
684 1617 758 1654 quod
787 1616 888 1645 volenti
918 1615 1017 1644 salvari
1050 1623 1104 1643 non

250 1670 342 1705 potest
362 1667 406 1696 vel
420 1674 474 1695 non
497 1666 578 1695 debet
593 1665 666 1699 fieri,
688 1664 754 1701 quia
769 1664 857 1692 Lucae
872 1663 968 1691 nono4
986 1662 1103 1691 dicitur:

251 1714 348 1744 Filius
376 1713 502 1742 hominis
534 1722 593 1741 nou
624 1712 702 1740 veuit
733 1711 853 1740 animas
882 1710 1025 1748 perdere,
1056 1709 1106 1738 sed

251 1762 377 1790 salvare.

330 1809 365 1837 Ut
386 1815 470 1845 super
492 1807 536 1836 his
557 1806 679 1844 apertior
698 1808 790 1843 pateat
811 1805 894 1839 ratio,
917 1804 983 1842 quid
1009 1804 1105 1833 Ordini

253 1856 297 1885 vel
318 1863 429 1893 egresso
451 1854 606 1883 faciendum
629 1853 664 1882 sit
679 1854 706 1882 in
726 1852 800 1887 istis,
822 1855 887 1881 nota
902 1852 922 1886 ⁵,
944 1851 1019 1889 quod
1041 1859 1104 1880 cum

253 1903 354 1941 aliquis
376 1903 533 1940 ingressum
562 1901 630 1938 petit
658 1900 738 1929 istius
759 1899 884 1933 Ordinis,
913 1899 935 1928 si
957 1898 1105 1935 recipitur,

253 1951 285 1979 fit
305 1950 329 1979 ei
350 1957 450 1986 magna
471 1948 561 1986 gratia
575 1949 618 1977 vel
641 1947 804 1984 multiplex,
826 1946 892 1983 quia
906 1946 940 1974 de
961 1945 1106 1982 naufragio

253 1997 357 2034 peccati
379 1996 498 2032 eripitur
513 1998 540 2024 et
562 1995 683 2023 sociatur
705 1994 816 2022 illorum
833 1993 962 2030 collegio,
984 1992 1033 2030 qui
1047 2000 1106 2020 am-

253 2044 351 2073 bulant
372 2044 400 2072 in
423 2043 467 2071 via
485 2043 547 2077 Dei,
570 2042 617 2071 tali
633 2041 801 2075 conditione,
824 2043 857 2069 ut
877 2043 904 2069 et
919 2040 977 2077 ipse
998 2039 1106 2077 gradia-

254 2094 301 2119 tur
316 2091 344 2119 in
359 2090 454 2119 eadem
470 2089 513 2118 via
528 2097 591 2117 cum
613 2088 665 2122 eis,
681 2087 816 2116 servando
832 2087 889 2121 illa,
905 2089 1019 2123 propter
1034 2094 1106 2123 quae

255 2138 330 2167 Ordo
345 2140 387 2167 est
404 2137 557 2165 institutus.
573 2135 711 2171 Quamdiu
726 2134 811 2171 igitur
827 2134 865 2163 sic
880 2134 1016 2170 graditur,
1032 2136 1106 2170 post-

255 2193 339 2222 quam
361 2184 393 2213 ad
416 2183 615 2221 professionem
630 2184 759 2218 receptus
780 2184 834 2215 est,
857 2189 911 2209 non
933 2182 1024 2217 potest
1041 2187 1105 2208 eum

255 2232 330 2261 Ordo
351 2231 484 2265 abiicere,
512 2230 591 2267 quia,
613 2229 685 2257 516111
706 2229 765 2265 11)56
794 2228 847 2256 iam
871 2228 971 2265 ligatus
992 2230 1034 2256 est
1054 2226 1107 2255 Or-

255 2279 327 2313 dini,
349 2279 387 2307 ita
414 2281 442 2307 et
463 2285 477 2306 e
497 2284 646 2310 converso,
668 2278 700 2304 ut
721 2278 852 2304 neutrum
881 2275 962 2303 liceat
986 2274 1105 2303 alterum

254 2326 414 2363 relinquere
436 2325 493 2354 ullo
507 2324 596 2353 modo.
613 2340 650 2343 —
665 2323 690 2351 Si
706 2326 799 2351 autem
814 2322 909 2350 Frater
923 2321 1003 2350 311161·
1018 2320 1105 2355 vivat,

256 2381 340 2411 (1113111
363 2372 426 2401 11661
447 2372 475 2400 111
496 2370 613 2405 Ordine,
635 2373 662 2399 et
683 2369 794 2406 saepius
815 2371 974 2402 correctus,
1001 2376 1030 2397 se
1052 2375 1105 2396 non

255 2420 426 2449 sufficienter
447 2417 620 2452 correxerit3
642 2417 664 2446 si
686 2424 819 2446 excessus
844 2414 974 2444 occultus
995 2414 1043 2448 sit,
1065 2417 1105 2442 to-

615 223 812 252 OPUSCULUM
834 222 897 250 Xlll.
920 220 1231 250 DETERMINATIONES
1252 220 1496 258 QUAESTIONUM.
1519 221 1599 250 PARS
1622 221 1638 249 1.

1155 299 1261 327 leretur
1282 302 1309 327 et
1337 307 1401 327 611111
1427 299 1548 333 63111613,
1575 302 1688 336 propter
1717 299 1891 333 scandalum,
1920 307 1954 327 ne
1982 300 2003 329 si

1154 345 1331 380 abjiceretur,
1364 353 1427 374 cum
1459 346 1520 374 eius
1551 346 1632 382 culpa
1653 354 1707 374 non
1730 348 1834 382 pateat,
1864 345 2004 375 videretur

1155 392 1256 420 iniuste
1277 392 1407 429 punitus,
1429 395 1478 421 aut
1499 395 1641 429 peccatum
1671 392 1773 421 iniuste
1794 392 2004 429 propalaretur,

1155 438 1230 476 quod
1252 442 1406 476 utrumque
1427 439 1553 467 illicitum
1576 439 1694 468 videtur.
1718 456 1755 460 ——
1774 439 1800 467 Si
1822 447 1889 467 vero
1910 447 2005 468 exces—

1155 494 1203 514 sus
1225 486 1285 515 eius
1304 494 1410 523 graves
1432 485 1536 514 fuerint
1560 490 1586 515 et
1615 486 1740 519 71010711,
1771 486 1844 523 (111011
1873 486 1918 514 3111
1947 487 2007 515 61115

1156 533 1284 569 exemplo
1312 533 1418 569 possint
1439 532 1529 567 infici,
1558 533 1579 561 si
1602 533 1755 562 retineatur
1777 533 1804 561 in
1833 533 1951 568 Ordine,
1981 536 2008 562 et

1156 579 1281 608 extranei
1305 579 1535 614 scandalizentur,
1550 580 1624 616 quod
1639 580 1701 609 talis
1722 580 1751 608 in
1772 580 1875 609 Ordine
1890 580 2007 610 sustine—

1157 630 1249 661 retur;
1275 630 1334 655 tum
1352 630 1465 663 propter
1487 626 1670 655 auferendum
1686 627 1846 655 scandalum
1870 630 1927 655 tum
1944 636 2007 664 pro-

1156 677 1218 710 pter
1245 673 1452 710 corruptionem
1475 673 1586 702 Ordinis
1609 674 1827 711 praecavendam
1848 674 1929 702 debet
1947 675 2008 704 eiici

1157 721 1363 758 praevaricator
1385 721 1441 749 voti
1462 723 1490 749 et
1510 721 1581 757 pacti
1611 721 1672 755 sui;
1695 721 1761 758 quia
1782 721 1836 749 iam
1858 721 1932 749 Ordo
1954 730 2008 751 non

1157 771 1268 797 tenetur
1290 768 1313 797 ei
1329 768 1362 796 de
1378 768 1514 804 promisso
1536 768 1644 796 tenendi
1661 776 1725 797 eum
1747 776 1855 803 secum,
1875 770 1922 807 qui
1945 777 2008 806 pro-

1158 815 1273 844 missum
1295 823 1378 843 suum
1408 815 1624 852 praevaricando
1652 815 1758 852 pluries
1786 816 1913 851 violavit,
1945 824 2009 845 cum

1158 862 1218 891 ideo
1240 863 1275 891 sit
1296 865 1411 891 vocatus
1435 862 1527 896 Ordo,
1549 862 1624 899 quod
1645 862 1683 890 nil
1708 862 1735 891 in
1764 871 1793 892 se
1822 863 2008 893 inordinatum

1158 909 1280 946 patiatur
1292 909 1311 937 ⁶.
1327 925 1366 929 —
1381 909 1497 945 Quodsi,
1514 909 1569 938 Deo
1584 909 1776 946 permittente,
1792 910 1853 939 talis
1868 918 1897 939 se
1918 911 2010 947 ipsum

1158 957 1282 991 eiiceret,
1304 956 1408 994 gratiae
1430 959 1495 985 sunt
1517 956 1573 985 Deo
1594 956 1768 991 referendae,
1791 965 1845 986 non
1871 958 1937 994 quia
1964 958 2010 987 ille

1159 1004 1298 1041 peccavit,
1321 1003 1366 1032 sed
1389 1003 1464 1040 quod
1485 1011 1550 1032 oves
1572 1011 1637 1032 suas
1657 1012 1673 1032 a
1694 1004 1825 1040 pestifera
1849 1005 2010 1042 contagione

1159 1050 1272 1085 liberat;
1295 1050 1329 1079 ad
1350 1050 1458 1079 Galatas
1485 1050 1620 1087 quint0⁷z
1648 1050 1765 1079 Utinam
1795 1051 2011 1080 abscindantur

1159 1098 1211 1136 qui
1231 1106 1282 1126 vos
1303 1097 1492 1131 conturbant,
1515 1097 1619 1126 scilicet
1640 1097 1790 1134 puritatem
1811 1100 1948 1132 vestram,
1963 1106 2010 1135 pa—

1159 1152 1219 1173 cem
1244 1147 1271 1172 61
1292 1144 1455 1172 1111113111.-
1480 1144 1506 1172 Si
1528 1147 1619 1172 autem
1642 1144 1791 1181 allegatur,
1813 1144 1888 1181 quod
1908 1144 2010 1173 misero

1159 1195 1201 1220 est
1222 1191 1362 1220 miseratio
1376 1191 1544 1225 adhibenda,
1567 1191 1715 1220 utiterum
1737 1191 1888 1228 recipiatur
1910 1191 1937 1219 in
1959 1190 2011 1219 Or-

1159 1239 1268 1273 dinem;
1291 1238 1343 1267 dici
1366 1241 1471 1275 potest:
1487 1238 1607 1267 crudelis
1629 1242 1668 1267 est
1685 1239 1839 1273 miseratio,
1860 1238 1934 1268 unde
1949 1239 2011 1276 plu-

1160 1294 1205 1315 res
1232 1289 1260 1314 et
1291 1285 1419 1314 meliores
1447 1285 1569 1322 graviter
1594 1285 1773 1314 offenduntur
1799 1302 1835 1306 —-
1861 1286 1932 1315 sicut
1963 1285 2012 1323 qui

1160 1333 1251 1361 furem
1286 1332 1415 1361 liberaret
1430 1331 1450 1366 Β,
1483 1332 1556 1361 unde
1587 1340 1725 1369 pauperes
1759 1333 1946 1369 spoliarentur
1974 1348 2011 1353 —

1161 1380 1283 1408 maxime
1311 1387 1376 1408 cum
1397 1379 1477 1413 tales,
1507 1379 1588 1416 longo
1620 1387 1673 1408 usu
1702 1379 1841 1416 tepefacti,
1870 1380 2013 1409 rarissime

1161 1435 1227 1456 vere
1248 1430 1275 1455 et
1289 1429 1501 1464 perseveranter
1523 1427 1719 1461 emendentur,
1735 1430 1762 1456 et
1783 1427 1870 1456 facilis
1884 1426 2011 1456 remissio

1160 1474 1221 1503 aliis
1242 1474 1384 1502 audaciam
1400 1474 1532 1510 praebeat
1546 1473 1732 1511 delinquendi.
1748 1490 1785 1495 —
1801 1474 1854 1503 Nec
1869 1477 1958 1511 potest
1973 1474 2010 1503 al-

1162 1522 1263 1558 legare,
1279 1521 1328 1549 sibi
1345 1520 1405 1549 fieri
1418 1521 1428 1537 ²³
1444 1521 1588 1554 iniuriam,
1604 1521 1625 1549 si
1641 1529 1695 1549 non
1711 1521 1859 1558 recipitur,
1874 1521 1940 1558 quia
1955 1521 2013 1558 ipse

1162 1568 1244 1597 talem
1266 1576 1295 1596 se
1316 1567 1379 1596 fecit
1400 1575 1437 1596 ex
1459 1568 1541 1604 culpa
1563 1568 1691 1604 propria,
1713 1568 1788 1605 quod
1809 1568 1893 1605 recipi
1916 1568 1952 1597 sit
1972 1568 2014 1596 in-

1161 1615 1276 1652 dignus,
1298 1615 1365 1652 quin
1389 1614 1483 1651 potius
1504 1614 1578 1643 Ordo
1593 1615 1677 1644 hahet
1697 1623 1809 1644 causam
1831 1618 1927 1644 contra
1948 1623 2013 1644 eum

1162 1662 1276 1699 agendi,
1312 1670 1363 1698 pro
1398 1669 1430 1690 eo
1461 1661 1535 1698 quod
1567 1662 1606 1690 sic
1637 1669 1666 1690 se
1699 1662 1908 1697 dehonestavit;
1940 1662 2014 1691 unde

1163 1712 1254 1746 potest
1274 1717 1339 1738 eum
1361 1709 1463 1746 punire
1483 1717 1535 1746 pro
1549 1709 1671 1743 meritis,
1693 1709 1736 1738 vel
1758 1709 1868 1738 tradere
1889 1709 1934 1738 cui
1956 1717 2014 1738 ser—

1163 1757 1247 1791 vivit,
1269 1756 1320 1785 nisi
1342 1756 1424 1785 faciat
1438 1756 1513 1793 quod
1528 1759 1648 1785 tenetur.
1662 1773 1701 1776 —
1716 1756 1799 1785 Sedes
1817 1756 1891 1785 enim
1905 1759 2014 1793 aposto-

1163 1804 1230 1838 lica,
1253 1811 1324 1841 quae
1346 1803 1389 1832 ius
1411 1811 1494 1832 suum
1515 1803 1669 1840 unicuique
1690 1805 1783 1832 servat
1797 1806 1824 1832 et
1838 1803 1911 1838 vult,
1933 1803 2014 1832 Ordi-

1164 1859 1227 1880 nem
1250 1851 1277 1880 in
1299 1859 1350 1880 sua
1372 1851 1493 1888 puritate
1521 1850 1683 1887 persistere,
1704 1859 1759 1879 non
1782 1850 1855 1888 cogit
1882 1850 2014 1879 Ordinem

1163 1901 1258 1927 tenere
1279 1898 1340 1927 illos
1365 1906 1486 1935 quorum
1506 1898 1678 1927 conversatio
1700 1897 1796 1927 nociva
1821 1899 1893 1926 esset
1913 1897 1942 1926 in
1963 1896 2015 1926 Or-

1162 1945 1239 1979 dine,
1261 1945 1327 1982 quia
1347 1948 1415 1973 tunc
1446 1945 1559 1982 puniret
1590 1945 1750 1974 innocentes
1771 1947 1798 1974 et
1826 1952 1888 1974 reos
1908 1944 2015 1973 foveret

1163 1996 1190 2022 et
1210 1992 1382 2021 occasionem
1415 1992 1493 2021 daret
1521 1991 1633 2021 Ordinis
1661 1991 1833 2028 corruptioni
1865 1999 1915 2028 per
1947 1991 2015 2021 tales

1163 2039 1321 2077 pestiferos,
1347 2039 1368 2068 si
1394 2047 1441 2068 eos
1466 2039 1550 2075 recipi
1576 2041 1725 2076 oporteret.
1748 2038 1799 2068 Sed
1817 2046 1852 2067 116
1873 2038 2015 2067 damnabi-

1163 2087 1226 2115 liter
1248 2089 1383 2122 vagentur
1412 2086 1438 2114 in
1461 2086 1585 2120 saeculo,
1613 2093 1649 2114 ex
1671 2086 1760 2123 gratia
1781 2085 1857 2114 Sedis
1885 2085 2014 2122 apostoli-

1163 2141 1211 2162 cae
1236 2132 1311 2161 Ordo
1332 2132 1378 2161 dat
1404 2132 1443 2161 eis
1471 2132 1623 2166 licentiam,
1645 2140 1716 2169 quos
1744 2131 1847 2160 iudicat
1867 2140 1921 2160 non
1944 2132 2014 2161 reci-

1162 2179 1276 2216 piendos
1297 2187 1370 2213 esse,
1385 2179 1419 2207 ad
1433 2179 1518 2207 alium
1533 2178 1664 2207 Ordinem
1686 2178 1902 2207 determinatum
1923 2180 2014 2207 trans-

1162 2225 1259 2260 eundi,
1285 2225 1333 2254 ubi
1360 2225 1515 2259 salventur,
1544 2225 1578 2254 ad
1606 2233 1690 2262 quem
1719 2225 1800 2254 etiam
1826 2225 1946 2254 transire
1973 2228 2014 2253 te-

1162 2276 1282 2307 nentur,
1314 2273 1335 2301 si
1368 2273 1493 2309 possint,
1524 2272 1647 2309 alioquin
1679 2280 1734 2301 non
1765 2275 1849 2301 erunt
1881 2272 1907 2300 in
1939 2274 2014 2301 statu

1163 2320 1275 2354 salutis;
1298 2320 1370 2348 sicut
1391 2320 1451 2353 Lot,
1473 2327 1528 2348 non
1550 2319 1645 2348 volens
1665 2321 1787 2348 montem
1815 2318 2013 2353 conscendere,

1163 2366 1330 2395 concedente
1351 2367 1471 2404 AngeIO,
1504 2367 1531 2395 in
1567 2366 1651 2403 Segor
1687 2366 1804 2403 parvula
1838 2365 1961 2395 salvatur
1981 2365 2012 2394 ¹⁰.

1163 2413 1277 2451 Propria
1305 2413 1471 2442 auctoritate
1498 2421 1552 2442 non
1575 2416 1692 2450 possunt
1716 2412 1848 2442 Ordinem
1868 2412 2012 2447 deserere,

319 2562 326 2574 ¹
345 2562 402 2585 Edd.
424 2560 521 2584 Videtur
538 2560 617 2583 etiam.

318 2600 327 2613 ²
346 2601 402 2623 Edd.
420 2599 547 2627 (κί’-1110311,
570 2601 592 2621 61
614 2598 707 2621 inferius
725 2598 775 2620 Vat.
803 2597 899 2620 Videtur
917 2597 988 2620 etiam
1008 2604 1051 2625 pro
1073 2597 1107 2620 vi-

258 2641 334 2664 detur.

318 2678 327 2691 ³
345 2679 389 2708 Qui
407 2678 527 2701 exhibetur
544 2678 617 2701 Causa
638 2677 673 2699 Ἰ17.
690 2683 714 2705 (1.
732 2677 753 2699 4.
770 2682 791 2699 c.
808 2677 853 2698 ⁴29:
873 2676 895 2698 Si
913 2676 977 2705 quis,
994 2676 1107 2698 suadente

256 2718 362 2746 diabolo,
375 2718 442 2740 liuius
454 2717 567 2745 sacrilegii
580 2719 668 2739 reatum
687 2716 816 2743 incurrerit,
833 2715 897 2744 quod
910 2715 931 2737 in
948 2715 1057 2738 clericum
1070 2715 1107 2737 vel

257 2759 397 2780 monachum
414 2757 526 2779 violentas
538 2762 621 2778 manus
633 2755 746 2783 iniecerit,
758 2755 912 2777 anathematis
922 2755 1015 2777 vinculo
1031 2754 1108 2777 subia-

257 2799 307 2819 ceat
324 2799 366 2819 etc.
384 2796 430 2819 Csr.
448 2797 475 2818 V.
488 2796 576 2818 Decret.
594 2796 691 2823 Gregor.
703 2795 740 2817 lX.
759 2795 792 2817 tit.
804 2801 826 2816 n.
839 2794 877 2816 39.
894 2800 915 2816 c.
933 2794 954 2816 1.
965 2806 996 2810 -
1012 2793 1107 2816 Inferius

258 2842 301 2864 pro
318 2841 367 2858 uon
384 2834 504 2863 convenit,
521 2841 575 2857 eum
592 2834 608 2857 C
625 2840 673 2857 71οη
690 2833 799 2857 convenit
814 2833 842 2856 ei.

321 2873 330 2886 ί
348 2874 414 2896 Vers.
431 2874 468 2896 56.
485 2887 516 2890 —
533 2874 645 2901 Superius
670 2880 713 2901 pro
731 2871 905 2896 inextricabilis
931 2872 971 2901 (ita
989 2872 1014 2901 B)
1038 2871 1074 2894 ed.
1094 2872 1102 2893 fl

259 2912 486 2941 inexterminabilis,
506 2913 556 2935 Vat.
573 2912 767 2939 interminabilis,
784 2911 828 2935 AC
846 2910 1056 2941 ineoestinquibz'tz's.

322 2950 331 2963 ⁵
349 2951 406 2974 Cod.
422 2950 439 2973 C
455 2950 592 2980 respondeo.
610 2951 704 2973 Inferius
721 2957 763 2979 pro
781 2950 838 2980 quia
855 2949 882 2973 cle
901 2949 1033 2979 naufragio
1051 2949 1105 2972 edd.

259 2991 281 3013 et
298 2989 325 3012 de
342 2989 483 3019 naufraqz'o.

322 3027 331 3041 Β
348 3028 454 3056 Origen.,
471 3028 493 3050 in
510 3028 577 3050 Num.
595 3028 673 3050 homil.
691 3029 713 3050 2.
730 3034 751 3050 n.
770 3029 795 3050 l:
812 3029 930 3056 Agnoscat
950 3028 1020 3056 igitur
1037 3033 1107 3050 unus-

1162 2557 1262 2586 quisque
1279 2557 1384 2579 ordinem
1402 2562 1485 2583 suurn,
1503 2558 1525 2578 et
1541 2555 1599 2584 quid
1616 2555 1714 2583 dignum
1731 2555 1759 2577 sit
1780 2560 1807 2577 eo
1830 2555 1924 2584 ordine,
1942 2560 2013 2584 quem

1162 2596 1276 2624 suscepit,
1289 2596 1398 2623 intelligat
1409 2599 1431 2617 et
1448 2595 1476 2617 ita
1495 2594 1562 2617 libret
1574 2597 1638 2617 actus
1655 2600 1722 2621 suos,
1741 2594 1770 2616 ita
1786 2594 1855 2616 etiam
1868 2599 2011 2621 sermonem,

1163 2635 1279 2657 incessum
1297 2640 1392 2663 quoque
1409 2634 1486 2662 ipsum
1504 2636 1526 2655 et
1542 2632 1646 2655 habitum
1665 2633 1811 2660 moderetur,
1829 2635 1853 2655 ut
1875 2639 1928 2655 cum
1951 2632 2012 2655 ordi-

1163 2674 1198 2696 nis
1215 2674 1250 2696 sui
1268 2674 1410 2702 professione
1422 2673 1557 2699 conveniat,
1574 2678 1602 2694 ne
1619 2672 1697 2694 audiat
1708 2672 1753 2694 dici
1770 2671 1799 2694 ad
1817 2678 1841 2694 se
1856 2677 1868 2693 a
1881 2671 1941 2698 Deo,
1958 2671 2013 2700 quia

1160 2715 1261 2743 propter
1279 2719 1320 2736 vos
1337 2719 1422 2736 nomen
1439 2718 1519 2735 meum
1537 2711 1716 2741 blasphematur
1728 2711 1788 2734 ieter
1800 2712 1879 2740 §entes
1897 2711 1973 2740 [Rom.
1987 2711 2012 2739 2,

1164 2752 1224 2782 24.].
1240 2765 1271 2769 —
1289 2753 1400 2781 Superius
1418 2758 1460 2779 pro
1477 2751 1505 2774 de
1518 2750 1639 2781 promisso
1656 2750 1700 2773 AC
1717 2750 1749 2773 ad
1762 2750 1892 2780 promissa.

1225 2791 1233 2804 ⁷
1252 2792 1318 2814 Vers.
1339 2792 1373 2813 12.
1390 2791 1433 2813 Pro
1442 2796 1527 2820 pacem
1538 2791 1560 2813 et
1573 2790 1665 2820 fanwm
1682 2790 1700 2812 A
1710 2789 1726 2812 C
1741 2790 1851 2819 patenter
1864 2787 2012 2818 infamando.

1163 2844 1194 2847 —-
1211 2831 1323 2859 Superius
1342 2837 1383 2858 pro
1397 2829 1504 2860 peccavit
1528 2830 1573 2852 AB
1595 2830 1693 2859 peccat,
1711 2831 1733 2851 et
1750 2835 1793 2857 pro
1811 2827 1897 2851 liberat
1913 2827 1967 2850 edd.
1984 2827 2012 2850 tc·-

1164 2870 1261 2894 beruvit.

1226 2908 1235 2921 ⁸
1253 2909 1325 2932 Codd.
1343 2908 1386 2931 BC
1404 2907 1496 2931 liberat.
1514 2907 1608 2930 inferius
1629 2913 1673 2935 pro
1689 2907 1869 2936 perseveranter
1891 2904 2013 2929 emenden-

1164 2950 1204 2971 tur
1221 2948 1238 2971 C
1255 2948 1356 2978 perfecte
1372 2946 1533 2970 emendentur.

1226 2986 1236 2999 ⁹
1254 2988 1284 3009 Ex
1301 2987 1370 3009 codd.
1387 2986 1550 3014 supplevimus
1566 2985 1625 3015 fieri.

1227 3025 1247 3038 ¹⁰
1263 3026 1320 3048 Gen.
1339 3025 1380 3052 19,
1398 3025 1476 3047 20-23.

2021 446 2090 481 Tertia:

2026 920 2093 944 Quarta⁴

2096 1097 2099 1109 t

2097 1123 2098 1135 l

2026 1153 2093 1173 solutio
2098 1163 2099 1171 1
2104 1155 2116 1176 6.

2023 1177 2095 1197 obiecti(
2101 1184 2117 1200 11.

2058 1482 2088 1502 Ad

2025 1506 2097 1525 obiecti(
2105 1511 2121 1528 11.

2028 1764 2098 1784 confirn
2109 1769 2124 1784 11.

2031 2046 2102 2066 Nolana
2112 2059 2117 2065 .
