2133 3317
125 1194 195 1217 Tertio,
208 1194 241 1213 ad·

108 1223 163 1237 versa
194 1218 242 1237 erfe-

109 1243 138 1284 {fae
145 1246 179 1266 per
188 1246 242 1261 eren-

115 1851 185 1875 Figura
197 1856 239 1875 per-

132 1875 225 1894 sectionis.

137 1898 222 1917 Christus

127 1922 229 1946 exemplar.

256 217 312 246 246

255 295 283 324 in
311 295 421 324 duobus
451 293 590 327 consistit,
613 292 738 321 videlicet
766 292 793 321 in
817 292 1053 321 condescensione
1073 292 1107 321 ad

255 342 417 379 proximum
442 344 469 369 et
502 341 530 369 in
557 339 794 368 sarsaniactione
822 339 924 367 inentis
945 339 977 367 in
1004 339 1106 368 Deam.

256 388 384 417 Consistit
416 390 508 416 autem
539 386 766 423 supererogativa
798 385 998 415 condescensio
1029 386 1107 415 cari-

256 435 325 464 tatis
346 434 380 463 ad
401 433 561 471 proximum
584 433 611 461 in
633 433 698 467 hoc,
720 435 753 461 ut
774 432 926 461 secundum
956 433 1043 470 legem
1065 433 1108 462 iu-

256 482 345 511 stitiae
366 484 393 510 et
413 479 619 509 misericordiae
640 479 743 508 amoris
757 479 835 516 signa
851 482 878 508 et
899 480 1032 509 beneficia
1052 489 1107 509 non

257 529 345 557 solum
369 527 403 556 ad
423 527 538 561 amicos,
560 534 659 555 verum
681 526 763 555 etiam
782 526 817 555 ad
838 527 963 556 inimicos
983 527 1107 565 benigni-

255 578 310 603 tate
325 574 453 611 largiflua
468 573 680 610 protendantur,
696 573 849 602 secundum
866 574 933 602 illud
944 574 1073 603 Matthaei
1084 575 1106 602 ¹:

256 621 371 659 Diligite
399 620 534 649 inimicos
562 623 686 654 vestros,
716 619 871 657 benefacite
898 619 944 649 liis
971 621 1024 659 qui
1043 622 1108 650 ode-

254 671 326 696 rant
346 676 413 701 vos;
435 670 462 696 et
483 670 557 704 post:
581 668 676 695 Estote
700 666 837 705 perfecti,
865 668 943 696 sicat
970 671 995 696 et
1016 669 1108 697 Pater

254 718 346 743 vester
374 714 502 743 caelestis
527 713 677 751 perfectas
704 717 752 742 est.
776 714 826 743 Per
847 715 923 743 hunc
944 715 1026 743 etiam
1049 723 1108 743 mo-

254 761 321 790 dum
356 760 583 798 supererogativa
604 760 806 789 sarsarnactio
831 761 934 789 mentis
955 761 987 789 in
1015 761 1108 790 Deum

254 808 283 837 in
303 808 356 837 hoc
378 807 543 842 attenditur,
558 809 590 836 ut
605 807 757 836 secundum
776 807 864 845 legem
886 808 1012 837 mentalis
1027 816 1108 837 mun-

255 855 337 884 ditiae
365 863 396 884 ac
417 855 492 892 pacis
520 863 569 891 per
600 862 723 883 amorem
749 855 911 884 ecstaticum
942 855 970 884 in
1001 855 1108 884 divinos

254 902 414 939 splendores
435 905 462 930 et
483 901 597 930 ardores
618 909 729 930 sacrum
744 910 822 931 mens
842 902 941 931 devota
961 902 1060 931 sentiat
1081 905 1109 931 et

254 949 376 986 patiatur
398 956 561 983 excessum,
590 949 670 977 iuxta
702 949 769 977 illud
798 949 917 986 Apostoli
948 949 982 978 ad
1013 949 1108 978 Corin—

254 995 328 1024 thios
343 996 366 1024 2:
390 996 455 1024 Sive
475 999 567 1024 mente
587 995 768 1030 excedimus,
785 996 858 1029 Deo,
873 995 932 1025 sive
946 995 1039 1025 sobrii
1058 1005 1108 1024 sa-

254 1051 338 1077 nias,
359 1043 454 1076 vobis;
475 1045 502 1071 et
523 1042 557 1071 ad
578 1042 733 1072 Hebraeos:
756 1041 959 1080 Per-fectorztnz
981 1046 1021 1071 est
1041 1043 1109 1072 soli-

255 1090 312 1119 das
333 1089 422 1118 cibas.

338 1138 363 1165 7.
380 1136 473 1165 Tertia
493 1136 612 1173 denique
628 1136 806 1173 perfectionis
827 1137 1000 1174 evangelicae
1018 1137 1109 1174 portio

258 1184 382 1213 consistit
402 1184 430 1212 in
452 1183 679 1221 supererogativa
689 1184 875 1221 perpessione
888 1184 1015 1213 adversi.
1031 1184 1107 1221 Quae

258 1230 369 1268 quidem
401 1230 553 1259 attenditur
581 1239 635 1259 non
657 1231 747 1259 solum
769 1231 796 1259 in
818 1231 883 1265 hoc,
912 1234 944 1260 ut
971 1231 1035 1268 quis
1061 1239 1107 1268 pa-

257 1278 357 1306 tienter
372 1277 487 1306 adversa
501 1277 637 1314 perferat,
653 1286 717 1306 cum
732 1278 771 1307 sic
786 1278 1015 1315 supervenerint,
1034 1278 1108 1315 quod

256 1325 409 1354 secundum
431 1325 518 1362 legem
541 1324 589 1354 Dei
604 1325 736 1354 declinari
752 1333 807 1353 non
822 1328 953 1362 possunt,
976 1325 1107 1363 quoniam

254 1371 288 1400 ad
311 1372 362 1400 1100
383 1379 478 1400 omnes
500 1374 645 1406 tenentur3
665 1379 763 1400 verum
779 1371 877 1406 etiam,
899 1374 931 1400 ut
945 1380 981 1400 ex
998 1371 1108 1400 fervore

254 1419 339 1447 divini
361 1419 463 1447 amoris
484 1427 583 1456 magno
604 1418 741 1448 desiderio
763 1418 809 1447 illa
830 1421 973 1455 praeoptet
995 1421 1022 1447 et
1043 1426 1107 1447 cum

254 1466 354 1503 gaudio
387 1474 486 1503 magno
518 1466 668 1500 sustineat,
700 1466 853 1495 secundum
885 1466 954 1495 illud
983 1466 1106 1495 lacobiss:

257 1513 345 1541 Onznc
364 1513 511 1550 yaadiant
542 1512 722 1547 existimate,
744 1511 870 1550 fratres,
899 1521 967 1542 cain
992 1512 1023 1541 in
1049 1516 1107 1541 ten-

255 1559 376 1588 tationes
396 1559 502 1588 varz'as
522 1559 700 1593 incideritis;
722 1562 749 1588 et
770 1562 847 1596 post:
870 1560 1018 1588 Patientia
1033 1568 1107 1597 opas

250 1606 414 1644 perfectum
435 1605 532 1641 habet,
555 1610 587 1634 nt
617 1607 681 1635 sitis
711 1605 835 1644 perfecti
864 1610 890 1635 et
920 1607 1040 1644 inteyri,
1073 1607 1105 1635 in

253 1653 333 1682 nullo
354 1653 522 1689 deficientes.
546 1653 592 1682 Hic
607 1662 727 1691 namque
742 1656 784 1683 est
798 1654 1000 1683 consummatio
1015 1654 1105 1691 perfe-

254 1701 352 1729 ctionis
373 1704 400 1729 et
421 1701 558 1735 caritatis,
581 1701 661 1729 iuxta
675 1701 743 1730 illud
764 1701 871 1738 primae
892 1701 1012 1730 loannis:
1035 1702 1107 1730 Per-

253 1747 330 1785 fecta
352 1748 465 1776 caritas
487 1747 573 1785 foras
594 1748 681 1776 mittit
703 1748 844 1777 timorem.

334 1796 360 1823 8.
383 1795 540 1824 Secundum
563 1795 616 1824 hoc
638 1795 722 1832 igitur
744 1803 808 1824 arca
836 1795 989 1832 spiritualis
1018 1795 1108 1832 perfe-

255 1842 366 1876 ctionis,
388 1850 453 1871 cum
474 1842 508 1871 sit
530 1841 646 1871 inferius
660 1842 837 1871 tricamerata
857 1845 884 1871 et
897 1842 1066 1871 bicamerata
1079 1843 1107 1871 in

254 1889 361 1923 medio,
382 1889 410 1918 in
435 1889 529 1918 cubito
550 1892 759 1918 consummatur
774 1889 794 1917 4.
815 1889 868 1918 Hoc
883 1897 948 1919 sane
963 1890 1109 1927 perfectio-

253 1936 296 1965 nis
310 1944 443 1965 arcanum
458 1936 582 1965 Salvator
596 1938 690 1965 noster
705 1937 833 1973 exemplo
853 1937 1018 1966 monstravit
1032 1938 1060 1966 in
1079 1946 1108 1967 se

253 1982 312 2020 ipso
326 1985 459 2020 tanquam
480 1983 507 2011 in
529 1985 623 2011 monte
644 1983 772 2017 sublimi,
793 1983 841 2020 qui
863 1983 949 2012 totius
962 1984 1108 2021 05100110-

255 2029 352 2058 ctionis
373 2029 518 2066 splendor,
540 2030 684 2066 speculum
706 2033 733 2058 et
754 2030 914 2067 exemplar,
934 2030 1014 2059 iuxta
1033 2031 1107 2068 quod

254 2076 313 2113 ipse
344 2078 462 2104 testatur
494 2076 521 2104 in
552 2076 626 2105 Luca
640 2076 667 2104 ⁵:
698 2075 851 2113 Perfiectns
882 2080 980 2105 autem
1013 2077 1108 2105 omnis

255 2122 324 2156 erit,
346 2122 374 2151 si
399 2122 437 2150 sit
457 2122 533 2151 sicut
553 2123 695 2160 magister
724 2123 794 2151 eius.
826 2123 857 2151 Et
877 2123 938 2152 ideo
966 2123 994 2151 in
1022 2123 1108 2152 huius

255 2169 484 2206 designationem,
506 2177 570 2197 cum
592 2169 664 2198 hanc
684 2169 826 2206 Apostolos
840 2169 939 2198 docere
960 2170 1063 2204 voluit,
1079 2170 1106 2198 in

255 2218 376 2244 montem
392 2215 562 2250 conscendit,
578 2224 632 2244 non
648 2216 745 2245 turbas
760 2216 934 2253 imperfectas
951 2217 1106 2254 alloquens,

320 2387 327 2400 ¹
346 2388 401 2416 Cap.
419 2389 446 2417 5,
465 2388 501 2411 44.
520 2391 542 2411 et
560 2389 596 2411 48.

319 2426 328 2440 ²
346 2428 415 2455 Epist.
428 2428 451 2450 ll.
465 2434 484 2450 c.
497 2428 524 2455 5,
538 2428 575 2450 13.
587 2431 609 2450 01
620 2428 689 2451 Hebr.
703 2429 725 2456 5,
743 2429 776 2451 14.
788 2441 820 2445 -
831 2430 943 2457 Superius
954 2436 997 2458 pro
1008 2436 1107 2453 sacrum

257 2467 313 2495 (scil.
330 2473 463 2494 excessum;
482 2467 510 2489 ita
528 2467 611 2496 ABG)
628 2468 645 2490 E
662 2474 761 2491 sacrum
777 2467 887 2497 aliquod,
906 2469 960 2491 edd.
979 2475 1057 2492 sacra.

319 2505 328 2518 ³
345 2506 400 2534 Cap.
420 2507 427 2528 i
443 2525 448 2535 ,
466 2507 487 2528 2.
505 2509 527 2529 et
544 2506 570 2534 4,
588 2510 640 2534 post
657 2513 716 2535 quos
734 2507 748 2529 Ι.
766 2508 827 2529 1000.
846 2507 871 2534 4,
891 2508 928 2530 lss.
945 2520 976 2524 —
993 2509 1105 2536 Superius

255 2551 298 2573 pro
316 2551 371 2568 cnm
387 2545 421 2568 sic
437 2545 629 2574 supervenerint,
645 2545 708 2575 quod
721 2546 758 2574 (ita
777 2547 793 2568 Α
804 2546 847 2569 BC
857 2547 875 2569 D
885 2547 910 2576 E)
929 2547 983 2570 edd.
997 2553 1051 2571 cnm
1063 2547 1108 2571 sibi

255 2584 435 2613 supervenerint
451 2590 519 2614 qnae.

318 2622 328 2635 ⁴²
345 2624 475 2652 Respicitur
492 2624 548 2646 Gen.
566 2624 591 2652 6,
611 2624 651 2646 16:
672 2632 684 2644 «ι
697 2625 719 2647 111
736 2624 815 2647 cubito
827 2625 1000 2648 consummabis
1012 2627 1107 2649 501111111-

257 2665 326 2685 tatem
343 2663 393 2685 eius
414 2662 532 2692 [arcae]...
553 2663 663 2686 deorsum
686 2664 809 2686 coenacula
832 2667 854 2687 et
876 2664 969 2693 tristega
993 2666 1062 2688 facies
1085 2666 1107 2688 10

257 2707 283 2723 00
295 2710 317 2724 ⁷1.
335 2702 500 2730 Septuaginta:
520 2711 531 2722 «ι
542 2703 564 2724 10
581 2702 660 2725 cubito
678 2702 852 2726 consummabis
869 2710 920 2726 eam
938 2704 1062 2732 desuper...
1075 2705 1106 2727 in-

256 2741 338 2763 seriora
351 2740 489 2763 bicamerata
503 2744 525 2764 et
536 2741 679 2764 tricamerata
694 2742 763 2764 facies
774 2749 825 2765 eam
838 2751 860 2765 n.
878 2744 907 2765 110
919 2743 988 2765 011001
1005 2744 1107 2772 Origen.,

256 2780 338 2802 Homil.
356 2781 378 2802 2.
390 2780 412 2802 in
425 2781 488 2807 Gen.;
500 2781 605 2808 August,
623 2781 665 2810 Qq.
678 2781 699 2803 in
712 2782 768 2804 Gen.
781 2782 802 2809 9,
815 2782 836 2804 6.
854 2786 876 2805 et
887 2783 939 2805 XV.
950 2783 979 2806 de
991 2782 1040 2806 Civ.
1053 2783 1107 2811 Dei,

257 2824 277 2841 c.
295 2819 332 2841 26.
357 2825 377 2841 n.
396 2820 422 2846 2,
446 2821 485 2842 csr.
503 2820 560 2842 Petr.
578 2819 705 2848 Comestor,
722 2821 804 2843 Histor.
822 2822 929 2844 scholast.
945 2823 1000 2845 Gen.
1023 2829 1043 2845 0.
1069 2823 1107 2844 32.

258 2857 317 2879 Vide
333 2857 401 2879 etiam
419 2860 474 2880 torn.
493 2858 521 2880 V.
538 2865 592 2886 pag.
611 2858 668 2886 258,
687 2862 764 2881 001001
783 2861 803 2882 2.

321 2895 330 2908 ⁵
348 2896 402 2924 Cap.
421 2897 446 2924 6,
466 2897 502 2920 40.
519 2910 550 2915 -
567 2898 644 2920 11101111.
662 2899 688 2926 5,
708 2900 729 2921 1.
746 2905 825 2928 seqq:
843 2900 931 2922 Videns
948 2903 1025 2923 autem
1044 2902 1106 2923 105115

257 2934 349 2963 turbas,
366 2935 468 2958 ascendit
478 2936 498 2958 10
511 2939 625 2964 montem,
637 2940 659 2959 et
671 2943 724 2960 011111
737 2938 841 2966 sedisset,
853 2941 999 2961 accesserunt
1010 2939 1040 2961 ad
1052 2945 1106 2962 eum

258 2974 365 3002 discipuli
382 2975 439 3002 eius,
457 2977 479 2997 et
496 2976 602 3003 aperiens
619 2983 644 2998 os
661 2983 730 2999 51111111
748 2977 847 3000 docebat
867 2984 907 3000 eos
928 2978 1021 3001 dicens:
1043 2979 1106 3001 Beati

257 3018 373 3041 pauperes
390 3016 433 3035 etc.
445 3013 499 3036 ibid.
512 3014 627 3037 habentur
639 3015 801 3045 beatitudines,
812 3023 872 3045 quae
884 3023 937 3040 mox
949 3017 1106 3040 adducuntur.

734 214 932 243 OPUSCULUM
954 214 996 243 xi.
1018 214 1179 243 APOLOGIA
1201 215 1382 244 PAUPERUM.
1405 216 1473 245 CAP.
1495 216 1535 244 111.

1163 293 1211 322 sed
1225 293 1375 331 discipulos
1390 302 1467 328 suos,
1483 302 1554 331 quos
1568 294 1602 323 ad
1617 294 1793 332 perfectionis
1812 295 1921 325 culmen
1937 297 2013 325 exal-

1164 343 1224 369 tare
1244 340 1413 369 decreverat.
1437 341 1467 369 Et
1488 344 1636 378 propterea
1663 349 1714 370 sex
1741 342 1864 379 praefata
1894 351 1926 372 eo
1957 352 2012 381 quo

1163 386 1267 415 dictum
1289 387 1353 416 051ὃ
1374 387 1471 416 ordine
1491 387 1578 416 docet.
1601 388 1668 417 Nam
1691 388 1780 425 primo
1800 389 1908 418 dicens:
1929 390 2014 420 Beati

1161 441 1308 471 pauperes
1327 434 1452 471 spirita,
1474 434 1571 463 invitat
1592 434 1625 463 ad
1647 435 1797 472 perfectam
1813 435 2014 466 abdicationem

1164 480 1359 517 temporalium
1392 481 1606 517 possessionum.
1639 482 1764 511 Secundo
1789 483 1907 512 addens:
1930 484 2014 513 Beati

1164 527 1260 561 mites,
1282 527 1387 556 inducit
1407 527 1442 556 ad
1469 528 1679 565 abnegationem
1706 530 1885 566 propriarum
1917 531 2014 560 volun—

1164 576 1254 602 tatum
1273 577 1301 603 et
1321 582 1470 608 sensuum,
1493 575 1596 612 quibus
1610 575 1674 612 quis
1688 576 1803 605 immitis
1821 580 1848 606 et
1868 580 2015 614 protervus

1164 619 1293 648 efficitur.
1316 620 1409 649 Tertio
1430 620 1564 649 subdens:
1586 622 1684 656 Beati,
1706 622 1758 660 qai
1779 622 1892 660 layent,
1920 623 2015 653 incitat

1164 667 1198 696 ad
1219 667 1312 704 fugam
1341 667 1491 704 perfectam
1520 668 1672 697 carnalium
1701 669 1883 706 voluptatum.
1911 671 2014 700 Dehinc

1164 714 1351 752 subiungens:
1369 715 1464 749 Beati,
1480 715 1532 753 qai
1545 715 1681 744 esuriunt
1695 720 1721 745 et
1734 717 1838 745 sitiant
1852 718 2015 752 iustitiam,-

1164 763 1206 790 et:
1223 762 1308 790 Beati
1326 761 1546 796 misericordes,
1564 762 1680 791 attrahit
1694 763 1728 791 ad
1743 763 1844 793 iustam
1859 767 1886 793 et
1900 765 1974 802 piam
1988 768 2015 795 et

1165 807 1405 837 condescensivam
1417 808 1612 845 proximorum
1624 810 1868 846 supportationem.
1878 811 1940 840 Post
1948 812 2016 841 haec

1165 854 1368 891 superaddens:
1386 855 1470 884 Beati
1482 855 1593 884 mundo
1611 856 1714 890 corde,·
1728 860 1770 885 et:
1786 858 1871 887 Beati
1880 858 2014 896 pacifici,

1165 901 1249 930 allicit
1277 901 1311 930 ad
1338 902 1589 931 sursumaetionem
1617 903 1757 940 limpidam
1781 904 1808 933 in
1829 905 1970 935 intellectu
1989 909 2016 935 et

1166 948 1343 985 tranquillam
1365 949 1423 978 sive
1445 949 1586 986 pacificam
1609 949 1636 978 in
1657 950 1774 985 affectu,
1795 951 1898 988 quibus
1925 952 2016 981 anima

1166 995 1279 1032 perfecti
1301 996 1354 1024 viri
1377 996 1525 1025 Ierusalem
1540 996 1689 1026 conformis
1703 997 1836 1033 efficitur,
1856 1007 1928 1036 quae
1942 999 2016 1028 visio

1162 1042 1248 1079 pacis
1263 1042 1464 1080 interpretatur
1480 1044 1499 1072 ⁷.
1515 1044 1636 1073 Tandem
1652 1045 1835 1074 concludens:
1851 1046 1949 1081 Beati,
1964 1046 2016 1084 qai

1162 1089 1391 1126 persecutionem
1399 1090 1561 1127 patiantur
1568 1094 1689 1128 propter
1701 1091 1860 1126 iustitiam,
1876 1093 2017 1131 quoniam

1165 1136 1300 1174 ipsoram
1320 1140 1361 1165 est
1381 1146 1505 1175 reynuni
1527 1137 1692 1172 caelorum,
1714 1139 1793 1176 quasi
1815 1139 1952 1168 circulum
1978 1139 2016 1169 fa-

1165 1182 1240 1211 ciens
1262 1182 1352 1211 reddit
1366 1183 1399 1211 ad
1415 1183 1598 1220 principium,
1620 1185 1686 1221 quia
1707 1185 1735 1214 in
1756 1186 1809 1214 1100
1830 1194 1887 1214 000
1908 1194 2017 1215 summa

1166 1230 1321 1266 completur
1343 1230 1556 1265 universorum,
1578 1239 1609 1260 ac
1631 1239 1680 1268 per
1695 1232 1748 1261 hoc
1762 1232 1871 1261 senaria
1885 1233 2016 1270 perfectio

1165 1276 1281 1305 minoris
1302 1277 1398 1305 mundi
1414 1277 1441 1305 10
1457 1286 1516 1306 esse
1537 1278 1720 1315 reparationis
1742 1282 1769 1308 et
1789 1280 1893 1317 gratiae
1913 1280 2016 1310 directe

1165 1324 1363 1360 correspondet
1381 1324 1505 1353 senariae
1520 1325 1694 1362 productioni
1710 1326 1858 1356 mundialis
1873 1327 2016 1357 machinae

1165 1370 1192 1399 in
1214 1379 1273 1399 esse
1294 1373 1410 1400 naturae
1426 1371 1445 1399 8.

1245 1419 1270 1446 9.
1293 1418 1369 1447 Unde
1390 1418 1463 1447 sicut
1483 1419 1596 1448 illorum
1617 1419 1671 1448 tria
1699 1420 1788 1457 prima
1817 1421 1955 1458 pertinent
1981 1421 2015 1451 ad

1164 1465 1393 1499 distinctionem,
1409 1466 1463 1494 tria
1484 1466 1628 1503 sequentia
1642 1467 1675 1495 ad
1690 1471 1829 1496 ornatam
1842 1468 1863 1503 ⁹,
1879 1468 1917 1498 sic
1932 1468 2014 1498 etiam

1164 1512 1192 1540 in
1213 1512 1258 1541 his
1278 1512 1332 1540 tria
1352 1512 1443 1549 prima
1464 1513 1543 1550 quasi
1557 1513 1751 1551 distinguendo
1766 1518 1895 1552 separant
1909 1516 2016 1545 animae

1163 1559 1238 1588 vires
1258 1559 1293 1588 ab
1314 1559 1496 1589 universitate
1518 1560 1669 1596 malorum,
1691 1564 1723 1590 ut
1746 1562 1865 1591 habeant
1885 1571 1944 1591 esse
1959 1572 2016 1600 pu-

1164 1615 1234 1635 rum
1245 1608 1329 1643 atque
1343 1606 1517 1641 distinctnm3
1534 1607 1587 1636 tria
1601 1608 1745 1645 sequentia
1763 1609 1841 1646 quasi
1858 1609 2016 1639 adornando

1164 1652 1274 1682 easdem
1296 1653 1435 1682 reducunt
1453 1654 1480 1682 in
1503 1654 1607 1689 Deum,
1626 1658 1658 1683 ut
1673 1655 1793 1684 habeant
1806 1664 1865 1685 esse
1880 1656 2013 1685 decoram

1164 1702 1248 1737 atque
1270 1699 1433 1737 perfectum.
1456 1701 1541 1729 Porro
1562 1704 1653 1736 tanta,
1675 1702 1697 1731 si
1713 1702 1896 1732 descendatur
1913 1704 1947 1733 ad
1961 1704 2016 1733 sin-

1165 1747 1246 1784 gula,
1268 1750 1295 1776 et
1317 1749 1373 1776 tam
1392 1747 1463 1776 mira
1484 1751 1525 1777 est
1556 1749 1800 1786 correspondentia
1824 1750 1928 1779 ordinis
1956 1753 2015 1780 tan-

1165 1798 1265 1831 taeque
1296 1794 1485 1824 similitudinis
1512 1795 1685 1832 symbolum,
1707 1799 1739 1825 ut
1760 1797 1828 1826 illud
1853 1797 1927 1834 quod
1954 1800 2016 1836 post

1165 1849 1216 1870 sex
1243 1841 1353 1871 dierum
1374 1850 1459 1879 opera
1489 1842 1643 1872 dicitur10:
1670 1843 1766 1881 lyitar
1794 1843 1918 1882 perfecti
1946 1849 2017 1874 sunt

1165 1888 1239 1917 caeli
1259 1892 1285 1917 et
1306 1891 1387 1917 terra
1408 1892 1434 1918 et
1454 1890 1549 1918 omnis
1570 1894 1695 1919 ornatas
1725 1899 1843 1926 eoram,
1872 1891 1900 1920 in
1924 1892 2016 1921 anima

1166 1935 1218 1964 viri
1239 1936 1353 1973 perfecti
1374 1936 1501 1965 videatur
1521 1945 1581 1966 esse
1603 1938 1779 1975 completum.
1802 1939 1917 1976 Propter
1942 1939 2015 1976 quod

1166 1983 1252 2012 instar
1274 1983 1360 2012 trium
1388 1983 1544 2020 primorum
1569 1992 1702 2021 operum,
1728 1993 1800 2023 quae
1827 1988 1893 2015 sunt
1920 1986 2015 2015 mundi

1164 2028 1375 2067 fundamenta,
1397 2033 1424 2059 et
1447 2031 1530 2059 trium
1553 2032 1745 2068 sequentium,
1761 2041 1832 2070 quae
1854 2036 1919 2062 sunt
1940 2041 2016 2062 com-

1162 2077 1323 2114 plementa,
1345 2077 1398 2106 tria
1419 2077 1509 2114 prima
1530 2086 1567 2107 ex
1588 2078 1631 2107 his
1653 2079 1755 2108 cadunt
1775 2080 1828 2109 sub
1856 2083 1934 2115 voto,
1963 2080 2017 2109 tria

1164 2131 1231 2152 vero
1252 2124 1396 2160 sequentia
1417 2124 1469 2153 sub
1490 2124 1635 2153 desiderio.

1246 2171 1288 2198 10.
1311 2171 1340 2199 111
1362 2170 1443 2200 cuius
1464 2171 1505 2200 rei
1527 2171 1714 2201 testimonium
1736 2172 1835 2202 beatus
1859 2182 2015 2211 pauperum

1164 2217 1323 2254 patriarcha
1343 2218 1505 2247 Franciscus
1527 2218 1554 2247 in
1575 2219 1711 2256 principio
1733 2220 1846 2257 regulae
1871 2229 1938 2250 suae
1962 2221 2016 2251 tria

1163 2390 1207 2413 Csr.
1226 2392 1326 2418 Bonav.,
1344 2391 1474 2414 Comment.
1492 2392 1514 2414 10
1532 2393 1587 2414 Luc.
1604 2398 1624 2415 0.
1643 2393 1664 2415 6.
1682 2399 1704 2415 0.
1723 2393 1760 2415 62.
1781 2406 1811 2410 —
1835 2394 1945 2422 Superius
1962 2395 2015 2418 voci

1164 2430 1305 2454 monstravit
1323 2437 1349 2454 ex
1368 2431 1437 2453 BCD
1448 2432 1463 2453 E
1480 2432 1630 2460 praefiximus
1647 2432 1764 2462 exempto.

1226 2469 1236 2482 ὅ
1253 2471 1321 2492 Ν1101.
1333 2470 1382 2493 5-7.
1395 2471 1427 2493 De
1439 2477 1504 2500 seqq.
1517 2471 1573 2493 10015
1584 2477 1611 2493 ex
1622 2471 1735 2494 Matthaeo
1747 2473 1786 2494 cfr.
1800 2475 1853 2495 nota
1865 2473 2015 2500 praecedens.

1227 2508 1235 2521 ⁷
1254 2509 1313 2532 Vide
1325 2510 1425 2537 Hieron.‚
1437 2510 1508 2538 Epist.
1518 2510 1555 2533 46.
1568 2510 1632 2539 (alifis
1649 2510 1694 2539 17.)
1707 2517 1730 2533 n.
1745 2511 1769 2539 3,
1786 2511 1852 2534 cuius
1869 2511 1942 2534 verba
1959 2514 2016 2534 tom.

1164 2549 1209 2571 Vll.
1227 2555 1282 2576 pag.
1301 2549 1341 2577 42,
1359 2551 1411 2572 nota
1428 2549 1450 2571 6.
1468 2549 1627 2577 allegavimus.

1225 2586 1234 2599 Β
1252 2588 1382 2616 Respicitur
1399 2588 1455 2611 Gen.
1475 2589 1482 2610 i
1495 2607 1500 2617 ‚
1518 2589 1541 2611 3.
1559 2595 1624 2618 seqq.
1642 2588 1686 2612 Cfr.
1705 2590 1800 2617 Bonam,
1818 2591 1841 2612 ll.
1860 2590 1921 2613 Sent.
1939 2590 2013 2613 (1.12.

1163 2634 1184 2650 0,
1205 2628 1223 2649 1.
1240 2634 1264 2656 q.
1282 2629 1304 2650 2.
1326 2628 1347 2650 10
1371 2634 1436 2656 corp.
1461 2630 1483 2650 et
1505 2628 1579 2651 111001.
1601 2629 1683 2651 mentis
1704 2629 1728 2651 in
1750 2629 1837 2656 Deum,
1861 2635 1881 2652 c.
1908 2630 1926 2652 1.
1947 2636 1970 2652 0.
1992 2630 2014 2652 5.

1163 2667 1269 2694 August„
1288 2667 1301 2688 1.
1319 2667 1348 2689 de
1367 2667 1440 2689 Sei-m.
1458 2667 1550 2689 Domini
1563 2668 1585 2690 in
1599 2670 1689 2695 monte,
1707 2674 1726 2690 0.
1740 2668 1761 2690 4.
1773 2674 1794 2690 0.
1809 2669 1848 2691 12ε
1860 2669 1922 2691 Haec
1933 2671 2013 2691 octava

1163 2705 1286 2732 sententia,
1311 2711 1372 2734 quae
1397 2706 1425 2728 ad
1448 2708 1517 2734 caput
1539 2706 1598 2728 redit
1625 2707 1802 2735 perfectumque
1827 2707 1945 2730 hominem
1976 2707 2015 2730 de-

1165 2744 1235 2766 clarat
1251 2747 1295 2766 etc.

1227 2781 1237 2794 ⁹
1254 2784 1312 2805 Petr.
1330 2783 1457 2811 Comestor,
1470 2784 1553 2806 Histor.
1565 2785 1671 2807 scholast.
1684 2785 1740 2807 Gen.
1755 2790 1776 2807 0.
1788 2786 1796 2806 1
1809 2790 1814 2807 ;
1835 2784 1883 2807 Sub
1903 2784 2014 2813 operibus

1163 2828 1202 2845 sex
1219 2822 1311 2845 dierum
1329 2823 1426 2851 explicat
1447 2824 1598 2851 [creationem
1620 2823 1714 2853 mundi]
1739 2824 1873 2852 Scriptura,
1896 2824 2014 2847 insinuans

1164 2862 1218 2884 tria:
1236 2863 1389 2890 creationem,
1407 2863 1583 2891 dispositionem
1601 2866 1623 2885 et
1640 2866 1753 2886 ornatum.
1772 2864 1795 2886 10
1812 2864 1888 2892 primo
1906 2863 1943 2886 die
1954 2870 2016 2886 crea-

1163 2901 1250 2923 tionem
1267 2904 1290 2924 et
1306 2902 1425 2930 quandam
1443 2902 1630 2931 dispositionem;
1648 2902 1669 2925 in
1687 2903 1789 2925 secundo
1816 2905 1838 2925 et
1855 2903 1920 2925 tertio
1938 2903 2013 2930 dispo-

1163 2940 1269 2962 5111000111
1275 2949 1281 2967 5
1299 2941 1320 2963 in
1332 2941 1427 2969 reliquis
1440 2940 1513 2963 tribus
1525 2944 1641 2964 ornatum.
1656 2954 1685 2957 —
1697 2941 1791 2964 inferius
1804 2941 1839 2964 bis
1851 2947 1893 2969 pro
1913 2940 2015 2964 habeant

1162 2980 1180 3001 Α
1190 2978 1207 3001 C
1218 2979 1235 3001 D
1252 2978 1343 3002 habeat.

1225 3017 1245 3030 ¹⁰
1262 3018 1319 3041 Gen.
1336 3019 1362 3046 2,
1381 3019 1402 3040 1.

2051 352 2104 373 Chi-iu

2028 374 2104 396 ducti-ina
2109 386 2114 400 ι

2052 402 2104 420 mont(

2033 1241 2112 1261 motandi

2037 1429 2087 1448 Haec
2094 1434 2110 1448 m
2120 1435 2125 1449 1

2031 1452 2111 1472 determii
2120 1463 2126 1468 -

2032 1478 2068 1495 tur.

2032 2183 2116 2202 Confirmz

2058 2207 2116 2231 regula

2029 2231 2048 2249 S.
2058 2231 2115 2250 Franc
2126 2243 2130 2249 .
