2133 3317
365 256 422 280 Cttr.

161 308 192 313 —
209 296 308 324 Sanguis
320 296 369 318 eius
381 297 403 318 in
416 296 566 323 flagellatione
579 296 620 318 suit
632 299 677 318 tam

114 335 208 363 copiose
225 336 323 362 effusus,
344 339 367 357 ut
393 336 499 357 columna
525 335 595 362 guttis
620 335 678 357 illius

114 380 207 402 aspersa
224 375 301 397 adhuc
319 374 389 396 rubra
412 377 489 396 servet
509 374 607 401 vestigia
633 374 677 396 166

115 414 129 436 2.
145 426 175 429 -
192 413 322 441 Flagellatio
345 413 427 436 Christi
445 413 545 435 crudelis
566 415 589 435 et
607 419 677 435 saeva

116 452 157 474 1011
178 453 219 474 185
241 453 245 474 1

161 504 192 506 -
210 491 337 518 flagellatus
352 494 397 517 est,
410 494 434 513 ut
446 497 488 513 nos
499 491 593 518 flagellis
604 494 678 513 aeter-

114 530 150 552 nis
169 529 276 552 liberaret
292 530 337 552 185
356 531 364 551 i
384 542 415 545 —
432 530 472 552 ilis
489 530 584 558 flagellis
603 530 678 552 erudi-

114 575 179 596 mur,
197 571 221 591 111
240 569 330 596 flagella
348 569 386 590 Dei
403 569 521 591 discamus
537 569 677 597 aequanimi-

114 610 148 630 ter
165 608 263 630 tolerare
280 607 310 630 ib.
329 608 342 629 2

160 658 191 663 -
207 646 289 669 Christi
308 647 430 674 flagellatio
447 647 554 669 deflenda
567 653 580 669 a
597 653 678 675 pecca-

113 687 174 712 tore,
191 685 245 714 quia
263 688 297 708 est
313 691 382 708 causa
399 685 427 707 77
444 686 474 708 24

160 737 190 740 —
200 724 284 746 iniusto
296 724 381 747 iudicio
391 725 518 752 praeelegit
528 725 678 747 condenmari

113 765 208 790 propter
226 766 358 791 peccatores
378 770 389 785 a
412 760 522 786 sententia
546 764 617 786 iustae
638 764 678 785 da-

114 802 236 824 mnationis
248 802 380 829 eripiendos
392 802 421 824 77
435 802 463 824 21
476 816 505 818 -
518 803 593 830 magis
610 803 678 831 elegit

114 846 206 863 crucem
224 844 246 863 ct
264 845 360 863 mortem
379 847 449 869 quam
465 842 620 869 temporaliter
632 842 678 869 glo-

114 879 168 901 riari
186 880 214 901 80
233 880 257 902 31

160 930 191 935 -
203 919 282 941 Milites
290 925 343 941 eum
354 919 376 940 111
388 925 492 947 purpura
502 919 567 948 quasi
581 919 602 941 in
614 924 677 942 veste

114 957 203 980 insolita
221 958 341 980 illuserunt
358 958 403 980 405
421 958 450 980 24

162 1009 191 1012 —
202 995 291 1018 Corona
303 997 382 1024 spinea
396 997 417 1019 in
429 996 581 1024 opprobrium
592 1000 614 1019 et
625 1003 677 1025 sup·

113 1035 207 1063 plicium
220 1038 344 1057 coronatus
356 1038 389 1058 cst
402 1036 444 1058 ¹85
460 1037 465 1057 1
480 1049 510 1051 -
519 1036 583 1064 Quae
594 1042 677 1064 passus

113 1074 213 1096 fueritin
225 1080 324 1096 coronae
337 1074 430 1102 spineae
443 1075 588 1102 impositione
601 1075 644 1097 166
663 1075 675 1097 3

161 1125 191 1128 -
207 1119 246 1135 rex
264 1119 305 1140 per
322 1119 430 1135 coronam
456 1114 560 1141 spineam
582 1114 677 1136 demon-

113 1154 208 1180 stratur,
227 1152 250 1174 in
267 1152 339 1180 spinis
356 1158 413 1174 vero
435 1152 594 1175 coronantium
616 1153 678 1175 mali-

113 1191 144 1213 tia
161 1191 297 1219 exprimitur
318 1191 360 1214 185
382 1192 386 1213 l

160 1242 191 1245 —
208 1229 350 1257 significatur
367 1236 408 1258 per
433 1237 512 1258 regem
530 1231 675 1253 Salomonem

114 1268 159 1290 166
181 1269 194 1290 3
214 1280 245 1285 -
270 1269 348 1297 Qualis
373 1269 401 1291 sit
422 1269 472 1291 dies
494 1269 677 1297 desponsationis

113 1306 195 1330 Christi
212 1314 265 1330 cum
283 1308 360 1330 anima
380 1308 424 1330 167
442 1309 455 1330 3

159 1359 191 1363 -
218 1350 351 1369 cruentatus
379 1350 413 1369 051
439 1348 554 1375 sanguine
580 1348 676 1376 proprio

112 1386 214 1414 primum
231 1386 329 1413 sudore,
346 1386 430 1409 (10111110
447 1387 542 1415 flagellis
553 1388 676 1415 etaculeis‚

113 1427 165 1452 post
181 1425 252 1447 clavis
268 1428 290 1447 et
307 1425 384 1447 lancea
404 1426 498 1453 copiose
515 1426 587 1448 effuso
605 1427 634 1448 80
647 1427 671 1448 31

114 1476 144 1479 —-
161 1463 240 1486 habuit
257 1467 345 1486 restem
363 1465 517 1492 pontificalem
535 1465 675 1488 rubricatam

114 1503 239 1531 sanguine,
257 1503 316 1525 sicut
332 1503 414 1531 loseph
437 1503 490 1526 ibid.
507 1517 538 1520 —
554 1510 567 1526 a
584 1504 677 1527 ludaeo-

113 1548 166 1564 rum
183 1542 268 1564 invidia
285 1545 394 1571 tanquam
417 1549 430 1565 a
455 1543 501 1565 fera
519 1543 618 1571 pessima
637 1543 678 1566 (10-

114 1583 222 1608 voratus,
238 1584 261 1603 et
285 1582 449 1604 vestimentum
472 1582 522 1604 0105
546 1583 677 1605 0111010111-

114 1620 235 1648 quinatum
253 1623 287 1642 est
303 1619 357 1642 ibid.
374 1633 405 1637 —
425 1624 508 1649 sponte
525 1621 611 1644 dimisit
627 1628 677 1645 car-

114 1663 167 1680 nem
185 1659 244 1681 sicut
261 1659 355 1686 pallium
372 1659 396 1681 in
418 1665 487 1682 manu
504 1666 638 1687 synagogae
655 1662 678 1682 et

114 1697 136 1719 in
153 1703 269 1720 carcerem
287 1698 367 1720 mortis
384 1698 503 1721 descendit
520 1698 574 1721 z'tu'd.
592 1711 622 1715 —
639 1705 676 1721 ve·

114 1738 160 1759 stes
176 1737 280 1764 corporis
296 1737 416 1764 sanguinis
437 1737 471 1759 sui
489 1737 627 1760 sanctissimi
648 1739 677 1760 ef·

114 1775 203 1797 fusione
219 1775 358 1803 purpuravit
383 1776 427 1798 167
453 1776 466 1797 3
491 1788 523 1792 -
547 1776 676 1804 Purpuram

114 1814 218 1842 corporis
234 1814 269 1837 sui
287 1817 319 1837 ter
335 1815 455 1842 sanguinis
473 1818 573 1838 torrente
591 1815 677 1843 pertin-

113 1852 145 1875 xit
161 1852 216 1876 ibid.

161 1904 191 1908 —
208 1892 308 1915 illuditur
333 1898 346 1914 a
371 1892 482 1915 militibus
502 1893 531 1915 77
550 1893 580 1916 25
597 1906 626 1909 -
643 1893 678 1916 111-

113 1930 184 1953 dutus
201 1937 304 1959 purpura
322 1934 345 1954 et
361 1937 445 1954 corona
472 1932 551 1959 spinea
569 1932 676 1960 imposita

114 1972 137 1992 et
153 1970 266 1993 arundine
283 1970 305 1992 in
330 1977 413 1999 manu,
434 1971 553 2000 irridetur,
571 1972 677 2000 conspui-

115 2011 151 2031 tur
168 2012 190 2031 et
206 2010 332 2037 percutitur
349 2010 463 2032 arundine
479 2009 535 2033 ibid.
560 2023 589 2026 —
614 2011 677 2033 servi

115 2048 281 2076 despectissimi
306 2049 441 2072 confusione
457 2050 558 2077 repletur
575 2049 629 2072 ibid.
645 2062 677 2066 —

113 2090 148 2109 est
164 2093 247 2110 servus
262 2094 384 2110 servorum
402 2087 486 2110 diaboli
509 2090 582 2111 1110105
601 2089 640 2111 121
662 2089 676 2111 4

113 2139 144 2141 -
160 2126 226 2155 quasi
243 2127 348 2154 leprosus
364 2131 386 2149 et
410 2127 549 2150 novissimus
571 2128 675 2150 virorum

114 2165 246 2188 aestimatus
263 2168 307 2194 051,
324 2168 349 2188 01
366 2172 407 2188 1105
431 2165 461 2187 ab
483 2168 575 2188 aeterna
598 2167 675 2189 consu-

113 2204 178 2227 sione
193 2204 293 2232 eriperet
307 2207 330 2227 et
346 2210 358 2226 a
375 2204 499 2232 superbiae
524 2208 589 2233 peste
609 2211 674 2227 sana-

114 2245 148 2265 ret
164 2243 194 2265 77
213 2243 242 2265 25
276 2268 278 2271 .

160 2294 190 2298 —-
207 2285 299 2310 spretus
315 2283 460 2310 praeclarum
482 2285 516 2305 est
541 2283 674 2306 humilitatis

114 2321 233 2349 speculum
251 2321 280 2343 77
298 2321 328 2344 25
345 2333 375 2337 —-
392 2324 453 2343 tanto
469 2321 570 2349 amplius
586 2321 616 2343 ab
633 2323 674 2345 ho-

115 2359 218 2382 minibus
242 2360 306 2382 omni
330 2360 503 2383 honorificentia
527 2360 613 2388 dignus
630 2363 675 2388 est,

114 2401 201 2428 quanto
218 2399 292 2427 magis
309 2399 402 2426 indigna
419 2399 526 2421 sustinuit
542 2398 596 2422 ibid.

163 2450 192 2454 ——
209 2440 271 2460 totus
282 2438 304 2460 111
315 2444 388 2467 aquas
399 2437 513 2466 passionis
524 2438 675 2466 demergitur,

115 2479 140 2499 ut
156 2483 199 2499 nos
216 2477 245 2499 de
270 2477 312 2499 illis
336 2477 482 2505 passionibus
503 2478 630 2499 extraheret
645 2477 675 2499 78

116 2516 145 2538 26
162 2527 193 2532 -
209 2515 336 2538 Coronatus
352 2516 436 2544 spinis,
459 2516 534 2538 crucis
550 2522 609 2538 onus
627 2522 676 2544 por-

118 2558 166 2577 tare
183 2554 273 2578 iubetur
298 2555 352 2578 ibid.
368 2568 398 2572 —
416 2559 468 2584 post
492 2555 621 2578 irrisionem
639 2562 676 2578 ve-

115 2593 188 2616 stibus
205 2594 252 2617 suis
269 2595 374 2622 indutus,
390 2594 495 2617 baiulans
506 2600 598 2617 crucem
611 2594 675 2617 duci-

115 2635 152 2655 tur
168 2633 196 2655 ad
214 2633 342 2656 Calvariam
359 2633 389 2655 77
406 2634 435 2656 26

163 2685 193 2688 -
211 2675 293 2695 exutus
309 2676 331 2695 et
347 2678 418 2700 super
435 2672 522 2700 iignum
534 2672 610 2695 crucis
627 2672 676 2695 dire

116 2711 232 2740 proiectus
248 2715 270 2734 et
286 2714 403 2739 extensus,
420 2711 492 2734 clavis
516 2711 578 2734 cruci
596 2712 676 2734 affixus

115 2753 138 2772 et
161 2750 285 2773 durissime
309 2750 425 2773 sauciatus
447 2753 481 2772 est
503 2750 532 2772 78
559 2750 588 2772 26
605 2750 676 2772 ——in

115 2789 166 2812 loco
175 2789 281 2817 supplicii
290 2789 389 2812 nudatus
400 2789 475 2812 carnis
486 2789 599 2812 livoribus
609 2789 676 2818 quasi

117 2828 222 2856 leprosus
239 2827 360 2850 videbatui·
377 2827 431 2851 ibid.
449 2840 480 2845 —
497 2831 548 2856 post
565 2827 677 2855 plurimas

116 2867 231 2889 illusiones
247 2869 293 2889 tam
311 2867 447 2889 ludaeorum
472 2873 542 2896 quam
560 2866 676 2894 gentium,

116 2908 168 2934 post
184 2905 303 2933 sanguinis
328 2906 438 2933 plurimas
461 2906 584 2928 effusiones
606 2905 676 2927 clavis

116 2945 184 2966 simul
203 2945 224 2966 in
242 2943 349 2966 manibus
366 2947 388 2966 01
405 2944 505 2972 pedibus
522 2944 585 2972 ligno
602 2944 677 2967 crucis

116 2983 238 3011 configitur
256 2983 299 3004 186
317 2984 325 3004 1

809 217 907 245 lNDEX
930 217 1175 246 ALPHABETICUS.

759 307 791 311 -—
817 295 881 323 Quae
909 301 991 323 passus
1019 295 1086 317 fuerit
1110 295 1131 317 in
1154 295 1291 317 ciavorum'

714 333 861 356 transfixione
883 334 923 356 186
946 334 951 356 i
973 347 1004 351 —
1021 335 1043 356 ln
1061 337 1148 357 tantum
1166 335 1187 356 in
1205 340 1274 357 cruce

712 373 825 395 distentus
844 373 898 399 suit,
916 376 941 395 ut
956 374 1072 396 numerari
1091 376 1184 401 possent
1196 374 1272 395 omnia

713 412 818 434 membra
835 412 885 434 eius
904 412 948 434 172
965 413 979 434 2
996 424 1027 428 -
1044 412 1115 434 clavis
1137 413 1274 434 transfossus

711 454 807 478 propter
824 457 866 473 nos
883 451 999 473 sanandos
1015 451 1121 473 concisus
1132 454 1166 473 est
1179 451 1274 473 vulnere

710 496 781 518 super
798 490 882 512 vulnus
898 490 927 511 78
947 490 975 512 26

760 541 788 544 -
805 528 839 551 Ad
856 528 996 551 confusionis
1012 531 1035 550 et
1055 529 1141 551 doloris
1164 535 1274 556 augmen-

712 570 760 589 tum
778 570 838 590 extra
857 570 948 595 portam
973 568 995 589 in
1017 567 1067 589 loco
1085 568 1211 595 punitionis
1227 573 1274 589 sce-

711 607 834 629 leratorum
842 624 847 634 ,
864 606 888 628 in
900 606 938 629 die
949 606 1059 633 solemni,
1072 607 1127 629 hora
1139 607 1273 634 meridiana,

712 645 735 667 in
751 645 828 667 medio
845 646 961 667 latronum
978 651 1048 673 super
1059 651 1154 668 crucem
1165 645 1231 674 quasi
1244 646 1273 668 ad

710 684 868 712 spectaculum
886 685 990 706 elevatur
1006 684 1036 706 78
1055 685 1084 706 26

758 736 787 739 -
806 723 887 746 Vestes
904 723 953 745 eius
975 723 1059 746 dantur
1076 724 1098 745 in
1123 723 1234 751 praedam
1252 726 1274 746 et

711 762 846 784 dividuntur
863 762 885 784 in
904 765 980 790 partes
997 762 1026 784 78
1044 762 1073 784 26
1090 775 1121 778 -
1134 762 1186 784 Eius
1198 763 1272 784 tunica

711 801 852 824 inconsutilis
869 807 913 823 non
932 801 973 823 fuit
989 801 1018 823 dc
1035 801 1109 824 serico
1121 801 1156 823 rel
1168 808 1272 829 purpura

712 840 756 862 405
774 839 803 862 24

757 891 788 894 —
814 878 902 908 Septem
927 878 996 901 verba.
1020 878 1103 901 Christi
1130 882 1182 901 sunt
1207 880 1272 908 quasi

710 921 799 945 septem
817 918 870 940 solia
888 924 981 945 semper
1005 918 1102 940 virentia
1122 918 1165 940 172
1184 919 1204 940 1.
1222 924 1274 947 sqq.

710 968 740 973 —
759 956 780 978 in
797 962 866 979 cruce
883 956 949 978 nobis
967 957 1052 979 cithara
1080 958 1152 979 factus
1168 960 1202 979 051
1219 956 1273 980 ibid.

712 1008 741 1011 -
758 994 834 1017 Verba
852 995 933 1018 Christi
956 995 1101 1023 refrigerium
1125 995 1193 1018 nobis
1210 1002 1274 1024 prae-

711 1037 770 1056 stant
787 1033 816 1056 ab
834 1038 898 1056 aestu
915 1034 1023 1057 vitiorum
1045 1035 1087 1057 190
1104 1035 1133 1056 29

758 1086 789 1089 —
805 1073 925 1096 PassIones
942 1073 1017 1096 caruis
1039 1076 1061 1096 et
1083 1074 1174 1096 animae
1191 1073 1273 1096 Christi

711 1118 722 1134 a
740 1112 810 1134 Matre
828 1113 933 1140 cognitae
955 1112 985 1134 77
1003 1113 1032 1134 28
1050 1125 1080 1129 -
1097 1112 1179 1135 Christi
1196 1113 1272 1135 anima

710 1154 759 1173 erat
775 1151 850 1174 omnis
866 1151 1026 1174 amaritudinis
1049 1152 1098 1174 felle
1115 1152 1213 1179 repieta,
1230 1152 1274 1180 spi-

711 1190 756 1212 ritu
783 1191 893 1217 fremens,
916 1196 1004 1218 pavens
1028 1193 1050 1213 et
1074 1191 1180 1217 taedens,
1197 1191 1274 1218 agoni-

711 1235 776 1257 zans,
802 1229 903 1256 anxiata,
930 1228 1033 1256 turbata,
1058 1230 1120 1252 omni
1146 1230 1234 1252 tristitia
1251 1232 1274 1252 et

710 1268 790 1290 dolore
807 1268 959 1290 moestissima
978 1267 1033 1291 ibid.
1046 1281 1076 1285 —
1088 1268 1158 1291 tristis
1171 1269 1211 1291 11111
1222 1275 1274 1297 pro-

710 1309 761 1334 pter
776 1307 890 1334 passionis
901 1313 1027 1335 corporeae
1038 1308 1212 1330 vivacissimum
1224 1314 1274 1330 sen-

710 1351 775 1372 sum,
793 1349 888 1374 propter
904 1346 977 1368 divini
991 1347 1084 1369 honoris
1098 1352 1139 1374 per
1152 1350 1272 1375 peccatum

709 1384 820 1407 subtracti
845 1386 1040 1408 ferventissimum
1065 1386 1152 1413 zelum,
1179 1389 1273 1414 propter

709 1424 807 1446 effusum
824 1424 846 1446 111
866 1424 962 1447 miseros
979 1425 1132 1447 miserationis
1153 1425 1272 1454 affectum,

710 1465 803 1491 propter
820 1463 1004 1491 compassionem
1022 1463 1052 1485 ad
1069 1463 1162 1486 Matrem
1181 1463 1235 1486 ibid.

755 1515 787 1519 —
814 1502 857 1530 piis
884 1502 957 1525 oculis
981 1503 1075 1524 Matrem
1105 1503 1224 1531 conspexit
1251 1505 1273 1525 et

710 1541 800 1564 blandis
816 1542 928 1564 allocutus
945 1544 980 1564 est
996 1541 1142 1564 sermonibus
1153 1542 1183 1564 79
1200 1543 1229 1564 28
1241 1554 1273 1559 -

709 1580 808 1603 Affectus
825 1580 855 1602 ad
872 1581 966 1603 Matrem
983 1587 1049 1603 suam
1068 1581 1090 1603 in
1107 1581 1153 1603 rita
1165 1584 1187 1603 et
1199 1585 1272 1604 morte

712 1619 776 1641 1741
793 1632 823 1635 -
835 1620 929 1642 Matrem
946 1626 1024 1646 suam,
1042 1626 1070 1642 110
1082 1620 1202 1643 moriendo
1219 1620 1273 1642 deti-

709 1661 784 1685 ceret,
797 1659 933 1681 confortarit
951 1659 1085 1681 intrinsecus
1097 1661 1118 1681 ct
1133 1659 1272 1682 extrInsecus

711 1697 755 1720 175
765 1698 778 1719 2
788 1709 818 1714 -
830 1698 1017 1720 commendando
1029 1698 1122 1720 Matrem
1136 1698 1210 1720 loanni
1224 1705 1272 1721 mu-

710 1739 762 1759 tuae
780 1737 879 1759 caritatis
896 1738 1002 1759 affectum
1019 1737 1168 1759 commendat
1186 1738 1225 1759 191
1242 1738 1271 1759 38

756 1788 787 1792 --
816 1775 919 1798 Verbum
947 1778 1055 1804 quartum
1081 1776 1164 1799 Christi
1187 1779 1221 1799 est
1245 1783 1272 1799 ex

710 1820 807 1842 persona
825 1814 925 1837 hominis
941 1815 1038 1837 assumti
1056 1814 1100 1837 176
1118 1816 1131 1837 2
1150 1827 1180 1831 -
1197 1818 1221 1837 ut
1237 1821 1272 1837 ca-

710 1856 751 1881 put
772 1856 876 1876 nostrum
898 1854 1006 1876 clamavit
1027 1860 1053 1876 se
1077 1854 1211 1876 derelictum
1228 1860 1271 1882 pro

710 1895 757 1914 toto
774 1898 871 1920 corpore
888 1891 942 1915 ibid.
954 1904 985 1909 —
997 1892 1020 1915 in
1037 1898 1106 1915 cruce
1117 1893 1235 1922 clamavit,
1248 1896 1273 1916 ut

711 1931 791 1954 fortius
808 1931 927 1954 audiretur
948 1931 990 1954 ¹75
1010 1933 1017 1954 1

757 1982 788 1987 ·——
804 1971 874 1993 Aceto
891 1973 913 1993 et
932 1971 988 1993 fellis
1000 1971 1117 1999 potatione
1129 1971 1197 1994 totius
1210 1977 1273 1994 ama-

710 2010 814 2032 rissimae
839 2010 952 2038 passionis
976 2013 1135 2033 consummata
1153 2012 1187 2033 est
1203 2011 1272 2038 pleni-

710 2049 766 2071 tudo
783 2048 812 2070 78
831 2050 860 2071 28
877 2061 909 2066 -
925 2049 1026 2077 Singulis
1051 2049 1162 2071 membris
1184 2050 1272 2077 passio-

709 2087 778 2110 nibus
794 2088 892 2115 affectis,
909 2094 936 2110 os
952 2091 975 2110 et
986 2088 1064 2116 lingua
1075 2091 1131 2116 potu
1144 2089 1201 2110 101115
1212 2094 1272 2111 1111111-

709 2127 809 2149 ritudine
832 2127 950 2155 replentur
972 2126 1026 2150 ibid.
1042 2139 1073 2144 -—
1090 2130 1179 2150 tantum
1196 2130 1272 2155 gusta-

709 2165 741 2187 vit
757 2166 837 2188 11110111
856 2167 1000 2193 myrrhatum
1026 2166 1069 2188 =t76
1094 2166 1101 2188 1
1123 2179 1154 2182 -
1170 2172 1212 2194 per
1229 2172 1272 2194 gu—

708 2207 768 2226 stum
786 2204 844 2227 aceti
861 2207 883 2227 et
900 2204 957 2227 101115
978 2205 1064 2227 invenit
1081 2205 1210 2228 remedium
1228 2211 1271 2233 pro

709 2243 808 2271 peccatis
825 2246 907 2271 gustus
922 2244 952 2266 78
970 2244 999 2266 28

754 2294 785 2299 -
801 2282 875 2305 verbo
892 2282 951 2306 Sitia
969 2283 1142 2306 commendavit
1156 2283 1272 2306 immensi-

708 2324 778 2343 tatem
803 2321 904 2344 caritatis
928 2328 985 2344 suae
1003 2322 1047 2344 177
1066 2323 1078 2343 2
1095 2335 1126 2338 -
1148 2321 1194 2345 Cur
1218 2324 1271 2344 ante

709 2360 839 2388 passionem
856 2360 951 2382 calicem
969 2360 1063 2382 omnino
1080 2360 1162 2383 auferri
1181 2360 1272 2388 petierit

708 2401 731 2421 et
754 2401 807 2426 post
834 2399 966 2426 passionem
993 2399 1069 2421 adhuc
1096 2398 1189 2421 dixerit:
1215 2399 1270 2421 Sitio

708 2436 770 2465 ibid„
788 2444 824 2466 sq.

756 2489 786 2492 —
802 2476 860 2505 Quia
886 2477 1013 2504 perfectum
1036 2479 1059 2499 et
1082 2479 1270 2499 consummatum

709 2515 750 2538 suit
761 2515 916 2538 testimonium
929 2515 1070 2543 scripturae,
1083 2515 1202 2538 clamavit:
1214 2515 1271 2538 Con-

709 2557 851 2576 summatum
869 2558 903 2576 est
921 2554 964 2576 178
983 2555 992 2576 1

756 2605 786 2609 -
802 2593 825 2615 in
843 2598 911 2615 cruce
928 2593 1035 2616 irridetur
1052 2592 1081 2615 ab
1093 2591 1197 2615 1105111105
1208 2595 1230 2614 et
1241 2591 1270 2614 ab

709 2632 780 2654 altero
797 2632 912 2654 latronum
929 2632 958 2654 78
984 2632 1013 2654 26
1030 2644 1061 2649 -
1078 2637 1120 2659 pro
1137 2631 1271 2659 crucifigen-

710 2670 771 2693 tibus
788 2673 810 2693 et
827 2670 975 2693 irridentibus
992 2670 1082 2698 pietatis
1098 2670 1222 2693 dulcedine
1238 2670 1271 2692 in-

711 2710 814 2738 terpellat
836 2709 866 2732 ad
888 2709 977 2732 Patrem
995 2708 1023 2732 ib.
1041 2709 1070 2731 27
1088 2721 1118 2725 -
1134 2709 1210 2732 oravit
1226 2715 1270 2732 non

710 2750 784 2771 5010111
795 2755 837 2776 pro
848 2749 940 2775 amicis,
950 2749 991 2771 sed
1000 2748 1068 2771 etiam
1077 2755 1119 2776 pro
1129 2747 1271 2771 occisoribus

710 2788 758 2811 suis
776 2788 819 2810 173
838 2789 851 2810 2
868 2799 899 2804 -
917 2788 939 2809 in
959 2787 1068 2810 omnibus
1092 2787 1207 2815 pressuris
1223 2787 1271 2809 suis

711 2834 752 2850 nec
768 2827 839 2849 semel
856 2833 882 2849 os
903 2832 971 2849 suum
993 2826 1084 2855 aperuit
1100 2826 1213 2848 adversus
1231 2825 1272 2848 ini-

711 2866 795 2893 micos,
817 2865 858 2888 scd
883 2872 956 2888 novae
981 2865 1148 2888 benedictionis
1171 2864 1268 2887 verbum

710 2911 780 2933 super
802 2910 842 2927 eos
867 2904 947 2927 effudit
963 2904 992 2926 78
1010 2904 1038 2926 27
1055 2916 1086 2920 -
1103 2904 1182 2926 latroni
1201 2904 1268 2926 confi-

711 2944 764 2966 tenti
787 2950 813 2966 ac
835 2943 972 2972 supplicanti
997 2943 1153 2965 liberalIssima
1178 2943 1270 2965 caritate

710 2983 842 3011 repromisit
859 2983 991 3010 paradisum
1011 2981 1062 3005 ibid.

1563 258 1619 281 CHR
1854 230 1869 249 D

1354 307 1384 312 ·—
1401 302 1442 318 cur
1459 297 1547 319 orando
1564 303 1607 325 pro
1629 297 1815 325 persecutoribus
1833 304 1871 319 no-

1308 334 1369 356 mine
1387 335 1458 357 Patris
1476 342 1531 357 usus
1548 336 1576 357 sit
1594 336 1637 357 173
1655 336 1668 358 3
1687 349 1716 351 -
1733 342 1757 358 50
1775 342 1787 358 a
1805 337 1869 358 Patre

1307 378 1400 400 semper
1416 374 1490 396 audiri
1508 374 1595 396 sciebat
1612 374 1667 397 ibid.
1687 387 1719 391 —
1735 375 1803 397 Hasta
1821 381 1870 397 ora-

1307 411 1395 434 tionum
1412 419 1506 435 suarum
1528 419 1575 435 non
1593 416 1627 435 est
1643 420 1724 436 aversa
1742 414 1786 436 470
1808 414 1820 436 ss
1838 426 1870 431 —

1306 449 1395 473 Christo
1412 452 1478 473 Pater
1494 452 1549 474 nibli
1566 458 1653 480 negare
1670 456 1744 480 potest
1762 453 1805 475 104
1824 453 1853 475 15

1353 501 1384 505 ——
1400 494 1433 512 cst
1450 490 1576 513 imitandus
1592 491 1680 513 orando
1701 498 1744 519 pro
1764 498 1870 520 persecu-

1307 527 1396 551 toribus
1415 529 1458 551 173
1477 530 1489 551 2

1354 579 1383 583 ——
1400 568 1500 590 animam
1519 575 1584 590 suam
1602 569 1661 591 Patri
1683 569 1868 598 commendavit,

1308 608 1332 627 ut
1347 612 1389 628 nos
1406 607 1508 629 erudiret
1526 607 1569 629 179
1588 609 1596 628 1

1353 656 1384 661 -
1400 645 1545 668 Conveniens
1563 647 1616 673 fuit,
1633 646 1747 669 Christum
1761 647 1782 670 in
1799 653 1868 670 eruce

1306 684 1391 706 elevari
1411 684 1452 706 172
1470 685 1483 706 2
1495 697 1525 700 -
1537 691 1583 707 11011
1595 685 1697 708 elevatus
1709 690 1743 708 est
1756 686 1779 708 in
1792 693 1867 714 cruce,

1307 725 1331 744 ut
1356 729 1381 744 se
1406 723 1522 745 difficilem
1549 723 1671 751 praeberet
1699 725 1809 747 accedere
1837 725 1867 748 ad

1307 761 1382 789 ipsum
1401 762 1542 791 volentibus,
1559 763 1598 785 sed
1612 766 1637 784 ut
1648 763 1755 785 omnibus
1767 764 1868 791 paratior

1307 800 1447 822 inveniretur
1473 801 1544 823 1871
1575 814 1604 817 —
1630 802 1651 823 in
1675 808 1743 824 cruce
1765 803 1867 825 elevatus

1306 839 1394 861 animas
1411 840 1439 861 ad
1457 846 1481 861 se
1499 840 1580 862 invitat
1597 840 1651 863 ibid.
1669 854 1699 857 —
1716 841 1815 863 maxima
1833 848 1868 864 ca-

1306 878 1372 900 ritate
1389 878 1411 900 in
1428 884 1496 901 cruce
1515 880 1608 906 affixus,
1626 879 1705 902 invitat
1721 883 1867 907 peccatorem

1306 917 1336 939 ad
1353 917 1528 939 conversionem
1551 917 1575 939 41
1602 918 1631 940 39
1656 931 1686 934 -
1709 925 1762 941 cum
1784 925 1867 947 magna

1306 955 1479 983 longanimitate
1496 960 1611 984 exspectat
1628 960 1775 985 peccatorum
1793 964 1868 980 10101·-

1307 994 1396 1016 sionem
1414 993 1467 1016 ibid.
1484 1007 1515 1011 —
1531 995 1677 1023 quadruplici
1690 996 1777 1018 ratione
1789 998 1868 1019 movet

1307 1036 1452 1060 peccatorem
1470 1033 1500 1055 ad
1517 1034 1682 1056 revertendum
1695 1034 1723 1057 ib.
1736 1036 1772 1056 38.
1790 1041 1824 1063 sq.
1837 1048 1867 1051 —

1307 1071 1367 1099 Quid
1386 1071 1486 1094 iudicent
1502 1071 1595 1095 brachia
1613 1072 1696 1095 Christi
1713 1073 1736 1095 in
1754 1080 1821 1096 cruce
1833 1080 1868 1096 ex-

1307 1113 1370 1132 tensa
1393 1111 1433 1133 187
1455 1112 1459 1132 1

1353 1161 1384 1165 -
1401 1149 1423 1172 111
1439 1150 1583 1172 amarissima
1605 1151 1712 1178 passione
1734 1151 1866 1179 patientiam

1306 1188 1427 1215 sustinuit,
1453 1189 1494 1211 sed
1522 1191 1543 1211 et
1571 1189 1753 1217 magnitudinem
1782 1190 1868 1213 doloris

1306 1227 1406 1249 ostendit
1428 1227 1469 1250 175
1487 1228 1495 1250 1

1353 1278 1384 1282 —
1401 1273 1454 1289 cum
1472 1267 1540 1289 trium
1566 1268 1676 1290 horarum
1694 1267 1768 1295 spatio
1785 1274 1869 1296 pepen—

1306 1305 1377 1327 disset
1399 1306 1420 1327 in
1448 1312 1529 1333 cruce,
1555 1306 1665 1329 omnibus
1689 1308 1867 1334 consummatis,

1307 1345 1357 1366 fons
1374 1344 1424 1372 ipse
1441 1345 1501 1367 vitae
1519 1346 1575 1367 hora
1598 1351 1656 1367 nona
1674 1346 1773 1368 siccatur
1789 1346 1819 1368 79
1838 1348 1867 1369 29

1306 1395 1336 1398 -
1354 1384 1481 1410 formosus,
1499 1384 1650 1411 caligantibus
1662 1385 1734 1407 oculis
1746 1387 1767 1407 et
1785 1386 1868 1413 pallen-

1306 1421 1368 1444 tibus
1385 1423 1461 1449 genis,
1479 1429 1521 1450 pro
1547 1423 1598 1445 siliis
1615 1424 1735 1446 hominum
1757 1424 1868 1446 deformis

1305 1461 1413 1489 apparuit
1430 1460 1483 1484 ibid.
1500 1474 1531 1478 -
1548 1468 1601 1484 cum
1627 1463 1727 1484 clamore
1752 1463 1828 1485 valido
1846 1466 1868 1486 et

1305 1500 1412 1527 lacrymis
1437 1500 1465 1523 ad
1490 1500 1644 1523 miserationis
1672 1501 1867 1524 manifestandum

1306 1540 1411 1561 1111001001
1429 1542 1451 1562 01
1467 1540 1596 1562 Divinitatis
1613 1540 1774 1563 declarandam
1786 1543 1868 1569 poten-

1306 1578 1373 1605 tiam,
1390 1579 1490 1606 exspirat
1506 1578 1561 1601 ibid.
1572 1591 1603 1596 —-
1615 1579 1674 1601 Mors
1691 1580 1816 1607 corporalis
1833 1586 1868 1602 ac·

1306 1618 1374 1639 cessit
1396 1618 1426 1640 ad
1447 1619 1521 1640 lesum
1547 1621 1569 1641 et
1591 1618 1646 1641 vicit
1667 1619 1697 1641 ad
1720 1622 1826 1647 tempus,
1845 1622 1869 1642 ut

1306 1656 1436 1679 vinceretur
1454 1657 1475 1679 in
1493 1660 1612 1679 aeternum
1630 1658 1674 1679 163
1693 1659 1706 1680 2

1353 1707 1383 1711 -
1400 1696 1500 1723 Septima
1519 1696 1598 1718 effusio
1616 1696 1735 1724 sanguinis
1752 1697 1868 1719 11ιί1111111-

1306 1734 1359 1756 teris
1375 1737 1482 1762 apertura
1501 1735 1544 1757 187
1562 1736 1576 1757 2
1601 1748 1632 1751 -
1649 1734 1730 1758 Christi
1748 1736 1807 1758 latus
1823 1736 1868 1757 lan-

1305 1779 1344 1796 cea
1362 1775 1491 1801 perfossum
1509 1777 1554 1802 est,
1572 1777 1597 1797 ut
1612 1774 1725 1802 sanguine
1736 1781 1789 1797 cun]
1806 1781 1867 1803 aqua

1306 1815 1425 1840 manante,
1441 1813 1541 1840 pretium
1558 1813 1714 1836 effunderetur
1726 1816 1817 1836 nostrae
1834 1820 1868 1836 sa-

1305 1851 1357 1873 lutis
1374 1852 1404 1873 79
1421 1852 1450 1873 30
1468 1864 1498 1868 -
1511 1853 1579 1874 Latus
1595 1852 1676 1875 Christi
1691 1853 1820 1880 perfossum
1834 1856 1868 1875 est

1306 1890 1461 1913 habitaculum
1479 1890 1637 1913 columbinum
1655 1890 1709 1914 ibid.
1733 1903 1763 1908 —-
1783 1892 1805 1913 ln
1823 1893 1867 1914 hoc

1305 1930 1401 1952 vulnere
1418 1929 1568 1952 habitandum
1585 1930 1643 1952 sicut
1655 1929 1774 1959 columba,
1786 1936 1867 1958 passer

1305 1971 1327 1990 et.
1343 1971 1417 1991 turtur
1434 1968 1488 1991 ibid.
1507 1981 1536 1984 —
1554 1969 1589 1991 Ad
1607 1975 1660 1991 eum
1678 1969 1787 1991 accedere
1804 1972 1826 1992 et
1843 1969 1867 1992 in

1305 2007 1375 2030 corde
1392 2013 1434 2030 suo
1452 2007 1555 2030 habitare
1572 2007 1685 2030 debemus
1706 2008 1748 2030 104
1766 2008 1778 2030 4

1352 2059 1382 2062 -
1395 2047 1493 2074 Sanguis
1510 2053 1523 2069 a
1540 2047 1609 2069 latere
1628 2046 1710 2069 Christi
1727 2047 1869 2070 hauriendus

1304 2085 1334 2107 79
1353 2086 1381 2107 30
1399 2098 1430 2102 -
1447 2086 1488 2108 1110
1504 2086 1598 2113 sanguis
1623 2088 1657 2108 est
1679 2087 1728 2108 sous
1751 2086 1772 2108 in
1798 2087 1869 2109 corda

1305 2124 1388 2147 devota
1406 2124 1517 2153 diffusus,
1535 2125 1662 2147 fecundans
1678 2127 1701 2147 01
1711 2125 1810 2152 irrigans
1823 2125 1869 2147 uni-

1305 2169 1395 2186 versam
1413 2166 1498 2186 terram
1516 2164 1544 2186 80
1563 2164 1632 2186 30-
1644 2164 1666 2186 111
1683 2164 1797 2191 sanguine
1808 2163 1871 2186 Chri-

1305 2202 1331 2225 sti
1349 2205 1383 2225 est
1399 2202 1492 2230 copiosa
1510 2202 1639 2230 redemptio
1661 2201 1691 2224 ib.
1715 2203 1739 2224 31
1763 2215 1791 2218 —-
1809 2202 1871 2225 Salu-

1305 2241 1420 2264 berrimus
1431 2241 1526 2269 sanguis
1537 2241 1620 2264 Christi
1632 2240 1713 2263 liberat
1725 2242 1754 2264 de
1770 2242 1871 2269 peccatis

1304 2281 1425 2303 contractis
1443 2281 1483 2302 118!
1506 2279 1520 2302 4
1535 2292 1567 2297 —
1591 2280 1673 2303 Christi
1695 2281 1807 2308 sanguine
1828 2281 1869 2302 du-

1304 2319 1366 2341 rities
1382 2319 1459 2342 cordis
1476 2319 1612 2341 emollienda
1628 2322 1662 2341 est
1680 2319 1723 2341 180
1741 2320 1754 2341 2
1777 2331 1808 2335 -
1830 2320 1868 2341 Se-

1304 2361 1367 2386 ptem
1384 2360 1436 2380 sunt
1453 2358 1576 2380 effusiones
1592 2358 1710 2385 sanguinis
1726 2357 1809 2380 Christi
1825 2358 1865 2380 183

1305 2398 1325 2419 1,
1343 2403 1395 2426 sqq.
1415 2396 1469 2419 Vide
1486 2402 1506 2419 v.
1523 2396 1637 2426 Sanquis.

1349 2447 1381 2452 —
1397 2436 1430 2458 De
1446 2435 1515 2458 latere
1531 2438 1611 2463 aperto
1628 2435 1709 2458 Christi
1731 2435 1867 2458 dormientis

1303 2474 1325 2497 in
1343 2480 1412 2497 cruce
1429 2475 1524 2496 formata
1541 2477 1575 2497 est
1591 2474 1689 2497 Ecclesia
1707 2474 1737 2496 79
1754 2475 1784 2496 30

1350 2525 1381 2530 -
1398 2513 1468 2541 Signa
1490 2513 1512 2535 in
1538 2516 1612 2535 morte
1633 2513 1716 2536 Christi
1737 2513 1767 2535 79
1789 2514 1817 2535 29
1835 2526 1866 2529 -

1304 2552 1436 2575 Transitum
1458 2552 1541 2575 Christi
1566 2552 1655 2575 caelum
1680 2552 1743 2580 luget
1767 2555 1789 2575 et
1807 2555 1865 2574 terra

1304 2590 1358 2614 ibid.

1350 2642 1381 2647 —
1398 2631 1453 2652 hora
1471 2632 1531 2653 sexta
1551 2630 1672 2653 crucifixus
1689 2632 1711 2652 ct
1732 2631 1787 2653 hora
1805 2637 1865 2653 nona

1303 2671 1410 2692 mortuus
1433 2671 1467 2692 est
1489 2668 1534 2691 409
1552 2670 1564 2691 6
1581 2681 1613 2686 —
1628 2671 1690 2691 sexta
1716 2669 1770 2691 seria
1793 2669 1866 2692 voluit

1303 2708 1407 2736 crucifigi
1423 2707 1453 2731 ib.
1471 2708 1483 2730 8
1496 2720 1527 2725 -
1543 2711 1610 2731 natus
1625 2711 1659 2730 est
1671 2708 1692 2730 in
1705 2711 1770 2731 nocte
1782 2714 1808 2731 ex
1821 2709 1865 2731 lila-

1303 2748 1335 2769 ria
1354 2747 1461 2775 Virgine,
1478 2753 1545 2769 mane
1562 2747 1631 2769 iudici
1645 2753 1754 2775 passurus
1771 2747 1865 2775 sistitur,

1303 2786 1403 2808 diluculo
1420 2785 1555 2814 resurrexit,
1572 2787 1628 2808 hora
1653 2786 1717 2808 tertia
1739 2786 1865 2814 flagellatur

1304 2827 1325 2847 et
1338 2828 1416 2853 postea
1429 2824 1539 2852 Spiritum
1551 2825 1574 2847 S.
1584 2824 1651 2852 misit,
1663 2828 1723 2847 sexta
1736 2825 1865 2853 crucifixus,

1304 2870 1362 2886 nona
1380 2864 1401 2886 in
1418 2870 1487 2886 cruce
1504 2869 1546 2891 pro
1558 2863 1625 2886 nobis
1637 2866 1754 2891 mortuus,
1765 2870 1864 2892 vespere

1304 2909 1404 2926 coenans
1428 2903 1531 2930 corporis
1556 2905 1578 2925 01
1594 2902 1713 2930 sanguinis
1732 2903 1768 2925 sui
1785 2903 1866 2925 Sacra—

1304 2944 1380 2964 menta
1397 2942 1489 2964 tradidit
1506 2945 1528 2963 et
1544 2941 1698 2970 Completorio
1709 2942 1813 2969 sepultus
1830 2944 1865 2964 est

1305 2981 1349 3004 119
1367 2982 1380 3003 6
