2133 3317
114 1275 202 1299 Epilogus
214 1274 239 1293 ad

146 1301 218 1322 septem

149 1322 214 1341 verba.

120 1659 243 1679 Commenda-

109 1683 134 1702 tio
143 1684 243 1702 verborum

107 1707 184 1726 Christi.

145 2051 237 2070 Hurtatio.

259 186 313 214 192

693 184 890 212 OPUSCULUM
911 184 941 211 X.
966 183 1050 211 VlTlS
1072 183 1221 211 llIYSTlCA.
1245 184 1507 213 ADDITAMENTUM
1530 185 1571 213 lV.

916 349 1247 385 ADDITAMENTUM
1272 350 1317 385 IV
1331 344 1350 385 ¹.

328 489 397 519 Quod
417 489 442 513 et
459 496 505 513 nos
524 488 570 513 sub
592 496 635 519 spe
660 488 757 520 gratiae
783 488 808 512 et
830 487 1011 512 misericordiae
1038 487 1107 519 pote-

257 533 335 557 rimus
355 532 445 560 facere,
466 532 487 555 si
506 531 552 555 sub
571 531 660 555 umbra
679 530 794 555 foliorum
813 531 1006 561 praemissorum
1026 530 1106 554 latue-

256 577 347 604 rimus,
368 575 388 599 si
408 582 480 599 sonos
499 574 647 599 chordarum
666 574 777 598 citharae
796 574 897 598 nostrae
910 574 1013 598 auribus
1026 573 1106 598 cordis

255 619 420 647 audierimus,
440 618 533 642 scilicet
552 618 573 641 si
593 618 746 642 oraverimus
766 624 811 648 pro
834 617 951 645 inimicis,
976 617 996 641 si
1022 617 1107 647 poeni-

254 662 380 690 tentibus,
399 662 441 692 qui
460 661 485 685 in
504 668 550 685 nos
569 660 747 691 peccaverunt,
768 668 796 684 ex
815 660 868 685 toto
887 660 958 685 corde
982 660 1105 684 remiseri-

256 712 323 734 mus,
344 705 363 729 si
384 705 501 735 proximis
520 704 614 728 nostris
629 703 742 728 mutuam
756 703 941 734 rependerimus
960 703 1091 728 caritatem
1098 722 1106 734 ‚

255 749 276 773 si
295 749 320 773 in
341 748 454 773 omnibus
473 747 678 772 tribulationibus
697 746 791 771 nostris
819 747 1003 777 speraverimus
1028 747 1053 771 in
1079 754 1106 772 eo

255 791 298 823 qui
317 790 420 822 proptor
438 798 484 815 nos
502 790 574 815 homo
594 790 675 814 factus
694 790 746 819 est,
769 789 799 814 ut
823 790 910 814 unitus
935 790 1036 815 nostrae
1062 798 1107 815 na-

255 834 326 859 turae
350 833 415 858 esset
439 833 567 858 nobiscum
582 832 599 863 ²,
625 834 646 857 si
671 833 769 857 ardenti
794 833 913 858 desiderio
938 833 1105 864 proximorum

256 877 363 904 salutem
382 876 615 906 desideraverimus,
636 876 661 901 et
679 876 819 907 postremo,
834 877 854 900 si
867 877 892 900 in
906 876 976 901 bonis
990 877 1106 907 operibus

255 921 287 946 ad
306 919 543 946 consummationem
563 919 756 950 perstiterimus.
775 919 806 944 In
827 919 949 951 quantum
967 919 1027 944 haec
1051 927 1107 951 ege-

254 965 343 993 rimus,
363 963 512 988 fiducialiter
531 963 668 994 poterimus
687 963 766 987 dicere
785 963 886 988 aeterno
902 963 975 987 Patri
988 970 1041 988 eum
1056 963 1107 988 Do-

254 1008 320 1033 mino
334 1007 391 1032 Iesu
406 1006 428 1031 ³:
450 1007 484 1031 In
503 1013 597 1031 manus
612 1007 677 1037 tuas,
692 1006 812 1038 Domine,
825 1006 970 1031 commendo
984 1006 1107 1037 spiritum

254 1058 353 1080 memm-
372 1057 468 1080 semper
488 1049 600 1078 orantes,
620 1049 678 1073 (lum
697 1050 816 1079 vivimus,
841 1049 870 1074 ut
894 1050 919 1074 in
944 1049 984 1073 his
1009 1049 1104 1077 verbis,

256 1094 346 1125 quibus
364 1094 416 1124 ipse
436 1092 553 1123 spiritum
574 1092 667 1122 emisit,
687 1092 816 1124 praestare
836 1092 954 1124 dignetur
972 1100 1018 1117 nos
1031 1093 1105 1117 etiam

255 1137 372 1168 spiritum
390 1136 505 1161 nostrum
524 1135 637 1161 emittere
657 1136 682 1161 et
695 1136 747 1160 suis
760 1135 892 1161 efficaciter
909 1136 1024 1160 manibus
1042 1143 1107 1161 com-

254 1180 378 1205 mendare.

326 1223 368 1247 50.
388 1223 462 1252 Ecce,
483 1222 616 1247 secundum
637 1222 702 1253 quod
721 1222 859 1253 potuimus,
879 1230 929 1247 non
948 1223 1082 1248 secundum
1096 1222 1105 1235 ⁴

255 1266 320 1297 quod
339 1265 480 1295 debuimus,
499 1272 543 1290 nec
557 1265 691 1290 secundum
705 1265 769 1296 quod
783 1265 918 1294 voluimus,
932 1265 991 1289 vitis
1005 1265 1106 1290 nostrae

255 1309 360 1340 desuper
379 1308 494 1333 extensae
513 1308 573 1333 folia
592 1308 687 1339 septem
705 1308 804 1332 vestrae
824 1308 977 1333 ostendimus
990 1309 1103 1339 caritati3

254 1359 316 1384 quae
335 1359 384 1377 non
403 1351 466 1376 satis
485 1351 523 1376 est
545 1350 646 1375 tantum
668 1351 774 1381 intueri,
801 1352 843 1376 sed
869 1352 952 1383 potius
978 1352 1016 1377 est
1039 1360 1107 1377 acce—

253 1395 360 1420 dendum
379 1395 404 1419 et
423 1395 469 1419 sub
487 1394 576 1419 umbra.
594 1395 694 1419 illorum
712 1395 857 1424 sedendum,
871 1395 900 1419 ut
913 1396 1038 1426 possimus
1050 1403 1105 1420 cum

255 1446 347 1470 sponsa
367 1438 488 1463 veraciter
506 1437 619 1462 dicere5:
641 1437 693 1462 Sub
712 1438 806 1463 mnbra
826 1438 898 1463 illius
917 1446 991 1469 quem
1011 1438 1106 1464 deside-

254 1490 384 1513 raveram,
413 1482 474 1507 sedi.
502 1481 596 1506 Cuius?
620 1482 694 1506 Illius
717 1482 806 1513 Sponsi
828 1482 926 1514 utique,
952 1483 1021 1507 cuius
1046 1482 1106 1508 folia

255 1525 370 1550 umbram
389 1525 461 1550 tanto
479 1525 573 1550 habent
591 1525 718 1555 latiorem,
732 1525 826 1557 quanto
839 1526 892 1557 ipse
905 1526 1030 1557 Sponsus,
1044 1526 1107 1551 Ver-

254 1568 314 1592 bum
333 1568 423 1592 summi
442 1568 540 1598 Patris,
560 1568 637 1593 verba
655 1568 732 1593 habet
750 1568 888 1593 virtutibus
907 1568 1053 1594 amabiliora
1072 1569 1106 1593 vi-

255 1612 396 1643 cinioraque
410 1611 501 1640 saluti,
515 1612 596 1643 magis
609 1611 793 1637 accommodata
806 1611 895 1643 pietati
908 1612 933 1637 et
946 1613 1055 1637 omnium
1068 1613 1106 1637 111-

255 1654 366 1679 1011001οἰ
386 1654 548 1686 promptiora.
569 1654 687 1684 Quamvis
706 1656 771 1680 enim
789 1656 815 1680 in
835 1655 949 1680 omnibus
972 1655 1106 1687 Prophetis

256 1698 281 1724 et
290 1698 420 1729 Apostolis
429 1697 528 1723 locutus
541 1697 575 1722 sit
587 1698 629 1723 ille
640 1698 718 1723 bonus
731 1698 810 1729 Iesus,
824 1699 919 1723 nullius
932 1699 1017 1724 tamen
1030 1699 1106 1724 verba

254 1742 363 1773 reperies
382 1742 494 1771 omnino,
515 1748 577 1772 quae
596 1741 633 1766 ita
651 1741 676 1766 et
695 1741 802 1766 fortibus
827 1741 852 1766 et
874 1741 995 1772 infirmis,
1020 1742 1044 1766 id
1068 1742 1106 1767 est

254 1786 332 1811 doctis
352 1786 376 1810 et
394 1785 513 1815 indoctis,
534 1785 690 1816 sapientibus
708 1785 858 1810 conveniant
876 1786 902 1810 et
913 1786 1104 1817 insipientibus,

253 1828 283 1854 ut
296 1828 373 1854 verba
385 1828 522 1853 doctissimi
540 1827 617 1853 Verbi
634 1827 733 1853 Domini
751 1827 818 1852 Iesu.
837 1828 904 1853 Nam
916 1828 953 1853 ait
966 1829 1066 1860 quidam
1080 1827 1103 1853 ⁰:

413 1919 505 1941 Dulcius
523 1925 549 1941 ex
568 1918 618 1947 ipso
637 1919 699 1941 sonte
716 1917 829 1941 bibuntur
846 1925 928 1948 aquae.
1100 1932 1110 1936 -

324 2002 453 2026 Sciendum
472 2001 570 2031 autem,
591 2001 656 2033 quod
674 2002 700 2025 in
719 2001 808 2026 umbra
827 2001 941 2027 foliorum
954 2002 1068 2032 istorum,
1079 2002 1104 2027 id

255 2044 294 2069 est
322 2045 348 2069 in
370 2044 453 2069 verbis
479 2044 590 2072 Domini,
616 2044 785 2069 meditandum
811 2044 849 2069 est
874 2044 914 2069 die
940 2052 969 2069 ao
992 2044 1104 2075 modest

254 2095 358 2119 quorum
378 2087 467 2112 umbra
480 2087 540 2112 tunc
553 2087 663 2119 profecto
677 2087 843 2119 protegimur,
857 2095 913 2112 cum
926 2088 1022 2119 quoties
1035 2096 1050 2112 a
1070 2089 1103 2113 vi-

253 2130 296 2155 tiis
314 2130 359 2155 aut
377 2131 474 2156 diabolo
493 2130 632 2160 tentamur,
654 2138 698 2162 per
717 2130 868 2155 tractatores
881 2130 980 2162 aliquod
999 2131 1103 2155 verbum

253 2174 281 2198 de
294 2173 431 2205 Scripturis
450 2173 599 2205 evangelicis
611 2173 682 2198 uobis
695 2173 852 2203 adducimus,
872 2174 941 2198 cuius
958 2173 1060 2198 monitis
1078 2173 1103 2198 et

253 2216 403 2242 auctoritate
416 2216 569 2241 irruentibus
582 2216 608 2241 in
620 2223 666 2241 nos
678 2216 747 2241 vitiis
757 2216 917 2246 resistamus,
932 2216 1000 2241 verbi
1010 2216 1101 2248 gratia,

1163 488 1184 512 si
1204 487 1311 512 tentaris
1330 495 1345 512 a
1364 488 1495 519 superbia,
1515 488 1630 514 videlicet
1648 489 1677 513 ut
1690 490 1752 514 velis
1772 497 1899 521 praeesse,
1914 490 2014 516 subesse

1163 531 1241 561 nolis3
1262 531 1374 556 occurret
1387 531 1433 556 tibi
1446 532 1534 556 statim
1553 532 1656 557 verbum
1676 532 1775 557 Domini
1795 533 1912 558 dicentis:
1928 532 1937 545 ⁸
1965 534 2014 566 Qui

1163 573 1272 598 voluerit
1290 574 1357 598 inter
1375 581 1418 599 vos
1438 575 1543 605 primus
1568 582 1619 600 esse
1644 575 1693 600 erit
1717 577 1797 600 vester
1823 583 1924 607 servus,
1951 577 2015 607 Quia

1164 616 1228 641 sicut
1247 617 1293 648 qua*
1310 624 1336 642 se
1364 618 1463 642 01εαῖέαύ
1487 617 1683 650 humiliabitur,
1713 618 1749 643 ita
1775 619 1821 649 qm*
1842 626 1868 644 se
1891 619 2015 644 humiliat

1163 660 1330 685 exaltabitur.
1350 661 1374 685 Si
1394 660 1498 685 infestat
1517 661 1541 685 te
1560 661 1634 686 ardor
1654 662 1810 692 iracundiae,
1829 662 1906 687 habes
1925 662 2012 688 statim

1163 703 1250 728 folium
1269 703 1329 728 vitis
1347 704 1463 733 nostrae,
1490 704 1555 735 quod
1579 704 1616 729 illi
1642 704 1733 729 fervori
1758 712 1882 736 opponas,
1910 706 2013 731 verbum

1164 746 1226 771 illud
1239 746 1332 771 scilicet
1343 745 1360 776 ⁹,
1381 747 1446 778 quod
1465 747 1556 778 onmis,
1571 748 1616 778 qui
1630 748 1752 772 irascitur
1764 747 1845 778 fratri
1857 749 1912 773 sine
1925 756 2013 781 causa,

1163 796 1223 814 reus
1242 790 1292 814 erit
1309 789 1419 821 iudicio,
1439 789 1464 814 et
1483 791 1518 814 310
1536 790 1623 815 contra
1642 791 1742 822 singula
1761 791 1919 816 tentamenta
1937 792 2013 817 verba

1163 833 1286 862 invenies,
1307 833 1396 864 quibus
1415 833 1446 857 ab
1466 833 1537 857 aestu
1556 833 1674 858 vitiorum
1693 834 1791 859 defendi
1810 835 1891 865 possis
1913 835 1938 860 et
1962 836 2014 860 vir-

1163 875 1244 900 tutem
1262 876 1404 907 teporatam
1419 876 1439 888 ¹⁰
1458 877 1601 906 confovere,
1624 878 1680 908 ipsa
1705 878 1762 902 Vite
1784 878 1884 908 nostra,
1907 878 2014 910 benigno

1164 919 1235 949 Iesu,
1255 919 1327 944 nobis
1344 920 1490 950 praestante
1510 920 1656 945 subsidium.

1503 1006 1587 1031 CAPUT
1607 1007 1676 1032 XVI.

1164 1091 1204 1116 De
1218 1092 1378 1117 iucunditate
1392 1093 1486 1123 florum
1498 1093 1558 1118 vitis
1566 1112 1573 1124 ,
1586 1093 1615 1118 z'cl
1627 1094 1664 1118 est
1678 1093 1707 1118 de
1719 1094 1859 1119 virtutibus
1875 1092 1974 1119 Christi
1984 1093 2014 1119 ²¹.

1236 1177 1278 1203 51.
1292 1178 1385 1203 Deinde
1398 1179 1429 1203 ad
1442 1178 1531 1203 florum
1544 1179 1724 1204 iucunditatem
1734 1181 1845 1205 animum
1855 1180 2013 1212 inclinantes,

1163 1222 1237 1247 immo
1256 1229 1314 1247 vere
1333 1221 1471 1252 elevantes,
1497 1222 1639 1253 videamus,
1665 1224 1785 1255 quomodo
1813 1223 1927 1249 floruerit
1954 1224 2014 1250 vitis

1163 1264 1259 1290 nostra.
1278 1265 1377 1290 Floruit
1395 1266 1474 1295 euim,
1488 1265 1513 1290 et
1526 1265 1599 1291 tanto
1612 1266 1712 1291 uberius
1725 1267 1905 1298 iucundiusque
1917 1267 2013 1298 ceteris,

1163 1308 1257 1340 quanto
1276 1309 1331 1339 ipsa
1350 1309 1437 1333 melior
1456 1309 1570 1334 omnibus
1588 1309 1647 1339 fuit,
1667 1310 1737 1334 cuius
1756 1310 1951 1341 maqnificentia
1969 1310 2014 1335 ele-

1163 1353 1224 1377 vata
1243 1353 1280 1377 est
1297 1359 1375 1383 super
1393 1352 1491 1383 caelos,
1510 1352 1557 1377 sub
1577 1353 1647 1377 cuius
1661 1352 1773 1384 pedibus
1787 1353 1875 1378 onmia
1887 1355 1948 1378 sunt
1960 1354 2015 1379 sub-

1162 1396 1229 1420 iecta
1239 1394 1269 1427 ¹²,
1283 1396 1396 1427 quamvis
1409 1395 1497 1420 nostra
1510 1395 1615 1420 caritate
1628 1396 1765 1426 devinctus,
1779 1396 1811 1421 ad
1823 1396 1923 1427 tempus
1931 1396 2014 1427 paulo

1162 1439 1250 1464 miuus
1263 1438 1295 1463 ab
1305 1438 1416 1470 Amyclis
1429 1438 1505 1463 fuerit
1518 1439 1656 1464 diminutus
1667 1438 1696 1463 ¹³.
1707 1454 1742 1457 —
1753 1439 1832 1469 Quam
1844 1439 1974 1470 iucundus,
1985 1439 2015 1465 ut

1163 1481 1239 1513 putas
1247 1501 1253 1511 ,
1266 1481 1314 1506 erit
1326 1482 1424 1506 fructus
1436 1481 1496 1506 vitis
1509 1481 1610 1507 nostrae
1629 1482 1703 1507 tanta
1721 1482 1876 1507 iucunditate
1889 1482 2013 1508 florentis!

1235 1525 1277 1549 52.
1296 1525 1343 1550 Sed
1361 1526 1410 1550 iam
1430 1525 1593 1557 singulariter
1604 1524 1625 1537 ¹4
1644 1525 1720 1550 etiam
1733 1526 1762 1551 (10
1774 1526 1815 1551 1113
1833 1526 1936 1552 fioribus
1955 1526 2015 1552 vitis

1163 1568 1278 1598 nostrae,
1307 1569 1360 1599 ipso
1385 1568 1524 1599 annuente,
1551 1569 1636 1600 aliqua
1662 1569 1828 1599 disseramus,
1859 1569 1905 1595 hoc
1929 1570 2014 1595 tamen

1163 1612 1289 1643 praeviso,
1318 1611 1383 1643 quod
1401 1611 1475 1637 flores
1493 1612 1519 1636 111
1538 1612 1692 1637 iucunditate
1712 1613 1781 1637 visus
1800 1612 1825 1637 et
1843 1613 1869 1637 in
1888 1612 2014 1638 suavitate

1163 1654 1282 1680 odoratus
1301 1655 1406 1680 maxime
1425 1655 1628 1685 considerantur,
1654 1656 1747 1681 comedi
1772 1663 1831 1681 vero
1849 1663 1899 1681 non
1919 1655 2013 1686 solent,

1162 1698 1211 1722 nisi
1230 1698 1295 1729 quod
1313 1706 1373 1729 apes
1392 1698 1421 1723 de
1440 1698 1588 1730 quibusdam
1607 1699 1710 1724 floribus
1735 1699 1816 1724 cibum
1844 1699 2014 1725 dulcissimum

1163 1741 1273 1773 sugendo
1286 1742 1415 1773 colligunt.
1430 1742 1543 1766 Diximus
1556 1742 1640 1767 autem
1651 1741 1681 1772 ¹⁵,
1695 1742 1759 1774 quod
1772 1742 1858 1767 nullus
1871 1742 1925 1772 flos,
1938 1743 1963 1767 id
1976 1742 2015 1767 est

1162 1785 1233 1810 nulla
1251 1785 1334 1810 virtus
1353 1792 1397 1816 per
1416 1792 1593 1817 quemcumque
1610 1785 1697 1810 florem
1717 1785 1869 1817 significata,
1886 1785 1956 1811 deest
1967 1785 2015 1811 viti

1162 1828 1272 1854 nostrae,
1292 1828 1359 1858 Quae
1377 1829 1443 1853 enim
1461 1828 1543 1854 virtus
1562 1829 1659 1854 deesset
1678 1829 1783 1854 Domino
1799 1829 1850 1854 Deo
1869 1828 2015 1854 virtutum?

1494 1915 1578 1940 CAPUT
1598 1915 1682 1941 XVH.

1293 2001 1334 2026 De
1352 2001 1415 2032 flore
1434 2001 1592 2027 humilitatis
1599 2021 1606 2033 ,
1627 2009 1692 2033 quae
1711 2003 1749 2027 est
1765 2000 1876 2027 violam.

1231 2087 1273 2111 53.
1293 2087 1377 2113 Primo
1396 2094 1455 2119 ergo
1474 2087 1502 2112 de
1521 2087 1582 2113 flore
1600 2088 1767 2118 humilitatis,
1786 2088 1812 2112 id
1831 2088 1870 2113 031
1889 2088 1918 2113 (10
1931 2088 2011 2118 viola,

1159 2130 1295 2155 videamus.
1315 2130 1396 2160 Quare
1414 2130 1460 2156 flos
1479 2131 1603 2156 violaceus
1622 2131 1792 2156 humilitatem
1806 2131 1944 2163 significet,
1957 2133 2010 2157 sta-

1160 2175 1235 2205 tura,
1247 2174 1327 2205 situs,
1342 2173 1405 2199 odor
1413 2193 1419 2205 ,
1434 2173 1504 2199 color
1523 2174 1548 2199 et
1566 2174 1604 2199 vis
1615 2175 1695 2206 ipsius
1708 2174 1777 2200 floris
1790 2174 1962 2200 manifestant.
1975 2189 2010 2193 ——

1160 2216 1269 2242 Statura
1288 2217 1366 2249 enim,
1386 2217 1411 2242 id
1430 2217 1469 2242 est
1487 2217 1617 2249 quantitas
1635 2218 1723 2249 ipsius,
1751 2218 1847 2243 modica
1874 2218 1921 2243 est.
1950 2217 2010 2248 Quis

317 2397 324 2409 ¹
343 2397 387 2420 Csr.
406 2404 475 2425 supra
494 2404 549 2426 pag.
568 2397 624 2425 179,
642 2400 694 2420 nota
712 2399 733 2420 6.

318 2428 326 2441 ²
344 2429 421 2452 lllattli.
443 2430 464 2456 l,
483 2430 523 2451 23:
542 2430 630 2451 Nomen
648 2430 697 2452 eius
719 2430 866 2458 Emmanuel,
889 2430 952 2459 quod
977 2434 1011 2453 est
1035 2431 1102 2453 iuter-

255 2463 369 2488 pretatum
389 2459 517 2484 Nobiscum
534 2461 603 2483 Deus.

317 2490 326 2503 ⁸
344 2492 396 2514 Luc.
416 2492 457 2519 23,
476 2491 513 2514 46.
525 2504 556 2508 —
567 2491 651 2514 Cod.A
667 2492 731 2514 addit
743 2492 815 2515 immo
832 2494 853 2515 eb
870 2492 916 2522 ipsi
927 2492 1027 2516 Domino
1041 2494 1101 2516 lesu.

316 2522 326 2535 4
343 2523 373 2545 Ex
390 2523 407 2544 A
425 2524 588 2550 supplevimus
604 2523 743 2546 secundum.
757 2538 759 2542 -

317 2553 326 2566 ⁵
343 2554 408 2576 Cant.
425 2555 449 2582 2,
468 2555 489 2576 3.
507 2567 537 2570 —
556 2555 650 2577 Inferius
668 2561 710 2582 pro
727 2554 871 2578 ruuabilloru
883 2559 905 2577 et
921 2556 1101 2579 accommodata

254 2586 272 2607 A
289 2585 405 2608 mniciora
422 2589 444 2608 et
460 2585 626 2614 accommoda,
645 2592 688 2614 pro
708 2586 859 2615 promptiora
881 2587 911 2609 ed
946 2588 950 2608 l
975 2587 1100 2617 proptera.

316 2616 326 2629 ⁰
343 2616 418 2644 Ovid,
437 2618 468 2639 111.
487 2623 513 2640 ex
532 2618 615 2645 Ponto,
633 2618 699 2645 epist.
718 2617 739 2640 5.
762 2624 784 2640 v.
813 2619 851 2646 ¹8,
875 2618 913 2640 ubi
937 2625 979 2646 pro
1001 2619 1101 2642 Dulcius

255 2651 328 2670 textus
345 2648 462 2676 originalis
479 2648 586 2672 Gratius.
603 2648 658 2671 Cod.
678 2651 694 2671 A
713 2655 738 2671 ex
757 2655 780 2671 v.
799 2648 835 2671 l7.
857 2650 991 2677 praemittit:
1012 2650 1102 2678 Quum-

254 2685 327 2709 quam
344 2685 416 2708 sapor
433 2681 468 2702 est
483 2679 558 2703 allatu
576 2679 652 2703 dulcis
670 2680 693 2703 in
713 2680 784 2703 mula.

317 2710 324 2723 ⁷
342 2711 424 2733 Psalm.
442 2712 450 2732 l
462 2729 467 2739 ,
486 2712 505 2733 2.
519 2712 672 2740 -Superius
689 2718 731 2740 pro
749 2711 876 2735 Sciendum
893 2714 984 2740 autem,
1003 2712 1066 2742 quod
1083 2714 1100 2735 A

253 2741 388 2764 Serlemlum
404 2744 484 2765 autem
501 2744 542 2770 est,
560 2743 600 2771 qui
617 2743 685 2765 etiam
704 2744 799 2765 iuferius
816 2744 900 2766 omittit
915 2745 959 2766 aut
974 2743 1066 2767 diabolo
1079 2747 1101 2767 et

250 2779 294 2802 per
312 2774 460 2796 tractatores.
513 2806 526 2811 μ
649 2805 652 2809 Ι
949 2806 952 2809 .
1040 2806 1043 2810 .

316 2803 325 2816 ⁸
344 2805 418 2826 Matth.
437 2805 479 2832 20,
497 2806 539 2833 21,
557 2812 599 2833 pro
616 2807 661 2828 erzl
677 2807 752 2828 vescar
770 2806 806 2828 ed.
823 2807 830 2827 vl
853 2809 875 2828 et
892 2807 910 2828 A
930 2808 960 2829 εει
978 2812 1100 2835 ommium*

253 2838 306 2863 post
322 2842 392 2864 quein
410 2836 463 2858 Luc.
483 2836 523 2863 114,
542 2837 578 2858 Υ11.
597 2836 647 2865 (cfr.
667 2837 742 2859 Mattln.
761 2838 802 2864 23,
821 2838 873 2864 12.>.
887 2850 918 2854 —-
930 2838 1041 2865 Superius
1056 2844 1099 2866 pro

252 2866 275 2889 si
290 2866 388 2889 [enlm-is
407 2868 444 2893 (ita
463 2867 490 2896 Α)
509 2868 562 2890 Bon.
581 2874 634 2890 cum
653 2869 689 2890 ed.
709 2869 716 2890 11
738 2868 761 2891 sl
776 2869 886 2891 tentatus.

316 2897 325 2910 ⁹
342 2899 419 2920 Mattli.
436 2899 461 2925 5,
479 2900 516 2920 22.
535 2899 632 2927 Vulgata
650 2900 733 2921 omittit
749 2899 799 2922 siue
817 2905 903 2927 causa,
923 2901 985 2928 quod
1008 2903 1100 2928 praeter

252 2929 309 2951 auos
326 2929 416 2951 exbibet
432 2930 536 2958 August,
555 2931 568 2952 l.
587 2931 616 2953 de
634 2931 744 2952 Sermone
766 2931 854 2953 Domini
878 2932 900 2953 in
920 2934 1010 2958 moute,
1034 2938 1053 2953 c.
1076 2933 1098 2953 9.

253 2967 275 2982 n.
301 2961 338 2982 21.
364 2963 385 2983 et
409 2961 445 2983 25.
469 2961 568 2988 Hieron,
595 2963 616 2983 ΙΙ.
644 2962 731 2989 Dialog.
754 2965 831 2984 contra
856 2963 1001 2990 Pelagianos,
1025 2969 1045 2984 11.
1072 2964 1098 2990 5,

253 2991 324 3014 verba
342 2992 392 3014 sine
409 2998 481 3014 causa
500 2992 603 3020 praebet,
630 3001 639 3012 a
652 2993 704 3015 lieet
726 2994 746 3014 in
771 2993 886 3022 plerisque
908 2993 1028 3016 codicibus
1048 2993 1099 3016 siue

1159 2406 1232 2423 consu
1245 2400 1350 2422 additum
1363 2406 1407 2422 non
1419 2400 1448 2421 sit
1460 2408 1485 2426 η,
1498 2399 1519 2421 in
1532 2400 1608 2422 Matth.
1622 2400 1642 2428 ὅ,
1655 2401 1691 2422 22.
1704 2403 1782 2422 autem
1794 2401 1836 2422 ait:
1852 2409 1863 2420 ι(
1873 2400 2010 2423 Radendum

1159 2434 1193 2454 cst
1210 2437 1265 2459 ergo
1283 2431 1333 2453 siue
1352 2437 1426 2454 causa
1439 2440 1460 2453 ».

1223 2462 1242 2474 ¹⁰
1261 2463 1290 2484 lta
1309 2463 1375 2490 Bon.;
1388 2463 1424 2485 ed.
1439 2463 1446 2484 l
1464 2462 1587 2491 temporis,
1600 2463 1619 2484 A
1631 2463 1686 2490 legit
1697 2464 1718 2485 et
1729 2462 1753 2485 iu
1768 2462 1884 2486 virtutum
1901 2462 2011 2492 temperie

1159 2494 1290 2523 conlboerz',
1308 2494 1347 2522 qui
1366 2494 1435 2516 etiam
1452 2494 1560 2521 superius
1586 2500 1627 2521 pro
1649 2493 1747 2523 sinqulu
1769 2495 1913 2517 tentamenta
1938 2494 2010 2517 verba

1158 2525 1275 2548 substituit
1292 2525 1387 2554 sz'nyulu
1406 2524 1464 2548 ¹vilia
1480 2524 1578 2555 sinqvvla
1595 2524 1676 2548 verbu.

1222 2556 1240 2569 ¹¹
1259 2557 1316 2579 Bon.
1333 2556 1416 2579 omittit
1434 2556 1458 2579 z'tl
1474 2558 1508 2579 est
1530 2557 1557 2579 tle
1579 2556 1706 2579 virtutibus
1725 2556 1828 2585 Clu-isup-
1851 2558 1869 2579 Α
1892 2556 2010 2579 substituit

1161 2587 1282 2615 Quomodo
1299 2587 1353 2611 vitis
1370 2588 1460 2617 floruit.
1479 2588 1524 2610 Csr.
1541 2594 1612 2615 supra
1630 2594 1677 2616 pag
1707 2588 1760 2616 179,
1778 2592 1831 2610 nota
1849 2589 1872 2610 7.

1222 2618 1241 2631 ¹²
1259 2620 1342 2641 Psnlin.
1360 2620 1384 2647 8,
1403 2620 1425 2641 2.
1437 2622 1459 2641 et
1473 2620 1493 2641 8.
1511 2632 1539 2635 —-
1553 2620 1664 2647 Superius
1676 2626 1718 2647 pro
1730 2619 1872 2643 inclinantes
1884 2620 1941 2642 Bon.
1955 2625 2009 2642 cum

1158 2651 1195 2673 ed.
1218 2651 1222 2672 l
1245 2650 1398 2678 inclinemus,
1417 2651 1456 2679 qui
1474 2651 1542 2673 etlam
1565 2655 1617 2679 post
1639 2650 1691 2674 vitis
1716 2653 1801 2674 nostru
1817 2651 1883 2673 addit
1900 2650 2009 2674 Glm‘stus

1159 2685 1180 2704 et
1197 2688 1240 2710 pro
1258 2682 1310 2711 ipsa
1327 2682 1444 2704 substituit
1462 2682 1518 2711 ipse.

1222 2713 1241 2725 ¹³
1258 2713 1388 2741 Respicitur
1405 2714 1441 2736 Ps.
1460 2714 1487 2741 8,
1505 2713 1526 2735 6.
1544 2716 1566 2735 et
1578 2713 1646 2735 Hehr.
1660 2714 1672 2735 2
1683 2732 1688 2741 ,
1701 2713 1722 2735 7.
1734 2726 1766 2730 —
1777 2714 1833 2736 Bon.
1845 2720 1898 2736 cum
1911 2713 1947 2735 ed.
1966 2714 1970 2735 l
1987 2716 2009 2735 et

1158 2745 1176 2767 A
1194 2744 1230 2767 liic
1248 2744 1354 2767 exhibent
1371 2745 1419 2767 illas
1437 2745 1619 2772 propositiones,
1637 2751 1697 2773 quae
1715 2745 1827 2768 habentur
1845 2751 1915 2773 supra
1933 2751 1952 2767 c.
1975 2745 2007 2767 14.

1158 2782 1180 2798 n.
1203 2777 1220 2798 1.
1238 2782 1291 2804 pag.
1312 2776 1371 2798 479:
1395 2776 1523 2805 Propterea
1546 2775 1703 2799 ezr-inanivit...
1726 2782 1824 2799 crocum
1846 2775 2007 2799 abstinentiae.

1157 2807 1201 2830 Ct'r.
1218 2813 1288 2835 supra
1307 2814 1360 2836 pag.
1383 2808 1437 2835 180,
1455 2811 1508 2829 nota
1525 2808 1547 2829 2.

1221 2838 1241 2850 ¹⁴¹
1258 2839 1287 2861 lta
1307 2839 1339 2866 A;
1358 2839 1413 2861 Bon.
1431 2845 1483 2861 eum
1502 2839 1539 2861 ed.
1553 2839 1561 2860 Ι1
1578 2838 1683 2868 siuqztla.
1701 2839 1743 2861 Pro
1760 2838 1813 2862 vicis
1830 2840 1939 2866 nostrae,
1956 2838 2007 2867 ipso

1157 2871 1276 2892 annuente
1295 2871 1311 2892 A
1329 2869 1382 2899 ipsu.
1399 2869 1444 2893 nite
1463 2871 1547 2893 nostra
1572 2871 1701 2898 aunuente,
1721 2873 1743 2892 et
1761 2876 1803 2898 pro
1818 2870 1929 2900 praeviso
1952 2870 2007 2892 Bon.

1153 2900 1296 2930 praemisso.

1220 2931 1240 2944 ¹5
1256 2933 1323 2954 Num.
1342 2932 1502 2960 praecedente.
1515 2945 1545 2948 —
1557 2933 1652 2955 Inferius
1670 2933 1792 2960 respicitur
1809 2933 1844 2955 Ρ3.
1862 2933 1903 2959 58,
1921 2932 1947 2954 6:
1966 2932 2008 2954 Do-

1159 2963 1220 2985 mine
1237 2963 1299 2986 Deus
1317 2963 1436 2985 virtutum.

1220 2993 1240 3006 ¹⁶
1257 2994 1312 3017 Bon.
1330 2995 1414 3017 omittit
1432 3000 1492 3023 quae
1509 2996 1544 3017 est
1560 2994 1642 3023 viola,·
1659 2996 1676 3016 A
1696 2994 1792 3017 brevius
1811 2995 1842 3017 De
1859 2994 1929 3017 viola.

2031 1575 2058 1596 De
2071 1575 2122 1595 florib

2063 1600 2112 1619 vitis.

2026 2202 2054 2221 De
2074 2203 2128 2222 statui

2053 2226 2117 2246 violae.
