2133 3317
10 720 68 760 wlff
68 720 94 757 ¹1¹1

0 762 95 783 maffer-

0 791 23 806 ηπ
34 790 76 805 eon-

0 1412 88 1432 nundum.

2 1874 88 1896 Secundo,

0 1903 11 1917 a
34 1898 90 1916 trium

0 1925 50 1940 mm
58 1920 90 1939 do-

0 1949 23 1964 ιιι
33 1944 90 1963 refer-

586 212 781 241 OPUSCULUM
802 213 844 241 xl.
867 212 1028 241 APOLOGIA
1050 212 1230 241 PAUPERUM.
1253 213 1321 241 CAP.
1345 212 1362 240 1.

879 360 1039 390 Carirumiu
1062 362 1078 389 l.

138 483 258 512 Primae
279 483 475 520 responsionis
493 483 596 520 prima
616 482 766 520 particula
784 482 972 520 primumque
992 482 1169 519 capitulum,
1186 483 1216 511 in
1237 492 1293 520 qao
1314 484 1540 513 calumniatoris
1557 485 1673 513 intentio
1687 493 1825 521 peruersa

374 533 525 571 cleteyitztr,
547 536 571 561 et
591 541 677 562 verae
697 532 944 561 condescensionis
967 531 1077 561 Christi
1095 533 1229 562 sublimis
1247 533 1385 571 perfectio
1406 535 1585 563 declaratur.

190 656 214 683 1.
237 655 322 692 Igitur
343 655 466 684 libellum
495 655 574 683 illum
601 655 843 689 calumniosum1,
871 654 952 683 cuius

109 703 161 732 hoc
181 702 292 731 initium
311 705 368 731 est:
387 713 401 726 α
416 702 533 731 Tantum
550 702 602 731 sibi
617 701 831 739 praesumtionis
845 709 952 730 assum—

109 752 206 780 serunt
226 749 338 786 quidam
359 748 485 778 homines
499 760 513 774 2>
537 752 599 782 etc„
630 748 813 777 aemulatione
835 756 889 776 non
911 756 952 777 se-

110 795 232 825 cundum
254 795 395 824 scientiam
416 795 500 824 fuisse
524 794 711 831 conscriptum
740 802 831 831 neque
858 802 952 823 sanam

110 842 250 872 continere
270 842 439 875 doctrinam,
461 841 509 878 qui
530 841 675 878 diligenter
696 841 756 869 vult
777 841 953 870 considerare

108 888 263 918 luculenter
284 888 356 917 valet
376 888 536 921 advertere,
551 887 673 924 primum
688 887 815 924 quidem,
837 887 903 923 quia
923 887 951 915 in

107 935 293 964 defensionem
321 934 396 963 illius
423 934 486 963 libri
514 934 640 968 erronei,
668 934 716 970 qui
743 934 782 962 sic
814 933 950 970 incipit2:

113 993 126 1008 α
141 982 226 1015 Eece,
249 981 375 1009 videntes
396 980 565 1009 clamabunt
585 980 662 1018 foris
676 992 703 1014 n,
726 980 820 1017 paucis
841 981 951 1009 revolu-

107 1028 142 1057 tis
163 1027 335 1064 temporibus
353 1035 402 1064 per
417 1027 513 1056 Sedem
528 1026 705 1064 apostolicam
724 1026 880 1063 reprobati,
896 1034 950 1055 non

106 1074 212 1111 absque
232 1077 296 1102 nota
317 1073 474 1102 rebellionis
491 1076 534 1102 est
547 1073 652 1108 editus,
675 1073 838 1110 legislatoris
859 1077 951 1110 spreta

107 1120 251 1155 sententia,
268 1128 351 1157 quam
367 1120 394 1148 in
409 1120 623 1149 Deuteronomio
635 1120 645 1137 ⁸
660 1120 754 1149 sanxit
767 1131 772 1148 :
789 1120 822 1149 Si
835 1120 952 1157 difficile

107 1171 133 1196 et
152 1166 326 1204 ambiguum
347 1167 429 1203 apud
450 1170 474 1195 te
495 1167 638 1195 iudicium
667 1175 727 1195 esse
748 1167 950 1204 perspeoeeris,

106 1213 200 1242 venies
220 1213 261 1241 acl
279 1213 443 1242 sacerdotes
460 1213 567 1241 levitici
578 1213 694 1250 yeneris
707 1218 732 1241 et
745 1213 874 1251 sequeris
888 1221 951 1241 sen-

106 1260 225 1288 tentiam
244 1268 346 1288 eorum
366 1268 418 1288 nee
437 1260 595 1289 declinabis
616 1260 656 1288 acl
670 1260 839 1294 dexteram,
854 1260 896 1288 vel
911 1260 951 1288 acl

106 1306 268 1335 sinistram.
282 1306 340 1342 Qut
354 1311 451 1335 autem
465 1306 649 1344 superbierit,
664 1306 762 1335 nolens
776 1306 890 1335 obedire
903 1315 951 1335 sa-

106 1353 231 1382 cerdotis
248 1353 387 1391 imperio,
403 1353 455 1391 qui
468 1362 499 1382 eo
514 1357 639 1390 tempore
658 1353 811 1382 ministrat
826 1354 949 1382 Domino

107 1400 164 1428 Deo
185 1403 251 1434 tuo,
273 1409 308 1428 eac
326 1400 436 1429 decreto
458 1400 566 1429 iudicis
586 1400 738 1428 morietur.
757 1400 859 1436 Quodsi
882 1403 950 1429 tem-

105 1454 173 1483 pore
194 1446 339 1475 sacerdotii
368 1446 494 1483 figuralis
521 1446 659 1483 pontificis
680 1446 832 1475 sententiae
852 1447 950 1475 adver-

105 1492 160 1522 sari
184 1493 288 1521 malum
315 1496 376 1521 erat
403 1493 500 1521 mortis
521 1500 609 1529 poena
630 1493 839 1527 mulctandum3
861 1493 950 1521 multo

104 1539 204 1568 fortius
226 1542 350 1576 tempore
364 1539 488 1568 veritatis
503 1542 530 1569 et
544 1540 648 1576 gratiae
663 1540 816 1573 revelatae,
838 1539 949 1576 quando

104 1585 206 1614 Christi
221 1585 330 1614 Vicario
344 1585 486 1623 plenitudo
506 1586 649 1623 potestatis
664 1586 762 1615 collata
780 1594 840 1615 esse
854 1586 949 1623 digno-

104 1632 231 1667 scitur4,
253 1632 356 1661 malum
378 1640 437 1661 esse
459 1635 565 1661 constat
585 1632 745 1661 nullatenus
772 1632 947 1661 tolerandum

104 1679 131 1708 in
153 1679 207 1708 fide
227 1679 271 1708 vel
291 1679 418 1708 moribus
439 1679 499 1707 eius
519 1678 670 1707 definitioni
685 1678 870 1716 dogmatizare
885 1687 949 1708 con-

104 1725 239 1760 trarium,
266 1725 445 1762 approbando
473 1725 548 1762 quod
575 1725 633 1762 ipse
654 1725 800 1762 reprobat,
823 1725 950 1754 reaedifi-

103 1771 190 1801 cando
210 1772 285 1809 quod
305 1772 363 1809 ipse
383 1771 518 1807 destruit,
539 1771 704 1801 defensando
729 1771 804 1809 quod
828 1772 948 1801 damnat.

182 1819 209 1847 2.
224 1818 342 1852 Dehinc,
357 1818 379 1847 si
394 1818 458 1855 quis
472 1818 535 1847 libri
551 1818 641 1846 totalis
660 1818 855 1846 continentiam
875 1818 948 1855 vigili

105 1865 352 1902 circumspectione
367 1865 537 1899 consideret,
553 1873 607 1893 non
622 1872 726 1899 sanam,
741 1865 788 1894 sed
803 1865 895 1901 potius
909 1865 950 1894 in-

105 1919 199 1941 sanam
218 1914 246 1940 et
266 1912 378 1948 impiam
398 1911 580 1940 disseminare
593 1911 756 1946 doctrinam,
774 1912 883 1940 oculata
896 1912 949 1941 fide

106 1958 265 1996 perpendet.
294 1959 361 1987 Nam
382 1958 410 1987 in
431 1958 521 1995 primo
542 1958 613 1987 libro
633 1958 727 1995 fugam
749 1959 949 1995 persecutionis

104 2008 132 2034 et
152 2005 251 2034 mortis
271 2007 403 2042 tanquam
421 2008 514 2033 actum
529 2005 651 2033 maxime
665 2008 868 2041 competentem
882 2005 949 2034 viris

104 2051 233 2089 perfectis
253 2054 281 2080 et
301 2051 402 2080 sanctis
415 2051 522 2088 magnis
542 2051 651 2080 extollit
672 2051 826 2088 praeconiis
838 2052 865 2086 ⁵,
886 2052 949 2081 abs-

103 2098 246 2127 tinentiam
275 2105 342 2127 vero
374 2101 401 2127 et
432 2097 566 2127 ieiunium
596 2101 727 2135 tanquam
759 2098 947 2135 spiritualium

102 2144 302 2173 medicamenta
329 2144 491 2173 morborum
518 2144 639 2173 maxime
667 2145 768 2173 astruit
792 2148 948 2182 competere

168 2362 175 2375 ¹
195 2364 217 2385 ln
235 2363 253 2386 Α
270 2363 372 2386 secunda
390 2369 472 2386 manus
488 2363 577 2386 addidit
594 2370 663 2393 quem
679 2364 810 2394 composuit
823 2365 948 2389 Ger-ardus

105 2401 272 2432 [Gherardus]‚
290 2404 318 2426 ut
333 2401 446 2426 creditur.
463 2415 493 2419 —
510 2402 606 2425 inferius
622 2403 743 2431 respicitur
762 2404 828 2426 Rom.
856 2404 897 2433 lo,
918 2406 947 2427 2:

104 2441 286 2464 aemulationem
303 2441 343 2464 Dei
361 2441 458 2469 habent,
475 2441 516 2464 sed
533 2447 579 2464 non
596 2442 725 2464 secundum
742 2442 868 2465 scientiam.

167 2479 176 2493 ²
193 2481 224 2503 Ex
240 2480 291 2503 lsai.
308 2481 351 2508 33,
366 2480 389 2503 7.
406 2493 437 2498 —
454 2481 559 2503 Secunda
572 2487 654 2503 manus
671 2481 694 2503 in
710 2481 729 2504 A
746 2481 862 2504 subiunxit
878 2488 947 2511 quem

104 2519 236 2549 composuit
253 2519 394 2543 Guillelmus
406 2519 434 2542 de
445 2519 470 2543 S.
483 2520 582 2547 Amore,
600 2522 622 2542 et
638 2520 676 2542 cui
694 2520 782 2543 titulus:
796 2520 828 2542 De
840 2520 947 2548 periculis

104 2558 282 2581 novissimorum
300 2560 439 2586 temporum.
457 2558 552 2581 inseritis
569 2561 621 2586 post
637 2557 719 2581 Sedem
740 2558 895 2588 apostolicam
912 2565 948 2581 ea-

104 2596 158 2619 dem
175 2602 257 2619 manus
273 2596 362 2619 addidit
378 2596 408 2619 ab
424 2596 563 2620 Alexandro
581 2597 615 2620 IV
631 2597 677 2626 (an.
696 2597 774 2627 ⁴256).

166 2635 176 2648 ⁸
192 2635 248 2664 Cap.
266 2635 308 2663 47,
325 2636 394 2663 8-42,
411 2636 518 2664 pluribus
535 2639 611 2659 tamen
633 2637 738 2664 omissis,
763 2643 823 2666 quae
847 2637 946 2665 Vulgata

104 2674 157 2698 hinc
173 2675 228 2698 inde
244 2675 366 2698 interserit.

166 2712 177 2726 ⁴
192 2713 315 2741 Bel-nard,
332 2714 356 2737 ll.
372 2714 403 2737 de
419 2713 561 2738 Considerat.
578 2720 598 2737 c.
615 2715 638 2737 8.
651 2721 673 2737 n.
686 2715 722 2737 ⁴6.
735 2715 837 2743 Eugenio
850 2715 882 2737 lli.
893 2715 947 2738 scri-

104 2751 151 2775 bit:
168 2753 229 2780 Ergo
251 2753 312 2776 iuxta
337 2758 437 2776 canones
461 2756 513 2776 tuos
535 2753 572 2776 alii
590 2753 613 2776 in
629 2756 719 2782 partem
736 2753 905 2781 sollicitudinis,
922 2757 946 2777 tu

104 2790 127 2813 in
143 2791 310 2819 plenitudinem
327 2792 446 2820 potestatis
462 2794 558 2815 vocatus
575 2798 607 2814 es.

167 2828 177 2842 ⁶
194 2830 300 2853 Secunda
317 2836 400 2853 manus
416 2831 440 2853 in
457 2831 475 2853 A
492 2831 623 2854 subiunxit:
634 2830 713 2861 primo
725 2832 804 2855 tamen
812 2831 947 2861 praemittit

105 2867 181 2892 multa
192 2867 306 2897 absurda,
318 2868 346 2892 de
357 2868 442 2899 quibus
451 2868 551 2893 habetur
563 2869 629 2899 infra
640 2875 692 2899 cap.
701 2869 780 2893 eodem
789 2871 810 2893 et
819 2875 839 2893 c.
854 2868 878 2893 2.
888 2875 908 2893 0.
920 2869 946 2893 5.

167 2906 177 2922 ⁶
193 2907 270 2930 Matth.
288 2907 315 2936 5,
332 2908 355 2931 3.
370 2914 435 2937 seqq.
453 2907 510 2931 ibid.
528 2908 556 2936 7,
574 2908 619 2932 44:
637 2909 712 2937 Quam
727 2911 824 2937 angusta
841 2911 905 2937 porta
925 2911 947 2932 et

105 2948 166 2968 arcta
182 2946 221 2968 ἦε
238 2948 285 2975 est,
302 2952 362 2975 quae
378 2946 442 2970 ducit
459 2947 490 2970 ad
505 2947 585 2970 vitam.

168 2984 177 2998 ⁷
194 2985 270 3008 Manu.
284 2985 321 3014 to,
332 2986 369 3008 38.
382 2988 404 3008 et
415 2986 453 3015 tc,
464 2985 507 3014 ειη
519 2987 588 3010 Marc.
602 2987 623 3016 8,
635 2986 676 3016 at;
685 2987 740 3009 Luc.
749 2987 772 3014 9,
781 2987 818 3009 23.
827 2989 850 3010 et
860 2986 896 3014 tt,
909 2987 946 3010 27.

1009 654 1184 691 imperfectis.
1209 655 1235 682 ln
1257 655 1377 684 secundo
1399 664 1464 684 vero
1486 659 1587 685 statum
1609 665 1674 693 opes
1690 658 1849 686 habentium

1008 701 1153 729 ostendere
1174 701 1273 730 nititur
1294 702 1368 730 omni
1392 702 1471 731 laude
1492 703 1701 740 dignissimum,
1723 707 1750 732 et
1770 712 1851 733 econ-

1009 749 1052 775 tra
1073 750 1175 776 statum
1197 748 1265 776 nihil
1288 748 1448 776 habentium
1464 749 1650 785 periculosum
1665 753 1791 779 astruere
1806 759 1850 779 co-

1009 796 1091 822 natur
1119 796 1147 822 et
1174 794 1374 830 imperfectum.
1404 795 1432 823 In
1459 796 1539 824 tertio
1561 804 1672 833 quoque
1694 797 1851 825 mendican-

1009 840 1078 868 tium
1100 841 1293 877 religiosorum
1312 841 1472 878 pauperiem
1493 845 1520 870 et
1540 843 1719 872 abiectionem
1741 844 1852 880 quantis

1009 889 1098 923 potest
1108 887 1311 916 cavillationum
1322 888 1450 917 versutiis
1462 889 1623 926 impugnare
1636 891 1756 919 molitur.
1765 907 1801 911 -
1812 891 1850 919 Ex
1866 901 1990 929 'Aaveqsatur-

1007 934 1110 970 quibus
1124 936 1250 970 patenter
1264 935 1418 971 colligitur,
1434 935 1507 972 quod
1524 936 1680 965 huiusmodi
1700 937 1851 973 perniciosa
1865 925 1996 948 'mmmmm'

1007 980 1132 1009 doctrina
1153 989 1206 1009 non
1223 984 1329 1009 tantum
1346 981 1406 1010 Sedi
1422 982 1601 1018 apostolicae,
1624 983 1670 1011 sed
1692 983 1773 1011 etiam
1796 984 1850 1012 sedi

1008 1027 1055 1055 Dei
1067 1030 1094 1056 et
1105 1027 1170 1064 Agni
1183 1027 1347 1056 adversatur
1357 1031 1460 1064 aperte.
1473 1028 1541 1057 Cum
1553 1029 1626 1057 enim
1641 1037 1751 1057 sacrum
1767 1030 1852 1058 Evan-

1007 1074 1109 1110 geliuui
1122 1074 1132 1090 ⁶
1155 1073 1250 1103 beatos
1271 1074 1343 1103 dicat
1364 1083 1524 1111 paupere-s,
1546 1075 1657 1109 beatos,
1676 1076 1728 1114 qai
1741 1076 1852 1113 luyent,

1008 1120 1119 1154 beatos,
1134 1121 1186 1158 qai
1199 1121 1350 1155 esttrizmt,
1373 1121 1485 1155 beatos,
1500 1122 1552 1160 qui
1565 1130 1628 1151 cum
1651 1123 1750 1159 gaudio
1765 1126 1791 1151 et
1806 1123 1851 1151 de-

1007 1166 1108 1195 siderio
1126 1167 1352 1204 persecutionem
1371 1169 1547 1205 patiuntur,
1570 1172 1601 1197 ut
1622 1169 1660 1197 sic
1682 1170 1732 1197 hos
1752 1169 1786 1197 ad
1801 1177 1851 1198 ar-

1007 1217 1085 1242 ctant
1106 1214 1218 1242 inducat
1241 1215 1336 1248 viam,
1358 1223 1432 1252 quae
1453 1216 1533 1244 (lucit
1557 1217 1597 1244 att
1624 1216 1737 1249 vitanz,·
1765 1216 1809 1244 hic
1838 1225 1851 1245 e

1007 1261 1147 1289 contrario
1167 1261 1332 1298 dogmatizat
1354 1262 1490 1298 perfectos
1511 1266 1538 1291 et
1559 1263 1667 1296 beatos,
1690 1263 1737 1300 qui
1759 1271 1851 1300 perse-

1007 1307 1144 1336 cutionem
1167 1308 1289 1345 fugiunt,
1311 1308 1357 1345 qui
1381 1309 1482 1337 ieiunia
1503 1310 1629 1344 solvunt,
1650 1310 1699 1346 qui
1718 1310 1852 1338 reditibus

1007 1354 1142 1388 affluunt,
1164 1355 1211 1391 qui
1234 1355 1315 1383 etiam
1344 1355 1460 1384 summis
1488 1356 1641 1385 honoribus
1668 1356 1851 1385 extolluntur.

1007 1400 1086 1437 Quod
1107 1409 1191 1437 quam
1214 1402 1249 1430 sit
1269 1402 1388 1430 alienum
1411 1410 1427 1430 a
1448 1402 1596 1431 Salvatoris
1617 1402 1757 1437 doctrina,
1772 1410 1852 1431 nemo

1006 1446 1180 1476 Christianus
1203 1448 1324 1484 ignorat,
1340 1456 1403 1477 cum
1419 1449 1477 1485 ipse
1492 1449 1622 1485 magister
1637 1449 1761 1478 omnium
1776 1449 1852 1478 Chri-

1006 1496 1066 1522 stus
1088 1502 1142 1522 non
1163 1494 1197 1522 ad
1218 1494 1314 1523 solatIa
1335 1495 1441 1529 carnis,
1463 1495 1510 1524 sed
1539 1495 1572 1523 ad
1600 1496 1735 1532 supplicia
1761 1496 1852 1524 crucis

1005 1540 1155 1577 discipulos
1178 1548 1242 1569 suos
1264 1549 1373 1578 semper
1395 1541 1491 1570 iuvitet
1503 1542 1522 1570 ⁷.

1084 1587 1110 1615 3.
1133 1587 1270 1624 Denique,
1292 1596 1375 1625 quam
1398 1589 1521 1625 perversi
1543 1588 1627 1617 fuerit
1648 1589 1697 1618 zeli
1719 1590 1851 1618 amaritu—
1878 1593 1999 1636 prsgssfflffzfgff

1005 1633 1068 1662 dine
1090 1637 1182 1662 motus
1203 1634 1249 1671 qui
1272 1634 1427 1671 praefatum
1449 1635 1532 1664 edidit
1555 1635 1656 1664 librum
1678 1639 1705 1664 et
1726 1636 1789 1664 libri
1804 1636 1851 1665 de-
1864 1622 1999 1687 {ffiassiggieiter

1006 1680 1092 1709 clarat
1113 1680 1215 1709 titulus
1236 1684 1262 1709 et
1282 1689 1437 1718 processus
1458 1685 1485 1710 et
1513 1683 1663 1711 terminas.
1692 1683 1759 1711 Nam
1788 1691 1850 1711 cum
1945 1678 1949 1682 ’

1005 1726 1139 1755 adversus
1160 1727 1247 1755 eum8
1269 1728 1386 1762 scribat,
1408 1728 1454 1765 qui
1478 1732 1574 1757 contra
1595 1729 1719 1758 libellum
1740 1730 1851 1758 damna—

1006 1776 1065 1802 tum
1087 1774 1253 1810 opusculum
1275 1774 1414 1810 quoddam
1436 1775 1606 1812 composuit,
1632 1776 1713 1805 cuius
1741 1776 1849 1805 initium

1006 1822 1047 1848 est
1060 1830 1065 1847 :
1092 1831 1105 1845 α
1121 1820 1231 1854 Manus,
1253 1828 1324 1857 quae
1343 1824 1439 1849 contra
1453 1821 1675 1858 Omnipotentem
1690 1823 1808 1859 erigitur
1822 1834 1850 1858 n,

1006 1866 1033 1894 in
1055 1874 1111 1903 quo
1131 1866 1284 1895 secundum
1306 1867 1416 1896 totalem
1443 1868 1621 1897 intentionem
1651 1869 1797 1898 scribentis
1824 1872 1852 1898 et

1006 1913 1201 1942 continentiam
1223 1913 1285 1942 libri
1308 1914 1479 1950 paupertatis
1506 1915 1624 1944 eximiae
1653 1915 1784 1952 perfectio
1804 1915 1851 1945 de-

1005 1959 1143 1994 fenditur,
1166 1960 1303 1989 astruitur
1323 1963 1351 1989 et
1372 1961 1519 1995 laudatum
1543 1962 1586 1991 hic
1613 1970 1628 1991 e
1656 1962 1796 1991 contrario
1817 1963 1851 1991 ti-
1877 1971 1975 1998 Primoex

1006 2006 1100 2035 tutum
1114 2007 1206 2036 libello
1220 2015 1270 2036 suo
1285 2008 1450 2044 praemittit,
1466 2008 1540 2045 quod
1556 2009 1625 2038 liber
1639 2009 1684 2038 hic
1699 2012 1741 2038 est
1759 2021 1773 2035 α
1787 2017 1851 2039 con·
1895 1995 1956 2014 ‘¹²⁰¹⁰'

1005 2055 1049 2081 tra
1069 2053 1261 2082 adversarium
1284 2054 1459 2091 perfectiouis
1480 2055 1646 2084 christianae
1667 2059 1694 2085 et
1715 2056 1850 2093 praelato-

1005 2107 1068 2128 rum
1089 2103 1116 2128 et
1137 2100 1300 2129 facultatum
1324 2101 1457 2130 Ecclesiae
1472 2113 1499 2136 n,
1518 2102 1597 2139 quasi
1612 2111 1666 2131 non
1682 2103 1767 2139 possit
1781 2111 1849 2140 pau·
1867 2112 1949 2131 censura
1963 2112 1984 2131 u.

1005 2146 1120 2182 pertatis
1141 2146 1275 2175 celsitudo
1296 2147 1402 2176 laudari
1424 2148 1476 2177 nisi
1498 2148 1525 2177 in
1548 2149 1677 2177 iniuriam
1698 2149 1800 2178 Christi
1822 2153 1850 2179 et
1907 2135 1948 2154 ω’

1067 2365 1076 2378 ⁸
1094 2367 1200 2389 Secunda
1218 2373 1301 2390 manus
1319 2367 1339 2390 in
1357 2368 1375 2390 Α
1392 2368 1496 2391 addidit:
1513 2368 1607 2392 Scilicet
1623 2369 1664 2392 Fr.
1684 2369 1799 2392 Tltomam
1822 2369 1849 2393 de

1004 2404 1111 2428 Eboruco
1129 2405 1234 2435 [quartus
1252 2407 1287 2429 vel
1305 2407 1399 2435 quintus
1415 2407 1521 2434 Magister
1546 2408 1587 2430 FF.
1612 2408 1725 2430 Minorum
1750 2408 1772 2430 in
1794 2409 1848 2431 Uni—

1004 2443 1112 2466 versitate
1128 2443 1249 2467 Oxoniensi
1267 2447 1290 2467 et
1306 2445 1390 2467 deinde
1406 2448 1483 2468 sextus
1500 2446 1606 2473 Magister
1622 2446 1779 2470 Universitatis
1794 2446 1850 2470 Can-

1004 2482 1117 2510 tabrigiae
1134 2483 1154 2505 in
1173 2484 1270 2511 Anglia;
1295 2485 1336 2507 cfr.
1360 2485 1466 2507 Analecta
1489 2485 1650 2514 Franciscana,
1675 2488 1730 2508 tom.
1757 2486 1771 2508 l.
1794 2492 1848 2514 pag.

1005 2521 1058 2543 239.
1076 2521 1130 2544 270.
1146 2524 1169 2544 et
1186 2522 1258 2551 272.].
1280 2522 1384 2545 Subinde
1401 2524 1417 2545 Α
1438 2526 1490 2551 post
1508 2523 1611 2546 libellum
1629 2524 1745 2547 subiunxit
1761 2524 1848 2548 scilicet

1005 2560 1075 2588 Ecce,
1087 2560 1190 2584 videntes
1203 2560 1316 2590 [Gulielm.
1328 2562 1358 2584 de
1369 2563 1401 2585 St.
1414 2562 1517 2592 Amore}
1528 2563 1551 2585 ln
1566 2564 1671 2591 margine
1683 2564 1786 2587 ciusdem
1796 2565 1846 2587 cod.

1003 2599 1099 2627 legitur:
1114 2608 1125 2619 u:
1138 2601 1168 2622 Ex
1181 2600 1216 2622 his
1227 2606 1287 2629 quae
1299 2601 1335 2623 hic
1348 2601 1467 2628 dicuntur,
1480 2604 1553 2629 patet:
1570 2603 1592 2624 1ο
1603 2603 1846 2630 composuitGulielm.

1003 2637 1033 2660 de
1043 2638 1073 2660 St.
1086 2638 1171 2661 Amore
1183 2638 1283 2661 libellum
1296 2639 1368 2668 illum,
1380 2639 1465 2662 scilicet
1474 2639 1539 2668 Ecce,
1551 2640 1653 2664 videntes
1660 2649 1669 2669 ,·
1681 2642 1707 2663 2⁰
1716 2642 1847 2669 composuit

1003 2676 1038 2698 Fr.
1057 2677 1160 2700 Thomas
1171 2677 1201 2700 de
1213 2677 1315 2700 Eboraco
1326 2678 1354 2706 (2²)
1367 2678 1468 2701 libellum
1487 2679 1563 2707 ilium,
1576 2680 1662 2702 scilicet
1673 2680 1772 2708 Manus,
1786 2686 1846 2710 quae

1003 2716 1087 2738 contra
1105 2715 1310 2746 Omnipotentem;
1327 2718 1352 2739 3⁰
1370 2717 1501 2745 composuit
1522 2718 1634 2741 Geraldus
1654 2718 1754 2741 libellum
1772 2719 1847 2746 illum,
1895 2724 1898 2728 ⁴

1003 2754 1089 2777 scilicet
1107 2755 1210 2778 Tantam
1225 2754 1271 2778 sihi
1284 2755 1471 2784 praesumtionis
1479 2765 1489 2785 ,·
1502 2757 1527 2779 4⁰
1539 2757 1670 2785 composuit
1687 2757 1845 2780 Bonaventura

1002 2792 1145 2822 Apoloqtam
1170 2793 1244 2817 istam.
1269 2794 1371 2817 Habetur
1388 2795 1457 2817 etiam
1474 2795 1529 2818 infra
1547 2802 1566 2818 c.
1584 2796 1606 2818 6.
1623 2796 1653 2818 de
1669 2797 1771 2825 quodam
1795 2797 1846 2820 Ser-

1003 2837 1084 2859 mone,
1101 2838 1172 2860 quem
1191 2832 1252 2859 fecit,
1280 2835 1304 2855 ut
1329 2833 1413 2861 eredo,
1438 2834 1474 2857 vel
1494 2835 1529 2857 Fr.
1547 2834 1662 2858 Robertus
1679 2835 1709 2858 de
1725 2835 1791 2864 Vegli
1808 2837 1844 2858 vel

1002 2870 1038 2893 Fr.
1055 2870 1135 2893 Petrus
1151 2871 1181 2893 de
1199 2871 1339 2895 Tarantasia.
1357 2872 1472 2895 invenitur
1497 2873 1565 2896 etiam
1591 2874 1661 2897 modo
1678 2874 1773 2903 quidam
1797 2881 1845 2897 ma-

1003 2915 1062 2937 gnus
1079 2909 1180 2937 libellus,
1197 2910 1220 2932 in
1236 2916 1284 2940 quo
1301 2911 1447 2934 continentur
1463 2912 1535 2935 multa
1551 2912 1581 2935 de
1598 2912 1633 2935 his
1649 2919 1710 2942 quae
1730 2913 1845 2936 continen-

1003 2950 1040 2971 tur
1056 2948 1080 2971 in
1096 2947 1171 2971 libello
1188 2949 1288 2977 Magistri
1305 2950 1419 2973 Gulielmi.
1440 2951 1473 2973 De
1490 2952 1532 2974 hae
1549 2951 1618 2974 etiam
1635 2952 1729 2975 materia
1752 2958 1845 2981 compo-

1003 2987 1048 3010 suit
1064 2982 1099 3010 Ῥη
1118 2988 1214 3011 loannes
1231 2988 1260 3011 de
1278 2989 1405 3012 Pecchamo
1421 2992 1444 3012 et
1461 2990 1497 3012 Fr.
1514 2990 1616 3014 Thomas
1631 2991 1662 3014 de
1678 2991 1768 3020 Aquino
1779 3000 1803 3014 ».
