<?xml version="1.0" encoding="UTF-8"?>
<!DOCTYPE html PUBLIC "-//W3C//DTD XHTML 1.0 Transitional//EN"
    "http://www.w3.org/TR/xhtml1/DTD/xhtml1-transitional.dtd">
<html xmlns="http://www.w3.org/1999/xhtml" xml:lang="en" lang="en">
 <head>
  <title>
</title>
<meta http-equiv="Content-Type" content="text/html;charset=utf-8" />
  <meta name='ocr-system' content='tesseract 3.04.00' />
  <meta name='ocr-capabilities' content='ocr_page ocr_carea ocr_par ocr_line ocrx_word'/>
</head>
<body>
  <div class='ocr_page' id='page_1' title='image "./doctorisseraphic08bona_0581.png"; bbox 0 0 2133 3317; ppageno 0'>
   <div class='ocr_carea' id='block_1_1' title="bbox 721 391 1198 428">
    <p class='ocr_par' dir='ltr' id='par_1_1' title="bbox 721 391 1198 428">
     <span class='ocr_line' id='line_1_1' title="bbox 721 391 1198 428; baseline -0.004 0"><span class='ocrx_word' id='word_1_1' title='bbox 721 392 1026 428; x_wconf 81' lang='lat' dir='ltr'>OPUSGULUM</span> <span class='ocrx_word' id='word_1_2' title='bbox 1051 391 1198 427; x_wconf 89' lang='lat' dir='ltr'><strong>XVIII.</strong></span> 
     </span>
    </p>
   </div>
   <div class='ocr_carea' id='block_1_2' title="bbox 239 522 1687 588">
    <p class='ocr_par' dir='ltr' id='par_1_2' title="bbox 239 522 1687 588">
     <span class='ocr_line' id='line_1_2' title="bbox 239 522 1687 588; baseline -0.002 0"><span class='ocrx_word' id='word_1_3' title='bbox 239 523 1059 588; x_wconf 74' lang='lat' dir='ltr'><strong>CONSTITUTIONES</strong></span> <span class='ocrx_word' id='word_1_4' title='bbox 1107 522 1687 585; x_wconf 75' lang='lat' dir='ltr'><strong>GENERALES</strong></span> 
     </span>
    </p>
   </div>
   <div class='ocr_carea' id='block_1_3' title="bbox 722 671 1203 719">
    <p class='ocr_par' dir='ltr' id='par_1_3' title="bbox 722 671 1203 719">
     <span class='ocr_line' id='line_1_3' title="bbox 722 671 1203 719; baseline 0 -1"><span class='ocrx_word' id='word_1_5' title='bbox 722 671 1203 719; x_wconf 81' lang='lat' dir='ltr'><strong>NARBONENSES¹.</strong></span> 
     </span>
    </p>
   </div>
   <div class='ocr_carea' id='block_1_4' title="bbox 813 803 987 816">
    <p class='ocr_par' dir='ltr' id='par_1_4' title="bbox 813 803 987 816">
     <span class='ocr_line' id='line_1_4' title="bbox 813 803 987 816; baseline 0 2501"><span class='ocrx_word' id='word_1_6' title='bbox 813 803 987 816; x_wconf 95' lang='lat' dir='ltr'><strong> </strong></span> 
     </span>
    </p>
   </div>
   <div class='ocr_carea' id='block_1_5' title="bbox 90 1146 936 1412">
    <p class='ocr_par' dir='ltr' id='par_1_5' title="bbox 90 1146 936 1412">
     <span class='ocr_line' id='line_1_5' title="bbox 170 1146 935 1186; baseline -0.005 -8"><span class='ocrx_word' id='word_1_7' title='bbox 170 1149 305 1186; x_wconf 81' lang='lat' dir='ltr'><strong>Incipiunt</strong></span> <span class='ocrx_word' id='word_1_8' title='bbox 325 1147 539 1177; x_wconf 87' lang='lat' dir='ltr'><strong>Constitutiones</strong></span> <span class='ocrx_word' id='word_1_9' title='bbox 566 1147 708 1183; x_wconf 79' lang='lat' dir='ltr'>generales</span> <span class='ocrx_word' id='word_1_10' title='bbox 735 1146 846 1174; x_wconf 79' lang='lat' dir='ltr'>Ordinis</span> <span class='ocrx_word' id='word_1_11' title='bbox 871 1146 935 1174; x_wconf 87' lang='lat' dir='ltr'><strong>Fra-</strong></span> 
     </span>
     <span class='ocr_line' id='line_1_6' title="bbox 90 1192 935 1229; baseline -0.005 -5"><span class='ocrx_word' id='word_1_12' title='bbox 90 1198 165 1225; x_wconf 86' lang='lat' dir='ltr'><strong>trum</strong></span> <span class='ocrx_word' id='word_1_13' title='bbox 187 1195 322 1223; x_wconf 90' lang='lat' dir='ltr'><strong>Minorum</strong></span> <span class='ocrx_word' id='word_1_14' title='bbox 344 1195 431 1223; x_wconf 87' lang='lat' dir='ltr'><strong>editae</strong></span> <span class='ocrx_word' id='word_1_15' title='bbox 453 1197 480 1222; x_wconf 91' lang='lat' dir='ltr'><strong>et</strong></span> <span class='ocrx_word' id='word_1_16' title='bbox 500 1193 679 1222; x_wconf 84' lang='lat' dir='ltr'><strong>confirmatae</strong></span> <span class='ocrx_word' id='word_1_17' title='bbox 700 1193 727 1221; x_wconf 93' lang='lat' dir='ltr'><strong>in</strong></span> <span class='ocrx_word' id='word_1_18' title='bbox 742 1192 867 1229; x_wconf 89' lang='lat' dir='ltr'><strong>Capitulo</strong></span> <span class='ocrx_word' id='word_1_19' title='bbox 889 1200 935 1229; x_wconf 86' lang='lat' dir='ltr'><strong>ge-</strong></span> 
     </span>
     <span class='ocr_line' id='line_1_7' title="bbox 90 1239 935 1279; baseline -0.006 -7"><span class='ocrx_word' id='word_1_20' title='bbox 90 1242 176 1272; x_wconf 88' lang='lat' dir='ltr'><strong>nerali</strong></span> <span class='ocrx_word' id='word_1_21' title='bbox 208 1242 281 1279; x_wconf 87' lang='lat' dir='ltr'><strong>apud</strong></span> <span class='ocrx_word' id='word_1_22' title='bbox 305 1241 460 1270; x_wconf 87' lang='lat' dir='ltr'><strong>Narbonam</strong></span> <span class='ocrx_word' id='word_1_23' title='bbox 491 1249 562 1269; x_wconf 88' lang='lat' dir='ltr'><strong>anno</strong></span> <span class='ocrx_word' id='word_1_24' title='bbox 590 1240 696 1268; x_wconf 87' lang='lat' dir='ltr'>Domini</span> <span class='ocrx_word' id='word_1_25' title='bbox 721 1240 807 1273; x_wconf 57' lang='grc'>1360,</span> <span class='ocrx_word' id='word_1_26' title='bbox 828 1239 935 1268; x_wconf 91' lang='lat' dir='ltr'><strong>decima</strong></span> 
     </span>
     <span class='ocr_line' id='line_1_8' title="bbox 91 1286 934 1326; baseline -0.005 -8"><span class='ocrx_word' id='word_1_27' title='bbox 91 1289 175 1323; x_wconf 91' lang='lat' dir='ltr'><strong>Iunii,</strong></span> <span class='ocrx_word' id='word_1_28' title='bbox 198 1292 320 1326; x_wconf 90' lang='lat' dir='ltr'><strong>tempore</strong></span> <span class='ocrx_word' id='word_1_29' title='bbox 335 1289 363 1317; x_wconf 88' lang='lat' dir='ltr'><strong>R.</strong></span> <span class='ocrx_word' id='word_1_30' title='bbox 380 1288 467 1316; x_wconf 88' lang='lat' dir='ltr'><strong>Patris</strong></span> <span class='ocrx_word' id='word_1_31' title='bbox 488 1287 590 1316; x_wconf 78' lang='lat' dir='ltr'>Fratris</span> <span class='ocrx_word' id='word_1_32' title='bbox 612 1287 831 1320; x_wconf 87' lang='lat' dir='ltr'><strong>Bonaventurae,</strong></span> <span class='ocrx_word' id='word_1_33' title='bbox 847 1286 934 1314; x_wconf 86' lang='lat' dir='ltr'><strong>octavi</strong></span> 
     </span>
     <span class='ocr_line' id='line_1_9' title="bbox 91 1333 936 1372; baseline -0.005 -8"><span class='ocrx_word' id='word_1_34' title='bbox 91 1335 205 1365; x_wconf 87' lang='lat' dir='ltr'><strong>Ministri</strong></span> <span class='ocrx_word' id='word_1_35' title='bbox 220 1335 368 1372; x_wconf 84' lang='lat' dir='ltr'><strong>generalis,</strong></span> <span class='ocrx_word' id='word_1_36' title='bbox 386 1334 434 1371; x_wconf 87' lang='lat' dir='ltr'><strong>qui</strong></span> <span class='ocrx_word' id='word_1_37' title='bbox 447 1334 457 1350; x_wconf 83' lang='lat'><strong>²</strong></span> <span class='ocrx_word' id='word_1_38' title='bbox 479 1337 573 1370; x_wconf 87' lang='lat' dir='ltr'><strong>postea</strong></span> <span class='ocrx_word' id='word_1_39' title='bbox 586 1333 639 1362; x_wconf 84' lang='lat' dir='ltr'><strong>fuit</strong></span> <span class='ocrx_word' id='word_1_40' title='bbox 659 1333 805 1361; x_wconf 88' lang='lat' dir='ltr'><strong>cardinalis</strong></span> <span class='ocrx_word' id='word_1_41' title='bbox 826 1336 936 1361; x_wconf 89' lang='lat' dir='ltr'><strong>sanctae</strong></span> 
     </span>
     <span class='ocr_line' id='line_1_10' title="bbox 92 1380 731 1412; baseline -0.005 -1"><span class='ocrx_word' id='word_1_42' title='bbox 92 1383 227 1412; x_wconf 82' lang='lat' dir='ltr'>Romanae</span> <span class='ocrx_word' id='word_1_43' title='bbox 249 1382 382 1410; x_wconf 78' lang='lat' dir='ltr'>Ecclesiae</span> <span class='ocrx_word' id='word_1_44' title='bbox 404 1384 430 1410; x_wconf 89' lang='lat' dir='ltr'><strong>et</strong></span> <span class='ocrx_word' id='word_1_45' title='bbox 452 1389 526 1409; x_wconf 86' lang='lat' dir='ltr'><strong>nunc</strong></span> <span class='ocrx_word' id='word_1_46' title='bbox 546 1380 731 1409; x_wconf 79' lang='lat' dir='ltr'><strong>canonizatus.</strong></span> 
     </span>
    </p>
   </div>
   <div class='ocr_carea' id='block_1_6' title="bbox 423 1473 604 1502">
    <p class='ocr_par' dir='ltr' id='par_1_6' title="bbox 423 1473 604 1502">
     <span class='ocr_line' id='line_1_11' title="bbox 423 1473 604 1502; baseline 0 0"><span class='ocrx_word' id='word_1_47' title='bbox 423 1473 604 1502; x_wconf 82' lang='lat' dir='ltr'>PROLOGUS.</span> 
     </span>
    </p>
   </div>
   <div class='ocr_carea' id='block_1_7' title="bbox 92 1565 938 1652">
    <p class='ocr_par' dir='ltr' id='par_1_7' title="bbox 92 1565 938 1652">
     <span class='ocr_line' id='line_1_12' title="bbox 170 1565 936 1604; baseline -0.005 -8"><span class='ocrx_word' id='word_1_48' title='bbox 170 1567 317 1604; x_wconf 77' lang='lat' dir='ltr'><strong>Quoniam,</strong></span> <span class='ocrx_word' id='word_1_49' title='bbox 339 1571 370 1595; x_wconf 93' lang='lat' dir='ltr'><strong>ut</strong></span> <span class='ocrx_word' id='word_1_50' title='bbox 391 1567 429 1595; x_wconf 92' lang='lat' dir='ltr'><strong>ait</strong></span> <span class='ocrx_word' id='word_1_51' title='bbox 451 1566 563 1603; x_wconf 84' lang='lat' dir='ltr'><strong>Sapiens</strong></span> <span class='ocrx_word' id='word_1_52' title='bbox 575 1566 594 1600; x_wconf 78' lang='lat'><strong>⁸,</strong></span> <span class='ocrx_word' id='word_1_53' title='bbox 617 1565 668 1593; x_wconf 79' lang='lat' dir='ltr'><strong>ubi</strong></span> <span class='ocrx_word' id='word_1_54' title='bbox 692 1574 749 1593; x_wconf 83' lang='lat' dir='ltr'><strong>non</strong></span> <span class='ocrx_word' id='word_1_55' title='bbox 776 1568 818 1593; x_wconf 79' lang='lat' dir='ltr'><strong>est</strong></span> <span class='ocrx_word' id='word_1_56' title='bbox 843 1573 936 1601; x_wconf 80' lang='lat' dir='ltr'><strong>sepes,</strong></span> 
     </span>
     <span class='ocr_line' id='line_1_13' title="bbox 92 1611 938 1652; baseline -0.005 -9"><span class='ocrx_word' id='word_1_57' title='bbox 92 1614 250 1652; x_wconf 77' lang='lat' dir='ltr'><em>diripietur</em></span> <span class='ocrx_word' id='word_1_58' title='bbox 268 1614 425 1651; x_wconf 77' lang='lat' dir='ltr'><em>possessio,</em></span> <span class='ocrx_word' id='word_1_59' title='bbox 444 1613 630 1642; x_wconf 84' lang='lat' dir='ltr'><strong>necessarium</strong></span> <span class='ocrx_word' id='word_1_60' title='bbox 645 1615 686 1641; x_wconf 90' lang='lat' dir='ltr'><strong>est</strong></span> <span class='ocrx_word' id='word_1_61' title='bbox 708 1611 863 1640; x_wconf 87' lang='lat' dir='ltr'><strong>volentibus</strong></span> <span class='ocrx_word' id='word_1_62' title='bbox 877 1619 938 1639; x_wconf 84' lang='lat' dir='ltr'><strong>cae-</strong></span> 
     </span>
    </p>
   </div>
   <div class='ocr_carea' id='block_1_8' title="bbox 989 804 1113 816">
    <p class='ocr_par' dir='ltr' id='par_1_8' title="bbox 989 804 1113 816">
     <span class='ocr_line' id='line_1_14' title="bbox 989 804 1113 816; baseline 0 0"><span class='ocrx_word' id='word_1_63' title='bbox 989 804 1113 816; x_wconf 72' lang='lat' dir='ltr'><strong>&lt;&gt;a——</strong></span> 
     </span>
    </p>
   </div>
   <div class='ocr_carea' id='block_1_9' title="bbox 992 1146 1837 1648">
    <p class='ocr_par' dir='ltr' id='par_1_9' title="bbox 992 1146 1837 1648">
     <span class='ocr_line' id='line_1_15' title="bbox 992 1146 1832 1183; baseline -0.001 -9"><span class='ocrx_word' id='word_1_64' title='bbox 992 1146 1067 1174; x_wconf 90' lang='lat' dir='ltr'><strong>lestis</strong></span> <span class='ocrx_word' id='word_1_65' title='bbox 1096 1146 1172 1183; x_wconf 79' lang='lat' dir='ltr'><strong>regni</strong></span> <span class='ocrx_word' id='word_1_66' title='bbox 1194 1147 1391 1183; x_wconf 87' lang='lat' dir='ltr'><strong>possessionem</strong></span> <span class='ocrx_word' id='word_1_67' title='bbox 1414 1146 1600 1183; x_wconf 87' lang='lat' dir='ltr'><strong>praeclaram,</strong></span> <span class='ocrx_word' id='word_1_68' title='bbox 1622 1146 1649 1174; x_wconf 91' lang='lat' dir='ltr'><strong>in</strong></span> <span class='ocrx_word' id='word_1_69' title='bbox 1671 1153 1754 1182; x_wconf 82' lang='lat' dir='ltr'><strong>quam</strong></span> <span class='ocrx_word' id='word_1_70' title='bbox 1784 1153 1832 1182; x_wconf 90' lang='lat' dir='ltr'><strong>per</strong></span> 
     </span>
     <span class='ocr_line' id='line_1_16' title="bbox 992 1192 1835 1229; baseline 0 -9"><span class='ocrx_word' id='word_1_71' title='bbox 992 1192 1119 1228; x_wconf 90' lang='lat' dir='ltr'><strong>spiritum</strong></span> <span class='ocrx_word' id='word_1_72' title='bbox 1142 1193 1312 1229; x_wconf 79' lang='lat' dir='ltr'>paupertatis</span> <span class='ocrx_word' id='word_1_73' title='bbox 1326 1192 1459 1226; x_wconf 85' lang='lat' dir='ltr'><strong>intratur,</strong></span> <span class='ocrx_word' id='word_1_74' title='bbox 1481 1192 1619 1221; x_wconf 87' lang='lat' dir='ltr'><strong>custodire</strong></span> <span class='ocrx_word' id='word_1_75' title='bbox 1638 1192 1771 1225; x_wconf 80' lang='lat' dir='ltr'>illaesam,</span> <span class='ocrx_word' id='word_1_76' title='bbox 1793 1199 1835 1220; x_wconf 86' lang='lat' dir='ltr'><strong>se-</strong></span> 
     </span>
     <span class='ocr_line' id='line_1_17' title="bbox 992 1238 1835 1276; baseline 0 -9"><span class='ocrx_word' id='word_1_77' title='bbox 992 1246 1053 1275; x_wconf 85' lang='lat' dir='ltr'><strong>pem</strong></span> <span class='ocrx_word' id='word_1_78' title='bbox 1080 1239 1117 1266; x_wconf 91' lang='lat' dir='ltr'><strong>illi</strong></span> <span class='ocrx_word' id='word_1_79' title='bbox 1148 1239 1319 1267; x_wconf 86' lang='lat' dir='ltr'><strong>circumdare</strong></span> <span class='ocrx_word' id='word_1_80' title='bbox 1347 1239 1514 1275; x_wconf 83' lang='lat' dir='ltr'><strong>disciplinae.</strong></span> <span class='ocrx_word' id='word_1_81' title='bbox 1544 1239 1721 1276; x_wconf 80' lang='lat' dir='ltr'><strong>Nequaquam</strong></span> <span class='ocrx_word' id='word_1_82' title='bbox 1751 1238 1835 1275; x_wconf 83' lang='lat' dir='ltr'><strong>igitur</strong></span> 
     </span>
     <span class='ocr_line' id='line_1_18' title="bbox 993 1285 1835 1322; baseline 0 -9"><span class='ocrx_word' id='word_1_83' title='bbox 993 1285 1171 1321; x_wconf 87' lang='lat' dir='ltr'><strong>superfluunt</strong></span> <span class='ocrx_word' id='word_1_84' title='bbox 1187 1293 1295 1313; x_wconf 91' lang='lat' dir='ltr'><strong>morum</strong></span> <span class='ocrx_word' id='word_1_85' title='bbox 1309 1285 1499 1314; x_wconf 81' lang='lat' dir='ltr'><strong>observantiae</strong></span> <span class='ocrx_word' id='word_1_86' title='bbox 1521 1286 1676 1322; x_wconf 80' lang='lat' dir='ltr'><strong>regulares,</strong></span> <span class='ocrx_word' id='word_1_87' title='bbox 1696 1293 1766 1321; x_wconf 87' lang='lat' dir='ltr'><strong>quae</strong></span> <span class='ocrx_word' id='word_1_88' title='bbox 1782 1293 1835 1313; x_wconf 92' lang='lat' dir='ltr'><strong>non</strong></span> 
     </span>
     <span class='ocr_line' id='line_1_19' title="bbox 993 1332 1837 1368; baseline 0 -8"><span class='ocrx_word' id='word_1_89' title='bbox 993 1332 1082 1360; x_wconf 90' lang='lat' dir='ltr'><strong>solum</strong></span> <span class='ocrx_word' id='word_1_90' title='bbox 1105 1332 1137 1360; x_wconf 90' lang='lat' dir='ltr'><strong>ad</strong></span> <span class='ocrx_word' id='word_1_91' title='bbox 1166 1333 1317 1368; x_wconf 85' lang='lat' dir='ltr'><strong>spiritualis</strong></span> <span class='ocrx_word' id='word_1_92' title='bbox 1342 1332 1413 1360; x_wconf 91' lang='lat' dir='ltr'><strong>vitae</strong></span> <span class='ocrx_word' id='word_1_93' title='bbox 1441 1332 1631 1366; x_wconf 85' lang='lat' dir='ltr'><strong>concordiam,</strong></span> <span class='ocrx_word' id='word_1_94' title='bbox 1657 1332 1783 1361; x_wconf 82' lang='lat' dir='ltr'><strong>decorem</strong></span> <span class='ocrx_word' id='word_1_95' title='bbox 1810 1335 1837 1360; x_wconf 87' lang='lat' dir='ltr'><strong>et</strong></span> 
     </span>
     <span class='ocr_line' id='line_1_20' title="bbox 993 1378 1834 1415; baseline 0.001 -9"><span class='ocrx_word' id='word_1_96' title='bbox 993 1378 1144 1407; x_wconf 82' lang='lat' dir='ltr'><strong>custodiam</strong></span> <span class='ocrx_word' id='word_1_97' title='bbox 1161 1379 1362 1415; x_wconf 68' lang='lat' dir='ltr'><strong>suffragantur,</strong></span> <span class='ocrx_word' id='word_1_98' title='bbox 1385 1387 1481 1407; x_wconf 88' lang='lat' dir='ltr'><strong>verum</strong></span> <span class='ocrx_word' id='word_1_99' title='bbox 1502 1379 1583 1407; x_wconf 87' lang='lat' dir='ltr'><strong>etiam</strong></span> <span class='ocrx_word' id='word_1_100' title='bbox 1612 1379 1684 1407; x_wconf 86' lang='lat' dir='ltr'><strong>utin</strong></span> <span class='ocrx_word' id='word_1_101' title='bbox 1707 1379 1834 1415; x_wconf 87' lang='lat' dir='ltr'><strong>pluribus</strong></span> 
     </span>
     <span class='ocr_line' id='line_1_21' title="bbox 993 1425 1836 1462; baseline 0.001 -9"><span class='ocrx_word' id='word_1_102' title='bbox 993 1425 1066 1453; x_wconf 88' lang='lat' dir='ltr'><strong>intra</strong></span> <span class='ocrx_word' id='word_1_103' title='bbox 1088 1425 1262 1461; x_wconf 84' lang='lat' dir='ltr'><strong>perfectionis</strong></span> <span class='ocrx_word' id='word_1_104' title='bbox 1276 1428 1303 1453; x_wconf 91' lang='lat' dir='ltr'><strong>et</strong></span> <span class='ocrx_word' id='word_1_105' title='bbox 1324 1425 1452 1462; x_wconf 87' lang='lat' dir='ltr'><strong>puritatis</strong></span> <span class='ocrx_word' id='word_1_106' title='bbox 1467 1426 1584 1462; x_wconf 81' lang='lat' dir='ltr'><strong>Regulae</strong></span> <span class='ocrx_word' id='word_1_107' title='bbox 1605 1426 1755 1462; x_wconf 83' lang='lat' dir='ltr'><strong>promissae</strong></span> <span class='ocrx_word' id='word_1_108' title='bbox 1771 1426 1836 1454; x_wconf 86' lang='lat' dir='ltr'><strong>sub-</strong></span> 
     </span>
     <span class='ocr_line' id='line_1_22' title="bbox 994 1471 1837 1508; baseline 0.001 -9"><span class='ocrx_word' id='word_1_109' title='bbox 994 1471 1120 1500; x_wconf 84' lang='lat' dir='ltr'><strong>stantiam</strong></span> <span class='ocrx_word' id='word_1_110' title='bbox 1154 1471 1334 1500; x_wconf 88' lang='lat' dir='ltr'><strong>includuntur</strong></span> <span class='ocrx_word' id='word_1_111' title='bbox 1349 1474 1368 1499; x_wconf 82' lang='lat'>⁴.</span> <span class='ocrx_word' id='word_1_112' title='bbox 1398 1472 1429 1499; x_wconf 92' lang='lat' dir='ltr'><strong>Et</strong></span> <span class='ocrx_word' id='word_1_113' title='bbox 1460 1472 1509 1500; x_wconf 89' lang='lat' dir='ltr'><strong>has</strong></span> <span class='ocrx_word' id='word_1_114' title='bbox 1537 1472 1676 1508; x_wconf 88' lang='lat' dir='ltr'><strong>potissime</strong></span> <span class='ocrx_word' id='word_1_115' title='bbox 1697 1472 1837 1508; x_wconf 82' lang='lat' dir='ltr'><strong>explicare</strong></span> 
     </span>
     <span class='ocr_line' id='line_1_23' title="bbox 993 1518 1836 1555; baseline 0.001 -9"><span class='ocrx_word' id='word_1_116' title='bbox 993 1521 1115 1554; x_wconf 76' lang='lat' dir='ltr'><strong>oportet,</strong></span> <span class='ocrx_word' id='word_1_117' title='bbox 1137 1526 1171 1546; x_wconf 90' lang='lat' dir='ltr'><strong>ne</strong></span> <span class='ocrx_word' id='word_1_118' title='bbox 1192 1526 1241 1554; x_wconf 85' lang='lat' dir='ltr'><strong>per</strong></span> <span class='ocrx_word' id='word_1_119' title='bbox 1262 1518 1403 1554; x_wconf 85' lang='lat' dir='ltr'><strong>caliginem</strong></span> <span class='ocrx_word' id='word_1_120' title='bbox 1435 1518 1605 1555; x_wconf 87' lang='lat' dir='ltr'><strong>ignorantiae</strong></span> <span class='ocrx_word' id='word_1_121' title='bbox 1626 1519 1653 1546; x_wconf 94' lang='lat' dir='ltr'><strong>in</strong></span> <span class='ocrx_word' id='word_1_122' title='bbox 1682 1521 1836 1555; x_wconf 82' lang='lat' dir='ltr'><strong>transgres-</strong></span> 
     </span>
     <span class='ocr_line' id='line_1_24' title="bbox 994 1564 1837 1602; baseline 0.001 -10"><span class='ocrx_word' id='word_1_123' title='bbox 994 1564 1078 1592; x_wconf 84' lang='lat' dir='ltr'><strong>sionis</strong></span> <span class='ocrx_word' id='word_1_124' title='bbox 1099 1564 1204 1592; x_wconf 82' lang='lat' dir='ltr'><strong>foveam</strong></span> <span class='ocrx_word' id='word_1_125' title='bbox 1226 1564 1370 1592; x_wconf 83' lang='lat' dir='ltr'><strong>incidatur.</strong></span> <span class='ocrx_word' id='word_1_126' title='bbox 1390 1565 1486 1593; x_wconf 87' lang='lat' dir='ltr'><strong>Nullus</strong></span> <span class='ocrx_word' id='word_1_127' title='bbox 1507 1564 1592 1601; x_wconf 84' lang='lat' dir='ltr'><strong>igitur</strong></span> <span class='ocrx_word' id='word_1_128' title='bbox 1613 1565 1646 1593; x_wconf 91' lang='lat' dir='ltr'><strong>de</strong></span> <span class='ocrx_word' id='word_1_129' title='bbox 1657 1565 1837 1602; x_wconf 76' lang='lat' dir='ltr'><strong>possessione</strong></span> 
     </span>
     <span class='ocr_line' id='line_1_25' title="bbox 996 1610 1837 1648; baseline 0.002 -10"><span class='ocrx_word' id='word_1_130' title='bbox 996 1610 1105 1639; x_wconf 88' lang='lat' dir='ltr'><strong>virtutis</strong></span> <span class='ocrx_word' id='word_1_131' title='bbox 1126 1611 1260 1648; x_wconf 82' lang='lat' dir='ltr'><strong>glorietur</strong></span> <span class='ocrx_word' id='word_1_132' title='bbox 1275 1611 1302 1639; x_wconf 92' lang='lat' dir='ltr'><strong>in</strong></span> <span class='ocrx_word' id='word_1_133' title='bbox 1323 1611 1420 1644; x_wconf 80' lang='lat' dir='ltr'><strong>corde,</strong></span> <span class='ocrx_word' id='word_1_134' title='bbox 1443 1611 1464 1640; x_wconf 92' lang='lat' dir='ltr'><strong>si</strong></span> <span class='ocrx_word' id='word_1_135' title='bbox 1479 1611 1640 1648; x_wconf 69' lang='lat' dir='ltr'><strong>dissipator</strong></span> <span class='ocrx_word' id='word_1_136' title='bbox 1661 1614 1703 1640; x_wconf 87' lang='lat' dir='ltr'><strong>est</strong></span> <span class='ocrx_word' id='word_1_137' title='bbox 1720 1612 1795 1648; x_wconf 77' lang='lat' dir='ltr'><strong>sepis</strong></span> <span class='ocrx_word' id='word_1_138' title='bbox 1811 1612 1837 1640; x_wconf 91' lang='lat' dir='ltr'><strong>in</strong></span> 
     </span>
    </p>
   </div>
   <div class='ocr_carea' id='block_1_10' title="bbox 719 1698 1228 1704">
    <p class='ocr_par' dir='ltr' id='par_1_10' title="bbox 719 1698 1228 1704">
     <span class='ocr_line' id='line_1_26' title="bbox 719 1698 1228 1704; baseline 0 0"><span class='ocrx_word' id='word_1_139' title='bbox 719 1698 1228 1704; x_wconf 95' lang='lat' dir='ltr'><strong> </strong></span> 
     </span>
    </p>
   </div>
   <div class='ocr_carea' id='block_1_11' title="bbox 92 1758 943 3028">
    <p class='ocr_par' dir='ltr' id='par_1_11' title="bbox 92 1758 943 3028">
     <span class='ocr_line' id='line_1_27' title="bbox 155 1758 937 1788; baseline -0.003 -6"><span class='ocrx_word' id='word_1_140' title='bbox 155 1759 163 1772; x_wconf 92' lang='lat'>¹</span> <span class='ocrx_word' id='word_1_141' title='bbox 181 1759 263 1788; x_wconf 85' lang='lat' dir='ltr'><strong>Quoad</strong></span> <span class='ocrx_word' id='word_1_142' title='bbox 277 1760 318 1781; x_wconf 89' lang='lat' dir='ltr'><strong>has</strong></span> <span class='ocrx_word' id='word_1_143' title='bbox 335 1759 512 1781; x_wconf 88' lang='lat' dir='ltr'><strong>Constitutiones</strong></span> <span class='ocrx_word' id='word_1_144' title='bbox 524 1758 650 1781; x_wconf 90' lang='lat' dir='ltr'><strong>notandum</strong></span> <span class='ocrx_word' id='word_1_145' title='bbox 668 1761 714 1785; x_wconf 86' lang='lat' dir='ltr'><strong>est,</strong></span> <span class='ocrx_word' id='word_1_146' title='bbox 731 1758 807 1787; x_wconf 89' lang='lat' dir='ltr'><strong>quod,</strong></span> <span class='ocrx_word' id='word_1_147' title='bbox 825 1764 878 1780; x_wconf 95' lang='grc'>011111</span> <span class='ocrx_word' id='word_1_148' title='bbox 896 1758 937 1780; x_wconf 84' lang='lat' dir='ltr'><strong>Re-</strong></span> 
     </span>
     <span class='ocr_line' id='line_1_28' title="bbox 92 1796 937 1827; baseline -0.004 -6"><span class='ocrx_word' id='word_1_149' title='bbox 92 1799 146 1827; x_wconf 86' lang='lat' dir='ltr'><strong>gula</strong></span> <span class='ocrx_word' id='word_1_150' title='bbox 163 1799 185 1821; x_wconf 88' lang='lat' dir='ltr'><strong>S.</strong></span> <span class='ocrx_word' id='word_1_151' title='bbox 198 1798 311 1821; x_wconf 85' lang='lat' dir='ltr'><strong>Francisci</strong></span> <span class='ocrx_word' id='word_1_152' title='bbox 328 1798 441 1826; x_wconf 87' lang='lat' dir='ltr'><strong>generalia</strong></span> <span class='ocrx_word' id='word_1_153' title='bbox 455 1800 541 1820; x_wconf 87' lang='lat' dir='ltr'><strong>tantum</strong></span> <span class='ocrx_word' id='word_1_154' title='bbox 560 1798 621 1820; x_wconf 87' lang='lat' dir='ltr'><strong>vitae</strong></span> <span class='ocrx_word' id='word_1_155' title='bbox 632 1798 735 1819; x_wconf 77' lang='lat' dir='ltr'><strong>Fratrum</strong></span> <span class='ocrx_word' id='word_1_156' title='bbox 751 1796 863 1819; x_wconf 85' lang='lat' dir='ltr'><strong>Minorum</strong></span> <span class='ocrx_word' id='word_1_157' title='bbox 877 1797 937 1824; x_wconf 90' lang='lat' dir='ltr'><strong>prin-</strong></span> 
     </span>
     <span class='ocr_line' id='line_1_29' title="bbox 94 1836 936 1866; baseline -0.002 -6"><span class='ocrx_word' id='word_1_158' title='bbox 94 1838 153 1866; x_wconf 90' lang='lat' dir='ltr'><strong>cipia</strong></span> <span class='ocrx_word' id='word_1_159' title='bbox 176 1837 306 1865; x_wconf 84' lang='lat' dir='ltr'><strong>stabilierit,</strong></span> <span class='ocrx_word' id='word_1_160' title='bbox 322 1843 334 1859; x_wconf 87' lang='lat' dir='ltr'><strong>a</strong></span> <span class='ocrx_word' id='word_1_161' title='bbox 357 1836 468 1865; x_wconf 84' lang='lat' dir='ltr'><strong>Capitulis</strong></span> <span class='ocrx_word' id='word_1_162' title='bbox 490 1839 512 1859; x_wconf 88' lang='lat' dir='ltr'><strong>et</strong></span> <span class='ocrx_word' id='word_1_163' title='bbox 537 1837 641 1859; x_wconf 83' lang='lat' dir='ltr'><strong>Ministris</strong></span> <span class='ocrx_word' id='word_1_164' title='bbox 663 1836 808 1864; x_wconf 82' lang='lat' dir='ltr'><strong>generalibus</strong></span> <span class='ocrx_word' id='word_1_165' title='bbox 825 1842 936 1864; x_wconf 86' lang='lat' dir='ltr'><strong>processu</strong></span> 
     </span>
     <span class='ocr_line' id='line_1_30' title="bbox 94 1875 936 1904; baseline -0.002 -5"><span class='ocrx_word' id='word_1_166' title='bbox 94 1877 205 1904; x_wconf 87' lang='lat' dir='ltr'><strong>temporis</strong></span> <span class='ocrx_word' id='word_1_167' title='bbox 223 1877 306 1898; x_wconf 90' lang='lat' dir='ltr'><strong>multae</strong></span> <span class='ocrx_word' id='word_1_168' title='bbox 323 1876 478 1898; x_wconf 83' lang='lat' dir='ltr'><strong>ordinationes</strong></span> <span class='ocrx_word' id='word_1_169' title='bbox 490 1878 656 1898; x_wconf 84' lang='lat' dir='ltr'><strong>emanaverunt</strong></span> <span class='ocrx_word' id='word_1_170' title='bbox 672 1875 702 1897; x_wconf 92' lang='lat' dir='ltr'><strong>ad</strong></span> <span class='ocrx_word' id='word_1_171' title='bbox 717 1875 858 1903; x_wconf 85' lang='lat' dir='ltr'><strong>regulandos</strong></span> <span class='ocrx_word' id='word_1_172' title='bbox 870 1881 936 1897; x_wconf 89' lang='lat' dir='ltr'><strong>casus</strong></span> 
     </span>
     <span class='ocr_line' id='line_1_31' title="bbox 94 1914 939 1944; baseline -0.002 -6"><span class='ocrx_word' id='word_1_173' title='bbox 94 1921 179 1944; x_wconf 87' lang='lat' dir='ltr'><strong>resque</strong></span> <span class='ocrx_word' id='word_1_174' title='bbox 195 1915 345 1943; x_wconf 82' lang='lat' dir='ltr'><strong>particulares</strong></span> <span class='ocrx_word' id='word_1_175' title='bbox 362 1915 468 1937; x_wconf 85' lang='lat' dir='ltr'><strong>continno</strong></span> <span class='ocrx_word' id='word_1_176' title='bbox 491 1919 642 1942; x_wconf 87' lang='lat' dir='ltr'><strong>emergentes.</strong></span> <span class='ocrx_word' id='word_1_177' title='bbox 660 1915 717 1936; x_wconf 82' lang='lat' dir='ltr'><strong>Ante</strong></span> <span class='ocrx_word' id='word_1_178' title='bbox 736 1914 866 1942; x_wconf 85' lang='lat' dir='ltr'><strong>Capitulum</strong></span> <span class='ocrx_word' id='word_1_179' title='bbox 884 1914 939 1936; x_wconf 86' lang='lat' dir='ltr'><strong>Nar·</strong></span> 
     </span>
     <span class='ocr_line' id='line_1_32' title="bbox 94 1953 937 1981; baseline -0.004 -4"><span class='ocrx_word' id='word_1_180' title='bbox 94 1955 197 1977; x_wconf 87' lang='lat' dir='ltr'><strong>bonense</strong></span> <span class='ocrx_word' id='word_1_181' title='bbox 214 1954 371 1977; x_wconf 83' lang='lat' dir='ltr'><strong>ordinationes</strong></span> <span class='ocrx_word' id='word_1_182' title='bbox 388 1956 436 1976; x_wconf 91' lang='lat' dir='ltr'><strong>tum</strong></span> <span class='ocrx_word' id='word_1_183' title='bbox 454 1953 609 1976; x_wconf 88' lang='lat' dir='ltr'><strong>Ministrorum</strong></span> <span class='ocrx_word' id='word_1_184' title='bbox 626 1956 674 1976; x_wconf 85' lang='lat' dir='ltr'><strong>tum</strong></span> <span class='ocrx_word' id='word_1_185' title='bbox 692 1953 850 1981; x_wconf 87' lang='lat' dir='ltr'><strong>Capitulorum</strong></span> <span class='ocrx_word' id='word_1_186' title='bbox 871 1959 937 1980; x_wconf 82' lang='lat' dir='ltr'><strong>gene-</strong></span> 
     </span>
     <span class='ocr_line' id='line_1_33' title="bbox 94 1991 938 2016; baseline -0.002 -1"><span class='ocrx_word' id='word_1_187' title='bbox 94 1993 177 2016; x_wconf 91' lang='lat' dir='ltr'><strong>ralium</strong></span> <span class='ocrx_word' id='word_1_188' title='bbox 194 1992 312 2015; x_wconf 88' lang='lat' dir='ltr'><strong>communi</strong></span> <span class='ocrx_word' id='word_1_189' title='bbox 329 1992 422 2014; x_wconf 81' lang='lat' dir='ltr'><strong>nomine</strong></span> <span class='ocrx_word' id='word_1_190' title='bbox 434 1991 628 2015; x_wconf 79' lang='lat' dir='ltr'><strong>constitutionum</strong></span> <span class='ocrx_word' id='word_1_191' title='bbox 645 1992 724 2014; x_wconf 91' lang='lat' dir='ltr'><strong>vocari</strong></span> <span class='ocrx_word' id='word_1_192' title='bbox 741 1991 851 2014; x_wconf 89' lang='lat' dir='ltr'><strong>solebant.</strong></span> <span class='ocrx_word' id='word_1_193' title='bbox 870 1991 938 2013; x_wconf 90' lang='lat' dir='ltr'><strong>Teste</strong></span> 
     </span>
     <span class='ocr_line' id='line_1_34' title="bbox 93 2030 938 2059; baseline -0.004 -5"><span class='ocrx_word' id='word_1_194' title='bbox 93 2032 130 2054; x_wconf 83' lang='lat' dir='ltr'><strong>Fr.</strong></span> <span class='ocrx_word' id='word_1_195' title='bbox 148 2031 279 2054; x_wconf 83' lang='lat' dir='ltr'><strong>Salimbene</strong></span> <span class='ocrx_word' id='word_1_196' title='bbox 296 2030 448 2059; x_wconf 77' lang='lat' dir='ltr'><strong>(chronicon,</strong></span> <span class='ocrx_word' id='word_1_197' title='bbox 465 2031 502 2053; x_wconf 92' lang='lat' dir='ltr'><strong>ed.</strong></span> <span class='ocrx_word' id='word_1_198' title='bbox 524 2031 598 2052; x_wconf 84' lang='lat' dir='ltr'><strong>Parm.</strong></span> <span class='ocrx_word' id='word_1_199' title='bbox 622 2037 676 2058; x_wconf 85' lang='lat' dir='ltr'><strong>pag.</strong></span> <span class='ocrx_word' id='word_1_200' title='bbox 694 2030 761 2059; x_wconf 78' lang='lat'><strong>405),</strong></span> <span class='ocrx_word' id='word_1_201' title='bbox 782 2030 804 2052; x_wconf 85' lang='lat' dir='ltr'><strong>S.</strong></span> <span class='ocrx_word' id='word_1_202' title='bbox 822 2030 938 2052; x_wconf 88' lang='lat' dir='ltr'><strong>Bonaven-</strong></span> 
     </span>
     <span class='ocr_line' id='line_1_35' title="bbox 95 2069 939 2093; baseline -0.002 0"><span class='ocrx_word' id='word_1_203' title='bbox 95 2073 145 2093; x_wconf 87' lang='lat' dir='ltr'><strong>tura</strong></span> <span class='ocrx_word' id='word_1_204' title='bbox 161 2077 188 2093; x_wconf 81' lang='lat' dir='ltr'><strong>ex</strong></span> <span class='ocrx_word' id='word_1_205' title='bbox 206 2071 241 2093; x_wconf 91' lang='grc'>1115</span> <span class='ocrx_word' id='word_1_206' title='bbox 257 2069 456 2093; x_wconf 82' lang='lat' dir='ltr'><strong>constitutionibus</strong></span> <span class='ocrx_word' id='word_1_207' title='bbox 473 2069 626 2092; x_wconf 87' lang='lat' dir='ltr'><strong>anterioribus</strong></span> <span class='ocrx_word' id='word_1_208' title='bbox 648 2069 778 2091; x_wconf 89' lang='lat' dir='ltr'><strong>ordinatum</strong></span> <span class='ocrx_word' id='word_1_209' title='bbox 796 2069 939 2091; x_wconf 87' lang='lat' dir='ltr'><strong>Constitutio-</strong></span> 
     </span>
     <span class='ocr_line' id='line_1_36' title="bbox 94 2107 937 2136; baseline -0.004 -5"><span class='ocrx_word' id='word_1_210' title='bbox 94 2115 152 2131; x_wconf 88' lang='lat' dir='ltr'><strong>num</strong></span> <span class='ocrx_word' id='word_1_211' title='bbox 168 2109 272 2131; x_wconf 87' lang='lat' dir='ltr'><strong>codicem</strong></span> <span class='ocrx_word' id='word_1_212' title='bbox 290 2109 380 2136; x_wconf 88' lang='lat' dir='ltr'><strong>primus</strong></span> <span class='ocrx_word' id='word_1_213' title='bbox 397 2108 490 2136; x_wconf 81' lang='lat' dir='ltr'><strong>perfecit</strong></span> <span class='ocrx_word' id='word_1_214' title='bbox 508 2111 530 2130; x_wconf 91' lang='lat' dir='ltr'><strong>et</strong></span> <span class='ocrx_word' id='word_1_215' title='bbox 546 2108 680 2130; x_wconf 89' lang='lat' dir='ltr'><strong>auctoritate</strong></span> <span class='ocrx_word' id='word_1_216' title='bbox 697 2107 763 2129; x_wconf 85' lang='lat' dir='ltr'><strong>istius</strong></span> <span class='ocrx_word' id='word_1_217' title='bbox 779 2107 876 2135; x_wconf 86' lang='lat' dir='ltr'><strong>Capituli</strong></span> <span class='ocrx_word' id='word_1_218' title='bbox 888 2113 937 2134; x_wconf 84' lang='lat' dir='ltr'><strong>pro-</strong></span> 
     </span>
     <span class='ocr_line' id='line_1_37' title="bbox 95 2146 938 2176; baseline -0.004 -6"><span class='ocrx_word' id='word_1_219' title='bbox 95 2147 215 2176; x_wconf 83' lang='lat' dir='ltr'><strong>mulgavit.</strong></span> <span class='ocrx_word' id='word_1_220' title='bbox 233 2147 268 2170; x_wconf 80' lang='lat' dir='ltr'><strong>Ait</strong></span> <span class='ocrx_word' id='word_1_221' title='bbox 285 2147 345 2169; x_wconf 90' lang='lat' dir='ltr'><strong>enim</strong></span> <span class='ocrx_word' id='word_1_222' title='bbox 364 2146 493 2169; x_wconf 85' lang='lat' dir='ltr'><strong>Salimbene</strong></span> <span class='ocrx_word' id='word_1_223' title='bbox 511 2147 566 2174; x_wconf 84' lang='lat' dir='ltr'><strong>(loe.</strong></span> <span class='ocrx_word' id='word_1_224' title='bbox 586 2147 633 2174; x_wconf 88' lang='lat' dir='ltr'><strong>cit.)</strong></span> <span class='ocrx_word' id='word_1_225' title='bbox 657 2146 686 2168; x_wconf 87' lang='lat' dir='ltr'><strong>de</strong></span> <span class='ocrx_word' id='word_1_226' title='bbox 708 2146 812 2174; x_wconf 86' lang='lat' dir='ltr'><strong>Capitulo</strong></span> <span class='ocrx_word' id='word_1_227' title='bbox 835 2147 938 2168; x_wconf 82' lang='lat' dir='ltr'><strong>Romano</strong></span> 
     </span>
     <span class='ocr_line' id='line_1_38' title="bbox 95 2184 938 2213; baseline -0.004 -4"><span class='ocrx_word' id='word_1_228' title='bbox 95 2187 148 2209; x_wconf 91' lang='lat' dir='ltr'><strong>anni</strong></span> <span class='ocrx_word' id='word_1_229' title='bbox 174 2186 243 2208; x_wconf 71' lang='lat'>1239:</span> <span class='ocrx_word' id='word_1_230' title='bbox 264 2187 313 2208; x_wconf 71' lang='lat' dir='ltr'><strong>«Et</strong></span> <span class='ocrx_word' id='word_1_231' title='bbox 335 2186 358 2208; x_wconf 88' lang='lat' dir='ltr'><strong>in</strong></span> <span class='ocrx_word' id='word_1_232' title='bbox 375 2186 412 2208; x_wconf 94' lang='lat' dir='ltr'><strong>illo</strong></span> <span class='ocrx_word' id='word_1_233' title='bbox 429 2185 534 2213; x_wconf 89' lang='lat' dir='ltr'><strong>Capitulo</strong></span> <span class='ocrx_word' id='word_1_234' title='bbox 558 2186 613 2207; x_wconf 80' lang='grc'>13013</span> <span class='ocrx_word' id='word_1_235' title='bbox 638 2188 672 2207; x_wconf 80' lang='lat' dir='ltr'><strong>est</strong></span> <span class='ocrx_word' id='word_1_236' title='bbox 695 2185 792 2207; x_wconf 78' lang='lat' dir='ltr'><strong>maxima</strong></span> <span class='ocrx_word' id='word_1_237' title='bbox 816 2184 938 2207; x_wconf 88' lang='lat' dir='ltr'><strong>multitudo</strong></span> 
     </span>
     <span class='ocr_line' id='line_1_39' title="bbox 96 2224 938 2253; baseline -0.004 -5"><span class='ocrx_word' id='word_1_238' title='bbox 96 2225 288 2248; x_wconf 87' lang='lat' dir='ltr'><strong>Constitutionum</strong></span> <span class='ocrx_word' id='word_1_239' title='bbox 306 2225 458 2253; x_wconf 84' lang='lat' dir='ltr'><strong>generalium,</strong></span> <span class='ocrx_word' id='word_1_240' title='bbox 477 2225 517 2247; x_wconf 85' lang='lat' dir='ltr'><strong>sed</strong></span> <span class='ocrx_word' id='word_1_241' title='bbox 529 2231 574 2247; x_wconf 92' lang='lat' dir='ltr'><strong>non</strong></span> <span class='ocrx_word' id='word_1_242' title='bbox 587 2227 651 2247; x_wconf 90' lang='lat' dir='ltr'><strong>erant</strong></span> <span class='ocrx_word' id='word_1_243' title='bbox 667 2224 799 2250; x_wconf 83' lang='lat' dir='ltr'><strong>ordinatae;</strong></span> <span class='ocrx_word' id='word_1_244' title='bbox 816 2230 874 2252; x_wconf 89' lang='lat' dir='ltr'><strong>quas</strong></span> <span class='ocrx_word' id='word_1_245' title='bbox 888 2230 938 2251; x_wconf 88' lang='lat' dir='ltr'><strong>pro-</strong></span> 
     </span>
     <span class='ocr_line' id='line_1_40' title="bbox 96 2263 938 2292; baseline -0.004 -5"><span class='ocrx_word' id='word_1_246' title='bbox 96 2270 162 2287; x_wconf 88' lang='lat' dir='ltr'><strong>cessu</strong></span> <span class='ocrx_word' id='word_1_247' title='bbox 180 2264 290 2292; x_wconf 88' lang='lat' dir='ltr'><strong>temporis</strong></span> <span class='ocrx_word' id='word_1_248' title='bbox 301 2264 417 2286; x_wconf 88' lang='lat' dir='ltr'><strong>ordinavit</strong></span> <span class='ocrx_word' id='word_1_249' title='bbox 428 2264 505 2286; x_wconf 88' lang='lat' dir='ltr'><strong>Frater</strong></span> <span class='ocrx_word' id='word_1_250' title='bbox 518 2264 688 2290; x_wconf 82' lang='lat' dir='ltr'><strong>Bonaventura,</strong></span> <span class='ocrx_word' id='word_1_251' title='bbox 700 2263 814 2291; x_wconf 85' lang='lat' dir='ltr'><strong>generalis</strong></span> <span class='ocrx_word' id='word_1_252' title='bbox 828 2263 938 2291; x_wconf 69' lang='lat' dir='ltr'><strong>Minister,</strong></span> 
     </span>
     <span class='ocr_line' id='line_1_41' title="bbox 95 2301 939 2331; baseline -0.004 -5"><span class='ocrx_word' id='word_1_253' title='bbox 95 2306 119 2326; x_wconf 88' lang='lat' dir='ltr'><strong>et</strong></span> <span class='ocrx_word' id='word_1_254' title='bbox 134 2309 217 2331; x_wconf 88' lang='lat' dir='ltr'><strong>parum</strong></span> <span class='ocrx_word' id='word_1_255' title='bbox 234 2303 323 2325; x_wconf 88' lang='lat' dir='ltr'><strong>addidit</strong></span> <span class='ocrx_word' id='word_1_256' title='bbox 340 2303 369 2325; x_wconf 79' lang='lat' dir='ltr'><strong>de</strong></span> <span class='ocrx_word' id='word_1_257' title='bbox 385 2309 440 2329; x_wconf 91' lang='grc'>5110,</span> <span class='ocrx_word' id='word_1_258' title='bbox 457 2302 497 2325; x_wconf 87' lang='lat' dir='ltr'><strong>sed</strong></span> <span class='ocrx_word' id='word_1_259' title='bbox 515 2302 665 2330; x_wconf 89' lang='lat' dir='ltr'><strong>poenitentias</strong></span> <span class='ocrx_word' id='word_1_260' title='bbox 683 2302 766 2324; x_wconf 80' lang='lat' dir='ltr'><strong>taxavit</strong></span> <span class='ocrx_word' id='word_1_261' title='bbox 782 2302 806 2323; x_wconf 92' lang='lat' dir='ltr'><strong>in</strong></span> <span class='ocrx_word' id='word_1_262' title='bbox 823 2301 939 2330; x_wconf 84' lang='lat' dir='ltr'><strong>aliquibus</strong></span> 
     </span>
     <span class='ocr_line' id='line_1_42' title="bbox 97 2340 939 2369; baseline -0.004 -4"><span class='ocrx_word' id='word_1_263' title='bbox 97 2342 152 2365; x_wconf 88' lang='lat' dir='ltr'><strong>locis</strong></span> <span class='ocrx_word' id='word_1_264' title='bbox 163 2351 186 2364; x_wconf 77' lang='lat'>„.</span> <span class='ocrx_word' id='word_1_265' title='bbox 203 2355 233 2358; x_wconf 84' lang='lat'>—</span> <span class='ocrx_word' id='word_1_266' title='bbox 250 2342 295 2364; x_wconf 84' lang='lat' dir='ltr'><strong>Has</strong></span> <span class='ocrx_word' id='word_1_267' title='bbox 314 2341 491 2364; x_wconf 89' lang='lat' dir='ltr'><strong>Constitutiones</strong></span> <span class='ocrx_word' id='word_1_268' title='bbox 508 2340 679 2369; x_wconf 85' lang='lat' dir='ltr'><strong>Narbonenses,</strong></span> <span class='ocrx_word' id='word_1_269' title='bbox 696 2341 751 2363; x_wconf 89' lang='lat' dir='ltr'><strong>alias</strong></span> <span class='ocrx_word' id='word_1_270' title='bbox 767 2347 886 2369; x_wconf 87' lang='lat' dir='ltr'><strong>nunquam</strong></span> <span class='ocrx_word' id='word_1_271' title='bbox 908 2341 939 2362; x_wconf 95' lang='lat' dir='ltr'><strong>in-</strong></span> 
     </span>
     <span class='ocr_line' id='line_1_43' title="bbox 97 2379 938 2409; baseline -0.002 -6"><span class='ocrx_word' id='word_1_272' title='bbox 97 2383 160 2409; x_wconf 81' lang='lat' dir='ltr'><strong>tegre</strong></span> <span class='ocrx_word' id='word_1_273' title='bbox 183 2381 267 2408; x_wconf 72' lang='lat' dir='ltr'><strong>editas,</strong></span> <span class='ocrx_word' id='word_1_274' title='bbox 289 2381 379 2408; x_wconf 84' lang='lat' dir='ltr'><strong>primus</strong></span> <span class='ocrx_word' id='word_1_275' title='bbox 403 2379 530 2408; x_wconf 84' lang='lat' dir='ltr'><strong>publicavit</strong></span> <span class='ocrx_word' id='word_1_276' title='bbox 546 2380 573 2402; x_wconf 96' lang='grc'><strong>01.</strong></span> <span class='ocrx_word' id='word_1_277' title='bbox 591 2380 614 2402; x_wconf 89' lang='grc' dir='ltr'>Ρ.</span> <span class='ocrx_word' id='word_1_278' title='bbox 631 2380 666 2402; x_wconf 89' lang='lat' dir='ltr'><strong>Fr.</strong></span> <span class='ocrx_word' id='word_1_279' title='bbox 688 2380 753 2401; x_wconf 84' lang='lat' dir='ltr'><strong>Ehrle</strong></span> <span class='ocrx_word' id='word_1_280' title='bbox 773 2380 794 2401; x_wconf 85' lang='lat' dir='ltr'><strong>S.</strong></span> <span class='ocrx_word' id='word_1_281' title='bbox 813 2380 828 2401; x_wconf 92' lang='lat' dir='ltr'><strong>l.</strong></span> <span class='ocrx_word' id='word_1_282' title='bbox 845 2379 938 2407; x_wconf 83' lang='lat' dir='ltr'><strong>(Archiv</strong></span> 
     </span>
     <span class='ocr_line' id='line_1_44' title="bbox 98 2418 939 2446; baseline -0.004 -4"><span class='ocrx_word' id='word_1_283' title='bbox 98 2419 134 2442; x_wconf 77' lang='lat' dir='ltr'><strong>fiir</strong></span> <span class='ocrx_word' id='word_1_284' title='bbox 148 2419 329 2442; x_wconf 85' lang='lat' dir='ltr'><strong>Litteratur-und</strong></span> <span class='ocrx_word' id='word_1_285' title='bbox 341 2419 574 2446; x_wconf 81' lang='lat' dir='ltr'><strong>Kirchengeschichte</strong></span> <span class='ocrx_word' id='word_1_286' title='bbox 591 2418 632 2441; x_wconf 84' lang='lat' dir='ltr'><strong>des</strong></span> <span class='ocrx_word' id='word_1_287' title='bbox 652 2418 800 2444; x_wconf 88' lang='lat' dir='ltr'><strong>Mittelalters,</strong></span> <span class='ocrx_word' id='word_1_288' title='bbox 816 2421 872 2440; x_wconf 91' lang='lat' dir='ltr'><strong>tom.</strong></span> <span class='ocrx_word' id='word_1_289' title='bbox 884 2418 939 2446; x_wconf 73' lang='lat' dir='ltr'><strong>Vl.),</strong></span> 
     </span>
     <span class='ocr_line' id='line_1_45' title="bbox 97 2457 938 2488; baseline -0.004 -7"><span class='ocrx_word' id='word_1_290' title='bbox 97 2459 120 2481; x_wconf 86' lang='lat' dir='ltr'><strong>in</strong></span> <span class='ocrx_word' id='word_1_291' title='bbox 136 2465 183 2488; x_wconf 88' lang='lat' dir='ltr'><strong>quo</strong></span> <span class='ocrx_word' id='word_1_292' title='bbox 200 2458 334 2481; x_wconf 77' lang='lat' dir='ltr'><strong>doctissImo</strong></span> <span class='ocrx_word' id='word_1_293' title='bbox 352 2457 430 2480; x_wconf 88' lang='lat' dir='ltr'><strong>labore</strong></span> <span class='ocrx_word' id='word_1_294' title='bbox 447 2458 524 2485; x_wconf 86' lang='lat' dir='ltr'><strong>primo</strong></span> <span class='ocrx_word' id='word_1_295' title='bbox 542 2458 667 2479; x_wconf 86' lang='lat' dir='ltr'><strong>luculenter</strong></span> <span class='ocrx_word' id='word_1_296' title='bbox 688 2459 710 2479; x_wconf 90' lang='lat' dir='ltr'><strong>et</strong></span> <span class='ocrx_word' id='word_1_297' title='bbox 731 2459 837 2479; x_wconf 89' lang='lat' dir='ltr'><strong>accurate</strong></span> <span class='ocrx_word' id='word_1_298' title='bbox 859 2459 938 2479; x_wconf 90' lang='lat' dir='ltr'><strong>tracta-</strong></span> 
     </span>
     <span class='ocr_line' id='line_1_46' title="bbox 98 2495 941 2526; baseline -0.004 -6"><span class='ocrx_word' id='word_1_299' title='bbox 98 2499 134 2520; x_wconf 90' lang='lat' dir='ltr'><strong>tur</strong></span> <span class='ocrx_word' id='word_1_300' title='bbox 150 2497 180 2520; x_wconf 89' lang='lat' dir='ltr'><strong>de</strong></span> <span class='ocrx_word' id='word_1_301' title='bbox 191 2496 359 2526; x_wconf 88' lang='lat' dir='ltr'><strong>antiquioribus</strong></span> <span class='ocrx_word' id='word_1_302' title='bbox 375 2496 468 2519; x_wconf 89' lang='lat' dir='ltr'><strong>Ordinis</strong></span> <span class='ocrx_word' id='word_1_303' title='bbox 480 2497 591 2518; x_wconf 73' lang='lat' dir='ltr'><strong>lilinorum</strong></span> <span class='ocrx_word' id='word_1_304' title='bbox 603 2495 807 2518; x_wconf 86' lang='lat' dir='ltr'><strong>Constitutionibus</strong></span> <span class='ocrx_word' id='word_1_305' title='bbox 819 2495 841 2517; x_wconf 92' lang='lat' dir='ltr'><strong>in</strong></span> <span class='ocrx_word' id='word_1_306' title='bbox 854 2501 941 2523; x_wconf 79' lang='lat' dir='ltr'><strong>genere</strong></span> 
     </span>
     <span class='ocr_line' id='line_1_47' title="bbox 98 2534 939 2564; baseline -0.002 -6"><span class='ocrx_word' id='word_1_307' title='bbox 98 2535 160 2564; x_wconf 73' lang='lat' dir='ltr'><strong>(pag.</strong></span> <span class='ocrx_word' id='word_1_308' title='bbox 180 2536 251 2564; x_wconf 77' lang='lat' dir='ltr'><strong>t-86),</strong></span> <span class='ocrx_word' id='word_1_309' title='bbox 276 2535 361 2558; x_wconf 89' lang='lat' dir='ltr'><strong>deinde</strong></span> <span class='ocrx_word' id='word_1_310' title='bbox 379 2536 441 2563; x_wconf 84' lang='lat' dir='ltr'><strong>(pag.</strong></span> <span class='ocrx_word' id='word_1_311' title='bbox 466 2535 564 2563; x_wconf 83' lang='grc'>87-138)</span> <span class='ocrx_word' id='word_1_312' title='bbox 588 2535 636 2562; x_wconf 84' lang='grc'>11150</span> <span class='ocrx_word' id='word_1_313' title='bbox 659 2538 731 2557; x_wconf 82' lang='lat' dir='ltr'><strong>textus</strong></span> <span class='ocrx_word' id='word_1_314' title='bbox 756 2534 939 2556; x_wconf 87' lang='lat' dir='ltr'><strong>Narbonensium</strong></span> 
     </span>
     <span class='ocr_line' id='line_1_48' title="bbox 97 2573 940 2601; baseline -0.004 -4"><span class='ocrx_word' id='word_1_315' title='bbox 97 2574 290 2597; x_wconf 89' lang='lat' dir='ltr'><strong>Constitutionum</strong></span> <span class='ocrx_word' id='word_1_316' title='bbox 309 2573 428 2597; x_wconf 72' lang='lat' dir='ltr'><strong>exhibetur</strong></span> <span class='ocrx_word' id='word_1_317' title='bbox 445 2573 503 2596; x_wconf 86' lang='lat' dir='ltr'><strong>bene</strong></span> <span class='ocrx_word' id='word_1_318' title='bbox 520 2577 643 2596; x_wconf 68' lang='lat' dir='ltr'><strong>correctus,</strong></span> <span class='ocrx_word' id='word_1_319' title='bbox 657 2574 750 2601; x_wconf 88' lang='lat' dir='ltr'><strong>lnsuper</strong></span> <span class='ocrx_word' id='word_1_320' title='bbox 767 2573 797 2595; x_wconf 90' lang='lat' dir='ltr'><strong>ad</strong></span> <span class='ocrx_word' id='word_1_321' title='bbox 814 2573 899 2595; x_wconf 82' lang='lat' dir='ltr'><strong>calcem</strong></span> <span class='ocrx_word' id='word_1_322' title='bbox 917 2573 940 2594; x_wconf 91' lang='lat' dir='ltr'><strong>in</strong></span> 
     </span>
     <span class='ocr_line' id='line_1_49' title="bbox 98 2612 940 2640; baseline -0.004 -4"><span class='ocrx_word' id='word_1_323' title='bbox 98 2614 158 2636; x_wconf 87' lang='lat' dir='ltr'><strong>notis</strong></span> <span class='ocrx_word' id='word_1_324' title='bbox 180 2613 318 2636; x_wconf 87' lang='lat' dir='ltr'><strong>adiiciuntur</strong></span> <span class='ocrx_word' id='word_1_325' title='bbox 341 2613 449 2635; x_wconf 87' lang='lat' dir='ltr'><strong>lectiones</strong></span> <span class='ocrx_word' id='word_1_326' title='bbox 467 2613 581 2635; x_wconf 86' lang='lat' dir='ltr'><strong>variantes</strong></span> <span class='ocrx_word' id='word_1_327' title='bbox 603 2616 625 2634; x_wconf 91' lang='lat' dir='ltr'><strong>et</strong></span> <span class='ocrx_word' id='word_1_328' title='bbox 642 2612 756 2640; x_wconf 85' lang='lat' dir='ltr'><strong>plurimae</strong></span> <span class='ocrx_word' id='word_1_329' title='bbox 777 2612 940 2640; x_wconf 83' lang='lat' dir='ltr'><strong>longioresque</strong></span> 
     </span>
     <span class='ocr_line' id='line_1_50' title="bbox 99 2651 941 2681; baseline -0.004 -6"><span class='ocrx_word' id='word_1_330' title='bbox 99 2652 238 2679; x_wconf 84' lang='lat' dir='ltr'><strong>additiones,</strong></span> <span class='ocrx_word' id='word_1_331' title='bbox 254 2658 326 2681; x_wconf 69' lang='grc'>(11130,</span> <span class='ocrx_word' id='word_1_332' title='bbox 350 2655 441 2674; x_wconf 90' lang='lat' dir='ltr'><strong>mortuo</strong></span> <span class='ocrx_word' id='word_1_333' title='bbox 458 2652 504 2674; x_wconf 87' lang='lat' dir='ltr'><strong>iam</strong></span> <span class='ocrx_word' id='word_1_334' title='bbox 528 2652 550 2674; x_wconf 57' lang='lat' dir='ltr'><strong>S.</strong></span> <span class='ocrx_word' id='word_1_335' title='bbox 567 2652 738 2677; x_wconf 82' lang='lat' dir='ltr'><strong>Bonaventura,</strong></span> <span class='ocrx_word' id='word_1_336' title='bbox 756 2651 777 2672; x_wconf 94' lang='lat' dir='ltr'><strong>in</strong></span> <span class='ocrx_word' id='word_1_337' title='bbox 799 2651 866 2672; x_wconf 89' lang='lat' dir='ltr'><strong>altera</strong></span> <span class='ocrx_word' id='word_1_338' title='bbox 884 2656 941 2678; x_wconf 89' lang='lat' dir='ltr'><strong>qua-</strong></span> 
     </span>
     <span class='ocr_line' id='line_1_51' title="bbox 100 2689 941 2718; baseline -0.005 -4"><span class='ocrx_word' id='word_1_339' title='bbox 100 2691 154 2714; x_wconf 91' lang='lat' dir='ltr'><strong>dam</strong></span> <span class='ocrx_word' id='word_1_340' title='bbox 169 2691 302 2714; x_wconf 85' lang='lat' dir='ltr'><strong>recensione</strong></span> <span class='ocrx_word' id='word_1_341' title='bbox 318 2691 509 2713; x_wconf 87' lang='lat' dir='ltr'><strong>Constitutionum</strong></span> <span class='ocrx_word' id='word_1_342' title='bbox 523 2690 652 2718; x_wconf 86' lang='lat' dir='ltr'><strong>publicatae</strong></span> <span class='ocrx_word' id='word_1_343' title='bbox 669 2692 721 2712; x_wconf 91' lang='lat' dir='ltr'><strong>sunt</strong></span> <span class='ocrx_word' id='word_1_344' title='bbox 737 2696 749 2711; x_wconf 90' lang='lat' dir='ltr'><strong>a</strong></span> <span class='ocrx_word' id='word_1_345' title='bbox 762 2689 865 2717; x_wconf 89' lang='lat' dir='ltr'><strong>Capitulo</strong></span> <span class='ocrx_word' id='word_1_346' title='bbox 884 2689 941 2710; x_wconf 80' lang='lat' dir='ltr'><strong>Pari-</strong></span> 
     </span>
     <span class='ocr_line' id='line_1_52' title="bbox 99 2728 942 2757; baseline -0.004 -5"><span class='ocrx_word' id='word_1_347' title='bbox 99 2729 166 2752; x_wconf 85' lang='lat' dir='ltr'><strong>siensi</strong></span> <span class='ocrx_word' id='word_1_348' title='bbox 184 2730 238 2752; x_wconf 92' lang='lat' dir='ltr'><strong>anni</strong></span> <span class='ocrx_word' id='word_1_349' title='bbox 256 2730 327 2757; x_wconf 73' lang='lat'><strong>⁴292,</strong></span> <span class='ocrx_word' id='word_1_350' title='bbox 344 2733 369 2752; x_wconf 86' lang='lat' dir='ltr'><strong>ut</strong></span> <span class='ocrx_word' id='word_1_351' title='bbox 386 2729 478 2752; x_wconf 89' lang='lat' dir='ltr'><strong>videtur</strong></span> <span class='ocrx_word' id='word_1_352' title='bbox 494 2732 516 2751; x_wconf 92' lang='lat' dir='ltr'><strong>et</strong></span> <span class='ocrx_word' id='word_1_353' title='bbox 533 2729 587 2751; x_wconf 84' lang='lat' dir='ltr'><strong>satis</strong></span> <span class='ocrx_word' id='word_1_354' title='bbox 604 2728 715 2756; x_wconf 83' lang='lat' dir='ltr'><strong>probatur</strong></span> <span class='ocrx_word' id='word_1_355' title='bbox 730 2734 742 2750; x_wconf 92' lang='lat' dir='ltr'><strong>a</strong></span> <span class='ocrx_word' id='word_1_356' title='bbox 760 2728 783 2750; x_wconf 67' lang='grc' dir='ltr'>Ρ.</span> <span class='ocrx_word' id='word_1_357' title='bbox 801 2728 867 2749; x_wconf 84' lang='lat' dir='ltr'><strong>Ehrle</strong></span> <span class='ocrx_word' id='word_1_358' title='bbox 885 2728 942 2755; x_wconf 90' lang='lat' dir='ltr'><strong>(loc.</strong></span> 
     </span>
     <span class='ocr_line' id='line_1_53' title="bbox 100 2766 943 2797; baseline -0.004 -6"><span class='ocrx_word' id='word_1_359' title='bbox 100 2769 137 2791; x_wconf 89' lang='lat' dir='ltr'><strong>cit.</strong></span> <span class='ocrx_word' id='word_1_360' title='bbox 153 2775 207 2796; x_wconf 84' lang='lat' dir='ltr'><strong>pag.</strong></span> <span class='ocrx_word' id='word_1_361' title='bbox 226 2768 255 2790; x_wconf 70' lang='lat'><strong>84</strong></span> <span class='ocrx_word' id='word_1_362' title='bbox 272 2771 354 2797; x_wconf 65' lang='lat' dir='ltr'><strong>seqq).</strong></span> <span class='ocrx_word' id='word_1_363' title='bbox 373 2769 451 2790; x_wconf 81' lang='lat' dir='ltr'><strong>Plures</strong></span> <span class='ocrx_word' id='word_1_364' title='bbox 469 2768 490 2790; x_wconf 89' lang='lat' dir='ltr'><strong>in</strong></span> <span class='ocrx_word' id='word_1_365' title='bbox 507 2768 566 2790; x_wconf 79' lang='lat' dir='ltr'><strong>dicta</strong></span> <span class='ocrx_word' id='word_1_366' title='bbox 584 2767 717 2789; x_wconf 87' lang='lat' dir='ltr'><strong>recensione</strong></span> <span class='ocrx_word' id='word_1_367' title='bbox 738 2767 841 2789; x_wconf 88' lang='lat' dir='ltr'><strong>adiectae</strong></span> <span class='ocrx_word' id='word_1_368' title='bbox 857 2766 943 2789; x_wconf 87' lang='lat' dir='ltr'><strong>Consti-</strong></span> 
     </span>
     <span class='ocr_line' id='line_1_54' title="bbox 100 2806 941 2834; baseline -0.002 -5"><span class='ocrx_word' id='word_1_369' title='bbox 100 2807 198 2830; x_wconf 90' lang='lat' dir='ltr'><strong>tutiones</strong></span> <span class='ocrx_word' id='word_1_370' title='bbox 214 2810 303 2829; x_wconf 79' lang='lat' dir='ltr'><strong>sumtae</strong></span> <span class='ocrx_word' id='word_1_371' title='bbox 319 2810 372 2829; x_wconf 90' lang='lat' dir='ltr'><strong>sunt</strong></span> <span class='ocrx_word' id='word_1_372' title='bbox 388 2813 416 2829; x_wconf 89' lang='lat' dir='ltr'><strong>ex</strong></span> <span class='ocrx_word' id='word_1_373' title='bbox 432 2806 647 2833; x_wconf 86' lang='lat' dir='ltr'><strong>Constitutionibus,</strong></span> <span class='ocrx_word' id='word_1_374' title='bbox 665 2812 724 2834; x_wconf 89' lang='lat' dir='ltr'><strong>quas</strong></span> <span class='ocrx_word' id='word_1_375' title='bbox 740 2806 762 2828; x_wconf 92' lang='lat' dir='ltr'><strong>S.</strong></span> <span class='ocrx_word' id='word_1_376' title='bbox 783 2806 941 2828; x_wconf 86' lang='lat' dir='ltr'><strong>Bonaventura</strong></span> 
     </span>
     <span class='ocr_line' id='line_1_55' title="bbox 100 2844 941 2874; baseline -0.002 -6"><span class='ocrx_word' id='word_1_377' title='bbox 100 2846 122 2868; x_wconf 90' lang='lat' dir='ltr'><strong>in</strong></span> <span class='ocrx_word' id='word_1_378' title='bbox 135 2846 243 2874; x_wconf 86' lang='lat' dir='ltr'><strong>Capitulis</strong></span> <span class='ocrx_word' id='word_1_379' title='bbox 254 2846 395 2868; x_wconf 85' lang='lat' dir='ltr'><strong>Narbonensi</strong></span> <span class='ocrx_word' id='word_1_380' title='bbox 407 2848 430 2868; x_wconf 88' lang='lat' dir='ltr'><strong>et</strong></span> <span class='ocrx_word' id='word_1_381' title='bbox 440 2844 635 2874; x_wconf 86' lang='lat' dir='ltr'><strong>subsequentibus</strong></span> <span class='ocrx_word' id='word_1_382' title='bbox 646 2844 809 2873; x_wconf 81' lang='lat' dir='ltr'><strong>promulgavit.</strong></span> <span class='ocrx_word' id='word_1_383' title='bbox 821 2845 866 2867; x_wconf 82' lang='lat' dir='ltr'><strong>Alia</strong></span> <span class='ocrx_word' id='word_1_384' title='bbox 882 2851 941 2867; x_wconf 86' lang='lat' dir='ltr'><strong>nova</strong></span> 
     </span>
     <span class='ocr_line' id='line_1_56' title="bbox 100 2883 943 2911; baseline -0.004 -3"><span class='ocrx_word' id='word_1_385' title='bbox 100 2886 202 2908; x_wconf 84' lang='lat' dir='ltr'><strong>recensio</strong></span> <span class='ocrx_word' id='word_1_386' title='bbox 219 2885 401 2907; x_wconf 88' lang='lat' dir='ltr'><strong>Narbonensium</strong></span> <span class='ocrx_word' id='word_1_387' title='bbox 413 2884 604 2907; x_wconf 89' lang='lat' dir='ltr'><strong>Constitutionum</strong></span> <span class='ocrx_word' id='word_1_388' title='bbox 621 2884 681 2906; x_wconf 88' lang='lat' dir='ltr'><strong>edita</strong></span> <span class='ocrx_word' id='word_1_389' title='bbox 698 2886 732 2906; x_wconf 85' lang='lat' dir='ltr'><strong>est</strong></span> <span class='ocrx_word' id='word_1_390' title='bbox 747 2883 771 2905; x_wconf 87' lang='grc'><strong>111</strong></span> <span class='ocrx_word' id='word_1_391' title='bbox 788 2883 892 2911; x_wconf 88' lang='lat' dir='ltr'><strong>Capitulo</strong></span> <span class='ocrx_word' id='word_1_392' title='bbox 905 2885 943 2906; x_wconf 75' lang='lat' dir='ltr'><strong>As—</strong></span> 
     </span>
     <span class='ocr_line' id='line_1_57' title="bbox 101 2921 942 2951; baseline -0.002 -5"><span class='ocrx_word' id='word_1_393' title='bbox 101 2924 188 2947; x_wconf 83' lang='lat' dir='ltr'><strong>sisiensi</strong></span> <span class='ocrx_word' id='word_1_394' title='bbox 205 2924 257 2946; x_wconf 88' lang='lat' dir='ltr'><strong>anni</strong></span> <span class='ocrx_word' id='word_1_395' title='bbox 276 2924 348 2951; x_wconf 73' lang='grc'>1316,</span> <span class='ocrx_word' id='word_1_396' title='bbox 365 2926 388 2946; x_wconf 87' lang='grc'><strong>01,</strong></span> <span class='ocrx_word' id='word_1_397' title='bbox 405 2926 483 2951; x_wconf 82' lang='grc'>1105103</span> <span class='ocrx_word' id='word_1_398' title='bbox 495 2923 577 2945; x_wconf 88' lang='lat' dir='ltr'><strong>iterum</strong></span> <span class='ocrx_word' id='word_1_399' title='bbox 595 2923 617 2945; x_wconf 94' lang='lat' dir='ltr'><strong>in</strong></span> <span class='ocrx_word' id='word_1_400' title='bbox 634 2922 753 2945; x_wconf 82' lang='lat' dir='ltr'><strong>Assisiensi</strong></span> <span class='ocrx_word' id='word_1_401' title='bbox 769 2921 874 2949; x_wconf 86' lang='lat' dir='ltr'><strong>Capitulo</strong></span> <span class='ocrx_word' id='word_1_402' title='bbox 890 2923 942 2944; x_wconf 90' lang='lat' dir='ltr'><strong>anni</strong></span> 
     </span>
     <span class='ocr_line' id='line_1_58' title="bbox 103 2960 943 2991; baseline -0.002 -7"><span class='ocrx_word' id='word_1_403' title='bbox 103 2962 175 2989; x_wconf 71' lang='lat'><strong>⁴354,</strong></span> <span class='ocrx_word' id='word_1_404' title='bbox 189 2968 261 2991; x_wconf 87' lang='lat' dir='ltr'><strong>quae,</strong></span> <span class='ocrx_word' id='word_1_405' title='bbox 282 2962 305 2984; x_wconf 89' lang='lat' dir='ltr'><strong>in</strong></span> <span class='ocrx_word' id='word_1_406' title='bbox 330 2961 406 2983; x_wconf 89' lang='lat' dir='ltr'><strong>multis</strong></span> <span class='ocrx_word' id='word_1_407' title='bbox 428 2964 521 2989; x_wconf 83' lang='lat' dir='ltr'><strong>auctae,</strong></span> <span class='ocrx_word' id='word_1_408' title='bbox 541 2960 586 2983; x_wconf 86' lang='lat' dir='ltr'><strong>sub</strong></span> <span class='ocrx_word' id='word_1_409' title='bbox 605 2961 698 2983; x_wconf 89' lang='lat' dir='ltr'><strong>nomine</strong></span> <span class='ocrx_word' id='word_1_410' title='bbox 715 2960 807 2983; x_wconf 82' lang='lat' dir='ltr'><strong>Ministri</strong></span> <span class='ocrx_word' id='word_1_411' title='bbox 830 2961 943 2988; x_wconf 85' lang='lat' dir='ltr'><strong>generalis</strong></span> 
     </span>
     <span class='ocr_line' id='line_1_59' title="bbox 103 3000 713 3028; baseline -0.003 -5"><span class='ocrx_word' id='word_1_412' title='bbox 103 3001 208 3023; x_wconf 89' lang='lat' dir='ltr'><strong>Gulielmi</strong></span> <span class='ocrx_word' id='word_1_413' title='bbox 225 3000 333 3023; x_wconf 85' lang='lat' dir='ltr'><strong>Farinerii</strong></span> <span class='ocrx_word' id='word_1_414' title='bbox 351 3006 420 3028; x_wconf 86' lang='lat' dir='ltr'><strong>saepe</strong></span> <span class='ocrx_word' id='word_1_415' title='bbox 438 3000 499 3028; x_wconf 86' lang='lat' dir='ltr'><strong>typis</strong></span> <span class='ocrx_word' id='word_1_416' title='bbox 516 3005 638 3027; x_wconf 86' lang='lat' dir='ltr'><strong>expressae</strong></span> <span class='ocrx_word' id='word_1_417' title='bbox 654 3002 713 3022; x_wconf 89' lang='lat' dir='ltr'><strong>sunt.</strong></span> 
     </span>
    </p>
   </div>
   <div class='ocr_carea' id='block_1_12' title="bbox 196 3047 511 3071">
    <p class='ocr_par' dir='ltr' id='par_1_12' title="bbox 196 3047 511 3071">
     <span class='ocr_line' id='line_1_60' title="bbox 196 3047 511 3071; baseline -0.006 -1"><span class='ocrx_word' id='word_1_418' title='bbox 196 3047 222 3071; x_wconf 89' lang='lat' dir='ltr'>S.</span> <span class='ocrx_word' id='word_1_419' title='bbox 233 3047 322 3070; x_wconf 79' lang='lat' dir='ltr'><strong>Bonav.</strong></span> <span class='ocrx_word' id='word_1_420' title='bbox 334 3059 364 3063; x_wconf 97' lang='lat'><strong>—</strong></span> <span class='ocrx_word' id='word_1_421' title='bbox 375 3047 443 3069; x_wconf 88' lang='lat' dir='ltr'><strong>Tom.</strong></span> <span class='ocrx_word' id='word_1_422' title='bbox 456 3047 511 3069; x_wconf 87' lang='lat' dir='ltr'><strong>Vlll.</strong></span> 
     </span>
    </p>
   </div>
   <div class='ocr_carea' id='block_1_13' title="bbox 964 1781 973 3026">
    <p class='ocr_par' dir='ltr' id='par_1_13' title="bbox 964 1781 973 3026">
     <span class='ocr_line' id='line_1_61' title="bbox 964 1781 973 3026; baseline 0 0"><span class='ocrx_word' id='word_1_423' title='bbox 964 1781 973 3026; x_wconf 95' lang='lat' dir='ltr'><strong> </strong></span> 
     </span>
    </p>
   </div>
   <div class='ocr_carea' id='block_1_14' title="bbox 993 1756 1841 2873">
    <p class='ocr_par' dir='ltr' id='par_1_14' title="bbox 993 1756 1841 2711">
     <span class='ocr_line' id='line_1_62' title="bbox 1055 1756 1836 1788; baseline 0.001 -9"><span class='ocrx_word' id='word_1_424' title='bbox 1055 1757 1172 1779; x_wconf 88' lang='lat' dir='ltr'><strong>Genuinae</strong></span> <span class='ocrx_word' id='word_1_425' title='bbox 1189 1757 1364 1779; x_wconf 86' lang='lat' dir='ltr'><strong>Constitutiones</strong></span> <span class='ocrx_word' id='word_1_426' title='bbox 1382 1756 1540 1779; x_wconf 85' lang='lat' dir='ltr'><strong>Narbonenses</strong></span> <span class='ocrx_word' id='word_1_427' title='bbox 1558 1757 1619 1783; x_wconf 82' lang='lat' dir='ltr'><strong>(cum</strong></span> <span class='ocrx_word' id='word_1_428' title='bbox 1638 1757 1705 1780; x_wconf 89' lang='lat' dir='ltr'><strong>certis</strong></span> <span class='ocrx_word' id='word_1_429' title='bbox 1727 1757 1836 1788; x_wconf 75' lang='lat' dir='ltr'><strong>definitio-</strong></span> 
     </span>
     <span class='ocr_line' id='line_1_63' title="bbox 993 1795 1836 1824; baseline 0.001 -7"><span class='ocrx_word' id='word_1_430' title='bbox 993 1795 1062 1818; x_wconf 72' lang='lat' dir='ltr'><strong>nibus</strong></span> <span class='ocrx_word' id='word_1_431' title='bbox 1080 1795 1165 1818; x_wconf 87' lang='lat' dir='ltr'><strong>ibidem</strong></span> <span class='ocrx_word' id='word_1_432' title='bbox 1189 1796 1260 1823; x_wconf 87' lang='lat' dir='ltr'><strong>sactis)</strong></span> <span class='ocrx_word' id='word_1_433' title='bbox 1283 1798 1432 1818; x_wconf 82' lang='lat' dir='ltr'><strong>conservatae</strong></span> <span class='ocrx_word' id='word_1_434' title='bbox 1455 1799 1519 1822; x_wconf 87' lang='lat' dir='ltr'><strong>sunt,</strong></span> <span class='ocrx_word' id='word_1_435' title='bbox 1542 1796 1604 1824; x_wconf 88' lang='lat' dir='ltr'><strong>quod</strong></span> <span class='ocrx_word' id='word_1_436' title='bbox 1629 1796 1727 1823; x_wconf 85' lang='lat' dir='ltr'><strong>scimus,</strong></span> <span class='ocrx_word' id='word_1_437' title='bbox 1746 1797 1767 1818; x_wconf 90' lang='lat' dir='ltr'><strong>in</strong></span> <span class='ocrx_word' id='word_1_438' title='bbox 1790 1803 1836 1818; x_wconf 88' lang='lat' dir='ltr'><strong>uno</strong></span> 
     </span>
     <span class='ocr_line' id='line_1_64' title="bbox 994 1834 1836 1863; baseline -0.001 -6"><span class='ocrx_word' id='word_1_439' title='bbox 994 1835 1042 1857; x_wconf 82' lang='lat' dir='ltr'><strong>solo</strong></span> <span class='ocrx_word' id='word_1_440' title='bbox 1059 1835 1139 1857; x_wconf 86' lang='lat' dir='ltr'><strong>codice</strong></span> <span class='ocrx_word' id='word_1_441' title='bbox 1162 1835 1272 1856; x_wconf 85' lang='lat' dir='ltr'><strong>Vaticano</strong></span> <span class='ocrx_word' id='word_1_442' title='bbox 1296 1834 1357 1863; x_wconf 89' lang='lat' dir='ltr'><strong>(cod.</strong></span> <span class='ocrx_word' id='word_1_443' title='bbox 1376 1834 1437 1856; x_wconf 79' lang='lat'><strong>7339</strong></span> <span class='ocrx_word' id='word_1_444' title='bbox 1461 1840 1565 1862; x_wconf 83' lang='lat' dir='ltr'><strong>pergam.</strong></span> <span class='ocrx_word' id='word_1_445' title='bbox 1590 1835 1626 1857; x_wconf 85' lang='lat' dir='ltr'><strong>sol.</strong></span> <span class='ocrx_word' id='word_1_446' title='bbox 1646 1835 1674 1856; x_wconf 77' lang='lat'><strong>93</strong></span> <span class='ocrx_word' id='word_1_447' title='bbox 1688 1835 1772 1857; x_wconf 83' lang='lat' dir='ltr'><strong>r.-ll5</strong></span> <span class='ocrx_word' id='word_1_448' title='bbox 1790 1834 1836 1863; x_wconf 88' lang='lat' dir='ltr'><strong>v.);</strong></span> 
     </span>
     <span class='ocr_line' id='line_1_65' title="bbox 994 1873 1837 1902; baseline 0.001 -7"><span class='ocrx_word' id='word_1_449' title='bbox 994 1880 1067 1902; x_wconf 82' lang='lat' dir='ltr'><strong>quae,</strong></span> <span class='ocrx_word' id='word_1_450' title='bbox 1083 1874 1123 1895; x_wconf 89' lang='lat' dir='ltr'><strong>diu</strong></span> <span class='ocrx_word' id='word_1_451' title='bbox 1140 1873 1170 1895; x_wconf 87' lang='lat' dir='ltr'><strong>ab</strong></span> <span class='ocrx_word' id='word_1_452' title='bbox 1188 1873 1272 1895; x_wconf 83' lang='lat' dir='ltr'><strong>Ordine</strong></span> <span class='ocrx_word' id='word_1_453' title='bbox 1290 1874 1371 1895; x_wconf 78' lang='lat' dir='ltr'><strong>frustra</strong></span> <span class='ocrx_word' id='word_1_454' title='bbox 1388 1874 1518 1902; x_wconf 81' lang='lat' dir='ltr'><strong>quaesitae,</strong></span> <span class='ocrx_word' id='word_1_455' title='bbox 1536 1874 1627 1896; x_wconf 86' lang='lat' dir='ltr'><strong>tandem</strong></span> <span class='ocrx_word' id='word_1_456' title='bbox 1645 1875 1688 1896; x_wconf 91' lang='lat' dir='ltr'><strong>hoc</strong></span> <span class='ocrx_word' id='word_1_457' title='bbox 1705 1874 1797 1896; x_wconf 85' lang='lat' dir='ltr'><strong>saeculo</strong></span> <span class='ocrx_word' id='word_1_458' title='bbox 1814 1874 1837 1896; x_wconf 88' lang='lat' dir='ltr'><strong>in</strong></span> 
     </span>
     <span class='ocr_line' id='line_1_66' title="bbox 994 1912 1839 1940; baseline 0 -6"><span class='ocrx_word' id='word_1_459' title='bbox 994 1913 1055 1935; x_wconf 77' lang='lat' dir='ltr'><strong>dicto</strong></span> <span class='ocrx_word' id='word_1_460' title='bbox 1072 1913 1123 1935; x_wconf 90' lang='lat' dir='ltr'><strong>cod.</strong></span> <span class='ocrx_word' id='word_1_461' title='bbox 1142 1913 1247 1934; x_wconf 82' lang='lat' dir='ltr'><strong>inventae</strong></span> <span class='ocrx_word' id='word_1_462' title='bbox 1265 1915 1317 1934; x_wconf 88' lang='lat' dir='ltr'><strong>sunt</strong></span> <span class='ocrx_word' id='word_1_463' title='bbox 1334 1918 1346 1934; x_wconf 86' lang='lat' dir='ltr'><strong>a</strong></span> <span class='ocrx_word' id='word_1_464' title='bbox 1365 1912 1486 1935; x_wconf 80' lang='lat' dir='ltr'><strong>Desinitore</strong></span> <span class='ocrx_word' id='word_1_465' title='bbox 1504 1913 1605 1940; x_wconf 88' lang='lat' dir='ltr'><strong>generali</strong></span> <span class='ocrx_word' id='word_1_466' title='bbox 1623 1913 1646 1934; x_wconf 84' lang='lat' dir='ltr'>P.</span> <span class='ocrx_word' id='word_1_467' title='bbox 1663 1913 1782 1935; x_wconf 75' lang='lat' dir='ltr'><strong>Francisco</strong></span> <span class='ocrx_word' id='word_1_468' title='bbox 1800 1914 1839 1935; x_wconf 84' lang='lat' dir='ltr'><strong>So-</strong></span> 
     </span>
     <span class='ocr_line' id='line_1_67' title="bbox 994 1951 1836 1980; baseline 0.001 -7"><span class='ocrx_word' id='word_1_469' title='bbox 994 1952 1082 1978; x_wconf 84' lang='lat' dir='ltr'><strong>rexina,</strong></span> <span class='ocrx_word' id='word_1_470' title='bbox 1100 1951 1196 1974; x_wconf 84' lang='lat' dir='ltr'><strong>Observ.</strong></span> <span class='ocrx_word' id='word_1_471' title='bbox 1219 1953 1285 1974; x_wconf 76' lang='lat' dir='ltr'><strong>Drov.</strong></span> <span class='ocrx_word' id='word_1_472' title='bbox 1308 1952 1494 1978; x_wconf 74' lang='lat' dir='ltr'><strong>mediolanensis,</strong></span> <span class='ocrx_word' id='word_1_473' title='bbox 1512 1952 1564 1980; x_wconf 88' lang='lat' dir='ltr'><strong>qui,</strong></span> <span class='ocrx_word' id='word_1_474' title='bbox 1582 1954 1638 1974; x_wconf 88' lang='lat' dir='ltr'><strong>teste</strong></span> <span class='ocrx_word' id='word_1_475' title='bbox 1655 1952 1677 1974; x_wconf 87' lang='lat' dir='ltr'>P.</span> <span class='ocrx_word' id='word_1_476' title='bbox 1699 1953 1763 1974; x_wconf 89' lang='lat' dir='ltr'><strong>Ehrle</strong></span> <span class='ocrx_word' id='word_1_477' title='bbox 1781 1952 1836 1980; x_wconf 90' lang='lat' dir='ltr'><strong>(loe.</strong></span> 
     </span>
     <span class='ocr_line' id='line_1_68' title="bbox 995 1990 1838 2019; baseline 0 -7"><span class='ocrx_word' id='word_1_478' title='bbox 995 1991 1032 2012; x_wconf 89' lang='lat' dir='ltr'><strong>cit.</strong></span> <span class='ocrx_word' id='word_1_479' title='bbox 1050 1996 1102 2018; x_wconf 85' lang='lat' dir='ltr'><strong>pag.</strong></span> <span class='ocrx_word' id='word_1_480' title='bbox 1120 1990 1157 2012; x_wconf 85' lang='lat'>72.</span> <span class='ocrx_word' id='word_1_481' title='bbox 1170 1991 1240 2019; x_wconf 71' lang='lat' dir='ltr'><strong>seq),</strong></span> <span class='ocrx_word' id='word_1_482' title='bbox 1258 1990 1324 2012; x_wconf 80' lang='lat' dir='ltr'><strong>fidele</strong></span> <span class='ocrx_word' id='word_1_483' title='bbox 1342 1991 1423 2012; x_wconf 88' lang='lat' dir='ltr'><strong>harum</strong></span> <span class='ocrx_word' id='word_1_484' title='bbox 1435 1992 1597 2018; x_wconf 86' lang='lat' dir='ltr'><strong>apographum</strong></span> <span class='ocrx_word' id='word_1_485' title='bbox 1612 1991 1675 2019; x_wconf 80' lang='lat' dir='ltr'><strong>fecit,</strong></span> <span class='ocrx_word' id='word_1_486' title='bbox 1687 1991 1749 2019; x_wconf 83' lang='lat' dir='ltr'><strong>quod</strong></span> <span class='ocrx_word' id='word_1_487' title='bbox 1763 1990 1838 2013; x_wconf 88' lang='lat' dir='ltr'><strong>adhuc</strong></span> 
     </span>
     <span class='ocr_line' id='line_1_69' title="bbox 995 2028 1838 2058; baseline 0 -7"><span class='ocrx_word' id='word_1_488' title='bbox 995 2033 1145 2051; x_wconf 82' lang='lat' dir='ltr'><strong>conservatur</strong></span> <span class='ocrx_word' id='word_1_489' title='bbox 1166 2028 1292 2051; x_wconf 88' lang='lat' dir='ltr'><strong>Cremonae</strong></span> <span class='ocrx_word' id='word_1_490' title='bbox 1315 2029 1336 2051; x_wconf 92' lang='lat' dir='ltr'><strong>in</strong></span> <span class='ocrx_word' id='word_1_491' title='bbox 1359 2028 1495 2051; x_wconf 90' lang='lat' dir='ltr'><strong>bibliotheca</strong></span> <span class='ocrx_word' id='word_1_492' title='bbox 1519 2029 1582 2057; x_wconf 83' lang='lat' dir='ltr'><strong>regia</strong></span> <span class='ocrx_word' id='word_1_493' title='bbox 1604 2029 1665 2057; x_wconf 91' lang='lat' dir='ltr'><strong>(cod.</strong></span> <span class='ocrx_word' id='word_1_494' title='bbox 1692 2030 1724 2051; x_wconf 84' lang='grc'><strong>15.</strong></span> <span class='ocrx_word' id='word_1_495' title='bbox 1744 2030 1763 2051; x_wconf 88' lang='lat'><strong>3.</strong></span> <span class='ocrx_word' id='word_1_496' title='bbox 1783 2030 1838 2058; x_wconf 61' lang='lat'>22).</span> 
     </span>
     <span class='ocr_line' id='line_1_70' title="bbox 996 2068 1839 2096; baseline 0 -6"><span class='ocrx_word' id='word_1_497' title='bbox 996 2068 1062 2090; x_wconf 82' lang='lat' dir='ltr'><strong>Aliud</strong></span> <span class='ocrx_word' id='word_1_498' title='bbox 1079 2068 1183 2090; x_wconf 86' lang='lat' dir='ltr'><strong>eiusdem</strong></span> <span class='ocrx_word' id='word_1_499' title='bbox 1201 2068 1287 2090; x_wconf 84' lang='lat' dir='ltr'><strong>codicis</strong></span> <span class='ocrx_word' id='word_1_500' title='bbox 1305 2068 1406 2090; x_wconf 90' lang='lat' dir='ltr'><strong>Vaticani</strong></span> <span class='ocrx_word' id='word_1_501' title='bbox 1425 2069 1585 2096; x_wconf 83' lang='lat' dir='ltr'><strong>apographum</strong></span> <span class='ocrx_word' id='word_1_502' title='bbox 1604 2069 1626 2090; x_wconf 87' lang='lat' dir='ltr'><strong>P.</strong></span> <span class='ocrx_word' id='word_1_503' title='bbox 1639 2068 1721 2090; x_wconf 84' lang='lat' dir='ltr'><strong>Fidelis</strong></span> <span class='ocrx_word' id='word_1_504' title='bbox 1738 2074 1750 2090; x_wconf 90' lang='lat' dir='ltr'><strong>a</strong></span> <span class='ocrx_word' id='word_1_505' title='bbox 1762 2068 1839 2090; x_wconf 89' lang='lat' dir='ltr'><strong>Fanna</strong></span> 
     </span>
     <span class='ocr_line' id='line_1_71' title="bbox 996 2106 1837 2135; baseline 0 -6"><span class='ocrx_word' id='word_1_506' title='bbox 996 2107 1129 2135; x_wconf 84' lang='lat' dir='ltr'><strong>procuravit</strong></span> <span class='ocrx_word' id='word_1_507' title='bbox 1146 2106 1188 2129; x_wconf 91' lang='lat' dir='ltr'><strong>sibi</strong></span> <span class='ocrx_word' id='word_1_508' title='bbox 1207 2107 1253 2129; x_wconf 83' lang='lat' dir='ltr'><strong>lieri</strong></span> <span class='ocrx_word' id='word_1_509' title='bbox 1271 2113 1283 2129; x_wconf 90' lang='lat' dir='ltr'><strong>a</strong></span> <span class='ocrx_word' id='word_1_510' title='bbox 1301 2107 1326 2128; x_wconf 92' lang='lat' dir='ltr'><strong>D.</strong></span> <span class='ocrx_word' id='word_1_511' title='bbox 1345 2107 1410 2129; x_wconf 85' lang='lat' dir='ltr'><strong>Petro</strong></span> <span class='ocrx_word' id='word_1_512' title='bbox 1428 2107 1524 2129; x_wconf 83' lang='lat' dir='ltr'><strong>Antonio</strong></span> <span class='ocrx_word' id='word_1_513' title='bbox 1542 2107 1637 2134; x_wconf 88' lang='lat' dir='ltr'><strong>Uccelli,</strong></span> <span class='ocrx_word' id='word_1_514' title='bbox 1654 2107 1737 2129; x_wconf 88' lang='lat' dir='ltr'><strong>celebri</strong></span> <span class='ocrx_word' id='word_1_515' title='bbox 1749 2107 1837 2130; x_wconf 89' lang='lat' dir='ltr'><strong>editore</strong></span> 
     </span>
     <span class='ocr_line' id='line_1_72' title="bbox 996 2146 1838 2174; baseline 0 -6"><span class='ocrx_word' id='word_1_516' title='bbox 996 2146 1110 2169; x_wconf 78' lang='lat' dir='ltr'><strong>Summae</strong></span> <span class='ocrx_word' id='word_1_517' title='bbox 1127 2147 1210 2169; x_wconf 76' lang='lat' dir='ltr'><strong>contra</strong></span> <span class='ocrx_word' id='word_1_518' title='bbox 1228 2146 1294 2169; x_wconf 79' lang='lat' dir='ltr'><strong>Genc.</strong></span> <span class='ocrx_word' id='word_1_519' title='bbox 1317 2147 1338 2168; x_wconf 82' lang='lat' dir='ltr'>S.</span> <span class='ocrx_word' id='word_1_520' title='bbox 1355 2147 1470 2174; x_wconf 81' lang='lat' dir='ltr'><strong>Tliomae;</strong></span> <span class='ocrx_word' id='word_1_521' title='bbox 1488 2147 1552 2174; x_wconf 85' lang='lat' dir='ltr'><strong>quod</strong></span> <span class='ocrx_word' id='word_1_522' title='bbox 1575 2147 1736 2174; x_wconf 85' lang='lat' dir='ltr'><strong>apographum</strong></span> <span class='ocrx_word' id='word_1_523' title='bbox 1754 2146 1838 2168; x_wconf 86' lang='lat' dir='ltr'><strong>deinde</strong></span> 
     </span>
     <span class='ocr_line' id='line_1_73' title="bbox 996 2185 1838 2214; baseline 0.001 -7"><span class='ocrx_word' id='word_1_524' title='bbox 996 2185 1045 2213; x_wconf 90' lang='lat' dir='ltr'><strong>ipse</strong></span> <span class='ocrx_word' id='word_1_525' title='bbox 1063 2185 1085 2207; x_wconf 85' lang='lat' dir='ltr'>P.</span> <span class='ocrx_word' id='word_1_526' title='bbox 1103 2185 1185 2207; x_wconf 88' lang='lat' dir='ltr'><strong>Fidelis</strong></span> <span class='ocrx_word' id='word_1_527' title='bbox 1202 2185 1284 2207; x_wconf 88' lang='lat' dir='ltr'><strong>iterum</strong></span> <span class='ocrx_word' id='word_1_528' title='bbox 1302 2191 1354 2207; x_wconf 88' lang='lat' dir='ltr'><strong>cum</strong></span> <span class='ocrx_word' id='word_1_529' title='bbox 1373 2185 1476 2212; x_wconf 75' lang='lat' dir='ltr'><strong>originali</strong></span> <span class='ocrx_word' id='word_1_530' title='bbox 1494 2185 1615 2213; x_wconf 87' lang='lat' dir='ltr'><strong>diligenter</strong></span> <span class='ocrx_word' id='word_1_531' title='bbox 1632 2185 1725 2208; x_wconf 89' lang='lat' dir='ltr'><strong>contulit</strong></span> <span class='ocrx_word' id='word_1_532' title='bbox 1742 2186 1838 2214; x_wconf 84' lang='lat' dir='ltr'><strong>eiusque</strong></span> 
     </span>
     <span class='ocr_line' id='line_1_74' title="bbox 996 2224 1840 2251; baseline 0.001 -6"><span class='ocrx_word' id='word_1_533' title='bbox 996 2230 1042 2246; x_wconf 90' lang='lat' dir='ltr'><strong>non</strong></span> <span class='ocrx_word' id='word_1_534' title='bbox 1060 2230 1146 2251; x_wconf 88' lang='lat' dir='ltr'><strong>paucos</strong></span> <span class='ocrx_word' id='word_1_535' title='bbox 1169 2230 1258 2246; x_wconf 76' lang='lat' dir='ltr'><strong>errores</strong></span> <span class='ocrx_word' id='word_1_536' title='bbox 1282 2224 1384 2246; x_wconf 81' lang='lat' dir='ltr'><strong>correxit.</strong></span> <span class='ocrx_word' id='word_1_537' title='bbox 1404 2225 1424 2245; x_wconf 89' lang='grc'><strong>111</strong></span> <span class='ocrx_word' id='word_1_538' title='bbox 1443 2224 1485 2246; x_wconf 86' lang='lat' dir='ltr'><strong>hac</strong></span> <span class='ocrx_word' id='word_1_539' title='bbox 1503 2226 1578 2246; x_wconf 81' lang='lat' dir='ltr'><strong>nostra</strong></span> <span class='ocrx_word' id='word_1_540' title='bbox 1597 2224 1696 2246; x_wconf 90' lang='lat' dir='ltr'><strong>editione</strong></span> <span class='ocrx_word' id='word_1_541' title='bbox 1716 2224 1788 2246; x_wconf 84' lang='lat' dir='ltr'><strong>secuti</strong></span> <span class='ocrx_word' id='word_1_542' title='bbox 1804 2231 1840 2246; x_wconf 92' lang='lat' dir='ltr'><strong>su-</strong></span> 
     </span>
     <span class='ocr_line' id='line_1_75' title="bbox 997 2263 1839 2291; baseline 0 -6"><span class='ocrx_word' id='word_1_543' title='bbox 997 2269 1049 2285; x_wconf 92' lang='lat' dir='ltr'><strong>mus</strong></span> <span class='ocrx_word' id='word_1_544' title='bbox 1061 2264 1104 2285; x_wconf 90' lang='lat' dir='ltr'><strong>hoc</strong></span> <span class='ocrx_word' id='word_1_545' title='bbox 1116 2266 1243 2285; x_wconf 87' lang='lat' dir='ltr'><strong>correctum</strong></span> <span class='ocrx_word' id='word_1_546' title='bbox 1257 2264 1432 2290; x_wconf 74' lang='lat' dir='ltr'><strong>apographum5</strong></span> <span class='ocrx_word' id='word_1_547' title='bbox 1444 2263 1484 2285; x_wconf 91' lang='lat' dir='ltr'><strong>sed</strong></span> <span class='ocrx_word' id='word_1_548' title='bbox 1496 2263 1590 2291; x_wconf 88' lang='lat' dir='ltr'><strong>quando</strong></span> <span class='ocrx_word' id='word_1_549' title='bbox 1602 2266 1675 2285; x_wconf 82' lang='lat' dir='ltr'><strong>textus</strong></span> <span class='ocrx_word' id='word_1_550' title='bbox 1691 2266 1768 2285; x_wconf 89' lang='lat' dir='ltr'><strong>noster</strong></span> <span class='ocrx_word' id='word_1_551' title='bbox 1779 2269 1839 2286; x_wconf 87' lang='lat' dir='ltr'><strong>rece-</strong></span> 
     </span>
     <span class='ocr_line' id='line_1_76' title="bbox 996 2301 1841 2330; baseline 0.001 -7"><span class='ocrx_word' id='word_1_552' title='bbox 996 2301 1028 2324; x_wconf 91' lang='lat' dir='ltr'><strong>dit</strong></span> <span class='ocrx_word' id='word_1_553' title='bbox 1040 2301 1070 2323; x_wconf 90' lang='lat' dir='ltr'><strong>ab</strong></span> <span class='ocrx_word' id='word_1_554' title='bbox 1082 2301 1183 2323; x_wconf 86' lang='lat' dir='ltr'><strong>editione</strong></span> <span class='ocrx_word' id='word_1_555' title='bbox 1200 2303 1257 2323; x_wconf 81' lang='lat' dir='ltr'><strong>sacta</strong></span> <span class='ocrx_word' id='word_1_556' title='bbox 1269 2307 1280 2323; x_wconf 90' lang='lat' dir='ltr'><strong>a</strong></span> <span class='ocrx_word' id='word_1_557' title='bbox 1300 2302 1322 2323; x_wconf 86' lang='grc' dir='ltr'>Ρ.</span> <span class='ocrx_word' id='word_1_558' title='bbox 1335 2302 1400 2323; x_wconf 88' lang='lat' dir='ltr'><strong>Ehrle</strong></span> <span class='ocrx_word' id='word_1_559' title='bbox 1413 2301 1491 2329; x_wconf 83' lang='lat' dir='ltr'><strong>(quam</strong></span> <span class='ocrx_word' id='word_1_560' title='bbox 1510 2301 1655 2329; x_wconf 83' lang='lat' dir='ltr'><strong>signavimus</strong></span> <span class='ocrx_word' id='word_1_561' title='bbox 1671 2302 1742 2324; x_wconf 87' lang='lat' dir='ltr'><strong>littera</strong></span> <span class='ocrx_word' id='word_1_562' title='bbox 1761 2302 1786 2330; x_wconf 89' lang='grc' dir='ltr'><strong>Ε)</strong></span> <span class='ocrx_word' id='word_1_563' title='bbox 1799 2302 1841 2324; x_wconf 82' lang='lat' dir='ltr'><strong>dif-</strong></span> 
     </span>
     <span class='ocr_line' id='line_1_77' title="bbox 998 2341 1839 2368; baseline 0.001 -6"><span class='ocrx_word' id='word_1_564' title='bbox 998 2341 1104 2363; x_wconf 77' lang='lat' dir='ltr'><strong>serentias</strong></span> <span class='ocrx_word' id='word_1_565' title='bbox 1121 2341 1149 2362; x_wconf 92' lang='lat' dir='ltr'><strong>ad</strong></span> <span class='ocrx_word' id='word_1_566' title='bbox 1167 2341 1252 2363; x_wconf 82' lang='lat' dir='ltr'><strong>calcem</strong></span> <span class='ocrx_word' id='word_1_567' title='bbox 1276 2341 1449 2367; x_wconf 77' lang='lat' dir='ltr'><strong>annotavimus,</strong></span> <span class='ocrx_word' id='word_1_568' title='bbox 1470 2346 1530 2368; x_wconf 86' lang='lat' dir='ltr'><strong>quae</strong></span> <span class='ocrx_word' id='word_1_569' title='bbox 1546 2346 1628 2368; x_wconf 85' lang='lat' dir='ltr'><strong>reapse</strong></span> <span class='ocrx_word' id='word_1_570' title='bbox 1645 2344 1697 2362; x_wconf 90' lang='lat' dir='ltr'><strong>sunt</strong></span> <span class='ocrx_word' id='word_1_571' title='bbox 1719 2341 1775 2362; x_wconf 87' lang='lat' dir='ltr'><strong>levis</strong></span> <span class='ocrx_word' id='word_1_572' title='bbox 1793 2346 1839 2363; x_wconf 90' lang='lat' dir='ltr'><strong>mo-</strong></span> 
     </span>
     <span class='ocr_line' id='line_1_78' title="bbox 997 2378 1840 2407; baseline 0.001 -7"><span class='ocrx_word' id='word_1_573' title='bbox 997 2379 1066 2401; x_wconf 88' lang='lat' dir='ltr'><strong>menti</strong></span> <span class='ocrx_word' id='word_1_574' title='bbox 1085 2385 1125 2401; x_wconf 89' lang='grc'>1100</span> <span class='ocrx_word' id='word_1_575' title='bbox 1143 2379 1279 2407; x_wconf 79' lang='lat' dir='ltr'><strong>frequentes.</strong></span> <span class='ocrx_word' id='word_1_576' title='bbox 1291 2391 1323 2395; x_wconf 90' lang='lat'>—</span> <span class='ocrx_word' id='word_1_577' title='bbox 1339 2378 1418 2407; x_wconf 86' lang='lat' dir='ltr'><strong>Quoad</strong></span> <span class='ocrx_word' id='word_1_578' title='bbox 1437 2381 1521 2401; x_wconf 83' lang='lat' dir='ltr'><strong>textum</strong></span> <span class='ocrx_word' id='word_1_579' title='bbox 1540 2382 1680 2401; x_wconf 85' lang='lat' dir='ltr'><strong>memoratae</strong></span> <span class='ocrx_word' id='word_1_580' title='bbox 1701 2379 1840 2401; x_wconf 76' lang='lat' dir='ltr'><strong>recensionis</strong></span> 
     </span>
     <span class='ocr_line' id='line_1_79' title="bbox 997 2417 1840 2445; baseline 0 -6"><span class='ocrx_word' id='word_1_581' title='bbox 997 2417 1112 2439; x_wconf 82' lang='lat' dir='ltr'><strong>secundae</strong></span> <span class='ocrx_word' id='word_1_582' title='bbox 1129 2418 1181 2439; x_wconf 90' lang='lat' dir='ltr'><strong>anni</strong></span> <span class='ocrx_word' id='word_1_583' title='bbox 1202 2418 1271 2444; x_wconf 73' lang='lat'><strong>1292,</strong></span> <span class='ocrx_word' id='word_1_584' title='bbox 1289 2417 1355 2439; x_wconf 88' lang='grc'>0111115</span> <span class='ocrx_word' id='word_1_585' title='bbox 1371 2417 1491 2443; x_wconf 82' lang='lat' dir='ltr'><strong>lectiones,</strong></span> <span class='ocrx_word' id='word_1_586' title='bbox 1510 2420 1533 2439; x_wconf 92' lang='lat' dir='ltr'><strong>ut</strong></span> <span class='ocrx_word' id='word_1_587' title='bbox 1551 2417 1661 2445; x_wconf 87' lang='lat' dir='ltr'><strong>diximus,</strong></span> <span class='ocrx_word' id='word_1_588' title='bbox 1680 2418 1701 2439; x_wconf 87' lang='grc' dir='ltr'>Ρ.</span> <span class='ocrx_word' id='word_1_589' title='bbox 1722 2418 1787 2439; x_wconf 82' lang='lat' dir='ltr'><strong>Ehrle</strong></span> <span class='ocrx_word' id='word_1_590' title='bbox 1810 2417 1840 2440; x_wconf 93' lang='lat' dir='ltr'><strong>ad</strong></span> 
     </span>
     <span class='ocr_line' id='line_1_80' title="bbox 997 2455 1840 2484; baseline 0 -6"><span class='ocrx_word' id='word_1_591' title='bbox 997 2456 1083 2478; x_wconf 87' lang='lat' dir='ltr'><strong>calcem</strong></span> <span class='ocrx_word' id='word_1_592' title='bbox 1100 2456 1199 2484; x_wconf 88' lang='lat' dir='ltr'><strong>addidit,</strong></span> <span class='ocrx_word' id='word_1_593' title='bbox 1217 2455 1330 2478; x_wconf 86' lang='lat' dir='ltr'><strong>adhibens</strong></span> <span class='ocrx_word' id='word_1_594' title='bbox 1347 2456 1424 2483; x_wconf 88' lang='lat' dir='ltr'><strong>plures</strong></span> <span class='ocrx_word' id='word_1_595' title='bbox 1441 2456 1545 2482; x_wconf 77' lang='lat' dir='ltr'><strong>codiceS,</strong></span> <span class='ocrx_word' id='word_1_596' title='bbox 1566 2456 1700 2483; x_wconf 85' lang='lat' dir='ltr'><strong>praesertim</strong></span> <span class='ocrx_word' id='word_1_597' title='bbox 1724 2456 1773 2478; x_wconf 90' lang='lat' dir='ltr'><strong>cod.</strong></span> <span class='ocrx_word' id='word_1_598' title='bbox 1798 2457 1840 2478; x_wconf 91' lang='lat' dir='ltr'><strong>Va-</strong></span> 
     </span>
     <span class='ocr_line' id='line_1_81' title="bbox 998 2494 1839 2522; baseline 0 -5"><span class='ocrx_word' id='word_1_599' title='bbox 998 2495 1099 2517; x_wconf 91' lang='lat' dir='ltr'><strong>ticanum</strong></span> <span class='ocrx_word' id='word_1_600' title='bbox 1117 2494 1193 2517; x_wconf 89' lang='lat' dir='ltr'><strong>Ottob.</strong></span> <span class='ocrx_word' id='word_1_601' title='bbox 1211 2495 1252 2522; x_wconf 74' lang='lat'><strong>45,</strong></span> <span class='ocrx_word' id='word_1_602' title='bbox 1264 2495 1328 2522; x_wconf 88' lang='lat' dir='ltr'><strong>apud</strong></span> <span class='ocrx_word' id='word_1_603' title='bbox 1344 2501 1386 2517; x_wconf 90' lang='lat' dir='ltr'><strong>nos</strong></span> <span class='ocrx_word' id='word_1_604' title='bbox 1398 2494 1510 2517; x_wconf 90' lang='lat' dir='ltr'><strong>habemus</strong></span> <span class='ocrx_word' id='word_1_605' title='bbox 1527 2495 1636 2517; x_wconf 89' lang='lat' dir='ltr'><strong>lectiones</strong></span> <span class='ocrx_word' id='word_1_606' title='bbox 1653 2495 1768 2517; x_wconf 85' lang='lat' dir='ltr'><strong>variantes</strong></span> <span class='ocrx_word' id='word_1_607' title='bbox 1779 2502 1839 2517; x_wconf 90' lang='lat' dir='ltr'><strong>sum-</strong></span> 
     </span>
     <span class='ocr_line' id='line_1_82' title="bbox 997 2533 1840 2563; baseline 0.001 -8"><span class='ocrx_word' id='word_1_608' title='bbox 997 2537 1031 2556; x_wconf 87' lang='lat' dir='ltr'><strong>tas</strong></span> <span class='ocrx_word' id='word_1_609' title='bbox 1048 2539 1074 2556; x_wconf 85' lang='lat' dir='ltr'><strong>ex</strong></span> <span class='ocrx_word' id='word_1_610' title='bbox 1092 2534 1144 2556; x_wconf 90' lang='lat' dir='ltr'><strong>cod.</strong></span> <span class='ocrx_word' id='word_1_611' title='bbox 1161 2533 1314 2556; x_wconf 85' lang='lat' dir='ltr'><strong>Canoniciano</strong></span> <span class='ocrx_word' id='word_1_612' title='bbox 1332 2534 1394 2555; x_wconf 86' lang='lat' dir='ltr'><strong>misc.</strong></span> <span class='ocrx_word' id='word_1_613' title='bbox 1408 2534 1445 2556; x_wconf 84' lang='lat'>75.</span> <span class='ocrx_word' id='word_1_614' title='bbox 1458 2533 1562 2556; x_wconf 89' lang='lat' dir='ltr'><strong>biblioth.</strong></span> <span class='ocrx_word' id='word_1_615' title='bbox 1578 2534 1725 2561; x_wconf 70' lang='lat' dir='ltr'><strong>bodleianae,</strong></span> <span class='ocrx_word' id='word_1_616' title='bbox 1746 2534 1840 2563; x_wconf 77' lang='lat' dir='ltr'><strong>Oxonii,</strong></span> 
     </span>
     <span class='ocr_line' id='line_1_83' title="bbox 997 2572 1840 2601; baseline 0.001 -7"><span class='ocrx_word' id='word_1_617' title='bbox 997 2579 1067 2601; x_wconf 89' lang='lat' dir='ltr'><strong>quem</strong></span> <span class='ocrx_word' id='word_1_618' title='bbox 1093 2572 1161 2594; x_wconf 89' lang='lat' dir='ltr'><strong>etiam</strong></span> <span class='ocrx_word' id='word_1_619' title='bbox 1180 2573 1201 2594; x_wconf 86' lang='grc' dir='ltr'>Ρ.</span> <span class='ocrx_word' id='word_1_620' title='bbox 1220 2573 1285 2594; x_wconf 89' lang='lat' dir='ltr'><strong>Ehrle</strong></span> <span class='ocrx_word' id='word_1_621' title='bbox 1307 2572 1360 2595; x_wconf 89' lang='lat' dir='ltr'><strong>citat</strong></span> <span class='ocrx_word' id='word_1_622' title='bbox 1379 2572 1430 2600; x_wconf 89' lang='lat' dir='ltr'><strong>(loc.</strong></span> <span class='ocrx_word' id='word_1_623' title='bbox 1452 2573 1490 2595; x_wconf 88' lang='lat' dir='ltr'><strong>cit.</strong></span> <span class='ocrx_word' id='word_1_624' title='bbox 1514 2579 1568 2600; x_wconf 85' lang='lat' dir='ltr'><strong>pag.</strong></span> <span class='ocrx_word' id='word_1_625' title='bbox 1590 2573 1642 2601; x_wconf 88' lang='grc'>76),</span> <span class='ocrx_word' id='word_1_626' title='bbox 1664 2573 1730 2595; x_wconf 87' lang='grc'>0111115</span> <span class='ocrx_word' id='word_1_627' title='bbox 1754 2573 1840 2595; x_wconf 83' lang='lat' dir='ltr'><strong>codicis</strong></span> 
     </span>
     <span class='ocr_line' id='line_1_84' title="bbox 998 2611 1839 2639; baseline 0.001 -6"><span class='ocrx_word' id='word_1_628' title='bbox 998 2614 1071 2634; x_wconf 83' lang='lat' dir='ltr'><strong>textus</strong></span> <span class='ocrx_word' id='word_1_629' title='bbox 1090 2617 1171 2633; x_wconf 90' lang='lat' dir='ltr'><strong>revera</strong></span> <span class='ocrx_word' id='word_1_630' title='bbox 1191 2611 1289 2639; x_wconf 86' lang='lat' dir='ltr'><strong>pertinet</strong></span> <span class='ocrx_word' id='word_1_631' title='bbox 1305 2611 1334 2633; x_wconf 89' lang='lat' dir='ltr'><strong>ad</strong></span> <span class='ocrx_word' id='word_1_632' title='bbox 1354 2611 1479 2633; x_wconf 88' lang='lat' dir='ltr'><strong>secundam</strong></span> <span class='ocrx_word' id='word_1_633' title='bbox 1502 2612 1561 2633; x_wconf 92' lang='lat' dir='ltr'><strong>illam</strong></span> <span class='ocrx_word' id='word_1_634' title='bbox 1582 2612 1739 2634; x_wconf 85' lang='lat' dir='ltr'><strong>recensionem</strong></span> <span class='ocrx_word' id='word_1_635' title='bbox 1757 2613 1839 2634; x_wconf 83' lang='lat' dir='ltr'><strong>factam</strong></span> 
     </span>
     <span class='ocr_line' id='line_1_85' title="bbox 998 2650 1841 2679; baseline 0.001 -7"><span class='ocrx_word' id='word_1_636' title='bbox 998 2653 1049 2678; x_wconf 85' lang='lat' dir='ltr'><strong>post</strong></span> <span class='ocrx_word' id='word_1_637' title='bbox 1066 2651 1249 2672; x_wconf 88' lang='lat' dir='ltr'><strong>Bonaventuram</strong></span> <span class='ocrx_word' id='word_1_638' title='bbox 1268 2653 1290 2672; x_wconf 91' lang='lat' dir='ltr'><strong>et</strong></span> <span class='ocrx_word' id='word_1_639' title='bbox 1306 2650 1414 2672; x_wconf 84' lang='lat' dir='ltr'><strong>convenit</strong></span> <span class='ocrx_word' id='word_1_640' title='bbox 1435 2657 1488 2673; x_wconf 88' lang='lat' dir='ltr'><strong>cum</strong></span> <span class='ocrx_word' id='word_1_641' title='bbox 1511 2651 1577 2673; x_wconf 90' lang='lat' dir='ltr'><strong>editis</strong></span> <span class='ocrx_word' id='word_1_642' title='bbox 1598 2657 1610 2672; x_wconf 91' lang='lat' dir='ltr'><strong>a</strong></span> <span class='ocrx_word' id='word_1_643' title='bbox 1634 2651 1657 2673; x_wconf 92' lang='grc' dir='ltr'>Ρ.</span> <span class='ocrx_word' id='word_1_644' title='bbox 1675 2651 1751 2679; x_wconf 75' lang='lat' dir='ltr'><strong>Ehrle,</strong></span> <span class='ocrx_word' id='word_1_645' title='bbox 1773 2651 1841 2673; x_wconf 90' lang='lat' dir='ltr'><strong>salvis</strong></span> 
     </span>
     <span class='ocr_line' id='line_1_86' title="bbox 997 2688 1276 2711; baseline -0.004 0"><span class='ocrx_word' id='word_1_646' title='bbox 997 2689 1111 2711; x_wconf 85' lang='lat' dir='ltr'><strong>nonnullis</strong></span> <span class='ocrx_word' id='word_1_647' title='bbox 1126 2688 1276 2711; x_wconf 88' lang='lat' dir='ltr'><strong>variantibus.</strong></span> 
     </span>
    </p>

    <p class='ocr_par' dir='ltr' id='par_1_15' title="bbox 998 2727 1841 2873">
     <span class='ocr_line' id='line_1_87' title="bbox 1060 2727 1841 2756; baseline 0.003 -7"><span class='ocrx_word' id='word_1_648' title='bbox 1060 2728 1106 2750; x_wconf 87' lang='lat' dir='ltr'><strong>Has</strong></span> <span class='ocrx_word' id='word_1_649' title='bbox 1122 2727 1298 2750; x_wconf 88' lang='lat' dir='ltr'><strong>Constitutiones</strong></span> <span class='ocrx_word' id='word_1_650' title='bbox 1312 2734 1362 2750; x_wconf 85' lang='lat' dir='ltr'><strong>esse</strong></span> <span class='ocrx_word' id='word_1_651' title='bbox 1373 2728 1486 2755; x_wconf 85' lang='lat' dir='ltr'><strong>genuinas</strong></span> <span class='ocrx_word' id='word_1_652' title='bbox 1497 2731 1519 2750; x_wconf 89' lang='lat' dir='ltr'><strong>et</strong></span> <span class='ocrx_word' id='word_1_653' title='bbox 1530 2729 1685 2756; x_wconf 86' lang='lat' dir='ltr'><strong>authenticas,</strong></span> <span class='ocrx_word' id='word_1_654' title='bbox 1696 2728 1742 2751; x_wconf 90' lang='lat' dir='ltr'><strong>iam</strong></span> <span class='ocrx_word' id='word_1_655' title='bbox 1754 2732 1841 2751; x_wconf 87' lang='lat' dir='ltr'><strong>constat</strong></span> 
     </span>
     <span class='ocr_line' id='line_1_88' title="bbox 998 2766 1841 2795; baseline 0.001 -6"><span class='ocrx_word' id='word_1_656' title='bbox 998 2773 1024 2789; x_wconf 89' lang='lat' dir='ltr'><strong>ex</strong></span> <span class='ocrx_word' id='word_1_657' title='bbox 1042 2766 1199 2795; x_wconf 80' lang='lat' dir='ltr'><strong>frequentibus</strong></span> <span class='ocrx_word' id='word_1_658' title='bbox 1217 2766 1373 2793; x_wconf 87' lang='lat' dir='ltr'><strong>citationibus,</strong></span> <span class='ocrx_word' id='word_1_659' title='bbox 1391 2773 1449 2795; x_wconf 87' lang='lat' dir='ltr'><strong>quas</strong></span> <span class='ocrx_word' id='word_1_660' title='bbox 1471 2767 1556 2789; x_wconf 81' lang='lat' dir='ltr'><strong>faciunt</strong></span> <span class='ocrx_word' id='word_1_661' title='bbox 1576 2767 1714 2795; x_wconf 86' lang='lat' dir='ltr'><strong>posteriores</strong></span> <span class='ocrx_word' id='word_1_662' title='bbox 1736 2770 1841 2790; x_wconf 88' lang='lat' dir='ltr'><strong>auctores</strong></span> 
     </span>
     <span class='ocr_line' id='line_1_89' title="bbox 998 2804 1839 2834; baseline 0.002 -7"><span class='ocrx_word' id='word_1_663' title='bbox 998 2808 1020 2828; x_wconf 92' lang='lat' dir='ltr'><strong>et</strong></span> <span class='ocrx_word' id='word_1_664' title='bbox 1036 2804 1152 2832; x_wconf 84' lang='lat' dir='ltr'><strong>Capitula‚</strong></span> <span class='ocrx_word' id='word_1_665' title='bbox 1165 2805 1298 2833; x_wconf 83' lang='lat' dir='ltr'><strong>praesertim</strong></span> <span class='ocrx_word' id='word_1_666' title='bbox 1311 2804 1378 2827; x_wconf 86' lang='lat' dir='ltr'><strong>libelli</strong></span> <span class='ocrx_word' id='word_1_667' title='bbox 1390 2805 1469 2833; x_wconf 84' lang='lat' dir='ltr'><strong>scripti</strong></span> <span class='ocrx_word' id='word_1_668' title='bbox 1482 2806 1504 2827; x_wconf 92' lang='lat' dir='ltr'><strong>in</strong></span> <span class='ocrx_word' id='word_1_669' title='bbox 1517 2806 1603 2828; x_wconf 75' lang='lat' dir='ltr'><strong>{amosa</strong></span> <span class='ocrx_word' id='word_1_670' title='bbox 1616 2806 1651 2828; x_wconf 89' lang='lat' dir='ltr'><strong>illa</strong></span> <span class='ocrx_word' id='word_1_671' title='bbox 1663 2806 1692 2828; x_wconf 87' lang='lat' dir='ltr'><strong>de</strong></span> <span class='ocrx_word' id='word_1_672' title='bbox 1704 2809 1839 2834; x_wconf 83' lang='lat' dir='ltr'><strong>paupertate</strong></span> 
     </span>
     <span class='ocr_line' id='line_1_90' title="bbox 999 2843 1839 2873; baseline 0.004 -8"><span class='ocrx_word' id='word_1_673' title='bbox 999 2845 1047 2872; x_wconf 85' lang='lat' dir='ltr'><strong>lite,</strong></span> <span class='ocrx_word' id='word_1_674' title='bbox 1065 2850 1124 2872; x_wconf 88' lang='lat' dir='ltr'><strong>quae</strong></span> <span class='ocrx_word' id='word_1_675' title='bbox 1136 2844 1231 2866; x_wconf 80' lang='lat' dir='ltr'><strong>excitata</strong></span> <span class='ocrx_word' id='word_1_676' title='bbox 1242 2846 1276 2866; x_wconf 86' lang='lat' dir='ltr'><strong>est</strong></span> <span class='ocrx_word' id='word_1_677' title='bbox 1287 2844 1345 2866; x_wconf 89' lang='lat' dir='ltr'><strong>inter</strong></span> <span class='ocrx_word' id='word_1_678' title='bbox 1357 2843 1549 2867; x_wconf 88' lang='lat' dir='ltr'><strong>Communitatem</strong></span> <span class='ocrx_word' id='word_1_679' title='bbox 1562 2845 1653 2867; x_wconf 89' lang='lat' dir='ltr'><strong>Ordinis</strong></span> <span class='ocrx_word' id='word_1_680' title='bbox 1665 2847 1687 2867; x_wconf 90' lang='lat' dir='ltr'><strong>et</strong></span> <span class='ocrx_word' id='word_1_681' title='bbox 1699 2845 1839 2873; x_wconf 85' lang='lat' dir='ltr'><strong>Spirituales.</strong></span> 
     </span>
    </p>
   </div>
   <div class='ocr_carea' id='block_1_15' title="bbox 999 2882 1841 2950">
    <p class='ocr_par' dir='ltr' id='par_1_16' title="bbox 999 2882 1841 2950">
     <span class='ocr_line' id='line_1_91' title="bbox 1061 2882 1841 2907; baseline 0.003 -3"><span class='ocrx_word' id='word_1_682' title='bbox 1061 2882 1070 2895; x_wconf 74' lang='lat'>²</span> <span class='ocrx_word' id='word_1_683' title='bbox 1088 2884 1103 2905; x_wconf 88' lang='lat' dir='ltr'><strong>E</strong></span> <span class='ocrx_word' id='word_1_684' title='bbox 1119 2884 1148 2905; x_wconf 84' lang='lat' dir='ltr'><strong>et.</strong></span> <span class='ocrx_word' id='word_1_685' title='bbox 1159 2895 1189 2898; x_wconf 91' lang='lat'><em>—</em></span> <span class='ocrx_word' id='word_1_686' title='bbox 1202 2882 1351 2905; x_wconf 86' lang='lat' dir='ltr'><strong>Canonizatus</strong></span> <span class='ocrx_word' id='word_1_687' title='bbox 1369 2883 1410 2905; x_wconf 83' lang='lat' dir='ltr'><strong>ruit</strong></span> <span class='ocrx_word' id='word_1_688' title='bbox 1422 2883 1581 2905; x_wconf 88' lang='lat' dir='ltr'><strong>Bonaventura</strong></span> <span class='ocrx_word' id='word_1_689' title='bbox 1599 2889 1611 2905; x_wconf 92' lang='lat' dir='ltr'><strong>a</strong></span> <span class='ocrx_word' id='word_1_690' title='bbox 1623 2883 1684 2907; x_wconf 80' lang='lat' dir='ltr'><strong>Sixto</strong></span> <span class='ocrx_word' id='word_1_691' title='bbox 1701 2884 1738 2906; x_wconf 89' lang='lat' dir='ltr'><strong>lV.</strong></span> <span class='ocrx_word' id='word_1_692' title='bbox 1751 2884 1841 2906; x_wconf 86' lang='lat' dir='ltr'><strong>decima</strong></span> 
     </span>
     <span class='ocr_line' id='line_1_92' title="bbox 999 2921 1264 2950; baseline 0 -7"><span class='ocrx_word' id='word_1_693' title='bbox 999 2924 1079 2950; x_wconf 87' lang='lat' dir='ltr'><strong>quarta</strong></span> <span class='ocrx_word' id='word_1_694' title='bbox 1097 2922 1179 2949; x_wconf 79' lang='lat' dir='ltr'><strong>Aprilis</strong></span> <span class='ocrx_word' id='word_1_695' title='bbox 1199 2921 1264 2943; x_wconf 75' lang='lat'>¹482.</span> 
     </span>
    </p>
   </div>
   <div class='ocr_carea' id='block_1_16' title="bbox 1061 2959 1842 3028">
    <p class='ocr_par' dir='ltr' id='par_1_17' title="bbox 1061 2959 1842 3028">
     <span class='ocr_line' id='line_1_93' title="bbox 1062 2959 1268 2987; baseline 0 -5"><span class='ocrx_word' id='word_1_696' title='bbox 1062 2959 1071 2972; x_wconf 74' lang='lat'><strong>³</strong></span> <span class='ocrx_word' id='word_1_697' title='bbox 1089 2960 1154 2982; x_wconf 89' lang='lat' dir='ltr'><strong>Eccli.</strong></span> <span class='ocrx_word' id='word_1_698' title='bbox 1172 2960 1214 2987; x_wconf 89' lang='grc'><strong>36,</strong></span> <span class='ocrx_word' id='word_1_699' title='bbox 1231 2960 1268 2982; x_wconf 77' lang='grc'>27.</span> 
     </span>
     <span class='ocr_line' id='line_1_94' title="bbox 1061 2998 1842 3028; baseline 0.004 -7"><span class='ocrx_word' id='word_1_700' title='bbox 1061 2998 1070 3011; x_wconf 79' lang='lat'><strong>⁴</strong></span> <span class='ocrx_word' id='word_1_701' title='bbox 1088 2999 1118 3021; x_wconf 78' lang='lat' dir='ltr'><strong>lta</strong></span> <span class='ocrx_word' id='word_1_702' title='bbox 1136 3000 1152 3021; x_wconf 89' lang='lat' dir='ltr'><strong>E</strong></span> <span class='ocrx_word' id='word_1_703' title='bbox 1163 2999 1209 3021; x_wconf 83' lang='lat' dir='ltr'><strong>fide</strong></span> <span class='ocrx_word' id='word_1_704' title='bbox 1221 2999 1317 3021; x_wconf 88' lang='lat' dir='ltr'><strong>aliorum</strong></span> <span class='ocrx_word' id='word_1_705' title='bbox 1329 2999 1397 3022; x_wconf 89' lang='lat' dir='ltr'><strong>codd.</strong></span> <span class='ocrx_word' id='word_1_706' title='bbox 1409 2998 1464 3022; x_wconf 88' lang='lat' dir='ltr'><strong>Cod.</strong></span> <span class='ocrx_word' id='word_1_707' title='bbox 1482 3003 1558 3022; x_wconf 86' lang='lat' dir='ltr'><strong>noster</strong></span> <span class='ocrx_word' id='word_1_708' title='bbox 1570 3005 1691 3028; x_wconf 88' lang='lat' dir='ltr'><strong>perperam</strong></span> <span class='ocrx_word' id='word_1_709' title='bbox 1709 3000 1842 3024; x_wconf 74' lang='lat' dir='ltr'><strong>includunt.</strong></span> 
     </span>
    </p>
   </div>
   <div class='ocr_carea' id='block_1_17' title="bbox 1717 3047 1746 3069">
    <p class='ocr_par' dir='ltr' id='par_1_18' title="bbox 1717 3047 1746 3069">
     <span class='ocr_line' id='line_1_95' title="bbox 1717 3047 1746 3069; baseline -0.034 0"><span class='ocrx_word' id='word_1_710' title='bbox 1717 3047 1746 3069; x_wconf 81' lang='lat'><strong>57</strong></span> 
     </span>
    </p>
   </div>
   <div class='ocr_carea' id='block_1_18' title="bbox 1852 1153 1982 1196">
    <p class='ocr_par' dir='ltr' id='par_1_19' title="bbox 1852 1153 1982 1196">
     <span class='ocr_line' id='line_1_96' title="bbox 1852 1153 1982 1173; baseline 0 -1"><span class='ocrx_word' id='word_1_711' title='bbox 1852 1153 1926 1173; x_wconf 75' lang='lat' dir='ltr'><strong>Utilitas</strong></span> <span class='ocrx_word' id='word_1_712' title='bbox 1933 1154 1982 1172; x_wconf 85' lang='lat' dir='ltr'><strong>Cou-</strong></span> 
     </span>
     <span class='ocr_line' id='line_1_97' title="bbox 1853 1177 1980 1196; baseline 0 0"><span class='ocrx_word' id='word_1_713' title='bbox 1853 1177 1980 1196; x_wconf 76' lang='lat' dir='ltr'><strong>stitutionum.</strong></span> 
     </span>
    </p>
   </div>
  </div>
 </body>
</html>
