2133 3317
1 711 11 730 ἰ

12 709 79 735 ww-

561 204 756 233 OPUSCULUM
776 204 817 232 XI.
839 204 1000 234 APOLOGlA
1021 205 1201 235 PAUPERUM.
1223 207 1292 235 CAP.
1313 207 1365 235 Xll.

101 291 183 321 quam
209 283 269 311 aliis
297 282 444 319 largiatur,
472 281 558 318 magis
586 281 639 310 erit
666 281 761 318 pingui
783 282 941 318 acceptione

99 331 181 360 miser
209 337 292 366 quam
325 328 391 357 exili
418 328 563 357 donatione
585 328 690 356 beatus.
714 328 745 356 Et
766 336 780 356 e
801 328 941 356 contrario

100 384 183 406 verus
203 383 321 412 pauper,
343 374 391 411 qui
413 377 527 411 propter
548 374 690 403 Christum
719 374 811 403 omnia
838 374 941 403 deserit

100 426 126 453 et
145 421 293 459 dispergit,
315 429 370 450 non
391 420 481 450 solum
495 428 566 457 quae
581 420 695 455 habuit,
710 421 757 449 sed
772 421 853 449 etiam
868 428 940 457 quae

100 468 293 505 concupiscere
313 467 419 505 potuit,
441 471 468 496 et
488 467 584 504 paucis
600 475 632 496 ac
646 467 760 496 modicis
774 471 816 496 est
830 467 862 496 ad
878 475 939 496 sus-

100 515 274 545 tentationem
297 517 414 543 naturae
434 516 594 548 contentus,
615 514 668 543 erit
689 514 843 543 secundum
869 514 940 542 hanc

99 562 230 591 rationem
252 561 410 597 acceptione
432 561 594 597 parcissima
614 561 726 590 minime
747 561 830 590 miser
852 563 879 589 et
892 560 940 589 do-

97 608 205 637 natione
233 606 360 644 largissua
387 607 509 635 maxime
536 607 642 636 beatus.
669 607 718 635 Cui
740 607 821 635 etiam
844 614 940 635 conso-

97 662 162 683 nare
183 653 292 682 videtur
307 653 481 690 evangelicus
495 656 606 687 textus,
622 653 669 690 qui
685 653 837 682 secundum
852 653 939 690 Chry-

98 703 248 730 sostomum
263 701 272 717 1
293 700 377 729 habet
398 700 425 728 in
446 700 567 729 Graeco:
598 700 682 728 Beati
707 700 834 728 mendici
840 723 848 734 ,
870 708 939 738 quo-

98 747 178 777 m'am
200 747 334 784 ipsorum
363 751 404 775 est
424 755 549 784 reguum
570 746 735 780 caelorum,
757 746 803 775 ubi
826 746 939 775 Latinus

99 794 180 824 habet
192 804 197 822 :
220 793 305 822 Beati
315 802 463 830 pauperes
477 793 594 830 spiritu.
609 810 643 813 ——
657 793 763 830 Quibus
777 793 860 822 etiam
874 801 939 822 con-

97 840 190 870 cordat
211 847 289 869 sacer
309 839 469 868 Ambrosius
490 839 517 868 in
540 839 611 868 libro
625 839 658 868 de
672 839 814 873 Officiis2,
829 839 938 868 dicens:

101 899 115 913 α
128 887 247 923 Pauper,
269 886 320 915 etsi
334 894 388 915 non
404 886 487 915 habet
501 886 574 915 unde
589 886 685 914 reddat
700 886 860 923 pecuniam,
877 886 938 914 red-

96 934 135 963 dit
154 933 278 970 gratiam.
302 932 331 961 [n
353 941 409 969 quo
429 936 538 961 certum
560 936 616 967 est,
645 933 719 970 quod
740 933 804 969 plus
826 933 937 967 reddat,

95 987 177 1017 quam
198 979 343 1016 acceperit.
367 979 484 1008 Pecunia
504 979 577 1008 enim
600 987 715 1008 nummo
729 979 860 1013 solvitur,
876 988 938 1016 gra-

95 1027 130 1055 tia
159 1034 225 1055 vero
255 1033 398 1062 nunquam
426 1026 603 1060 exinanitur;
635 1026 774 1055 reddendo
802 1028 938 1055 vacuatur

94 1072 225 1110 pecunia,
247 1072 335 1109 gratia
355 1076 448 1101 autem
476 1077 503 1101 et
531 1072 657 1101 habendo
685 1072 802 1101 solvitur
830 1076 858 1101 et
885 1073 938 1101 sol-

95 1119 181 1149 vendo
202 1119 339 1148 retinetur
354 1131 380 1147 ».
403 1119 472 1148 Haec
493 1119 661 1148 Ambrosius.

172 1166 217 1195 32.
241 1166 282 1194 Ex
302 1166 405 1203 quibus
426 1169 467 1195 est
488 1166 616 1200 evidens,
638 1166 712 1203 quod
732 1166 870 1203 praedicta
892 1174 938 1195 ve-

95 1213 182 1242 ritatis
202 1213 353 1241 auctoritas
374 1215 470 1241 contra
491 1213 662 1250 evangelicos
690 1221 827 1250 pauperes
852 1214 938 1242 intor-

95 1259 173 1297 queri
201 1267 255 1288 non
283 1261 380 1296 potest.
410 1259 485 1288 Unde
513 1262 540 1288 et
567 1259 662 1288 Glossa
687 1259 773 1288 Bedae
794 1259 936 1288 ibidem³:

98 1317 111 1332 a
125 1306 182 1335 Non
204 1306 257 1334 illis
277 1306 341 1343 qui,
363 1306 466 1334 relictis
486 1305 630 1340 omnibus,
653 1306 739 1335 secuti
761 1309 826 1335 sunt
847 1306 937 1335 Domi-

92 1360 172 1387 num,
194 1352 293 1381 divites
313 1352 543 1389 eleemosynarios
564 1353 724 1389 praeponit,
743 1352 790 1381 sed
805 1353 865 1381 illos
880 1361 938 1381 ma-

94 1399 168 1428 xime
188 1398 338 1436 glorificat,
360 1399 408 1435 qui
430 1399 551 1433 cunctis,
574 1407 645 1436 quae
663 1399 818 1436 possident,
834 1408 938 1429 renun-

93 1446 205 1480 tiantes,
228 1445 354 1474 laborant
374 1445 555 1474 nihilominus
575 1446 715 1483 operando
740 1447 884 1481 manibus,
906 1450 937 1475 ut

94 1493 219 1527 habeant,
232 1492 305 1521 unde
320 1492 444 1521 tribuant
459 1493 649 1522 necessitatem
664 1493 778 1530 patienti
795 1505 820 1521 n.
839 1510 873 1513 —
890 1494 935 1522 His

71 1562 76 1567 .
92 1539 236 1568 Cassianus
251 1542 382 1568 consonat
393 1539 426 1568 de
437 1539 572 1568 Institutis
586 1540 782 1568 Monachorum
794 1541 821 1568 4:
843 1541 936 1569 «Haec

92 1589 147 1620 est,
169 1585 275 1623 inquit,
297 1586 480 1623 impartientis
501 1586 606 1615 beatior
629 1586 740 1623 largitas
761 1595 844 1623 quam
866 1587 937 1616 acci-

92 1632 192 1669 pientis
219 1632 351 1669 pecunia,
381 1640 452 1669 quae
480 1640 534 1661 non
561 1632 595 1661 de
627 1633 775 1662 reconditis
804 1634 936 1662 avaritiae

93 1678 231 1707 thesauris
253 1678 434 1715 impenditur,
457 1679 504 1708 sed
525 1687 596 1716 quae
623 1679 657 1708 de
686 1679 823 1708 fructibus
844 1679 936 1716 operis

93 1725 198 1762 proprii
219 1728 246 1754 et
266 1725 312 1762 pio
333 1725 434 1754 sudore
455 1725 639 1762 profertur».
656 1743 694 1746 —
708 1726 748 1754 Ex
764 1726 866 1763 quibus
887 1726 936 1754 ha-

92 1771 187 1805 betur,
208 1771 284 1808 quod
305 1771 326 1800 si
348 1771 411 1808 quis
432 1779 497 1800 cum
511 1774 674 1808 paupertate
688 1775 715 1800 et
729 1772 863 1801 exercitio
877 1775 935 1801 stu-

92 1817 128 1846 dii
149 1817 317 1854 spiritualis,
339 1818 425 1846 labori
447 1826 579 1847 manuum
603 1818 761 1852 intendens,
788 1827 816 1848 se
844 1819 935 1856 ipsum

92 1866 119 1893 et
138 1864 206 1893 alios
227 1865 328 1901 pascit,
344 1864 465 1894 imitator
479 1865 593 1894 effeetus
608 1866 726 1902 Apostoli
743 1866 817 1894 Pauli
828 1866 849 1900 ⁵,
864 1874 935 1903 opus

92 1911 147 1948 agit
169 1911 281 1940 maioris
302 1911 568 1948 supererogationis,
585 1920 668 1949 quam
684 1912 731 1949 qui
746 1912 780 1941 ab
795 1913 855 1941 aliis
870 1912 935 1941 sub-

92 1958 160 1987 sidia
180 1957 300 1995 requirit
320 1961 347 1987 et
367 1958 472 1995 accipit.
495 1958 527 1987 Et
556 1958 616 1987 ideo
644 1958 819 1995 perfectiouis
846 1959 936 1988 omnis

92 2007 198 2034 amator
219 2004 401 2034 Franciscus⁶
423 2005 457 2033 ad
479 2005 599 2034 laborem
616 2005 772 2034 manualem
787 2008 936 2035 sectatores

94 2059 158 2081 suos
185 2055 212 2081 et
240 2051 311 2080 filios
340 2051 479 2080 moderate
500 2059 531 2080 ac
552 2051 704 2088 prudenter
726 2052 847 2087 inducit,
868 2052 934 2081 dum

91 2099 125 2128 ad
145 2099 198 2128 hoc
218 2098 330 2127 idoneos
351 2098 480 2127 informat
501 2101 528 2127 et
548 2098 664 2133 excitat,
686 2098 760 2136 quod
779 2110 793 2124 «
808 2099 845 2128 sic
860 2099 935 2128 labo-

92 2148 168 2179 rent,
190 2145 264 2182 quod
287 2145 423 2182 refugiant
444 2145 530 2174 otium
552 2148 579 2174 et
600 2145 729 2182 spiritum
750 2154 804 2174 non
830 2146 935 2175 exstin-

93 2195 177 2229 guant
190 2203 217 2220 ».
240 2191 277 2220 Ad
299 2192 389 2229 quod,
411 2200 580 2229 quamquam
602 2192 636 2221 sit
657 2192 810 2229 perfectum
831 2195 858 2221 et
877 2200 935 2221 san-

155 2360 162 2372 ¹
181 2361 203 2383 ln
223 2360 266 2388 Op.
288 2361 415 2388 imperfect.
438 2361 505 2388 (iuter
527 2367 596 2389 opera
620 2361 745 2390 chrysost.)
769 2363 846 2385 homil.
869 2363 890 2385 5.
913 2363 935 2384 in

93 2399 168 2422 Matth.
181 2399 202 2426 5,
215 2400 242 2421 3:
254 2399 277 2421 ln
289 2400 376 2422 Graeco
388 2405 432 2422 non
444 2399 510 2422 dicit:
524 2400 584 2422 Beati
596 2406 724 2428 pauperes,
735 2401 776 2423 sed
786 2400 853 2424 Beati
863 2401 935 2430 eqeni,

93 2439 129 2460 vei
141 2437 207 2461 Beati
217 2437 317 2461 mendici
330 2436 453 2467 [Μακάριοι
466 2438 487 2460 οἱ
502 2437 609 2470 nrm-hoq.
621 2439 666 2462 Ctr.
678 2439 782 2466 Tertult.,
795 2440 832 2462 lV.
844 2440 936 2462 advers.

94 2477 197 2499 Marcion.
220 2483 240 2499 c.
264 2477 308 2499 rici:
325 2477 392 2500 Beati
415 2476 517 2500 mendici
532 2477 574 2505 (sic
599 2477 667 2505 exigit
689 2477 844 2506 interpretatio
870 2484 936 2500 voca-

94 2515 153 2543 buli,
170 2516 234 2545 quod
251 2515 275 2538 in
291 2516 378 2538 Graeco
396 2516 452 2544 est),
464 2515 576 2545 quonium
589 2515 687 2539 illorum
699 2518 733 2539 est
743 2522 846 2545 reanum
863 2516 935 2540 caelo-

93 2560 148 2577 rum
166 2554 230 2584 [Luc.
242 2555 255 2576 6
264 2573 269 2582 ,
281 2554 338 2584 20.].
357 2555 418 2577 Idem
431 2555 460 2577 de
472 2555 598 2577 Idololatria
607 2572 612 2582 ‚
624 2561 644 2577 c.
661 2555 685 2577 12
696 2563 702 2577 2
717 2563 727 2575 et
740 2555 783 2577 Sed
798 2555 873 2578 felices
885 2562 935 2585 eye-

93 2598 135 2615 rtos
147 2592 259 2615 Dominus
271 2593 402 2621 appellat».
417 2593 506 2620 Pauper
517 2593 540 2615 in
553 2593 639 2615 Graeco
652 2593 786 2621 exprimitur
795 2599 852 2616 voce
861 2593 934 2621 πένης.

156 2630 164 2643 ²
182 2630 243 2653 Libr.
261 2631 284 2654 ll.
302 2638 322 2654 c.
341 2631 377 2653 25.
394 2638 417 2653 n.
436 2631 488 2659 1127,
506 2631 547 2653 ubi
564 2638 606 2659 pro
632 2631 708 2654 reddit
731 2631 835 2660 w'atz'am
861 2634 934 2654 textus

95 2670 210 2698 originalis
226 2670 299 2699 refert
316 2670 428 2700 qratiam.

155 2707 164 2720 ⁵
182 2710 204 2731 ln
222 2710 270 2731 Aet.
289 2709 317 2731 20
326 2726 331 2736 ,
349 2709 386 2731 35.
400 2709 478 2731 Glossa
491 2712 525 2731 est
537 2708 662 2732 ordinaria
674 2715 700 2731 ex
713 2708 772 2731 Beda
785 2709 807 2731 in
820 2710 879 2731 hunc
892 2710 933 2732 loc.

158 2746 166 2759 ⁴
184 2747 246 2770 Libr.
270 2748 298 2770 Χ.
315 2748 345 2770 de
369 2747 537 2770 Coenobiorum
564 2748 683 2776 institutis,
709 2754 728 2769 e.
752 2749 795 2770 19;
817 2747 933 2771 «Beatius

94 2787 127 2809 est
142 2786 220 2815 mayis
237 2785 295 2809 clare
312 2792 384 2816 quam
401 2786 506 2816 accipere
523 2786 580 2816 [Act.
599 2788 641 2814 20,
659 2786 713 2815 35.}.
736 2787 784 2809 Hoc
801 2789 834 2809 est
851 2786 935 2814 impar-

94 2824 167 2847 tientis
184 2824 271 2847 beatior
296 2825 389 2853 largitas
411 2832 480 2854 quam
501 2826 633 2854 accipientis
647 2825 763 2855 penuria,
781 2832 841 2854 quae
859 2825 934 2855 [largi-

94 2863 136 2893 tas]
155 2870 198 2886 non
217 2864 245 2887 de
263 2865 360 2892 pecunia
378 2871 419 2893 per
436 2865 590 2887 infidelitatem
603 2865 638 2887 vei
650 2865 799 2888 diffidentiam
817 2867 932 2888 reservata

95 2908 136 2925 nec
153 2903 181 2925 de
200 2903 323 2926 reconditis
347 2904 457 2926 avaritiae
473 2904 585 2926 thesauris
603 2904 753 2933 impenditur,
771 2905 810 2927 sed
827 2911 887 2933 quae
904 2904 933 2927 de

96 2941 168 2964 fructu
186 2942 263 2970 operis
275 2950 286 2962 n
306 2944 349 2964 etc.
366 2941 470 2964 Sub1nde
494 2943 633 2965 monachum
659 2942 782 2972 dupliciter
806 2943 861 2965 dicit
882 2942 933 2965 hea-

95 2981 155 3008 tum,
173 2980 213 3008 qui
231 2980 280 3003 aliis
297 2980 385 3003 laborat
401 2983 423 3002 et
440 2980 551 3010 laryz‘tur,
569 2981 621 3003 licet
638 2981 685 3009 ipse
702 2981 730 3003 sit
743 2981 921 3011 pauperrimus.

1785 208 1840 238 327

997 285 1088 317 ctum,
1110 283 1260 312 universali
1282 287 1428 321 praecepto
1449 285 1601 322 astringere
1622 285 1726 319 noluit,
1743 293 1794 322 pro
1808 293 1840 314 eo

997 329 1070 365 quod
1095 330 1165 359 hanc
1194 330 1383 360 celsitudinem
1413 332 1637 369 supererogantis
1664 331 1840 368 perfectionis

997 375 1142 405 infirmitas
1156 384 1304 413 corporum
1326 386 1389 406 cum
1411 378 1539 407 tarditate
1560 379 1733 416 ingeniorum
1748 379 1775 406 in
1791 379 1840 407 ho-

997 422 1118 451 minibus
1138 424 1224 452 nostri
1247 425 1379 461 temporis
1399 433 1454 453 non
1475 425 1595 454 admittit
1606 425 1625 453 ⁷.
1649 426 1711 454 Esto
1738 425 1839 462 igitur,

996 468 1070 504 quod
1092 469 1144 497 1106
1168 470 1249 498 modo
1277 470 1389 499 beatius
1416 471 1455 499 sit
1481 471 1554 500 clare
1581 480 1671 510 quam
1692 471 1838 508 accipere,

997 515 1148 544 secundum
1177 516 1357 546 imitationem
1379 518 1514 555 Apostoli,
1536 527 1590 547 non
1612 522 1704 547 tamen
1726 521 1839 555 propter

997 561 1049 590 1106
1070 565 1159 598 potest
1180 563 1293 597 inferri,
1315 564 1388 601 quod
1410 565 1574 602 accipientes
1596 565 1651 594 sint
1671 565 1840 602 imperfecti,

997 607 1063 644 quia
1083 616 1133 637 nec
1155 610 1273 646 Apostoli
1295 618 1310 638 a
1331 611 1498 647 perfectione
1523 612 1689 641 exciderunt
1716 612 1744 640 in
1772 612 1839 646 1106,

996 654 1070 691 quod
1091 656 1319 685 sustentabantur
1340 658 1375 686 ab
1395 658 1471 692 aliis,
1492 666 1543 687 nec
1564 658 1691 687 Christus
1711 658 1839 696 imperfe-

996 701 1093 730 ctionis
1115 703 1245 739 magister
1266 703 1333 738 fuit,
1349 705 1396 741 qui
1414 705 1588 741 perfectionis
1603 705 1776 742 evangelicae
1790 705 1838 734 do-

995 750 1086 776 ctores
1106 749 1141 777 ab
1161 749 1221 778 aliis
1242 751 1391 779 sustentari
1413 751 1550 780 ordinavit
1570 754 1596 780 et
1618 752 1670 780 hoc
1690 752 1718 780 in
1737 760 1766 781 se
1781 752 1840 788 ipso

995 801 1045 830 per
1066 795 1225 831 exemplum
1246 797 1364 825 ostendit
1375 797 1394 825 ⁸.
1416 798 1492 826 Unde
1513 798 1682 835 Augustinus
1703 806 1787 835 super
1809 798 1840 827 il-

995 840 1042 869 lud
1072 841 1187 870 Psalmi:
1219 842 1277 878 Qui
1302 844 1441 880 producit
1467 844 1498 873 in
1527 845 1673 873 montibus
1699 844 1838 882 foenum.-

1000 898 1013 911 «
1027 888 1118 924 Quare
1140 889 1227 917 voluit
1247 897 1328 926 egere
1344 890 1491 925 Dominus,
1512 892 1564 920 nisi
1586 895 1617 920 ut
1637 892 1715 921 daret
1736 892 1840 920 monti-

995 933 1048 962 bus
1070 935 1245 971 exemplum,
1267 939 1298 964 ut
1322 941 1451 973 parerent
1464 937 1601 975 foenum,
1616 946 1650 967 ne
1665 942 1761 967 contra
1775 938 1840 976 ptu—

994 980 1073 1008 vz'am
1096 981 1267 1010 sterilitatem
1291 983 1438 1012 redderent
1452 987 1485 1012 »?
1507 984 1576 1013 Haec
1591 985 1774 1021 Augustinus,
1791 993 1840 1021 per

992 1027 1126 1063 putatam
1147 1028 1215 1057 dans
1244 1029 1356 1066 intelligi
1378 1030 1548 1065 doctrinam,
1571 1039 1626 1068 qua
1648 1035 1753 1060 mentes
1774 1039 1839 1060 eru-

994 1073 1123 1109 diuntur,
1145 1078 1172 1103 et
1192 1084 1241 1112 per
1262 1075 1380 1113 foenum
1403 1078 1576 1114 temporalia,
1599 1078 1701 1115 quibus
1722 1086 1839 1115 corpora

995 1123 1195 1150 sustentantur.

1074 1166 1119 1195 33.
1142 1168 1226 1202 Sane,
1248 1171 1280 1197 ut
1301 1169 1389 1198 omnis
1404 1170 1589 1199 calumniandi
1604 1171 1720 1199 materia
1734 1174 1837 1206 cesset,

996 1213 1202 1250 intelligendum
1224 1218 1280 1249 est,
1296 1215 1369 1252 quod
1385 1224 1553 1253 quamquam
1576 1218 1706 1254 accipere
1727 1226 1836 1255 compa-

995 1263 1087 1287 ratum
1115 1260 1149 1288 ad
1170 1261 1243 1289 dare
1264 1261 1298 1290 de
1319 1270 1419 1298 genere
1440 1264 1532 1300 operis
1552 1264 1644 1292 minus
1670 1265 1704 1293 sit
1725 1265 1837 1293 beatum

994 1309 1078 1343 atque
1099 1307 1267 1343 perfectum;
1294 1312 1381 1345 potest
1404 1313 1494 1338 tamen
1516 1318 1552 1339 ex
1574 1311 1763 1347 superadjecta
1784 1311 1837 1340 cir-

995 1353 1159 1381 cumstantia
1187 1362 1246 1383 esse
1274 1354 1381 1384 beatius
1409 1359 1493 1393 atque
1518 1357 1682 1393 perfectius,
1711 1357 1837 1386 videlicet

994 1407 1057 1428 cum
1080 1400 1142 1436 quis
1163 1401 1269 1438 accipit
1290 1404 1432 1431 extremae
1447 1404 1617 1440 paupertatis
1631 1412 1724 1432 amore
1739 1412 1837 1433 secun-

993 1446 1060 1475 dum
1082 1455 1131 1475 sex
1153 1448 1322 1477 conditiones
1343 1449 1494 1485 superius⁹
1514 1458 1676 1487 expressas,
1693 1451 1719 1479 in
1734 1451 1837 1488 quibus

994 1493 1076 1522 3101111
1104 1494 1205 1523 iunctis
1227 1495 1333 1532 integra
1354 1496 1477 1525 consistit
1499 1497 1585 1533 ipsius
1606 1497 1753 1534 perfectio,
1782 1506 1836 1526 000

994 1540 1083 1568 3011101
1105 1540 1130 1569 10
1154 1541 1324 1570 abdicatione
1346 1543 1563 1579 proprietatum,
1586 1552 1683 1573 verum
1705 1544 1786 1573 etiam
1808 1545 1835 1573 in

993 1587 1150 1623 acceptione
1171 1588 1407 1622 necessariorum,
1429 1597 1491 1617 cum
1507 1589 1632 1619 videlicet
1648 1590 1710 1627 quis
1731 1590 1835 1619 mendi-

993 1636 1036 1662 cat
1057 1636 1084 1662 et
1104 1634 1218 1670 accipit,
1234 1638 1265 1663 ut
1280 1636 1436 1672 acceptione
1447 1636 1609 1673 penuriosa
1624 1640 1775 1674 purgetur,
1791 1646 1835 1666 ve-

992 1680 1124 1708 rectmda
1146 1680 1322 1715 humilietur,
1344 1685 1496 1710 attenuata
1515 1683 1699 1720 restringatur
1714 1686 1741 1712 et
1755 1684 1835 1712 casti-

992 1726 1091 1755 ficetur
1104 1727 1139 1761 ¹⁰,
1153 1731 1243 1764 gyrata
1259 1728 1420 1757 concilietur
1434 1729 1468 1757 ad
1482 1729 1654 1766 proximum,
1668 1730 1835 1759 condescen-

991 1773 1057 1801 sz‘va
1076 1774 1266 1810 configuretur
1281 1774 1313 1803 ad
1329 1774 1485 1809 Christum,
1500 1775 1635 1812 fiduciali
1654 1779 1681 1805 et
1697 1776 1751 1805 alta
1772 1785 1835 1806 sur-

992 1828 1053 1849 sum
1075 1823 1173 1857 agatur
1194 1821 1221 1849 in
1244 1821 1346 1855 Deum;
1369 1822 1442 1858 quod
1464 1822 1575 1859 quidem
1597 1823 1778 1853 excellentius
1793 1827 1834 1853 est

992 1874 1075 1903 quam
1098 1867 1231 1903 praebere
1253 1867 1382 1896 alimenta
1403 1868 1581 1905 pauperibus.
1603 1869 1678 1898 Unde
1704 1870 1834 1907 Hierony-

992 1921 1054 1941 mus
1069 1913 1102 1941 ad
1119 1913 1252 1942 lulianum
1266 1915 1304 1941 ¹¹:
1330 1925 1343 1939 α
1359 1914 1486 1943 Exstruis
1507 1916 1685 1951 monasteria,
1700 1917 1805 1946 multus
1819 1925 1835 1946 a

992 1961 1018 1987 te
1039 1963 1197 1988 sanctorum
1220 1968 1355 1989 numerus
1373 1964 1560 1996 sustentatum
1584 1962 1631 1991 sed
1652 1963 1750 1992 melius
1764 1963 1835 1992 face-

992 2013 1052 2039 res,
1074 2006 1095 2034 si
1118 2009 1145 2034 et
1173 2006 1230 2043 ipse
1259 2010 1370 2036 sanctus
1398 2007 1470 2036 inter
1496 2011 1605 2040 sanctos
1634 2008 1781 2038 viveres».
1805 2009 1836 2037 Et

992 2053 1149 2081 Bernardus
1170 2053 1195 2081 in
1218 2053 1336 2090 quadam
1359 2054 1473 2090 epistola
1485 2055 1524 2082 ¹2:
1551 2066 1564 2079 «
1580 2055 1659 2089 Volo,
1675 2057 1701 2084 te
1715 2056 1834 2085 amicum

991 2108 1050 2129 esse
1072 2109 1242 2137 pauperum,
1258 2101 1344 2138 magis
1365 2104 1457 2130 autem
1472 2102 1645 2131 imitatorem.
1668 2103 1713 2132 Ille
1732 2103 1835 2140 gradus

991 2149 1032 2175 est
1054 2146 1269 2183 proficientium,
1292 2147 1335 2175 1116
1350 2147 1535 2184 perfectorum
1547 2160 1573 2176 ».
1596 2149 1752 2178 Secundum
1767 2150 1834 2179 haec

992 2193 1076 2229 igitur
1091 2193 1239 2229 perfectius
1253 2196 1294 2222 est
1310 2202 1373 2222 cum
1389 2194 1497 2223 Christo
1511 2203 1592 2232 egere
1606 2198 1633 2224 et
1648 2196 1833 2233 eleemosynas

1057 2361 1065 2374 ⁵
1082 2361 1126 2385 Ct'r.
1143 2369 1213 2390 supra
1231 2368 1285 2390 pag.
1302 2362 1361 2390 321,
1378 2365 1429 2385 nota
1447 2363 1468 2385 7.
1602 2363 1612 2376 ⁶
1629 2365 1652 2386 ln
1669 2364 1756 2392 Regula
1774 2371 1793 2387 c.
1811 2365 1833 2388 5.

1056 2400 1064 2412 ⁷
1082 2400 1128 2423 Csr.
1150 2407 1220 2428 supra
1238 2407 1291 2429 pag.
1310 2401 1367 2428 264,
1384 2404 1436 2423 nota
1453 2402 1479 2429 5,
1497 2401 1537 2424 ubi
1555 2402 1629 2425 simile
1645 2404 1751 2426 occurrit.

1055 2438 1064 2451 Β
1080 2439 1124 2462 Ctr.
1142 2446 1211 2468 supra
1230 2447 1252 2462 n.
1265 2440 1302 2462 20.
1317 2447 1380 2469 seqq.
1399 2443 1421 2463 et
1437 2447 1457 2463 c.
1474 2440 1495 2462 7.
1513 2447 1535 2463 n.
1553 2441 1574 2464 5.
1591 2448 1656 2471 seqq.
1673 2454 1703 2459 -
1720 2444 1832 2466 Sententia

993 2480 1088 2506 August.
1107 2478 1203 2501 liabetur
1222 2480 1322 2501 Enarrat.
1340 2479 1363 2502 in
1381 2480 1415 2502 Ps.
1434 2480 1489 2508 146,
1508 2481 1529 2502 8.
1551 2487 1573 2503 n.
1597 2481 1634 2508 47,
1652 2481 1690 2504 ubi
1708 2488 1749 2510 pro
1769 2483 1833 2506 steri·

993 2516 1080 2540 litalem
1103 2516 1227 2540 redderent
1245 2518 1282 2543 (ita
1301 2517 1369 2540 codd.
1386 2524 1438 2540 cum
1457 2521 1517 2541 textu
1534 2519 1649 2548 originali)
1666 2520 1720 2543 edd.
1741 2520 1832 2545 steriles

991 2555 1154 2579 redderentur:
1172 2556 1216 2578 Cfr.
1234 2559 1290 2578 tom.
1308 2556 1335 2578 V.
1354 2563 1407 2584 pag.
1426 2557 1478 2585 141,
1495 2560 1548 2580 nota
1567 2558 1592 2585 4,
1605 2558 1644 2581 ubi
1657 2559 1737 2581 similis
1753 2560 1831 2583 Glossa

992 2595 1014 2616 in
1032 2595 1067 2617 Ps.
1087 2595 1142 2621 103,
1162 2594 1197 2616 tt.

1055 2632 1064 2645 ¹³
1081 2634 1148 2656 Num.
1165 2634 1203 2656 27.
1220 2646 1250 2650 —
1268 2634 1379 2662 Superius
1391 2641 1433 2662 pro
1446 2634 1538 2658 beatum
1555 2636 1625 2665 atque
1639 2637 1771 2666 perfectum
1787 2638 1831 2660 ΑΒ

992 2670 1085 2694 beatum
1101 2671 1149 2695 sire
1162 2672 1309 2701 perfectum,
1328 2677 1350 2696 et
1366 2679 1409 2701 pro
1425 2673 1587 2703 super-adiecta
1613 2674 1792 2699 circumstantia
1815 2677 1832 2698 B

991 2710 1145 2740 superaddita
1161 2711 1343 2735 circumstantia
1361 2711 1410 2740 (cfr.
1430 2719 1499 2741 supra
1517 2719 1536 2735 c.
1555 2713 1576 2736 1.
1595 2720 1617 2736 0.
1634 2714 1697 2743 7-9.).

1055 2748 1072 2763 ¹⁰
1090 2750 1140 2772 Vnt.
1158 2750 1301 2780 castz'yetur,
1321 2751 1362 2773 sed
1379 2751 1433 2774 vide
1449 2757 1518 2780 supra
1536 2758 1558 2774 n.
1578 2753 1614 2774 28.

1054 2787 1072 2800 ¹¹
1090 2789 1159 2816 Epist.
1174 2789 1226 2811 118.
1238 2789 1303 2816 (alias
1314 2789 1361 2818 34.)
1374 2796 1395 2812 n.
1413 2790 1435 2812 5.
1447 2791 1500 2812 Post
1510 2797 1525 2813 α
1542 2792 1563 2814 te
1575 2793 1647 2814 textus
1664 2792 1780 2820 originalis
1791 2793 1831 2816 ad—

990 2826 1023 2849 dit
1038 2833 1080 2856 per
1098 2826 1191 2850 insulas
1208 2827 1348 2856 Dalmatiae,
1367 2831 1389 2851 et
1406 2835 1448 2857 pro
1465 2828 1553 2852 viveres
1570 2829 1619 2852 Vat.
1633 2832 1655 2852 et
1666 2831 1703 2853 ed.
1721 2832 1734 2854 2
1751 2837 1831 2855 uume-

989 2865 1094 2893 rareris,
1112 2866 1148 2888 ed.
1167 2866 1175 2888 t
1196 2867 1338 2890 numereris.

1053 2902 1071 2916 ¹²
1089 2905 1159 2933 Epist.
1177 2905 1229 2927 103.
1246 2911 1268 2927 0.
1288 2906 1308 2928 t.
1321 2918 1351 2922 —
1363 2906 1456 2929 interius
1473 2909 1525 2935 post
1547 2913 1619 2937 quam
1641 2907 1671 2931 sit
1687 2908 1705 2930 D
1722 2911 1744 2931 et
1761 2909 1796 2932 ed.
1815 2910 1828 2932 2

990 2945 1163 2972 prosequuntur
1178 2943 1233 2973 fieri
1247 2944 1353 2967 amicum
1367 2951 1503 2975 pauperum
1521 2947 1541 2969 et
1558 2945 1620 2975 imos
1637 2949 1693 2973 etc,
1710 2947 1754 2969 AB
1770 2946 1830 2970 ami-

989 2987 1028 3005 cos
1044 2988 1191 3012 pauperum,
1209 2982 1271 3012 ipsos
1289 2986 1331 3006 etc.

1857 431 1971 451 Notandum.

1854 1176 1914 1200 Magis
1926 1182 1969 1196 600-

1872 1200 1963 1219 firmatur.

1852 1645 1968 1666 Notandum.
