2133 3317
526 205 723 235 OPUSCULUM
744 205 775 234 X.
798 205 883 234 VlTlS
904 204 1054 234 MYSTICA.
1077 204 1340 234 ADDITAMENTUM
1361 205 1404 234 VI.

89 285 161 312 Bibet
180 285 239 315 has,
259 284 284 309 id
302 284 352 315 est,
371 284 418 309 sibi
436 283 616 309 delectabiliter
634 283 816 315 incorporabit,
830 283 934 314 faciens,

89 329 131 360 ut,
150 335 215 354 unus
234 327 339 359 spiritus
357 334 440 352 secum
458 327 551 357 effecti,
571 327 695 358 cumipse
709 326 734 351 et
746 326 772 351 in
784 327 838 357 ipso
851 334 866 351 a
879 333 935 351 cun-

90 372 136 398 ctis
154 371 183 396 de
201 370 282 396 cetero
300 370 431 396 laboribus
449 370 637 402 requiescant&
656 368 771 394 Timeant
788 369 813 393 et
831 369 936 394 caveant

90 414 136 440 sibi
154 414 198 438 illa
219 412 320 444 putrida
332 420 426 444 grana,
444 411 541 442 fratres
553 411 635 442 falsos
644 414 662 443 ἵ,
680 418 810 443 perversos
823 411 936 436 christia-

89 462 134 482 nos
151 456 215 485 dico,
229 455 272 487 qui
283 456 310 480 in
328 462 354 480 se
372 462 421 481 non
434 455 520 480 vinum
536 454 676 484 continent,
689 454 732 479 sed
744 461 880 484 venenum;
894 455 936 486 qui

90 500 116 525 in
132 499 251 525 torculari
269 499 348 523 crucis
360 499 439 530 premi
451 498 541 524 nolunt
553 498 578 523 et
597 498 624 523 in
638 498 723 523 labore
736 497 869 523 hominum
883 504 936 522 non

89 543 156 568 sunt.
170 541 293 572 Caveant,
307 542 420 573 inquam,
439 541 499 566 dum
517 542 616 573 tempus
635 541 687 571 est,
706 548 737 566 ne
750 541 843 572 porcis,
857 540 883 565 id
897 540 936 565 est

89 585 206 617 diabolis,
225 584 359 610 devorandi
378 584 552 616 proiiciantur,
572 585 630 616 quia
642 585 668 609 in
680 584 781 610 cellaria
799 584 868 616 regia
886 590 936 609 non

89 627 137 652 nisi
155 634 200 659 per
217 626 328 652 torcular
345 627 425 652 crucis
440 627 488 652 iter
506 627 553 652 est.

161 669 221 695 177.
239 669 361 695 Restabat
379 670 450 696 nobis
474 670 553 695 dicere
572 670 601 695 de
620 669 733 695 secundis
755 669 858 695 floribus
877 669 936 694 vitis

69 720 162 739 ,verae
182 712 208 738 et
232 713 261 738 de
280 712 403 738 fructibus
427 713 542 743 illorum,
566 712 701 738 secundum
725 712 790 744 quod
815 711 936 743 scriptum

90 755 128 782 est
140 754 163 781 ³:
182 756 222 781 Et
238 756 357 787 refloruit
374 763 434 782 caro
459 763 528 788 mea,
548 756 613 788 quod
637 756 666 781 de
685 755 864 781 resurrectione
889 755 936 780 dici

154 968 162 981 ¹
180 969 251 997 Apoc.
272 968 313 996 ⁴4,
331 969 368 991 ⁴3.
384 980 416 985 —
432 968 544 997 Superius
560 970 612 997 post
627 974 692 992 umes
703 967 803 998 spiritus
820 968 838 991 Α
855 968 939 991 omittit

91 1005 171 1024 secum
187 999 268 1030 effecti.

153 1030 163 1044 ²
179 1031 228 1054 Gal.
245 1032 271 1060 2,
290 1030 311 1053 4.
328 1044 359 1047 —
376 1030 479 1054 Subinde
496 1031 607 1059 allegatur
624 1031 660 1053 Ps.
676 1031 720 1058 72,
737 1031 760 1054 5.

153 1060 163 1074 ⁸
179 1062 261 1085 Psalm.
279 1062 322 1091 27,
338 1062 362 1085 7.
378 1062 487 1091 August,
504 1063 527 1085 in
546 1063 608 1085 hunc
625 1063 680 1085 loc.z
697 1062 727 1085 Et
747 1061 857 1091 refloruit
878 1067 935 1085 caro

1798 208 1854 236 229

990 283 1076 309 nullus
1095 283 1133 308 est
1152 284 1194 315 qui
1212 283 1337 315 ambigat,
1358 284 1428 309 cuius
1447 283 1547 309 fructus
1574 283 1622 309 erit
1646 284 1727 316 gloria
1747 292 1856 310 resurre-

989 326 1078 352 ctionis
1097 326 1234 357 secundae;
1254 326 1297 352 sed
1315 334 1361 352 nos
1379 327 1461 359 magis
1483 326 1619 359 legentem
1641 327 1753 353 volentes
1772 328 1855 354 sitien-

990 368 1041 393 tem
1060 369 1198 400 relinquere
1223 377 1298 401 quam
1325 369 1511 400 fastidientem,
1538 369 1579 395 hic
1597 369 1655 395 huic
1682 371 1789 396 sermoni
1807 370 1855 396 ter-

991 412 1085 436 minum
1103 412 1267 443 imponimus,
1294 412 1378 444 parati
1400 413 1534 438 emendare
1546 432 1552 443 ,
1582 413 1678 439 demere
1697 413 1723 439 et
1741 413 1853 444 mutare,

991 454 1069 479 sicubi
1087 454 1175 480 contra
1202 455 1275 480 fidem
1303 456 1343 480 vel
1363 455 1451 481 contra
1485 463 1571 481 sacras
1591 455 1736 488 Scripturas
1759 457 1854 488 aliquid

991 496 1113 527 diximus3
1132 497 1158 522 in
1174 497 1288 523 omnibus
1303 498 1371 530 grati
1390 498 1527 524 humiliter
1544 499 1641 531 gratias
1661 499 1764 531 agentes
1777 500 1799 524 ei
1811 500 1854 531 qui

990 539 1104 571 gratuita
1122 540 1206 571 gratia
1232 547 1277 565 sua
1302 548 1347 566 nos
1368 541 1393 566 et
1413 541 1486 567 duxit
1513 541 1538 567 et
1561 542 1658 572 docuit,
1677 542 1800 574 aperienti
1825 550 1854 568 os

990 583 1120 607 mutorum
1145 584 1169 607 et
1196 583 1299 614 linquas
1319 583 1461 614 infantium
1497 584 1609 610 disertas
1630 585 1730 610 facienti
1740 586 1758 616 ⁶¹,
1783 586 1853 611 cuius

991 625 1084 650 nomini
1103 626 1253 657 principium
1271 626 1346 651 huius
1365 627 1481 658 opusculi
1505 628 1660 653 sacraverim
1674 628 1796 661 finemque
1815 636 1852 654 ea-

991 675 1090 693 cramus
1109 668 1203 700 optimo
1222 668 1247 694 et
1266 668 1408 695 dulcissimo
1431 669 1498 695 Iesu.
1524 670 1612 696 Amen.

1157 754 1278 780 Exrmcu·
1296 762 1382 785 Lmen,
1401 762 1444 784 Qm
1468 763 1571 781 monum
1589 756 1690 782 Vri-15⁵.

994 974 1058 996 mea,
1077 968 1101 991 id
1118 970 1162 996 est,
1180 970 1202 990 et
1219 968 1369 991 resurrexerit
1383 974 1438 991 caro
1451 974 1510 991 mea.
1528 968 1574 992 Csr.
1589 973 1660 998 supra
1673 969 1757 999 Opusc.
1770 970 1802 993 111.
1815 970 1841 993 Li

995 1005 1068 1028 gnum
1086 1000 1158 1027 vitae,
1178 1005 1200 1022 n.
1221 1000 1260 1022 35.

1058 1030 1068 1043 ⁴
1086 1031 1141 1059 Sap.
1159 1031 1201 1059 lo,
1220 1031 1258 1053 21.

1059 1061 1068 1074 ⁵
1085 1062 1113 1085 Ut
1129 1062 1223 1085 additur
1242 1062 1265 1084 in
1282 1062 1308 1085 A.
