2133 3317
88 296 245 333 concipiunt
265 296 352 324 nostri
373 295 535 323 familiarem
556 294 695 328 notitiam,
715 296 746 322 ut
760 294 794 322 ad
808 302 931 323 amorem

88 343 135 372 Dei
157 342 195 371 sic
216 350 262 370 eos
283 341 415 378 paulatim
439 341 584 369 trahamus
605 344 632 369 et
654 340 750 369 salutis
777 340 929 369 doctrinam

88 390 127 420 eis
147 389 305 426 ingeramus
325 391 352 416 et
373 396 422 425 per
444 388 632 424 eleemosynae
660 387 814 416 merituml
842 387 930 416 Deum

87 437 126 466 eis
146 435 295 472 propitium
317 434 458 463 faciamus
482 434 619 471 Pauperes
640 442 689 471 per
710 442 739 463 se
757 434 888 471 ingerunt
902 442 931 462 se

87 486 114 512 et
134 482 230 511 salutis
250 481 362 510 consilia
383 481 505 510 studiose
530 481 694 517 requirunt,
723 480 770 517 qui
799 488 853 508 non
882 480 930 508 ha-

87 530 152 559 bent
173 528 199 556 in
221 528 273 556 hoc
306 527 409 556 mundo
440 527 652 556 consolationem
684 527 801 560 suam²;
833 526 931 555 divites

87 578 195 607 autem,
217 573 336 602 terrenis
357 573 494 607 contenti,
517 573 559 601 vel
581 573 728 601 mundanis
749 572 865 609 negotiis
885 580 931 601 oc-

87 621 193 658 cupati,
215 620 258 649 vel
279 620 410 656 superbia
432 620 534 654 inflati,
566 628 631 648 raro
662 619 809 648 humiliant
840 627 869 648 se
897 619 930 648 ad

87 667 275 706 quaerendum
303 666 400 695 salutis
427 666 587 700 consilium,
616 666 666 695 nisi
690 673 739 703 per
760 666 929 694 occasionem

86 714 205 751 aliquam
226 713 260 742 ad
282 714 334 742 hoc
354 722 370 742 a
391 713 469 742 bonis
490 716 517 742 et
538 713 679 749 Religiosis
701 713 848 741 trahantur
863 721 930 749 pru—

86 761 190 794 denter,
212 760 283 789 sicut
304 760 437 788 Dominus
458 760 544 788 traxit
565 759 719 788 Zachaeum
744 762 771 788 et
791 759 859 788 alios
879 767 930 796 pu-

86 807 207 836 blicanos
227 809 255 835 et
276 810 450 843 peccatores,
470 805 662 834 manducando
683 813 746 834 cun]
768 806 807 834 eis
828 809 855 834 et
882 806 930 834 do-

86 853 186 887 cend0‚
208 853 271 881 licet
290 860 344 881 non
360 852 514 889 ignoraret,
530 852 690 880 Pharisaeos
708 855 735 880 et
749 852 854 881 scribas
868 852 931 881 inde

86 908 265 929 murmurare
286 902 313 928 et
334 899 478 928 materiam
500 907 636 936 quaerere
657 899 819 928 detrahendi
832 899 852 927 ³.

0 401 3 405 ’
11 397 70 418 ndum.

384 993 522 1029 QnAnsrio
543 993 630 1021 XXIII.

104 1086 275 1123 Quaeritur,
296 1094 389 1124 quare
410 1086 548 1123 Reliqiosi
564 1086 634 1123 plus
655 1085 796 1114 honorent
816 1086 918 1115 diuites

376 1140 465 1170 quam
483 1140 639 1169 pauperes.

164 1226 228 1255 Item
250 1233 370 1262 quaero:
392 1233 456 1254 cum
472 1233 655 1262 personarum
670 1226 793 1262 acceptio
808 1226 843 1255 sit
857 1226 931 1263 apud

85 1272 172 1301 Deum
194 1272 338 1308 culpabilis
357 1275 384 1301 et
404 1272 439 1300 ab
470 1272 597 1308 Apostolo
629 1272 746 1301 Iacob04
775 1273 930 1309 prohibita,

85 1327 172 1356 quare
192 1327 241 1348 vos
270 1319 394 1356 ReIIgiosi
426 1318 513 1355 magiS
545 1319 687 1348 honoratis
717 1319 816 1348 divites
847 1328 930 1357 quam

84 1373 221 1403 pauperes
241 1368 268 1394 et
288 1365 444 1402 promptius
465 1365 505 1394 eis
526 1365 636 1394 servitis
656 1365 684 1394 in
713 1366 931 1395 confessionibus

84 1412 227 1442 audiendis
247 1415 275 1442 et
294 1413 355 1441 aliis
376 1412 496 1441 consiliis
518 1415 544 1441 et
565 1412 722 1449 obsequiis,
750 1413 822 1441 sicut
850 1421 931 1450 saepe

85 1459 210 1489 videmus
231 1462 258 1488 et
278 1459 406 1488 scimus?

162 1506 329 1543 Respondeo.
353 1506 428 1534 Deus
441 1506 584 1543 pusillum
598 1505 667 1543 feeit
680 1506 841 1544 aequaliter
855 1507 930 1535 sicut

85 1557 112 1582 et
123 1562 266 1591 magnum
275 1576 283 1587 ,
298 1557 324 1582 et
338 1553 499 1591 aequaliter
513 1557 554 1582 est
567 1553 612 1581 illi
624 1561 700 1582 cura
714 1554 748 1582 de
762 1553 896 1582 omnibus
908 1554 929 1588 ⁵,

85 1600 113 1629 in
134 1602 271 1637 quantum
292 1600 400 1629 factura
420 1600 481 1628 eius
501 1602 567 1628 sunt
587 1608 618 1628 ac
639 1600 672 1628 ad
700 1600 817 1629 salutem
845 1601 930 1638 perti-

85 1650 151 1677 nent
171 1647 376 1684 sempiternam.
400 1647 461 1676 Ideo
482 1650 509 1675 et
529 1655 579 1676 nos
600 1655 696 1676 omnes
716 1647 829 1684 diligere
848 1647 930 1677 debe-

84 1701 147 1723 mus
168 1693 195 1722 in
216 1693 331 1722 Domino
352 1697 380 1723 et
400 1697 457 1723 tam
478 1694 595 1723 dlvitum
617 1702 701 1731 quam
717 1701 871 1731 pauperum
887 1702 929 1723 sa-

84 1740 170 1769 lutem
190 1740 348 1769 desiderare
375 1743 403 1769 et
431 1748 481 1777 pro
506 1749 591 1777 posse
622 1743 717 1769 nostro
748 1749 928 1777 promovere,

84 1786 155 1815 sicut
176 1786 288 1823 expedit
309 1786 353 1815 his
374 1790 400 1815 et
422 1786 490 1820 illis;
512 1786 586 1815 unde
607 1789 647 1821 et,
663 1786 685 1815 si
699 1794 806 1824 pauper
831 1787 929 1816 melior

84 1836 126 1862 est
145 1833 243 1868 divite,
266 1833 329 1870 plus
348 1833 483 1862 debemus
503 1841 568 1862 eum
596 1833 733 1862 honorare
761 1836 788 1862 et
815 1833 930 1871 diligere

84 1879 116 1909 in
136 1878 257 1918 affeetu,
279 1880 378 1909 divites
398 1883 490 1909 autem
513 1880 575 1917 plus
596 1880 734 1909 honorare
748 1880 776 1909 in
791 1881 931 1909 exteriori

6 1955 24 1975 ὓ
38 1932 72 1975 ¹¹3
85 1925 205 1965 effectu⁶
226 1927 401 1964 quadruplici
423 1927 545 1956 ratione:
567 1935 638 1961 una,
660 1927 741 1964 quia,
763 1935 827 1956 cum
856 1928 930 1957 Deus

42 1992 48 1999 .
85 1973 113 2002 in
135 1973 187 2002 boc
207 1973 317 2002 saeculo
337 1973 435 2002 divites
456 1976 483 2002 et
504 1976 629 2010 potentes
648 1973 780 2010 praetulit
801 1973 929 2010 pauperi-

84 2019 137 2049 bus
157 2020 248 2057 quoad
268 2020 363 2048 mundi
378 2020 510 2057 gloriam,
525 2021 572 2049 ubi
588 2024 629 2050 est
644 2028 771 2055 necesse,
786 2021 854 2050 alios
868 2021 929 2050 aliis

84 2066 197 2096 subesse
218 2066 261 2095 vel
281 2074 424 2103 praeesse,
446 2074 496 2095 nos
524 2067 685 2095 honorando
716 2070 841 2104 potentes
869 2067 929 2096 eius

84 2113 248 2142 ordinationi
269 2113 484 2148 concordamus,
506 2121 577 2151 quos
597 2116 625 2142 et
645 2114 703 2151 ipse
721 2114 795 2143 Deus
811 2115 929 2143 bonora-

0 2167 68 2187 mda.
84 2160 124 2189 vit
143 2160 171 2189 in
192 2160 243 2189 hac
265 2162 343 2197 parte
353 2159 373 2188 ⁷.
396 2176 432 2181 -
453 2160 510 2189 Alia
530 2160 600 2189 ratio
614 2163 669 2195 est,
684 2164 798 2198 propter
812 2161 929 2189 infirmi-

83 2209 166 2236 tatem
187 2207 312 2244 ipsorum
333 2207 450 2236 divitum
471 2223 510 2227 —
530 2207 592 2244 qui,
607 2208 629 2236 si
645 2216 699 2236 non
714 2208 929 2242 honorarentur,

84 2253 250 2291 indignando
270 2254 357 2291 magis
378 2254 587 2283 infirmarentur
608 2258 636 2284 et
659 2255 810 2284 deteriores
838 2255 929 2284 effice-

83 2303 182 2329 rentur
203 2303 230 2329 et
250 2308 399 2338 gravamen
420 2300 500 2330 nobis
519 2304 547 2330 et
567 2301 628 2330 aliis
648 2301 818 2338 pauperibus
845 2301 929 2330 infer-

84 2349 147 2376 rent
161 2363 199 2368 —
213 2354 248 2376 ne
262 2347 337 2384 quod
350 2347 546 2376 offendiculum
560 2347 658 2377 demus
678 2347 811 2382 infirmis,
826 2355 861 2377 ne
879 2356 929 2385 per

147 2530 155 2543 ¹
173 2531 230 2554 Edd.
247 2532 269 2555 et
281 2538 326 2561 per
342 2531 389 2555 tale
405 2531 530 2560 meritum,
542 2538 603 2561 quae
614 2532 683 2555 etiam
695 2532 793 2555 subinde
805 2533 857 2555 voci
869 2533 928 2555 Pau-

81 2575 150 2599 peres
167 2570 299 2598 praefigunt
316 2570 380 2600 quia.

147 2607 156 2621 ²
172 2608 218 2631 Csr.
236 2609 289 2631 Luc.
308 2609 334 2636 6,
351 2609 394 2638 24,
412 2609 451 2632 ubi
468 2612 561 2632 econtra
586 2610 615 2633 de
640 2609 751 2633 divitibus
773 2610 867 2633 dicitur:
885 2611 928 2633 Ha-

85 2646 144 2670 betis
160 2648 340 2670 consolationem
357 2652 466 2671 vestram.

146 2685 156 2698 ⁸
173 2687 232 2710 Vide
249 2688 303 2710 Luc.
322 2687 363 2715 19,
380 2687 402 2710 5.
419 2693 484 2716 seqq.
502 2687 532 2710 de
548 2688 664 2714 Zachaeo;
682 2687 738 2710 ibid.
756 2688 782 2716 5,
800 2688 836 2710 27.
859 2694 925 2716 seqq.

85 2727 107 2747 et
124 2725 165 2753 15,
183 2726 204 2747 1.
222 2732 270 2754 seq.
287 2726 316 2748 de
333 2726 383 2749 aliis
400 2726 536 2754 public-anis.
552 2739 583 2742 —
600 2727 711 2754 Superius
728 2732 771 2754 pro
782 2732 797 2749 a
809 2725 874 2749 bonis
887 2726 926 2755 (ita

85 2763 102 2787 C
118 2766 140 2786 et
156 2765 193 2787 ed.
212 2765 234 2793 1)
253 2764 304 2787 Vat.
320 2771 336 2788 α
351 2764 426 2788 nobie.
680 2763 690 2777 ⁴
706 2764 761 2793 Cap.
779 2766 806 2793 2,
825 2766 846 2787 1.
863 2768 886 2788 et
902 2766 925 2788 9.

147 2802 156 2815 ⁵
173 2804 226 2831 Sap.
244 2804 271 2831 6,
289 2804 311 2826 8.
329 2804 385 2826 Edd.
403 2810 456 2826 cum
469 2804 567 2832 Vulgata
579 2804 687 2826 omittunt
697 2803 770 2832 sicut,
782 2804 845 2832 quod
858 2804 926 2826 codd.

86 2841 198 2864 exhibent.
218 2854 245 2858 --
263 2843 357 2865 inferius
373 2848 415 2870 pro
433 2842 486 2865 Ideo
503 2844 524 2866 et
540 2843 594 2865 edd.
610 2842 663 2865 Ideo
681 2842 762 2872 iqitur.

147 2879 157 2893 ⁶
173 2880 243 2903 Edd.:
258 2880 314 2910 plus
332 2880 442 2904 debemus
458 2887 512 2904 eum
529 2880 640 2911 adipem,
657 2882 737 2904 tamen
755 2880 849 2904 divitem
869 2881 926 2911 plns

86 2916 212 2941 honorare.

147 2956 156 2969 ⁷
173 2956 217 2979 Cir.
234 2957 300 2980 Prov.
319 2957 360 2985 10,
378 2958 415 2980 22.
432 2961 454 2980 et
471 2958 536 2980 Rom.
561 2958 601 2986 13,
625 2959 646 2980 1.
670 2964 735 2987 seqq.
761 2971 791 2974 —
816 2958 927 2986 Superius

85 3001 128 3023 pro
143 3001 186 3019 nos
203 2996 221 3018 Α
237 2995 299 3019 illos.

178 3041 204 3066 S.
215 3042 305 3066 Bonav.
317 3054 347 3059 —
358 3043 427 3065 Tom.
439 3043 494 3065 vm.

449 216 644 246 OPUSCULUM
665 216 729 245 XIII.
751 216 1059 246 DETERMINATIONES
1080 217 1321 254 QUAESTIONUM.
1345 218 1424 246 PARS
1445 218 1462 246 1.

1773 218 1828 248 353

988 303 1037 324 nos
1057 295 1209 324 deteriores
1230 296 1312 330 fiant,
1334 296 1381 333 qui
1402 304 1499 325 omnes
1520 296 1652 325 debemus
1680 296 1772 333 potius
1798 296 1831 325 ad

988 341 1102 370 meliora
1122 350 1273 378 provocare
1284 342 1303 370 ⁸.
1326 359 1363 362 —
1385 343 1492 377 Tertia,
1520 342 1586 379 quIa
1613 342 1700 371 maior
1728 342 1832 371 utilitas
1849 349 1919 368 Tertia.

988 388 1115 424 provenit
1135 396 1170 417 ex
1192 389 1363 418 correctione
1385 389 1468 418 unius
1490 389 1581 418 divitis
1603 397 1687 426 quam
1707 389 1830 426 plurium

988 442 1151 471 pauperum.
1176 435 1305 472 Pauperis
1336 438 1428 464 autem
1459 436 1534 464 salus
1565 436 1675 465 sibimet
1705 436 1832 473 prodest,

987 480 1063 509 dives
1084 484 1175 510 autem
1197 482 1358 511 emendatus
1380 483 1475 511 multis
1496 482 1608 520 prodest
1636 485 1691 511 tam
1720 486 1833 520 propter

987 527 1146 563 exemplum
1168 528 1302 561 aliorum,
1324 529 1370 565 qui
1394 529 1456 557 inde
1477 529 1658 558 aedificantur
1679 533 1706 558 et
1734 538 1832 566 provo—

987 576 1086 601 cantur
1107 574 1140 602 ad
1162 574 1282 608 bonum,
1304 583 1388 612 quam
1417 579 1531 612 propter
1559 576 1613 605 alia
1643 576 1729 610 bona,
1761 584 1832 613 quae

987 627 1037 656 per
1058 628 1121 648 eum
1145 624 1344 657 promoventur
1366 622 1392 650 in
1407 622 1483 656 aliis,
1499 625 1525 651 et
1540 622 1612 651 mala
1626 622 1831 659 impediuntur;

988 666 1167 695 Ecclesiastici
1189 667 1333 696 decim09:
1356 669 1459 704 Qualis
1480 673 1575 698 rector
1596 669 1739 703 civitatis,
1762 670 1832 698 tates

988 712 1182 743 inhabitantes
1204 715 1233 743 in
1265 724 1307 743 ea.
1340 716 1488 744 Conversio
1515 716 1685 745 Constantini
1714 717 1831 754 impera-

988 760 1055 788 toris
1075 760 1109 789 ad
1138 760 1218 789 Iidem
1251 762 1313 797 plus
1344 762 1447 798 profuit
1479 763 1614 792 Ecclesiae
1645 763 1672 791 in
1703 763 1832 800 plurIbus

987 815 1070 843 quam
1092 808 1244 836 multorum
1265 808 1391 836 aliorum.
1413 826 1452 829 —
1473 810 1593 845 Quarta,
1614 818 1677 838 cum
1699 818 1715 838 a
1741 810 1832 838 diviti·
1848 816 1924 839 Quam.

988 853 1040 881 bus
1061 853 1123 889 plus
1144 854 1310 891 recipiamus
1331 855 1364 883 de
1385 856 1521 892 corporali
1544 856 1681 891 subsidio,
1703 864 1735 885 eo
1757 857 1829 894 quod

987 900 1074 936 magis
1095 900 1236 929 abundant
1258 901 1283 929 in
1307 902 1424 936 talibus3
1446 903 1550 931 iustum
1572 907 1630 937 est,
1652 906 1683 931 ut
1698 907 1724 932 et
1739 904 1778 932 eis
1793 903 1832 932 vi-

988 954 1046 975 cem
1070 947 1254 983 rependamus
1275 951 1302 976 et
1323 949 1466 984 proniores
1488 949 1574 978 simus
1595 950 1634 978 eis
1653 950 1686 979 ad
1701 950 1833 987 obsequia

988 993 1115 1030 speciaIIa
1127 994 1150 1010 ¹⁰
1171 994 1367 1031 impendenda;
1390 1004 1526 1033 pauperes
1547 997 1629 1025 etiam
1650 997 1760 1025 facilius
1781 1005 1830 1025 ex-

988 1040 1147 1076 pediuntur,
1169 1041 1234 1077 quia
1255 1042 1337 1070 tantis
1358 1043 1589 1079 perplexitatibus
1617 1052 1671 1072 non
1700 1044 1831 1080 ligantur,

987 1087 1085 1116 divites
1106 1095 1187 1122 vero,
1209 1089 1337 1125 plur1bus
1362 1089 1467 1126 laqueis
1494 1090 1609 1124 irretiti,
1638 1090 1833 1127 frequentiori-

988 1134 1041 1162 bus
1061 1137 1088 1162 et
1108 1134 1327 1171 diligentioribus
1349 1136 1470 1172 indigent
1491 1137 1626 1170 consiliis;
1645 1137 1706 1166 ideo
1720 1145 1831 1166 necesse

988 1183 1045 1214 est,
1067 1188 1116 1209 nos
1131 1181 1204 1209 circa
1218 1181 1278 1210 illos
1292 1182 1443 1210 studiosius
1456 1183 1603 1219 occupari,
1618 1191 1652 1212 ne
1667 1183 1833 1220 profundius

988 1226 1014 1255 in
1037 1230 1148 1263 peccato
1170 1231 1338 1264 mergantur.
1361 1229 1443 1263 Nam,
1465 1232 1497 1257 ut
1517 1229 1620 1258 dictum
1643 1233 1683 1259 est
1698 1230 1768 1264 iam,
1785 1231 1831 1268 qui

988 1276 1126 1310 potentem
1139 1275 1161 1291 ¹¹
1184 1274 1208 1302 in
1231 1275 1303 1303 bono
1324 1280 1467 1311 promovet
1498 1276 1601 1305 multos
1631 1277 1723 1311 iuvat;
1752 1277 1790 1306 sic
1818 1285 1833 1305 e

988 1328 1121 1349 converso
1142 1321 1227 1357 Ipsius
1242 1322 1385 1350 subversio
1400 1323 1552 1351 multorum
1567 1326 1609 1352 est
1623 1323 1830 1353 detrimentum.

1283 1415 1421 1451 QUAEsrm
1441 1416 1530 1444 XXIV.

1027 1507 1200 1543 Quaeritur,
1222 1509 1363 1546 quomodo
1387 1509 1507 1538 Fratres
1529 1508 1654 1538 habeant
1675 1510 1792 1545 (lovios,

1291 1563 1395 1588 areae,
1418 1554 1522 1584 hortos.

1065 1647 1131 1676 Item
1153 1656 1272 1684 quaero:
1294 1656 1357 1677 cum
1381 1649 1482 1685 Regula
1504 1652 1596 1678 vestra
1608 1649 1631 1666 ¹2
1652 1649 1741 1683 dicat,
1757 1650 1831 1687 quod

986 1694 1055 1722 nibil
1076 1694 1221 1731 proprium
1241 1694 1362 1724 debeatis
1384 1695 1486 1724 habere
1513 1704 1563 1724 nec
1594 1696 1621 1724 in
1643 1697 1753 1733 speciali
1781 1705 1832 1726 nec

987 1740 1014 1769 111
1035 1741 1192 1774 communi;
1213 1744 1240 1770 et
1261 1749 1309 1769 vos
1331 1741 1437 1770 habetis
1457 1742 1569 1777 domos,
1597 1751 1691 1777 areas,
1719 1744 1831 1778 hortos,

985 1787 1085 1822 libros,
1108 1791 1196 1816 vestes
1218 1791 1245 1816 et
1265 1788 1317 1816 alia
1338 1788 1422 1817 victui
1444 1789 1599 1818 necessaria
1619 1797 1669 1826 pro
1690 1792 1829 1827 tempore,

986 1835 1124 1871 quomodo
1145 1835 1258 1871 potestis
1280 1835 1437 1864 huiusmodi
1466 1836 1692 1873 transgressionis
1719 1837 1828 1874 culpam

986 1888 1122 1910 excusare
1142 1881 1213 1909 bona
1233 1881 1423 1910 conscientia?

1064 1927 1230 1964 RespondeO.
1247 1927 1377 1956 Videmus
1392 1928 1419 1956 in
1434 1928 1558 1963 saeculo,
1573 1928 1690 1958 famulos
1704 1929 1829 1959 domino-

986 1982 1049 2003 rum
1071 1982 1168 2011 panem
1190 1982 1243 2002 non
1266 1982 1348 2003 suum
1369 1974 1528 2009 comedere,
1543 1978 1615 2004 tecto
1630 1984 1684 2004 non
1699 1983 1750 2005 suo
1765 1984 1830 2005 con-

986 2021 1039 2058 tegi
1061 2023 1088 2049 et
1109 2021 1193 2049 rebus
1214 2021 1309 2050 alienis
1331 2021 1386 2054 uti,
1410 2021 1536 2050 videlicet
1563 2022 1737 2051 dominorum
1766 2031 1831 2052 suo-

986 2075 1058 2096 rum.
1081 2067 1124 2096 Sic
1146 2070 1172 2096 et
1193 2067 1238 2096 alii
1259 2075 1339 2104 saepe
1353 2068 1489 2097 concessis
1503 2071 1623 2097 utuntur
1638 2073 1693 2098 tam
1707 2070 1831 2098 vestibus

985 2122 1069 2151 quam
1090 2114 1150 2143 aliis
1171 2114 1255 2143 rebus
1275 2114 1309 2143 de
1330 2114 1440 2143 illorum
1462 2115 1618 2150 voluntate,
1640 2124 1760 2153 quorum
1787 2124 1831 2145 res

986 2164 1059 2190 sunt.
1081 2161 1124 2190 Sic
1145 2164 1172 2190 et
1192 2170 1241 2190 nos
1263 2161 1377 2190 utimur
1397 2162 1482 2190 rebus
1503 2162 1665 2192 necessariis
1691 2171 1743 2200 pro
1770 2171 1831 2192 cor-

986 2216 1067 2245 pore,
1090 2216 1159 2245 quas
1180 2211 1272 2237 tamen
1294 2216 1343 2237 nec
1366 2209 1393 2237 in
1418 2208 1528 2245 speciali
1557 2216 1607 2238 nec
1634 2209 1662 2238 in
1690 2210 1829 2239 communi

985 2255 1064 2284 nobis
1085 2255 1325 2292 appropriamus.
1349 2255 1451 2292 Regula
1462 2255 1484 2272 ¹³
1506 2255 1579 2284 enim
1601 2264 1656 2284 non
1676 2256 1757 2291 dicit,
1779 2265 1829 2285 nos

985 2301 1054 2330 nihil
1075 2301 1175 2330 debere
1196 2300 1316 2335 habere,
1338 2301 1384 2330 sed
1412 2302 1481 2330 nihil
1508 2301 1592 2331 nobis
1622 2303 1828 2340 appropriare.

985 2348 1060 2377 Unde
1081 2357 1169 2377 usum
1190 2356 1285 2377 rerum
1307 2348 1524 2377 necessariarum
1547 2349 1650 2378 habere
1664 2358 1828 2387 possumus,

1846 1935 1918 1955 Simile.

1848 2266 1961 2286 Notandum.

1048 2531 1057 2545 ⁸
1074 2532 1130 2555 Edd.
1148 2532 1243 2555 trahere
1259 2534 1280 2555 et
1294 2538 1434 2562 provocare.

1048 2570 1057 2583 ⁹
1074 2571 1140 2594 Vers.
1157 2572 1178 2594 2.
1197 2572 1249 2594 Post
1265 2571 1365 2595 civitatis
1382 2571 1452 2594 codd.
1468 2572 1557 2594 addunt
1568 2572 1623 2595 talis
1634 2572 1729 2602 familia
1740 2575 1768 2596 et.
1782 2573 1827 2596 Csr.

985 2611 1094 2638 August„
1113 2610 1168 2633 VIII.
1186 2610 1287 2633 Contess.
1305 2616 1325 2633 c.
1344 2610 1365 2632 4.
1382 2617 1404 2633 n.
1422 2611 1449 2639 9,
1461 2610 1502 2633 ubi
1514 2611 1625 2639 ostendit,
1637 2618 1709 2641 quare
1721 2612 1772 2640 plus
1785 2613 1829 2635 lae-

985 2649 1080 2671 tandum
1098 2649 1126 2671 sit
1138 2649 1161 2671 in
1173 2649 1324 2671 conversione
1341 2648 1466 2677 nobilium;
1479 2650 1501 2672 S.
1514 2650 1609 2678 Tuom„
1621 2650 1706 2679 Opusc.
1722 2651 1829 2679 superius

984 2688 1121 2716 allegatum,
1139 2694 1159 2710 c.
1177 2688 1214 2710 19.

1047 2726 1067 2739 ¹⁰
1083 2726 1138 2749 Cod,
1157 2727 1174 2748 B
1190 2726 1334 2756 spiritualia.

1047 2764 1064 2777 ¹¹
1082 2764 1138 2788 Cod.
1156 2765 1172 2787 C
1190 2764 1292 2788 divitem.

1046 2803 1065 2816 ¹²
1083 2804 1212 2832 Respicitur
1229 2810 1248 2826 c.
1267 2804 1288 2826 6.
1299 2817 1326 2820 —
1342 2804 1435 2827 Inferius
1451 2811 1478 2828 ex
1493 2805 1561 2828 codd.
1574 2806 1734 2834 supplevimus
1745 2812 1827 2835 areas,

983 2845 1005 2865 et
1027 2842 1073 2865 flde
1090 2842 1136 2865 AC
1158 2842 1321 2865 substituimus
1345 2842 1483 2867 huiusmodi
1506 2844 1705 2874 transqressionis
1730 2845 1825 2875 culpam

983 2887 1026 2910 pro
1043 2881 1245 2911 transm-essiones
1261 2881 1405 2905 huiusmodi.

1046 2919 1065 2933 ¹³
1083 2920 1138 2948 Cap.
1156 2921 1181 2943 6:
1198 2921 1287 2943 Fratres
1304 2921 1357 2943 nibil
1375 2921 1418 2944 sibi
1435 2922 1599 2950 appropi-ient,
1611 2929 1653 2946 nec
1670 2923 1767 2946 domum
1782 2927 1824 2947 etc⁴

983 2958 1028 2982 Csr.
1046 2965 1115 2987 supra
1132 2959 1217 2987 opusc.
1230 2960 1267 2982 XI.
1280 2960 1389 2988 Apologia
1403 2966 1546 2989 pauperum,
1557 2967 1577 2984 c.
1592 2962 1628 2984 11.
1640 2968 1663 2984 n.
1675 2962 1697 2984 ὅ.
1708 2965 1730 2985 et
1741 2962 1826 2991 Opusc.

983 2998 1030 3020 XII.
1047 2998 1118 3026 Epist.
1135 2998 1164 3020 de
1181 2998 1254 3021 tribus
1270 3002 1360 3027 quaest.
1377 3002 1419 3022 etc.
1437 3006 1458 3022 n.
1477 3000 1499 3022 6.

1703 3047 1732 3070 45
