2133 3317
115 944 154 963 Alii
166 948 246 963 vermes.

158 1506 249 1525 Remedia

130 1532 194 1549 contra
212 1530 249 1554 pri-

129 1559 179 1572 mam
208 1559 249 1577 sug-

128 1577 240 1600 gestionem.

259 218 317 246 200

258 303 337 321 unum
355 294 504 326 respiciunt,
522 300 584 325 quos
603 293 623 317 si
642 291 787 322 reliqueris,
806 290 852 314 aut
869 289 1045 314 mendicabunt
1058 289 1113 314 tur-

260 339 337 370 piter,
357 338 475 362 nimirum
493 337 519 361 in
539 336 610 360 tuum
629 335 672 359 911
693 334 731 358 1111
749 334 848 365 generis
873 333 1047 364 opprobrium,
1067 332 1113 357 aut

260 381 325 407 certe
345 381 450 409 furtive,
469 380 509 404 vel
528 378 651 404 violenter
668 376 768 408 rapient
792 376 885 406 aliena,
905 376 930 401 et
955 377 990 401 sic
1014 376 1040 400 in
1059 383 1113 401 cor-

260 431 319 455 pore
339 423 412 448 simul
432 423 457 447 et
476 423 501 446 in
515 422 598 446 anima
617 420 744 452 peribunt.
763 419 833 449 Quod
846 419 919 449 51111,
938 419 981 450 qui
997 419 1038 444 his
1057 418 1114 450 pot-

260 467 309 492 eris
328 466 460 491 subvenire
484 464 606 489 manendo
631 464 657 488 111
676 463 831 494 possessione
853 462 910 492 1119,
930 462 976 487 1105
995 462 1021 487 111
1045 462 1113 487 99110

260 509 369 541 periculo
397 508 527 539 reliqueris
555 506 580 531 et
599 506 724 531 clauseris
743 506 840 531 viscera
859 505 904 530 tua
929 505 961 530 ab
980 505 1031 536 cis,⁴
1050 512 1114 536 quo-

260 552 335 576 modo
353 551 450 576 caritas
469 550 520 575 Dei
537 550 625 574 11101191
642 549 668 574 111
687 547 750 574 1921)
767 548 848 580 Ergo,
863 548 893 573 ut
911 556 1013 573 maneas
1031 549 1058 573 in
1076 556 1114 573 ca-

261 595 356 624 ritate,
385 601 457 619 mane
485 601 540 618 cum
568 593 619 617 illis
633 612 639 622 ,
668 593 726 624 quia
758 593 811 617 sine
838 592 944 617 caritate
975 592 1039 617 nihil
1067 591 1113 617 tibi

261 637 383 669 proderit,
403 636 522 668 quidquid
535 643 597 667 agas
607 635 624 660 ³.
645 635 714 665 Quod
727 636 748 660 si
761 636 837 660 etiam
850 635 896 660 tibi
909 635 1052 667 prodesset,
1066 642 1114 660 me-

260 680 310 705 lius
328 680 413 704 tamen
432 679 509 709 esset,
529 679 558 703 111
577 678 670 704 multos
689 678 770 704 tecum
790 686 865 710 quam
883 678 909 703 te
928 679 1008 703 solum
1031 679 1115 703 salva-

261 731 309 748 res.
329 723 449 754 Nunquid
468 722 629 754 praeceptum
648 722 687 747 est
705 721 797 746 alicubi
821 729 836 746 a
856 721 974 751 Domino,
993 722 1113 746 mundum

261 767 360 792 omnino
379 766 410 791 ab
432 766 547 791 omnibus
567 765 688 796 relinqui,
708 765 734 789 et
752 772 802 790 non
827 765 908 796 magis
933 764 1115 790 misericordiae

261 810 377 841 operibus
395 809 531 834 insudare?
550 809 607 834 Non
626 809 655 833 de
678 808 769 833 mundo
788 808 888 838 relicto,
908 808 951 833 sed
969 808 998 833 de
1022 808 1116 833 miseri-

262 853 358 878 cordiae
384 852 500 884 operibus
528 851 769 877 commendabuntur
796 851 868 876 electi
895 851 920 876 et
948 851 1063 876 salvandi
1089 852 1116 876 111

264 896 367 921 extremi
387 896 506 921 examinis
525 895 563 920 die
573 893 592 920 4.
612 895 675 925 Quid
694 902 752 926 ergo
772 902 877 926 quaeras
891 894 962 920 extra
980 894 1115 925 mundum,

264 939 329 971 quod
346 939 373 964 in
391 938 483 964 mundo
496 938 585 963 melius
602 938 693 963 habere
706 938 800 969 poteris
819 937 844 962 et
863 938 992 963 securius?
1010 952 1046 955 —-
1064 938 1117 963 Ad-

263 982 358 1007 duntur
370 981 410 1006 his
423 981 549 1006 vermibus
561 981 604 1006 alii
617 988 713 1006 vermes
726 980 860 1010 mortiferi,
874 980 967 1005 scilicet
981 980 1117 1005 difficultas

263 1024 438 1050 claustralium
451 1024 653 1055 praeceptorum,
673 1024 698 1048 et
711 1023 776 1055 quod
799 1033 812 1045 ‹<
824 1024 903 1048 maior
916 1023 954 1048 est
973 1030 1056 1052 casus,
1074 1023 1116 1047 ubi

263 1068 339 1094 altior
357 1068 451 1100 gradus
462 1070 471 1083 ⁵
481 1078 505 1098 >›,
524 1068 633 1092 ciborum
647 1067 769 1098 parcitas,
783 1067 885 1097 ieiunia,
899 1067 1011 1098 vigiliae,
1030 1066 1116 1092 intole-

264 1111 351 1136 rabilis
369 1111 440 1136 labor
460 1111 512 1135 sine
535 1111 631 1142 requie,
650 1110 744 1134 duritia
768 1110 904 1141 lectorum,
923 1110 1037 1135 laborum
1056 1110 1116 1134 assi-

264 1154 348 1179 duitas
366 1154 391 1179 et
415 1161 489 1185 super
509 1154 591 1178 omnia
616 1153 802 1178 abrenuntiatio
822 1154 937 1184 propriae
962 1152 1115 1182 voluntatis,

264 1205 319 1223 cum
338 1197 448 1228 periculo
466 1197 587 1222 falsorum
606 1196 713 1221 fratrum
724 1195 741 1225 ⁶,
762 1196 855 1221 duritia
871 1196 1050 1227 praelatorum.
1070 1196 1117 1220 Ee-

264 1241 320 1272 quis
339 1241 421 1266 omnia
434 1240 611 1265 enumerabit?
630 1240 829 1265 Innumerabiles
849 1240 909 1264 sunt
922 1247 1006 1265 omnes
1025 1239 1051 1264 hi
1064 1246 1117 1264 ver-

264 1291 316 1308 mes
329 1284 494 1314 pessimarum
508 1283 697 1314 suggestionum
716 1282 832 1307 truncum
846 1282 904 1308 boni
923 1282 1046 1313 propositi
1061 1289 1117 1313 gra-

264 1327 364 1351 vissime
383 1326 550 1351 corrodentes.
575 1326 680 1351 Omnino
700 1323 885 1351 resistendum⁷
905 1325 943 1350 est
961 1325 1001 1350 his
1026 1326 1117 1350 vermi-

263 1369 322 1399 bus,
345 1369 445 1394 omnino
473 1369 499 1394 et
524 1376 652 1394 sacrarum
677 1368 864 1400 Scripturarum
890 1368 1030 1393 rationibus
1057 1367 1118 1393 sunt

264 1412 390 1438 enecandi.

338 1456 379 1480 77.
399 1455 497 1480 Vermis
514 1455 605 1487 igitur,
625 1455 666 1486 qui
679 1454 838 1480 indiscretam
856 1454 987 1479 caritatem
1005 1454 1029 1479 et
1048 1455 1118 1479 mise-

265 1499 385 1524 ricordiae
404 1499 598 1530 compassionem
612 1498 758 1529 persuadet,
778 1498 923 1523 occidendus
938 1498 976 1522 est
989 1498 1117 1529 unguento

266 1542 400 1567 dominicae
429 1542 567 1566 sententiae
593 1540 730 1566 dicentisss:
756 1540 785 1565 Si
808 1542 866 1572 quis
890 1541 959 1565 venit
978 1541 1069 1566 adme
1095 1542 1118 1565 ei

264 1593 318 1610 ozon
337 1585 392 1610 ocltt
405 1586 508 1616 patrem
527 1586 551 1609 et
562 1586 672 1609 mm‘rem
691 1586 715 1609 ct
733 1591 839 1609 uxorem
857 1585 881 1609 et
892 1584 961 1614 filios
981 1585 1005 1609 et
1022 1583 1118 1613 fratres

264 1629 289 1653 et
306 1635 419 1659 sorores,
440 1628 525 1653 adhuc
544 1629 629 1652 (etitem
649 1629 672 1652 ci
691 1627 808 1652 animam
833 1635 921 1658 suam,
940 1635 993 1652 11011
1019 1628 1055 1652 est
1078 1634 1118 1652 me

266 1671 369 1703 cliyizus.
389 1671 503 1701 Qualiter
522 1670 605 1695 autem
625 1671 743 1702 diligendi
761 1671 786 1695 et
805 1671 914 1702 qualiter
933 1671 1029 1696 odiendi
1052 1671 1117 1700 sint,

266 1721 310 1745 per
329 1721 417 1738 vaccas
438 1713 567 1738 trahentes
587 1713 730 1744 plaustrum
753 1720 809 1738 cum
828 1720 886 1737 arca
911 1713 1011 1738 Domini
1030 1712 1118 1744 perdo-

265 1764 349 1781 cemur
360 1758 381 1786 ⁹;
400 1764 506 1788 quarum
519 1756 593 1781 vituli
610 1763 665 1780 911111
684 1756 768 1780 essent
781 1756 871 1780 reclusi
884 1755 961 1785 domi,
980 1756 1050 1787 ipsae
1064 1762 1117 1780 vae-

265 1807 307 1825 cae
326 1807 410 1825 arcam
428 1799 558 1831 gestantes
575 1799 600 1824 et
618 1798 685 1824 recto
704 1799 792 1824 itinere
806 1799 939 1830 pergentes
958 1798 1117 1829 Bethsames,

265 1850 321 1868 cum
340 1843 457 1868 audirent
476 1850 547 1868 voces
566 1842 714 1872 vitulorum,
735 1842 857 1867 dederunt
876 1842 974 1873 quidem
993 1842 1117 1873 rugitum,

265 1887 307 1918 qui
327 1886 382 1911 erat
401 1887 501 1918 signum
520 1886 645 1910 naturalis
664 1885 780 1915 affectus,
799 1892 844 1910 nec
867 1885 951 1910 tamen
977 1893 1002 1910 se
1021 1885 1053 1910 ab
1078 1893 1119 1910 ar-

265 1930 336 1961 repto
355 1930 432 1954 semel
450 1929 539 1954 itinere
567 1929 728 1954 deflexerunt.
748 1929 785 1954 Tu
804 1926 904 1960 ergom,
924 1929 945 1953 si
962 1929 1012 1953 iam
1031 1928 1118 1960 portas

266 1972 318 1998 sive
337 1973 489 2004 professione
509 1972 597 2004 aperta
622 1972 647 1997 et
666 1972 784 2003 solemni,
804 1972 855 1997 sive
875 1972 971 1997 occulto
990 1972 1119 2003 proposito

265 2016 351 2047 iugum
371 2016 481 2045 Domini,
501 2016 526 2040 id
539 2015 578 2040 est
596 2015 718 2046 Regulam
735 2022 914 2046 quamcumque
931 2022 975 2046 per
997 2015 1118 2046 Spiritum

266 2059 381 2083 sanctum
400 2066 415 2083 a
439 2058 559 2083 Patribus
583 2058 742 2088 institutam3
769 2059 790 2083 si
808 2058 833 2083 te
855 2058 1040 2089 praedictorum
1065 2065 1118 2083 ver-

266 2103 341 2126 mium
362 2101 535 2133 suggestiones
553 2101 677 2132 incipiunt
693 2100 833 2130 corrodere,
851 2100 950 2125 imitare
969 2108 1056 2125 vaccas
1081 2101 1119 2126 al-

264 2143 452 2177 101111111011111111
473 2144 604 2176 portantes
623 2151 706 2169 arcam
719 2144 833 2174 Domini3
852 2144 925 2169 redde
938 2144 1076 2175 mugitum,
1094 2144 1119 2168 id

702 212 900 241 OPUSCULUM
922 212 952 240 X.
975 211 1062 239 VlTlS
1082 210 1233 239 MYSTICA.
1256 211 1519 241 ADDITA'MENTUM
1540 211 1582 240 IV.

1170 289 1208 314 est
1226 289 1326 320 signum
1339 289 1456 320 affectus,
1470 290 1516 315 hoc
1528 290 1579 320 est,
1593 290 1706 319 condole,
1724 290 1878 321 compatere,
1895 292 2022 317 consolare

1169 339 1210 356 eos
1232 332 1275 363 qui
1292 332 1405 357 naturali
1422 340 1505 358 amore
1524 333 1570 357 tibi
1591 333 1716 358 coniuncti
1736 332 1809 363 sunt3
1835 333 1877 358 sed
1900 334 2022 360 nihilomi-

1169 382 1217 400 nus
1236 382 1309 400 serva
1331 376 1398 400 viam
1415 375 1554 407 inceptam,
1574 376 1620 401 1109
1638 376 1689 406 951,
1709 376 1799 407 perfice
1820 377 1912 402 bonum
1936 385 2024 410 propo-

1170 418 1260 448 situm,
1277 418 1405 450 dirigendo
1425 419 1499 450 pedes
1517 419 1574 444 tuos
1593 426 1681 444 versus
1700 419 1861 449 Bethsames,
1875 427 1963 446 versus
1982 421 2023 446 do-

1169 468 1240 486 mum
1259 461 1323 486 solis
1336 460 1364 493 ¹²,
1383 461 1430 487 boc
1448 462 1487 486 est
1505 462 1537 486 ad
1555 462 1686 487 caelestem
1705 462 1826 493 patriam,
1845 463 1889 488 ubi
1901 463 1940 488 est
1958 471 2023 489 sum-

1170 512 1211 529 ma
1230 504 1255 529 et
1274 504 1415 535 spiritualis
1433 504 1556 530 habitatio
1575 505 1635 530 solis
1654 505 1746 536 nostri,
1766 505 1865 531 Domini
1884 506 1954 537 Iesu,
1981 508 2023 539 qui

1170 548 1209 573 est
1227 548 1267 573 3οΖ
1286 548 1401 573 iustitiae
1414 545 1447 580 ¹³,
1466 549 1508 579 qui
1526 549 1551 573 in
1570 548 1615 573 illa
1628 548 1698 574 domo
1719 548 1784 573 lucet
1802 549 1830 574 in
1848 550 1942 575 virtute
1959 557 2024 583 sua,

1170 591 1288 616 habitans
1309 590 1391 615 lucem
1408 591 1613 616 inaccessibilem.
1633 591 1672 616 Sic
1690 591 1752 616 sunt
1769 592 1866 617 odiendi
1884 593 1970 623 amici,
1992 593 2023 618 ut

1170 634 1275 659 affectus
1293 634 1385 658 amoris
1404 641 1464 665 erga
1476 634 1533 659 illos
1552 634 1726 664 conservetur;
1740 634 1775 659 sic
1794 635 1854 659 sunt
1866 635 1891 660 et
1910 636 2023 667 amandi,

1170 677 1200 702 ut
1219 684 1304 702 eorum
1322 684 1393 702 amor
1412 684 1569 708 nequaquam
1588 677 1667 701 amori
1689 677 1734 702 Dei
1754 677 1919 708 praeferatur.
1942 679 2023 705 Immo

1171 727 1215 745 nec
1228 720 1325 744 animae
1344 720 1445 744 nostrae
1458 720 1610 745 commodum
1630 720 1767 751 temporale
1780 722 1859 746 amori
1871 721 1939 747 illius
1952 729 2025 753 prae-

1171 763 1235 788 ferre
1254 763 1384 792 debemus,
1404 763 1447 787 sed
1465 763 1585 794 tanquam
1598 763 1678 788 odisse
1697 764 1793 788 animas
1811 764 1913 789 nostras
1925 763 1945 776 ¹¹¹
1963 765 2025 791 affli-

1171 806 1251 838 gendo
1269 806 1327 830 illas
1345 806 1457 836 ieiuniis,
1476 806 1582 837 vigiliis,
1606 806 1827 837 castigationibus,
1846 807 1875 832 ut
1894 808 2024 834 doceamus

1172 857 1214 874 eas
1233 849 1361 874 dominicis
1380 849 1477 874 obedire
1498 849 1646 880 praeceptis.
1665 849 1714 874 Eos
1727 857 1837 881 quoque,
1857 858 1961 882 quorum
1973 852 2024 877 ino-

1172 893 1239 924 piam
1259 892 1375 924 supplere
1399 899 1528 924 possemus
1546 893 1572 917 in
1592 892 1689 917 saeculo
1715 894 1895 924 permanendo,
1916 895 1937 919 91
1961 902 2024 920 com-

1172 936 1344 961 mendabimus
1364 936 1560 965 conservandos,
1580 936 1622 967 qui
1641 936 1679 960 est
1691 936 1748 961 Rex
1766 935 1893 969 aequmst,
1909 937 1977 963 dives
1996 938 2025 963 in

1173 986 1270 1010 omnes,
1291 979 1337 1010 qui
1355 979 1476 1003 invocant
1494 978 1581 1009 tinen,
1601 978 1713 1008 orantes,
1733 978 1860 1004 uteorum
1879 979 1975 1005 statum
1988 981 2024 1006 ita

1172 1022 1306 1054 gubernet,
1327 1022 1392 1047 sicut
1410 1021 1458 1047 scit
1476 1029 1560 1046 eorum
1580 1022 1657 1046 saluti
1676 1022 1798 1053 expedire.

1245 1065 1287 1090 78.
1307 1065 1422 1090 Ceterum
1435 1073 1531 1090 vermes
1545 1065 1708 1097 suggerentes
1720 1066 1894 1091 austeritatem
1907 1067 1974 1092 vitae
1986 1075 2026 1093 re-

1171 1109 1269 1140 gularis
1281 1109 1398 1134 velociter
1411 1108 1574 1138 necabuntur,
1589 1109 1610 1133 si
1622 1108 1731 1133 mentem
1748 1109 1861 1134 nostram
1874 1110 1985 1142 myrrha,
1999 1111 2024 1136 id

1173 1151 1211 1176 est
1234 1151 1400 1176 amaritudine
1428 1151 1563 1176 dominicae
1592 1152 1727 1182 passionis,
1757 1153 1927 1178 curaverimus
1951 1154 2026 1179 inun-

1172 1202 1238 1226 gere,
1252 1195 1291 1219 cui
1304 1195 1422 1226 quidquid
1435 1194 1489 1225 pati
1502 1194 1639 1225 poterimus
1649 1192 1669 1206 ¹⁰
1681 1195 1854 1226 comparatum
1870 1196 1915 1221 aut
1927 1204 2025 1228 parum,

1173 1237 1219 1262 aut
1237 1237 1299 1261 nihil
1319 1237 1413 1268 poterit
1431 1237 1568 1262 aestimari.
1582 1237 1646 1262 Sunt
1664 1238 1748 1263 autem
1765 1238 1791 1263 111
1810 1246 1907 1264 vermes
1921 1241 2025 1266 maxime

1173 1279 1310 1311 importuni
1329 1280 1457 1311 proposito
1476 1280 1607 1311 virginali,
1627 1287 1654 1305 eo
1673 1281 1738 1312 quod
1763 1282 1883 1313 magister
1902 1284 2024 1308 vermium

1173 1323 1324 1352 Beelzebub,
1344 1323 1387 1354 qui
1412 1322 1529 1354 primitus
1548 1322 1628 1347 Evam
1652 1324 1775 1355 virginem
1793 1324 1883 1350 leviter
1907 1326 2025 1357 supplan-

1173 1366 1239 1391 tavit
1249 1364 1277 1396 ¹⁷,
1297 1373 1322 1391 se
1341 1366 1412 1391 modo
1431 1367 1485 1391 iure
1503 1366 1586 1391 doleat
1605 1374 1620 1391 a
1637 1367 1792 1398 virgunculis
1805 1368 1936 1401 utriusque
1953 1377 2025 1395 sexus

1173 1409 1248 1434 toties
1261 1409 1431 1441 supplantari.
1444 1424 1479 1427 —-
1491 1409 1553 1435 Vide
1566 1417 1625 1441 ergo
1637 1410 1662 1434 et
1675 1411 1791 1441 praevide
1803 1411 1828 1436 et
1841 1419 1961 1443 praecave
1973 1420 2026 1438 ver-

1174 1460 1225 1478 mes
1245 1453 1291 1477 tibi
1303 1453 1462 1482 insidiantes,
1482 1453 1553 1484 virgo
1567 1453 1674 1483 Christi;
1695 1455 1811 1485 quoniam
1825 1462 1880 1480 cum
1899 1455 1935 1486 te,
1950 1463 2026 1488 quan-

1174 1496 1252 1527 doque
1271 1496 1303 1520 ad
1322 1496 1502 1527 plenitudinem
1522 1496 1585 1521 casti
1602 1497 1649 1521 lilii
1668 1498 1859 1528 perventurum,
1878 1499 1929 1523 iam
1947 1507 2025 1531 usque

1174 1540 1205 1564 ad
1224 1540 1341 1564 truncum
1370 1539 1428 1564 boni
1447 1539 1569 1570 propositi
1596 1540 1687 1564 viderit
1706 1540 1850 1571 profecisse,
1875 1542 1974 1567 emittet
1998 1543 2025 1568 in

1174 1583 1281 1608 mentem
1301 1583 1371 1607 tuam
1396 1590 1493 1608 vermes
1515 1583 1704 1615 suggestionum
1729 1584 1882 1615 nocentium,
1905 1585 2026 1618 tanquam

1173 1626 1210 1651 ita
1228 1626 1337 1651 dicentes
1348 1624 1380 1650 ¹⁸:
1401 1625 1465 1655 Quid
1483 1626 1557 1658 agis?
1582 1626 1704 1656 Quorsum
1724 1626 1882 1652 deflecteris?
1906 1628 2027 1661 Nunquid

1173 1669 1259 1694 florem
1277 1669 1416 1694 iuventutis
1435 1669 1493 1694 tuae
1518 1670 1557 1694 vis
1576 1669 1755 1701 exstinguere?
1780 1670 1901 1702 Nunquid
1922 1671 2028 1697 dulcedi-

1173 1720 1230 1737 nem
1249 1712 1374 1737 maritalis
1392 1712 1495 1743 copulae
1507 1719 1557 1738 non
1570 1713 1609 1737 vis
1622 1713 1728 1743 experiri
1738 1710 1776 1737 ¹⁹?
1791 1713 1912 1745 Nunquid
1930 1715 2026 1740 carissi-

1174 1763 1227 1781 mos
1244 1755 1310 1780 filjos
1329 1755 1354 1780 et
1372 1755 1438 1780 filias
1452 1755 1535 1780 solatii
1553 1755 1592 1780 tui
1605 1755 1630 1780 et
1648 1755 1715 1780 vitae
1734 1755 1791 1781 tuae
1811 1756 1960 1787 superstites
1973 1765 2024 1783 non

1173 1799 1298 1823 habebis?
1316 1798 1438 1830 Nunquid
1462 1798 1635 1823 ministrorum
1654 1798 1764 1823 fidelium
1790 1799 1892 1825 servitio
1909 1800 2026 1825 carebis?

1174 1842 1285 1867 Stultum
1305 1842 1344 1867 est
1362 1842 1420 1872 iter,
1442 1842 1507 1874 quod
1520 1842 1677 1873 aggrederis,
1696 1842 1795 1868 imitare
1818 1843 1935 1874 parentes
1954 1844 2025 1875 tuos,

1175 1886 1217 1917 qui
1235 1885 1260 1911 te
1278 1885 1429 1917 genuerunt.
1449 1885 1527 1917 Gigne
1546 1886 1571 1910 et
1590 1886 1619 1911 tu
1638 1886 1702 1911 filios
1722 1886 1746 1911 et
1766 1887 1900 1912 secundum
1924 1887 2025 1913 iustitu-

1174 1929 1267 1954 tionem
1286 1929 1433 1954 dominicam
1446 1929 1559 1961 coniugio
1578 1929 1672 1960 fruere,
1692 1930 1776 1961 quide
1795 1930 1936 1962 virginibus
1953 1938 2026 1963 prae-

1175 1972 1275 2003 ceptum
1294 1979 1344 1997 non
1363 1972 1438 1997 dedit.

1248 2015 1289 2040 79.
1308 2015 1426 2040 Insidiosi
1445 2023 1541 2040 vermes
1560 2015 1620 2040 sunt
1638 2015 1676 2045 hi,
1697 2023 1710 2041 o
1729 2017 1800 2048 virgo
1820 2016 1928 2047 Christi,
1947 2017 1974 2042 in
1986 2024 2025 2042 cu-

1174 2058 1213 2082 ius
1232 2057 1319 2082 faciem
1333 2058 1378 2082 tibi
1392 2057 1572 2089 respiciendum
1591 2057 1640 2088 est,
1661 2058 1682 2082 si
1701 2058 1746 2083 hos
1765 2059 1893 2084 curaveris
1912 2059 2024 2084 evadere.

1175 2101 1328 2132 Diligentius
1345 2100 1443 2125 intuere
1453 2098 1481 2130 ²⁰,
1495 2101 1550 2132 quis
1570 2100 1603 2125 sit
1622 2101 1694 2126 Iesus
1708 2101 1835 2132 Christus,
1850 2109 1863 2127 o
1882 2102 1965 2127 anima
1978 2103 2026 2127 vir-

1175 2144 1280 2175 ginalis;
1294 2143 1380 2168 utrum
1398 2144 1481 2175 virgo,
1495 2144 1534 2168 vel
1553 2144 1700 2175 coniugata,
1720 2144 1749 2169 de
1763 2152 1812 2176 qua
1830 2145 1920 2175 natus;
1939 2145 2026 2170 utrum

328 2292 335 2305 ¹
354 2293 384 2315 Ex
402 2293 420 2315 A
437 2293 599 2321 supplevimus
616 2293 685 2315 inum
707 2294 734 2315 el.
758 2293 852 2315 Inferius
876 2299 958 2315 vocem
981 2295 1042 2317 cerie
1059 2294 1113 2316 Bon.

265 2331 319 2347 cum
336 2324 373 2346 ed.
392 2325 400 2346 ¹1
423 2324 552 2352 transponit
569 2326 622 2352 post
638 2323 682 2346 rel.

328 2355 336 2368 2
355 2356 424 2383 Epist.
441 2356 456 2377 1.
474 2357 533 2378 loan.
553 2356 578 2383 3,
598 2356 634 2377 117.
646 2368 677 2372 —
689 2355 801 2383 Superius
819 2362 861 2383 pro
873 2354 1000 2385 reliqueris
1018 2356 1039 2378 et
1051 2355 1114 2379 clau-

265 2387 325 2410 seris
344 2387 387 2415 (ita
404 2387 432 2416 A)
451 2387 487 2409 ed.
507 2388 515 2409 il
538 2389 559 2409 et
576 2387 632 2409 Bon.
650 2386 774 2416 reliquisse
791 2386 904 2410 videberis
922 2389 944 2410 et
961 2387 1083 2410 9191131339.

327 2417 336 2430 ³
354 2418 399 2441 Csr.
418 2420 431 2441 l.
449 2418 502 2441 Cor.
520 2418 560 2445 13,
580 2418 600 2440 ἸΙ.
615 2425 680 2447 seqq.
691 2430 723 2435 —
734 2419 829 2441 Inferius
847 2425 889 2446 pro
906 2418 1015 2442 salvares
1033 2418 1073 2448 (ita
1086 2418 1112 2447 A)

264 2450 318 2472 Bon.
337 2456 391 2472 cum
408 2450 445 2472 ed.
464 2450 471 2471 ’1
493 2455 611 2472 servares.

328 2481 337 2493 ¹
356 2481 415 2503 Vide
440 2482 517 2503 lllatth.
544 2481 586 2508 25,
613 2480 651 2503 34.
676 2487 742 2510 seqq.
760 2493 790 2497 —
808 2481 920 2509 Superius
942 2484 994 2509 post
1011 2481 1116 2511 relinqui

264 2513 321 2535 Bon.
338 2518 391 2535 cum
410 2513 446 2535 ed.
465 2513 490 2539 Ἰ,
515 2513 646 2540 refragante
669 2513 699 2539 A,
725 2513 888 2541 prosequitur:
908 2512 971 2540 Quin
993 2514 1016 2536 et
1036 2512 1114 2542 inagis

265 2543 375 2573 operibus
386 2543 564 2567 misericordiae
576 2543 807 2567 commendabuntur
825 2547 868 2566 etc.
881 2544 975 2567 Inferius
990 2551 1033 2572 pro
1046 2551 1115 2574 quae-

264 2581 307 2598 ras
325 2575 369 2603 (ita
386 2575 413 2604 A)
431 2575 469 2598 ecl.
490 2575 498 2597 i
520 2578 542 2597 et
559 2576 615 2597 Bon.
633 2575 737 2604 qnaeris.

328 2606 337 2618 ⁵
354 2606 399 2630 Cl'r.
417 2607 446 2629 de
463 2607 578 2634 Dignitate
589 2607 725 2629 sacerdotali
744 2607 815 2635 (inter
827 2613 898 2634 opera
910 2606 1045 2636 Ambrosii),
1058 2613 1078 2630 9.
1091 2608 1112 2630 3.

265 2651 295 2653 -
312 2638 407 2660 Inferius
424 2641 476 2666 post
489 2638 597 2667 parcitas
615 2638 633 2660 A
651 2638 715 2660 addit
731 2637 806 2661 nimia
823 2641 845 2661 et
859 2639 943 2661 omittit
954 2638 1051 2661 ieiunia.

328 2668 337 2682 ὃ
355 2670 425 2697 Epist.
443 2670 466 2692 ll.
483 2669 536 2692 Cor.
555 2670 591 2697 Η,
609 2670 651 2691 26:
670 2670 779 2692 Periculis
796 2670 817 2692 in
837 2670 897 2692 falsis
914 2669 1030 2693 fratribus.

329 2700 337 2712 ⁷
355 2701 411 2723 Cod.
428 2701 447 2723 A
464 2700 616 2724 corrodentes
634 2702 655 2724 et
671 2707 797 2731 utinquam
822 2701 985 2725 clemorclentes
1008 2701 1114 2724 omnino.

266 2731 435 2755 Resistendum.

329 2762 338 2775 Β
355 2764 411 2786 Luc.
432 2763 471 2791 14,
484 2764 523 2792 26,
542 2763 582 2786 ubi
595 2770 637 2792 pro
654 2770 702 2787 aon
714 2765 748 2787 est
764 2770 801 2786 me
819 2763 906 2794 dianus
918 2764 969 2793 (cfr.
987 2765 1063 2786 Matth.
1081 2764 1114 2790 10,

266 2794 313 2823 37.)
331 2795 386 2817 Bon.
404 2801 457 2817 cum
480 2795 579 2823 Vulgata
602 2801 652 2818 mm
671 2797 749 2825 potest
763 2801 831 2818 ‘meus
853 2802 903 2819 esse
928 2795 1067 2825 discipulus.
1084 2807 1115 2812 —

265 2826 377 2853 Superius
394 2832 436 2854 pro
455 2825 607 2849 indiscretam
618 2826 743 2850 caritatem
761 2827 804 2856 (ita
822 2826 849 2855 A)
868 2827 923 2850 Bon.
935 2833 989 2850 cum
1002 2827 1038 2849 ed.
1058 2827 1065 2849 i
1082 2826 1115 2850 iiz-

265 2856 365 2880 discrete
381 2857 439 2880 adeo
457 2857 590 2881 caritatem.

329 2887 339 2900 9
356 2887 400 2911 Csr.
418 2890 434 2911 Ι,
450 2889 507 2917 Reg.
525 2889 550 2916 6,
567 2889 589 2911 7.
607 2895 673 2918 seqq.
686 2902 715 2905 —
729 2889 832 2912 Subinde
850 2896 892 2917 pro
910 2895 965 2913 cum
982 2891 1059 2913 essent
1075 2889 1114 2919 (ita

266 2919 293 2948 Α)
312 2919 349 2942 ed.
370 2921 375 2941 1
398 2922 420 2942 et
436 2920 492 2942 Bon.
510 2919 567 2943 [Iam
584 2922 668 2944 essent.

327 2950 348 2963 ¹⁰
364 2951 395 2973 lta
412 2951 443 2978 A;
460 2951 516 2973 Bon.
533 2957 586 2974 cum
604 2952 641 2974 ed.
663 2953 668 2973 Ι
692 2952 727 2974 Tu
743 2957 808 2975 vero.

328 2981 347 2994 ¹¹
365 2984 474 3011 August,
491 2983 593 3005 Enarrat.
610 2983 632 3005 in
650 2984 686 3006 Ps.
703 2983 741 3006 55.
752 2990 774 3005 n.
793 2984 818 3006 3:
830 2982 1027 3013 Allophylorum,
1045 2983 1069 3005 id
1081 2986 1116 3006 est

263 3013 454 3042 alienigenarum.

1235 2292 1255 2305 ¹2
1272 2293 1376 2320 Hieron.‚
1393 2293 1422 2315 de
1439 2292 1556 2315 Nominib.
1573 2292 1702 2320 Hebraicis,
1715 2293 1745 2315 de
1758 2294 1789 2316 ΙΙΙ.
1802 2294 1860 2322 Reg.
1877 2293 2025 2323 Betltsames,

1172 2324 1257 2347 domus
1273 2325 1336 2347 solis.
1352 2337 1383 2340 »—
1400 2323 1455 2347 Cod.
1474 2325 1491 2346 A
1509 2323 1533 2346 id
1550 2326 1585 2347 est
1600 2330 1684 2347 versus
1701 2324 1799 2347 dom-um
1816 2324 1881 2348 solis.

1235 2354 1254 2368 ¹³
1271 2356 1365 2378 Malaeb.
1384 2355 1409 2383 4,
1428 2357 1449 2378 ⁵2.
1467 2368 1497 2372 —
1515 2355 1618 2378 Subinde
1635 2356 1762 2384 allegantur
1779 2357 1851 2384 Apoc.
1874 2357 1895 2384 11,
1916 2357 1953 2379 16.
1971 2359 1992 2379 et
2010 2357 2025 2379 Ι.

1171 2388 1232 2409 Τ1111.
1250 2388 1276 2414 6,
1299 2388 1332 2409 16.
1349 2399 1380 2403 —-
1398 2388 1420 2409 ln
1443 2393 1492 2416 seq.
1509 2387 1667 2415 propositione
1690 2394 1732 2415 pro
1756 2387 1849 2410 odiendi
1871 2388 1889 2410 A
1907 2387 2024 2411 substituit

1171 2418 1283 2445 evitandi,
1301 2421 1324 2440 et
1340 2418 1439 2441 subinde
1456 2425 1498 2446 pro
1513 2420 1535 2442 et
1550 2418 1650 2441 arnandi
1666 2419 1731 2447 ponit
1745 2418 1846 2441 odiendi.

1235 2449 1255 2462 ¹⁴
1273 2451 1333 2472 ioan.
1355 2450 1391 2477 12,
1410 2450 1452 2472 25:
1476 2450 1520 2478 Qui
1542 2450 1591 2472 odit
1608 2451 1709 2472 animam
1732 2456 1798 2472 suain
1822 2451 1845 2472 in
1867 2451 1911 2473 hoc
1937 2451 2024 2473 mundo

1171 2482 1195 2503 in
1212 2482 1284 2503 vitam
1306 2483 1424 2503 aeternam
1442 2481 1542 2504 custodit
1564 2488 1624 2504 eam.
1641 2494 1672 2497 —
1690 2482 1802 2510 Superius
1819 2487 1846 2504 ex
1863 2482 1881 2504 A
1904 2482 2024 2510 supplevi-

1172 2519 1224 2535 mus
1242 2512 1379 2542 temporale.

1235 2543 1254 2556 ¹⁵
1272 2545 1343 2572 Epist.
1361 2545 1375 2566 l.
1394 2544 1454 2566 Tim.
1472 2544 1499 2570 6,
1518 2544 1559 2571 15,
1577 2546 1629 2572 post
1645 2550 1715 2573 quem
1729 2545 1798 2566 Rom.
1816 2544 1856 2571 lO,
1880 2545 1918 2567 112.
1934 2557 1965 2561 —
1983 2545 2025 2567 Su-

1173 2575 1252 2603 perius
1270 2582 1311 2603 pro
1329 2575 1376 2598 Eos
1399 2581 1492 2605 [scioque
1508 2576 1526 2598 A
1548 2575 1594 2599 Eos
1612 2581 1680 2605 erqo,
1698 2578 1721 2598 et
1738 2582 1781 2604 pro
1800 2575 1912 2605 supplere
1935 2576 1979 2605 (ita
1995 2576 2024 2605 A)

1173 2608 1231 2630 Bon.
1247 2613 1301 2629 911111
1319 2607 1355 2629 ed.
1377 2608 1382 2628 l
1404 2606 1511 2636 implere.

1236 2638 1256 2651 ¹⁵
1274 2639 1303 2661 lta
1322 2640 1352 2665 A;
1370 2638 1425 2660 Bon.
1443 2644 1497 2660 911111
1514 2638 1552 2660 ed.
1573 2638 1580 2660 Ἰ1
1602 2637 1758 2667 potuer-nnus.

1237 2669 1255 2682 ¹⁷
1273 2669 1318 2693 Csr.
1336 2670 1391 2692 Gen.
1410 2670 1436 2697 3,
1455 2670 1475 2691 il.
1493 2676 1558 2698 seqq.

1236 2700 1255 2713 ¹⁸
1273 2702 1303 2724 lta
1320 2701 1351 2728 A;
1370 2701 1425 2723 Bon.
1442 2707 1504 2723 cum.
1521 2701 1558 2723 ed.
1581 2701 1606 2723 fl:
1623 2701 1691 2728 virgo
1708 2700 1799 2723 Christi.
1816 2700 1875 2724 Cum
1890 2701 1952 2723 enim
1968 2707 2024 2724 nou-

1172 2739 1292 2761 nunquam
1310 2733 1430 2760 cogitaris,
1442 2735 1465 2755 te
1476 2732 1506 2755 ad
1521 2733 1646 2760 perfectam
1664 2734 1775 2754 staturam
1793 2733 1848 2755 casti
1866 2732 1904 2754 lilii
1917 2735 1956 2755 aut
1973 2739 2024 2761 per-

1172 2765 1265 2787 venisse
1282 2765 1339 2791 iam,
1356 2767 1395 2786 aut
1413 2764 1477 2786 tacite
1495 2767 1673 2792 perventurum,
1691 2766 1772 2786 excute
1789 2770 1815 2786 ac
1832 2764 1921 2792 depelle
1938 2763 1981 2786 abs
2002 2766 2024 2786 te

1172 2802 1265 2818 vermes
1284 2796 1340 2818 istos
1361 2795 1538 2823 suggestionum
1560 2795 1680 2817 noxiarum
1705 2798 1727 2817 et
1750 2795 1920 2818 imminentium
1942 2797 2024 2818 trunco

1172 2827 1259 2855 pariter
1276 2830 1298 2850 et
1314 2827 1386 2849 radici
1403 2827 1436 2849 tui
1454 2827 1493 2849 lilii
1510 2826 1599 2855 tibique
1616 2832 1658 2854 per
1675 2827 1848 2854 suggestionem
1867 2827 2001 2849 dicentium.

1236 2857 1255 2870 ¹⁴³
1273 2859 1327 2881 Bon.
1345 2864 1398 2881 cum
1416 2858 1452 2881 ed.
1472 2858 1480 2880 Ἰ
1502 2861 1581 2880 contra
1597 2858 1615 2881 A
1632 2863 1680 2880 non
1697 2857 1836 2887 ewperieris.

1235 2889 1255 2902 ²⁰
1272 2891 1302 2912 lta
1320 2890 1349 2917 A;
1367 2890 1423 2912 Bon.
1441 2895 1494 2912 cum
1518 2890 1554 2912 ed.
1573 2890 1581 2911 l
1596 2897 1601 2911 z
1619 2889 1644 2912 in
1669 2895 1773 2918 quorum
1794 2889 1879 2918 faciem
1896 2894 2023 2918 conspuen-

1172 2920 1230 2943 dum
1253 2922 1287 2944 est
1308 2920 1355 2944 tibi.
1374 2921 1402 2944 Si
1423 2920 1465 2944 has
1488 2920 1612 2944 curaveris
1634 2920 1745 2948 evadere,
1764 2920 1899 2950 diliyentizts
1916 2920 2022 2948 intuere,

1172 2952 1211 2981 qui
1224 2952 1292 2975 etiam
1310 2952 1409 2975 subinde
1426 2952 1509 2974 omittit
1525 2953 1610 2975 utrum
1627 2951 1702 2981 virqo,
1719 2951 1756 2975 vel
1773 2952 1912 2981 conz'thata,
1930 2951 1957 2974 de
1972 2957 2021 2981 qua

1172 2984 1243 3006 natus
1261 2986 1283 3006 et
1299 2985 1383 3006 ulrum
1401 2983 1529 3013 virginem,
1547 2983 1583 3006 rel
1599 2983 1761 3013 conz‘uyntwn.

2041 1074 2085 1094 item
2096 1072 2129 1098 cc'a

2045 1099 2123 1121 secund.

2041 1415 2114 1435 Hormi<

2040 2022 2116 2042 Continn
2124 2010 2133 2042 1·
