2133 3317
133 827 247 847 Notandum.

138 2196 208 2215 Variae
221 2200 250 2214 ra-

160 2220 226 2238 tiones.

262 229 318 258 360

263 307 298 335 ibi
322 306 417 343 plures
437 305 471 333 de
492 303 616 341 quolibet
636 309 737 339 genere
760 301 888 335 illorum,
913 300 947 329 ad
975 307 1045 336 quos
1072 300 1112 328 lo-

263 354 370 391 quitur,
391 352 448 381 sive
469 351 579 384 nullus,
601 352 633 378 ut
660 349 780 386 quisque
808 347 859 376 sibi
891 347 1018 376 conscius
1050 347 1112 375 talis

263 399 366 437 peccati
389 399 592 434 compungatur
613 398 640 424 et
661 395 690 423 in
711 402 740 423 se
761 393 957 428 confundatur,
976 396 1003 422 et
1017 393 1113 422 nullus

264 445 417 484 specialiter
438 443 566 472 notabilis
587 442 621 471 de
642 442 694 471 1100
716 441 858 475 reddatur,
880 448 963 478 quem
978 440 1041 469 facti
1057 440 1113 469 evi-

263 493 355 522 dentia
376 491 442 520 alias
463 499 518 519 non
539 490 604 519 facit
624 489 790 523 notabilem,
815 488 859 517 vel
887 488 935 525 qui
964 496 993 516 se
1020 487 1113 524 ipsum

263 548 317 569 non
339 538 431 576 prodit
446 545 505 567 esse
521 545 617 571 reum,
633 536 683 565 sibi
699 535 862 565 ascribendo
877 535 1033 572 specialiter
1048 542 1112 563 cum

264 594 411 615 murmure
432 585 507 623 quod
527 584 694 622 generaliter
709 583 814 612 dictum
829 585 936 612 constat
950 583 1030 611 iuxta
1045 582 1113 611 illud

264 636 360 670 poetae
372 634 398 661 1;

391 733 501 757 Conscius
518 733 569 761 ipse
585 733 621 755 sui
639 733 668 755 de
685 738 710 755 se
728 734 793 760 putat
809 732 887 755 omnia
904 732 956 755 dici.

265 819 434 849 Correctioni
456 819 529 848 enim
550 821 578 847 et
608 817 789 847 aedificationi
822 820 930 846 tantum
962 817 1043 846 debet
1073 817 1114 845 in-

265 867 378 896 tendere
400 866 496 895 doctor
517 866 621 899 fidelis,
654 873 707 894 non
740 864 894 894 confusioni
926 864 969 893 vel
999 863 1114 892 infama-

264 915 331 943 tioni
353 914 471 943 alicuius
492 913 645 950 praesentis
660 912 702 941 vel
717 911 846 941 absentis.
863 911 1035 948 Ubicumque
1049 918 1115 947 ergo

264 961 464 999 praesumitur,
486 960 561 997 quod
575 960 676 997 aliquis
691 959 846 996 specialiter
860 958 894 987 de
909 962 1021 995 peccato
1036 958 1115 994 priils

265 1009 404 1046 incognito
425 1008 485 1037 aliis
506 1016 543 1036 ex
572 1006 775 1044 praedicatione
806 1005 939 1034 reddatur
969 1005 1114 1039 notabilis,

265 1056 339 1086 unde
360 1058 450 1093 potest
470 1055 538 1084 oriri
560 1062 710 1091 gravamen
740 1053 783 1082 vel
811 1052 987 1086 scandalum;
1017 1052 1116 1080 melius

267 1107 308 1134 est
329 1107 421 1132 tacere
442 1105 469 1131 et
490 1102 543 1130 alia
564 1100 751 1130 aedificatoria
771 1100 859 1137 magis
879 1099 964 1136 loqui.
981 1099 1033 1135 Qui
1048 1107 1116 1127 vero

265 1151 356 1180 facere
378 1149 521 1179 consuevit
543 1148 729 1182 contrarium,
751 1150 799 1176 aut
820 1146 1040 1179 contentiosum,
1068 1148 1117 1174 aut

266 1197 407 1231 invidum,
429 1198 478 1225 aut
498 1194 703 1232 imprudentem
725 1202 754 1222 se
782 1193 968 1227 demonstrat,
997 1195 1045 1221 aut
1070 1200 1117 1220 va-

265 1252 317 1273 nae
338 1244 442 1281 glorIae
463 1242 611 1279 cupidum,
634 1241 699 1278 qui,
722 1242 808 1270 0111112
830 1248 884 1269 11011
907 1239 1018 1268 aliunde
1046 1241 1118 1268 esset

266 1294 396 1328 acceptus
417 1289 491 1327 apud
512 1289 667 1322 hominem,
689 1296 725 1317 ex
740 1288 857 1316 aliorum
875 1287 986 1315 infamia
1000 1286 1117 1324 gloriam

267 1338 317 1368 51111
339 1337 457 1375 quaerit.
480 1337 567 1373 Quem
582 1335 775 1364 confundendo
790 1342 955 1371 exasperas,
971 1334 1046 1362 bunc
1061 1336 1117 1362 tar-

267 1386 329 1415 dius
350 1385 478 1414 aedificas
498 1386 525 1412 et
547 1383 671 1412 rancoris
692 1382 790 1411 aculeo
811 1382 950 1411 vulneras.

592 1478 732 1514 QUAEsrlo
754 1476 793 1504 111.

270 1573 330 1603 Cur
347 1574 469 1602 Fratres
483 1572 523 1601 ad
537 1572 634 1610 officia
646 1570 879 1609 praedicationis
890 1574 915 1599 et
926 1569 1118 1607 confessionis

361 1624 422 1649 tam
443 1620 559 1648 iuvenes
580 1623 606 1648 et
626 1619 805 1647 immaturos
823 1620 1023 1655 promoveam.

346 1714 415 1743 Cum
438 1714 465 1743 in
487 1713 691 1751 praedicatione
722 1715 749 1741 et
781 1711 952 1741 confessione
982 1710 1119 1739 audienda

266 1762 355 1791 multa
376 1761 411 1790 sit
425 1760 554 1790 discretio
569 1759 725 1788 necessaria
739 1762 766 1787 et
780 1758 880 1795 peritia
894 1758 1118 1794 Scripturarum,

268 1817 355 1847 quare
376 1808 411 1837 ad
432 1808 500 1837 haec
521 1807 612 1836 officia
643 1809 697 1835 tam
730 1806 859 1840 iuvenes,
888 1808 920 1834 ut
951 1805 1070 1839 videtur,
1092 1807 1120 1833 et

268 1856 433 1885 immaturos
454 1854 639 1892 promovetis,
662 1853 710 1891 qui
732 1856 759 1882 et
780 1853 831 1882 sibi
853 1855 880 1881 et
895 1852 955 1881 aliis
969 1851 1119 1889 aliquando

266 1903 360 1932 minus
381 1905 499 1940 prosunt
520 1905 547 1930 et
568 1901 685 1930 fortasse
705 1901 788 1929 etlam
810 1900 927 1934 obsunt,
944 1899 1051 1928 cumin
1065 1899 1120 1928 cle-

267 1951 333 1979 ricis
353 1950 414 1979 aliis
434 1950 487 1978 1100
508 1948 714 1986 reprehendere
733 1947 843 1977 soleatis
857 1947 1014 1976 ammarum
1030 1949 1119 1975 recto-

268 1997 347 2026 ribus
362 1999 373 2024 ?

347 2043 515 2080 Respondeo.
538 2042 612 2071 Licet
643 2040 815 2078 aliquando3
846 2040 939 2069 iunior
970 2039 1119 2068 litteratior

268 2091 304 2120 sit
324 2094 352 2120 et
372 2090 459 2127 magis
479 2090 617 2119 discretus
638 2096 722 2126 quam
744 2088 845 2122 senior,
867 2090 895 2116 et
914 2087 998 2116 facies
1012 2086 1119 2115 iuveni—

268 2138 302 2167 lis
323 2137 434 2174 saepius
454 2137 586 2165 maiorem
609 2136 679 2165 celet
699 2138 832 2169 aetatem,
853 2137 881 2163 et
901 2142 1012 2162 morum
1028 2136 1120 2162 matu-

270 2185 338 2214 ritas
359 2184 456 2213 aetatis
476 2183 612 2213 defectum
635 2182 776 2219 suppleat3
802 2181 830 2209 in
858 2180 1000 2218 plerisque
1028 2182 1119 2208 tamen

269 2232 353 2261 etIam
373 2234 488 2268 propter
509 2231 561 2259 hoc
583 2229 729 2267 aliquoties
750 2228 784 2257 ad
805 2228 874 2256 haec
894 2227 984 2256 officia
1009 2235 1120 2264 promo-

270 2286 369 2308 vemus
390 2278 528 2312 iuniores,
551 2280 583 2306 ut
604 2277 715 2305 interim
736 2275 843 2304 discant
864 2282 914 2312 per
936 2274 1119 2308 exercitium,

270 2326 351 2364 quia,
373 2333 437 2355 cum
458 2325 552 2354 vident
572 2332 601 2353 se
622 2324 656 2352 ad
677 2323 745 2352 haec
766 2322 857 2351 officia
877 2324 1031 2356 assumtos,
1059 2321 1120 2349 dili-

270 2373 380 2411 gentius
401 2372 528 2406 student,
550 2371 598 2408 qui
620 2371 687 2399 alias
708 2369 780 2399 forte
802 2369 944 2406 segniores
971 2371 1064 2397 essent
1091 2368 1119 2396 in

270 2419 406 2450 studendo
427 2421 455 2448 et
475 2418 568 2447 minus
588 2417 765 2455 proficerent.
797 2416 887 2445 Minus
915 2416 997 2445 etiam
1025 2415 1119 2450 obest,

270 2467 291 2496 si
313 2467 406 2496 minus
426 2466 519 2495 adhuc
539 2464 653 2502 perfecti
675 2467 741 2493 sunt
762 2463 881 2500 promoti
893 2463 914 2497 4,
936 2463 1003 2491 dum
1024 2462 1121 2491 vivunt

270 2514 362 2543 adhuc
382 2513 520 2547 seniores,
542 2512 590 2550 qui
612 2519 659 2541 eos
680 2513 797 2548 possunt
818 2510 970 2539 informare
991 2509 1119 2539 0100111-

270 2569 336 2599 gere
356 2563 384 2590 et
404 2560 527 2589 defectus
548 2559 660 2588 illorum
681 2558 709 2586 in
731 2557 851 2586 consiliis
872 2557 1018 2594 supplere,
1034 2564 1118 2594 quam

271 2608 293 2636 si
314 2607 353 2636 illi
374 2607 524 2636 deficerent
545 2605 672 2643 penitus,
694 2607 722 2634 et
747 2611 829 2632 nemo
859 2611 906 2632 eos
937 2606 1004 2632 tunc
1035 2602 1119 2632 sciret

626 223 823 253 OPUSCULUM
845 222 908 250 XIII.
931 220 1240 250 DETERMINATIONES
1262 219 1504 257 QUAESTIONUM.
1525 219 1605 248 PARS
1626 219 1655 247 II.

1169 299 1324 333 instruere,
1347 299 1367 327 si
1398 301 1464 327 tunc
1496 298 1585 335 primo
1616 297 1765 326 exercitari
1796 297 1936 326 deberent.
1968 298 2018 326 Tot
2034 305 2114 329 uotam

1169 346 1251 375 etiam
1273 348 1338 374 sunt
1359 345 1535 382 requirentes
1556 353 1572 373 a
1586 344 1665 373 nobis
1680 343 1898 380 praedicatIOnes
1913 346 1940 372 et
1954 352 2018 373 con—

1169 392 1301 421 fessiones
1322 394 1348 420 et
1370 391 1499 425 consilia,
1528 391 1602 428 quod
1634 391 1757 419 seniores
1788 399 1843 419 non
1876 391 2019 419 sufficiunt

1169 440 1300 469 omnibus
1321 439 1486 468 satisfacere.
1508 438 1570 467 Ideo
1591 440 1716 474 oportet,
1737 445 1787 466 nos
1808 438 1841 466 de
1863 438 2019 467 iunioribus

1169 487 1293 524 aliquos,
1316 486 1363 523 qui
1385 488 1535 522 sperantur
1556 485 1662 519 idonei,
1685 492 1864 521 promovere,
1886 485 1933 522 qui
1949 493 2020 514 onus

1171 534 1312 563 seniorum
1335 533 1481 562 sublevent
1502 535 1529 560 et
1550 532 1708 568 petentibus
1730 531 1913 566 satisfaciant,
1935 536 2019 569 prout

1171 581 1270 610 sciunt.
1293 580 1424 617 Quamvis
1445 576 1560 607 autem⁵
1582 579 1691 607 nullum
1713 579 1831 607 scienter
1860 586 2020 615 promovea-

1171 636 1249 662 mus,
1271 635 1354 664 quem
1376 635 1431 655 non
1446 633 1591 662 speremus
1605 625 1751 659 idoneum,
1767 628 1858 654 tamen
1873 625 2021 662 aliquando

1171 675 1272 711 aliquis
1294 677 1404 711 praeter
1426 673 1596 702 voluntatem
1624 675 1748 701 nostram
1779 673 1872 701 minus
1900 672 2019 702 efficitur

1172 722 1263 755 utilis,
1285 721 1352 758 quia
1374 720 1461 749 multa
1483 722 1564 754 sunt,
1587 727 1658 757 quae
1686 719 1720 748 ad
1749 719 1923 748 idoneitatem
1953 720 2020 748 tanti

1172 768 1253 797 officii
1277 768 1473 805 requiruntur,
1495 770 1522 796 et
1543 767 1609 796 satis
1630 770 1672 795 est
1692 766 1819 801 difficile,
1840 767 1909 796 haec
1930 767 2022 796 omnia

1173 815 1255 845 simul
1277 815 1304 843 in
1326 815 1457 843 omnibus
1479 814 1605 851 reperiri.

1497 908 1636 944 QUAEsrto
1658 908 1699 936 IV.

1209 1003 1290 1039 Quas
1311 1002 1465 1041 qualitates
1487 1001 1592 1031 habere
1612 1002 1710 1030 debeat
1732 1002 1929 1031 assumendus
1950 1002 1990 1031 ad

1273 1050 1399 1088 officiam
1419 1049 1653 1087 praedicationis
1674 1052 1699 1077 et
1720 1048 1919 1086 confessionis.

1253 1144 1329 1180 Quae
1350 1147 1416 1172 sunt
1437 1151 1503 1180 ergo
1524 1143 1680 1172 necessaria
1701 1143 1739 1171 illi
1761 1143 1809 1180 qui
1831 1142 1865 1171 ad
1884 1142 2024 1180 praedica-
2109 1157 2111 1180 ,¹

1175 1192 1257 1220 tionis
1278 1194 1305 1220 et
1326 1191 1505 1220 confessionis
1526 1190 1648 1219 officium
1669 1193 1711 1219 est
1731 1190 1940 1219 assumendus?
2109 1181 2110 1218 1

1254 1238 1422 1275 Respondeo.
1445 1238 1479 1267 Ut
1500 1238 1534 1266 ad
1556 1238 1608 1266 1100
1629 1238 1664 1266 511
1685 1237 1800 1266 idoneus
1822 1240 1932 1274 praeter
1947 1237 2024 1266 habi-

1175 1285 1279 1314 litatem
1302 1285 1394 1319 illam,
1417 1292 1501 1322 quam
1524 1284 1630 1313 confert
1651 1285 1755 1321 gratia,
1776 1292 1848 1321 quae
1874 1284 1955 1313 etiam
1984 1286 2026 1313 est

1176 1332 1314 1361 efficacior
1334 1332 1480 1366 omnibus,
1503 1339 1574 1369 quae
1589 1339 1644 1360 non
1659 1332 1686 1360 in
1701 1334 1797 1360 nostra
1811 1334 1946 1368 potestate
1961 1339 2025 1360 con-

1176 1381 1293 1414 sistunt,
1316 1379 1363 1408 sed
1385 1379 1411 1407 111
1434 1378 1605 1415 beneplacito
1626 1378 1674 1407 Dei
1690 1378 1833 1416 siiigyulis,
1845 1381 1938 1415 prout
1949 1378 2026 1412 vult,

1176 1427 1247 1456 dona
1268 1435 1319 1455 sua
1339 1426 1494 1455 dividentis
1506 1426 1527 1460 ⁶,
1549 1425 1601 1454 ista
1622 1425 1798 1454 considerare
1817 1425 1844 1454 in
1859 1433 2025 1462 promoven—

1176 1475 1218 1504 dis
1239 1475 1360 1503 solemus
1381 1474 1414 1502 ad
1437 1474 1505 1502 haec
1526 1473 1632 1502 officia:
1654 1473 1761 1510 primo,
1787 1472 1862 1510 quod
1890 1473 1925 1501 sit
1951 1480 2026 1501 com-
2060 1479 2133 1508 11111111,

1176 1522 1295 1559 petentis
1309 1521 1421 1555 aetatis,
1437 1529 1491 1549 11011
1506 1521 1626 1549 multum
1642 1529 1658 1549 a
1672 1520 1812 1549 tricesimo
1826 1520 1931 1549 distans
1944 1528 2025 1555 anno,
2042 1503 2133 1546 fflm'n'

1176 1569 1241 1606 quia
1263 1577 1334 1606 quae
1356 1568 1426 1597 fiunt
1447 1577 1463 1596 a
1491 1568 1587 1605 pueris
1618 1567 1737 1604 puerilia
1767 1569 1935 1604 reputantur
1947 1567 1966 1595 ⁷.
1988 1584 2027 1588 -—

1177 1615 1320 1649 Secundo,
1342 1615 1417 1652 quod
1438 1623 1493 1643 non
1516 1615 1551 1643 sit
1572 1615 1654 1643 etiam
1675 1614 1743 1643 facie
1764 1617 1792 1643 et
1811 1614 1938 1644 moribus
1959 1622 2027 1651 pue-
2043 1620 2106 1640 secun<

1177 1663 1251 1697 rilis,
1273 1662 1339 1699 quia
1360 1662 1412 1691 ista
1434 1662 1553 1690 multum
1576 1661 1707 1690 minuunt
1731 1661 1925 1690 auctoritatem
1952 1661 2027 1698 apud

1176 1710 1303 1739 homines
1324 1712 1378 1738 tam
1408 1709 1546 1737 dictorum
1574 1716 1658 1746 quam
1687 1708 1834 1737 factorum.
1856 1725 1896 1729 —
1916 1708 2026 1743 Tertio,
2043 1708 2116 1737 Tertia}

1177 1757 1251 1794 quod
1272 1765 1326 1785 non
1349 1757 1384 1785 sit
1404 1756 1483 1785 valde
1504 1755 1663 1784 notabiliter
1684 1755 1816 1784 deformis
1836 1755 1865 1784 in
1893 1763 2025 1792 corpore,
2115 1746 2116 1762 ³

1176 1804 1303 1833 videlicet
1324 1803 1406 1832 nimis
1427 1803 1535 1837 brevis,
1557 1803 1600 1832 vel
1622 1810 1748 1837 crassus,
1764 1803 1807 1831 vel
1821 1802 1969 1840 gibbosus,
1985 1803 2028 1831 vel

1176 1851 1256 1880 aliter
1278 1851 1398 1887 turpiter
1419 1850 1607 1884 deformatus,
1629 1857 1663 1878 ne
1685 1857 1734 1887 per
1756 1849 1809 1878 1100
1830 1849 1890 1878 01115
1919 1849 2026 1886 praedi-

1177 1898 1247 1928 catio
1268 1897 1410 1935 despectui
1432 1900 1459 1926 et
1480 1897 1549 1926 risui
1571 1897 1733 1926 haberetur.
1756 1914 1794 1917 -
1815 1897 1935 1934 Quarto,
1951 1896 2025 1934 quod
2043 1903 2108 1927 Quarta

1176 1954 1231 1974 non
1253 1945 1288 1974 sit
1309 1945 1391 1974 etiam
1412 1944 1492 1973 valde
1512 1944 1610 1973 debilis
1631 1951 1763 1980 corpore,
1785 1952 1850 1973 cum
1871 1951 1908 1973 ex
1922 1944 1975 1973 hoc
1989 1943 2027 1972 la-

1176 1993 1259 2022 bores
1280 1992 1365 2021 liuius
1386 1992 1468 2021 officii
1490 1991 1607 2029 exsequi
1629 1991 1748 2020 viriliter
1770 1999 1825 2020 non
1854 1991 1966 2020 valeret.
1989 2007 2028 2011 —

1177 2040 1294 2077 Quinto,
1317 2039 1391 2077 quod
1412 2039 1448 2068 sit
1468 2039 1649 2075 competentis
1669 2038 1828 2072 facundiae,
1850 2041 1882 2067 ut
1895 2038 1982 2075 possit
1996 2045 2028 2066 ea
2043 2043 2109 2068 Quinta

1177 2095 1248 2124 quae
1269 2087 1365 2120 debet,
1388 2093 1543 2123 proponere
1570 2085 1629 2114 sine
1660 2085 1768 2114 fastidio
1799 2085 1967 2114 auditorum.
1988 2101 2028 2105 ——

1177 2134 1277 2167 Sexto,
1300 2133 1374 2170 quod
1395 2133 1430 2161 sit
1452 2132 1549 2161 saltem
1572 2132 1599 2160 in
1620 2131 1802 2169 grammatica
1821 2134 1848 2160 et
1862 2139 1941 2160 sacra
1955 2131 2027 2160 Scri·
2044 2138 2106 2157 sexta.

1177 2183 1261 2217 ptura
1282 2184 1337 2208 tam
1359 2179 1529 2208 sufficienter
1550 2179 1720 2213 instructus,
1743 2178 1817 2216 quod
1845 2178 1904 2207 sine
1931 2186 2028 2207 errore

1177 2227 1220 2255 vel
1241 2226 1401 2255 confusione
1422 2226 1490 2255 sciat
1511 2233 1604 2254 coram
1623 2226 1727 2263 populo
1741 2228 1769 2255 et
1783 2225 1857 2254 clero
1872 2232 2028 2262 proponere

1176 2274 1322 2303 veritatem
1350 2276 1377 2302 et
1398 2273 1425 2301 in
1448 2273 1569 2302 consiliis
1590 2275 1780 2309 competenter
1801 2272 1959 2301 satisfacere
1984 2279 2028 2301 re-

1177 2320 1354 2358 quirentibus
1374 2319 1408 2349 de
1430 2320 1521 2349 causis
1542 2319 1705 2348 necessariis
1726 2322 1753 2348 et
1767 2319 1795 2348 in
1811 2318 1981 2348 confessione
1994 2318 2028 2348 de
2120 2351 2121 2356 ¹

1177 2367 1352 2404 poenitentiis
1367 2366 1542 2404 iniungendis
1556 2366 1736 2403 imponendis.
1752 2383 1791 2386 —
1805 2366 1938 2403 Septimo,
1954 2365 2028 2403 quod
2044 2371 2121 2397 Septim.

1177 2414 1212 2443 sit
1233 2414 1295 2443 talis
1316 2414 1344 2442 111
1365 2414 1422 2443 vita
1442 2417 1470 2443 et
1491 2414 1519 2442 in
1540 2414 1681 2448 moribus,
1704 2413 1779 2451 quod
1799 2413 1833 2442 de
1849 2413 1908 2450 ipso
1922 2415 1950 2442 et
1963 2413 2027 2442 Fra-
2120 2403 2121 2407 ¹

1177 2465 1234 2491 tres
1256 2461 1373 2490 interius
1388 2464 1415 2490 et
1429 2461 1474 2490 alii
1490 2461 1616 2490 exterius
1631 2460 1701 2489 nihil
1715 2460 1825 2490 videant
1839 2460 1883 2489 vel
1897 2460 2026 2495 audiant,

1176 2516 1226 2546 per
1248 2508 1323 2546 quod
1343 2508 1469 2537 doctrina
1489 2507 1701 2545 praedicationis
1722 2507 1782 2536 eius
1796 2507 1870 2544 apud
1884 2506 2027 2536 audientes

1177 2564 1290 2593 quoquo
1311 2555 1393 2584 modo
1414 2555 1535 2584 vilescat.
1557 2555 1624 2584 Nam
1636 2555 1647 2571 ²³
1672 2566 1686 2580 «
1702 2555 1782 2584 cuius
1796 2555 1853 2584 vita
1866 2554 2026 2591 despicitur,

1176 2604 1278 2636 restat,
1300 2604 1332 2631 ut
1353 2602 1413 2631 eius
1434 2601 1517 2631 etiam
1537 2601 1706 2639 praedicatio
1731 2603 1925 2630 contemnatur
1939 2612 1967 2628 ».
1990 2616 2026 2622 -

335 2791 343 2804 ¹
362 2792 463 2820 Dionysii
482 2791 586 2819 Catonis,
604 2792 618 2814 1.
637 2791 730 2813 Disticli.
748 2790 778 2813 de
800 2789 904 2812 moribus
926 2790 956 2812 ad
978 2789 1064 2816 filium,
1087 2788 1122 2811 di-

273 2832 339 2855 511011.
357 2832 392 2853 17.
411 2844 442 2848 -
459 2831 571 2859 Superius
588 2837 630 2859 pro
648 2832 670 2853 et
685 2829 769 2853 nullus
785 2829 822 2852 ed.
840 2829 853 2851 3
871 2830 899 2852 ut
913 2828 1005 2852 nullus.

336 2869 346 2883 2
363 2870 415 2892 Vat.
431 2870 516 2893 omittit
533 2875 595 2893 cum.

338 2908 347 2922 ³
365 2910 395 2931 lta
412 2909 448 2932 ed.
467 2910 494 2936 3,
510 2909 568 2931 aliae
584 2908 648 2932 Licet
664 2908 727 2931 enim
744 2906 874 2937 aliquando
892 2906 967 2937 quod,
979 2912 1040 2936 quae
1051 2906 1120 2929 etiam

274 2953 326 2979 post
342 2949 458 2974 discretus
475 2953 582 2978 repetunt
598 2949 635 2973 sit.

336 2988 345 3001 ⁴¹
363 2989 420 3011 Edd.
439 2989 447 3010 1Ι
458 3006 464 3016 ,
481 2989 495 3011 2
513 2989 620 3011 omittunt
633 2988 746 3018 promoti.
764 2988 860 3011 Inferius
871 2994 914 3016 pro
926 2987 1045 3011 instruere
1056 2987 1094 3010 ed.
1106 2987 1119 3009 3

274 3027 404 3052 instituere.

1240 2787 1250 2800 ⁵
1267 2788 1325 2811 Cum
1343 2788 1380 2811 ed.
1398 2789 1411 2810 3
1429 2788 1592 2816 supplevimus
1608 2788 1696 2810 autem.

1241 2826 1251 2839 ⁸
1268 2828 1338 2855 Epist.
1355 2828 1371 2850 1.
1388 2827 1440 2850 Cor.
1458 2828 1500 2854 112,
1522 2827 1561 2849 ll:
1579 2827 1640 2849 Haec
1657 2829 1733 2848 autem
1752 2825 1829 2848 omnia
1845 2827 1954 2853 operatur
1966 2830 2027 2847 unus

1177 2868 1247 2895 atque
1264 2866 1326 2889 idem
1343 2866 1455 2894 Spiritus,
1472 2866 1579 2889 dividens
1595 2865 1702 2893 singulis,
1720 2867 1790 2893 prout
1806 2865 1862 2886 vult.
1875 2876 1906 2880 —
1917 2864 1960 2886 Pro
1971 2862 2027 2886 divi-

1177 2905 1253 2929 dentis
1271 2905 1309 2934 (ita
1328 2905 1365 2928 ed.
1382 2905 1406 2934 3)
1424 2905 1482 2928 aliae
1499 2905 1552 2927 edd.
1569 2903 1683 2928 dividens.

1241 2943 1250 2956 ⁷
1267 2944 1311 2967 Cfr.
1329 2945 1440 2972 Gregor.‚
1456 2944 1471 2966 I.
1488 2943 1571 2966 Homil.
1590 2943 1611 2965 in
1629 2944 1709 2965 Ezech.
1728 2942 1806 2965 homil.
1824 2943 1845 2964 2.
1863 2949 1885 2965 n.
1903 2942 1924 2964 3.
1941 2947 2007 2970 seqq.

1240 2983 1250 2996 Β
1267 2984 1295 3006 Ut
1312 2984 1343 3006 ait
1359 2984 1469 3012 Gregor.‚
1487 2984 1502 3006 I.
1519 2983 1602 3006 Homil.
1620 2983 1643 3005 in
1660 2984 1749 3011 Evang.
1766 2982 1845 3005 homil.
1860 2982 1895 3004 112.
1908 2987 1929 3004 n.
1943 2981 1964 3003 1.
1976 2980 2023 3003 Cfr.

1178 3029 1249 3052 supra
1266 3029 1321 3051 pag.
1343 3022 1397 3050 142,
1414 3025 1467 3045 nota
1485 3023 1506 3045 2.
