2133 3317
131 747 195 766 Vestis
208 752 254 771 pou-

123 771 198 789 tificalis
222 775 252 789 ru-

124 794 202 813 bricata.

163 887 225 905 Verus

158 910 232 935 loseph.

144 1167 208 1186 Oratio
221 1167 246 1186 ad

155 1191 236 1210 Patrem.

138 1681 167 1700 Ad
177 1681 255 1700 Matrem

139 1705 251 1724 dolorosam.

270 219 307 247 80
598 217 793 247 OPUSCULUM
816 218 855 245 Ill.
878 217 1001 246 LIGNUM
1023 217 1128 245 VITAE.
1152 216 1194 244 DE
1216 216 1383 245 MYSTERIO
1401 216 1689 245 GLORIFICATIONlS.

269 304 391 333 appone,
414 300 446 324 ut
466 295 594 324 luturtcts
615 303 711 333 aquus
732 295 765 323 cte
786 293 915 331 fontibus
942 294 1115 323 Salvatorts.

269 344 316 372 Hic
337 344 410 372 enim
442 346 483 372 est
504 342 571 380 fons
602 342 750 379 egrediens
781 342 815 370 de
846 342 939 370 medio
958 341 1115 378 paradisi,

269 390 333 427 qui,
355 390 386 418 in
407 394 536 428 quatuor
557 389 672 417 divisus
693 388 793 425 capita
814 392 841 417 et
862 389 889 416 in
912 388 996 417 corda
1016 388 1115 416 devota

269 437 399 471 diffusus⁷
420 436 550 465 fecundat
570 439 597 464 et
618 434 716 472 irrigat
736 435 895 464 universam
917 438 1030 464 terram.

496 522 593 555 Iesus,
615 529 721 550 cruore
741 521 889 549 mactatus.

349 599 394 628 31.
417 600 584 629 Cruentatus
599 600 670 629 enim
686 600 814 629 Christus
835 600 968 629 Dominus
983 600 1117 637 sanguine

269 646 395 684 proprio,
417 647 540 683 primum
555 647 672 681 sudore,
693 647 793 676 dehinc
812 647 927 684 flagellis
941 650 968 675 et
982 647 1085 675 aculeis
1098 647 1116 680 ¹.

269 696 331 729 post
352 692 436 721 clavis
457 695 484 721 et
505 692 616 721 tandem
630 692 725 722 lancea
746 693 855 729 copiose
876 693 976 727 effuso,
991 695 1023 721 ut
1044 692 1116 729 apud

269 739 357 768 Deum
380 743 450 767 esset
471 739 588 776 copiosa
609 739 780 776 redemptio,
802 742 906 768 vestem
932 739 1116 776 pontificalem

269 785 367 814 habuit
382 785 567 819 rubricatam,
583 789 721 822 quatenus
742 794 807 815 vere
822 785 950 814 rubrum
971 789 1117 823 appareret

270 832 473 861 indumentum
494 832 607 869 ipsius,
629 836 654 861 et
675 832 843 861 vestimentu
864 833 926 861 eius
947 832 1036 871 quast
1059 832 1117 861 eat-

270 879 401 907 ectutz'um
423 879 454 907 in
470 878 622 907 torculari.
639 879 670 907 Et
685 879 737 914 sic,
753 887 819 907 vero
842 879 936 916 loseph
952 879 980 907 in
994 881 1117 907 veterem

269 926 381 955 dimisso
403 925 568 960 cisternam,
590 926 685 954 tunica
712 926 800 962 ipsius
828 926 952 954 intinctu
972 925 1118 963 sanquine

270 972 369 1007 hoedi,
391 975 505 1009 propter
526 972 748 1001 similitudinem
783 973 887 1001 scilicet
917 972 1019 1001 curuis
1051 980 1117 1009 pee—

270 1019 349 1053 catz',
377 1019 584 1056 approbationis
614 1019 711 1048 notitia
742 1019 924 1048 discernenda
958 1019 1117 1047 mitteretur

270 1067 304 1095 ad
325 1067 442 1095 Patrem.

354 1125 367 1138 «
382 1113 520 1150 Cognosce
541 1113 642 1150 igitur,
657 1112 869 1141 clementissime
884 1112 978 1146 Pater,
996 1112 1118 1140 tunicam

270 1159 428 1197 praedilecti
444 1159 500 1187 Filii
521 1159 560 1187 tui
583 1159 692 1196 Ioseph,
715 1166 797 1195 quem
820 1158 921 1187 invidia
942 1158 1060 1186 fratrum
1076 1165 1118 1186 se-

271 1206 392 1235 cundum
415 1213 526 1234 carnem
546 1209 677 1242 tanquam
692 1203 759 1242 fera
776 1205 907 1241 pessima
928 1204 1078 1233 devoravit
1092 1207 1118 1232 et

271 1252 442 1282 conculcavit
462 1252 491 1280 in
512 1252 607 1281 furore
628 1252 825 1280 vestimentum
848 1251 936 1288 ipsius
961 1254 987 1280 et
1008 1258 1117 1279 omnem

270 1300 397 1329 decorem
419 1299 494 1327 illius
521 1298 647 1335 reliqniis
677 1298 786 1327 cruoris
807 1297 980 1334 inquinavit;
1002 1304 1065 1325 nam
1092 1300 1118 1325 et

271 1347 395 1384 quinque
417 1346 552 1375 scissuras
574 1345 763 1374 lamentabiles
793 1345 820 1373 in
852 1352 884 1373 ea
915 1344 1036 1381 reliquit.
1065 1344 1119 1372 Hoc

271 1393 343 1422 enim
375 1396 432 1427 est,
464 1392 594 1426 Domine,
627 1392 838 1426 vestimentum,
870 1391 944 1428 quod
975 1391 1002 1419 in
1034 1399 1118 1419 manu

271 1439 427 1469 meretricis
448 1439 610 1476 Aegyptiae,
635 1446 788 1475 synagogae
821 1438 959 1472 videlicet,
988 1438 1119 1466 innocens

272 1487 342 1515 Puer
363 1489 430 1515 tuus
451 1489 548 1523 sponte
568 1486 688 1520 dimisit,
710 1486 797 1522 magis
818 1486 936 1522 eligens,
952 1485 1086 1521 spoliatus
1101 1492 1118 1512 a

272 1533 363 1562 carnis
384 1533 481 1569 pallio,
503 1533 530 1560 in
552 1540 691 1561 carcerem
714 1532 812 1561 mortis
833 1531 1016 1565 descendere,
1032 1539 1115 1568 quam

271 1579 442 1608 adulterinae
463 1579 550 1616 plebis
564 1579 764 1616 acquiescendo
778 1579 837 1607 voci
854 1578 1044 1615 temporaliter
1059 1578 1116 1615 glo-

272 1626 337 1655 riari
347 1626 357 1643 ²
369 1638 396 1654 υ.
410 1627 477 1655 Nam
492 1629 519 1655 et
532 1626 681 1663 proposito
695 1625 752 1654 sthi
764 1626 886 1663 yctuctz'o,
899 1634 1014 1654 crucem
1030 1625 1118 1653 susti-

271 1674 347 1708 uuz't,
369 1672 540 1710 confusione
564 1676 734 1710 contemptu.
755 1688 796 1692 ——
816 1672 867 1701 Sed
893 1675 920 1701 et
941 1675 987 1706 tu,
1011 1672 1118 1700 miseri-

271 1720 432 1749 cordissima
453 1719 569 1748 Domina
590 1727 667 1753 mea,
689 1719 780 1755 aspice
801 1719 875 1747 illam
890 1719 980 1747 dilecti
1000 1718 1058 1746 Filii
1078 1719 1118 1747 tui

271 1766 484 1795 sacratissimam
516 1769 620 1795 vestem
648 1766 682 1794 de
707 1766 867 1794 castissimis
888 1765 1043 1794 membris-‘³
1062 1765 1118 1794 tuis

271 1813 390 1850 Spiritus
411 1813 498 1841 sancti
519 1812 718 1841 artificiositate
739 1815 897 1840 contextam
924 1814 951 1841 et
972 1820 1028 1840 una
1054 1819 1118 1840 cum

271 1859 331 1896 ipso
352 1859 575 1896 confugientibus
596 1858 676 1887 nobis
707 1858 741 1887 ad
762 1862 788 1887 te
809 1858 917 1887 veniam
940 1858 1064 1895 postula,
1086 1861 1118 1887 ut

270 1907 343 1944 digni
366 1906 520 1935 habeamur
541 1905 666 1944 effugere
686 1905 723 1934 ab
745 1905 794 1934 ἱνα
814 1909 940 1934 ventura
951 1906 972 1934 4.

534 1992 625 2026 Iesus,
647 1991 853 2020 intumulatus.

350 2070 396 2099 3⁹2.
428 2070 547 2099 Veniens
578 2069 688 2098 tandem
717 2069 817 2098 nobilis
845 2069 959 2098 decurio
970 2069 991 2103 ⁵,
1021 2069 1117 2105 loseph

272 2116 375 2146 scilicet
395 2117 430 2145 ab
450 2116 640 2150 Arimathaea,
662 2119 689 2145 et
709 2119 821 2152 accepta
848 2124 864 2144 a
885 2115 970 2144 Pilato
991 2115 1116 2149 licentia,

334 2301 342 2314 ¹
360 2302 403 2324 Pro
424 2301 533 2330 primum
558 2300 658 2329 sudore,
681 2300 764 2324 dehinc
780 2300 882 2330 fiaqellis
907 2302 928 2324 et
953 2300 1041 2324 aculeis
1065 2301 1116 2323 Vat.

267 2340 377 2370 primum
393 2340 524 2370 sauyut'ueo
549 2340 652 2368 sudore,
677 2339 780 2363 secundo
797 2339 912 2369 stupellas,
940 2339 1023 2363 dehinc
1040 2339 1117 2369 spina-

271 2387 327 2403 rum
343 2379 439 2403 aculeis.
457 2392 487 2396 —
505 2381 561 2402 lnsra
585 2380 707 2407 respicitur
725 2380 758 2401 Ps.
781 2380 834 2407 129,
857 2380 884 2406 73
905 2380 952 2402 lsai.
982 2379 1022 2406 63,
1041 2380 1063 2401 2.
1086 2380 1117 2401 De

270 2420 351 2446 loseph
370 2419 506 2441 vestimento
523 2419 563 2440 cfr.
585 2418 641 2440 Gen.
660 2418 700 2446 37,
719 2418 756 2440 31.
774 2418 815 2446 3⁴2;
833 2418 863 2440 de
880 2417 959 2440 verbis
975 2418 1046 2446 patris
1065 2418 1118 2447 sera.

267 2457 373 2487 pessima
390 2465 414 2480 v.
436 2458 473 2480 33.
491 2457 568 2479 Verba
590 2456 770 2480 similitudinem
790 2456 870 2480 carnis
887 2457 978 2486 peccati
993 2460 1116 2479 occurrunt

271 2497 338 2519 Rom.
356 2498 382 2524 8,
401 2497 422 2518 3.
434 2510 464 2512 -
474 2497 527 2519 Post
545 2495 627 2525 Ioseph
643 2496 662 2518 D
674 2496 738 2518 addit
754 2502 769 2518 u
785 2496 839 2525 feru
847 2496 965 2525 pessima,
983 2495 1007 2519 ut
1023 2497 1056 2519 est
1067 2495 1118 2525 fra-

270 2537 335 2559 trum
352 2535 454 2563 invidia,
471 2534 602 2558 secundum
620 2540 716 2558 carnem
733 2534 845 2557 devorato
862 2536 884 2557 et
899 2534 924 2557 iu
941 2537 983 2557 etc.

333 2573 341 2587 2
358 2575 389 2597 Ex
406 2574 521 2601 Ansetmo,
538 2574 580 2596 loc.
598 2574 637 2596 cit.
652 2574 684 2596 De
701 2574 814 2602 Aegyptia
831 2574 873 2596 cfr.
884 2573 941 2596 Gen.
955 2574 996 2602 39,
1014 2574 1036 2595 7.
1052 2580 1117 2602 seqq.

269 2626 300 2630 —
317 2614 370 2636 Post
385 2613 535 2636 adulterinae
552 2613 568 2634 B
580 2613 619 2635 EF
630 2613 685 2635 WZ
703 2617 724 2634 et
749 2614 753 2634 1
775 2613 883 2635 011111111111
901 2611 984 2641 plebis.
1009 2613 1117 2641 Sequitur

270 2652 338 2675 Hehr.
361 2653 399 2680 12,
417 2653 443 2675 2:
462 2652 505 2681 Qui
522 2652 641 2680 proposito
658 2651 701 2674 sibi
719 2652 805 2679 gaudio
823 2655 866 2674 etc.

333 2691 341 2704 ³
359 2692 421 2719 Van,
439 2691 610 2719 refragantibus
632 2691 738 2719 plurimis
759 2691 827 2713 codd.
846 2694 867 2713 et
886 2691 894 2712 Ι1
906 2707 912 2717 ,
929 2690 994 2713 addit
1011 2691 1032 2713 et
1050 2690 1116 2713 visce-

269 2730 348 2758 ribus,
366 2734 388 2753 et
399 2730 483 2753 deinde
501 2730 552 2752 voci
565 2729 753 2759 consumentibus
767 2730 811 2752 AB
821 2729 862 2752 CF
876 2729 1007 2757 praefigunt
1019 2735 1080 2758 pro,
1100 2730 1116 2751 Z

268 2769 465 2799 profugientibus.
483 2782 513 2785 —-
531 2769 611 2791 Ultima
629 2768 701 2791 verba
713 2768 817 2799 effuyere
828 2768 859 2792 ab
871 2768 908 2791 ira
921 2771 963 2791 etc.
975 2771 1050 2791 sumta
1064 2772 1116 2791 sunt

269 2815 296 2831 ex
314 2809 389 2831 Matth.
408 2809 433 2836 3,
451 2808 474 2830 7.

331 2846 341 2859 4
358 2846 392 2869 Ab
409 2847 478 2869 altera
495 2847 531 2869 illa
556 2847 640 2869 familia
666 2847 703 2869 nic
720 2847 827 2869 additur:
845 2846 992 2876 Itlorumque
1014 2847 1115 2869 mentem

269 2887 336 2909 tuam
353 2885 539 2909 amaricantium
550 2885 668 2915 fluctuum
685 2887 706 2909 et
725 2885 850 2913 dotorum,
868 2885 952 2915 quibus
970 2885 1047 2908 insuu-
1066 2891 1115 2908 ma·

268 2924 303 2947 ris
320 2923 409 2953 repleta
425 2924 504 2953 fuisti,
526 2923 560 2947 vet
576 2924 669 2947 modica.
686 2930 822 2947 mereamur
839 2923 904 2947 stilla
914 2923 1036 2953 perfundi.
1050 2923 1115 2952 Quae

268 2962 330 2986 enim
348 2962 431 2992 linqua
447 2966 490 2986 etc.
507 2964 572 2986 Tunc
587 2963 691 2992 sequitur
713 2964 746 2985 illa
771 2963 888 2985 meditatio
911 2963 940 2986 de
962 2964 1033 2985 Matre
1055 2963 1115 2985 dolo-

269 3007 320 3023 rosa
340 3002 387 3029 (cfr.
406 3007 459 3029 pag.
477 3002 519 3029 78,
536 3008 558 3024 n.
579 3002 622 3031 13.)
640 3008 693 3024 cum
716 3001 882 3024 mutationibus
904 3008 974 3030 supra
996 3007 1050 3029 pag.
1071 3001 1114 3028 79,

1173 302 1275 330 corpus
1296 294 1397 323 Christi
1419 302 1483 323 cum
1514 294 1660 323 Nicodemo
1687 294 1827 331 deponens
1859 294 1892 322 de
1920 302 2019 328 cruce,
2044 301 2082 343 5ἓὶ

1173 342 1294 370 condivit
1314 342 1485 370 aromatibus
1506 345 1533 370 et
1554 341 1668 369 involvit
1694 341 1828 369 sindone⁶
1851 343 1878 370 et
1909 341 1935 369 in
1962 349 2020 370 mo-

1173 391 1307 417 numento
1328 397 1408 422 novo,
1430 388 1504 425 quod
1535 388 1563 416 in
1592 388 1673 416 horto
1701 388 1856 424 propinquo
1884 388 1911 416 in
1943 391 2021 425 petra

1173 435 1223 464 sibi
1246 435 1401 468 exciderat,
1423 442 1486 463 cum
1507 435 1582 463 omni
1605 435 1761 463 reverentia
1775 434 1908 471 sepelivit.
1935 435 2019 463 Porro

1174 482 1281 518 sepulto
1302 482 1434 515 Domino,
1457 485 1484 509 et
1504 481 1538 509 ad
1559 481 1711 509 custodiam
1738 481 1858 517 sepulcri
1884 481 2021 518 deputatis

1173 528 1336 562 militibus⁷‚
1348 528 1462 556 devotae
1477 528 1539 556 illae
1555 528 1687 556 mulieres
1701 531 1728 555 et
1743 531 1861 562 sanctae,
1877 536 1947 564 quae
1962 528 2021 557 fue—

1173 579 1236 603 rant
1257 575 1404 604 obsecutae
1426 574 1543 608 viventi,
1566 577 1597 602 ut
1619 574 1672 602 iam
1701 577 1812 602 mortuo
1841 574 1942 611 pietate
1963 575 2020 603 offi-

1174 622 1247 650 ciosa
1268 621 1432 649 famulatum
1456 620 1659 657 impenderent,
1681 623 1812 648 emerunt
1833 624 1972 649 aromata
1986 621 2021 649 ad

1174 675 1275 704 corpus
1298 667 1357 695 lesu
1372 667 1588 695 sacratissimum
1601 666 1612 683 8
1628 666 1847 703 perungendum.
1864 667 1936 695 Inter
1951 675 2021 704 quas

1173 714 1258 742 Maria
1288 713 1446 750 Magdalena
1477 716 1552 741 tanto
1584 713 1674 741 cordis
1706 713 1847 741 ferebatur
1877 714 2018 748 incendio,

1175 764 1265 789 tantae
1288 760 1395 797 pietatis
1416 760 1589 788 afficiebatur
1610 760 1764 793 dulcedine,
1783 763 1839 788 tam
1854 760 1950 789 validis
1966 765 2021 789 tra-

1175 807 1293 835 hebatur
1314 807 1432 835 vinculis
1453 806 1590 841 caritatis,
1619 810 1665 840 ut,
1694 806 1826 835 femineae
1854 807 2022 836 infirmitatis

1173 854 1272 887 oblita,
1294 862 1344 882 nec
1372 853 1552 882 tenebrarum
1584 853 1699 889 caligine
1726 861 1777 882 nec
1808 858 2019 890 persecutorum

1174 901 1343 929 immanitate
1365 901 1557 929 retraheretur
1579 908 1595 928 a.
1616 900 1770 929 visitatione
1795 900 1932 937 sepulcri,
1954 901 2021 938 quin

1175 947 1279 984 potius,
1300 947 1367 975 foris
1389 950 1464 975 stans
1485 950 1512 975 et
1533 947 1626 983 rigans
1645 946 1773 983 lacrymis
1794 950 2021 982 monumentum,

1174 994 1367 1023 recedentibus
1388 993 1545 1030 discipulis,
1567 1001 1621 1022 non
1638 993 1801 1028 recedebat,
1824 1002 1874 1030 pro
1895 1001 1927 1022 eo
1947 993 2022 1031 quod

1174 1040 1282 1069 divinae
1303 1040 1456 1069 dilectionis
1487 1041 1548 1076 igne
1577 1048 1709 1069 succensa
1721 1039 1741 1074 ⁹,
1773 1043 1800 1068 et
1831 1043 1885 1068 tam
1917 1040 2021 1069 invale-

1175 1090 1268 1116 scente
1298 1087 1435 1115 urebatur
1456 1087 1593 1115 desiderio
1614 1090 1641 1115 et
1662 1090 1717 1115 tam
1739 1087 1899 1123 impatiente
1924 1087 2021 1116 vulne-

1174 1134 1290 1162 rabatur
1311 1142 1421 1167 amore,
1443 1137 1475 1162 ut
1496 1133 1565 1162 nihil
1586 1134 1610 1162 ei
1637 1136 1747 1170 saperet
1777 1133 1829 1162 nisi
1861 1133 1929 1162 flere
1957 1141 2020 1170 pos-

1175 1183 1271 1216 setque
1293 1180 1487 1216 propheticum
1509 1180 1577 1208 illud
1589 1180 1613 1197 ¹⁰
1634 1183 1763 1209 eructare
1782 1179 1931 1208 veraciter:
1947 1180 2022 1208 Fue-

1174 1230 1246 1255 runt
1266 1225 1340 1255 milti
1354 1226 1504 1264 lacrymae
1522 1235 1602 1255 mede
1613 1235 1706 1263 panes
1727 1227 1773 1255 dte
1789 1235 1824 1255 uc
1838 1229 1933 1261 noete,
1948 1226 2021 1255 dum

1175 1273 1286 1301 (licitur
1307 1272 1381 1301 milit
1401 1272 1545 1310 quotidie:
1573 1272 1627 1301 Utn‘
1647 1276 1686 1301 est
1709 1273 1786 1301 Deus
1808 1272 1899 1301 tuus?

1253 1320 1328 1348 Deus
1351 1327 1444 1353 meus,
1473 1319 1544 1348 bone
1573 1320 1649 1354 Iesu,
1680 1319 1798 1348 concede
1819 1319 1900 1354 mihi,
1924 1328 2021 1357 quam-

1175 1374 1259 1403 quam
1281 1374 1330 1403 per
1351 1374 1459 1394 omnem
1489 1366 1605 1401 *modum
1634 1366 1773 1395 immerito
1794 1370 1821 1394 et
1842 1366 1969 1403 indigno,
1990 1369 2023 1395 ut

1175 1413 1222 1450 qui
1245 1421 1361 1449 corpore
1383 1413 1426 1441 1115
1447 1413 1581 1442 1111010550
1612 1421 1667 1441 11011
1700 1413 1805 1447 11101111,
1833 1413 1907 1442 fideli
1929 1416 2022 1443 tamen

1175 1461 1243 1488 haec
1264 1459 1358 1488 eadem
1392 1463 1483 1488 mente
1514 1462 1703 1496 pertractans,
1726 1460 1804 1488 illum
1830 1460 1864 1488 ad
1886 1462 1912 1489 te
1932 1460 2021 1489 Deum

1176 1515 1269 1536 meum
1290 1515 1341 1544 pro
1361 1515 1405 1536 me
1427 1507 1596 1536 crucifixum
1619 1510 1646 1536 et
1666 1510 1809 1536 mortuum
1825 1507 2023 1544 compassionis

1174 1554 1303 1583 affectum
1325 1554 1470 1591 experiar,
1492 1562 1575 1591 quem
1597 1554 1728 1583 innocens
1749 1554 1834 1583 Mater
1854 1557 1902 1583 tua
1916 1558 1943 1583 et
1958 1562 2022 1591 poe-

1175 1601 1266 1630 nitens
1297 1601 1455 1638 Magdalena
1486 1601 1514 1629 in
1545 1601 1604 1638 ipsa
1625 1601 1760 1637 passionis
1781 1604 1846 1630 tuae
1870 1601 1941 1630 hora
1961 1609 2022 1630 sen-

1175 1652 1280 1677 serunt.

1327 1741 1369 1769 DE
1391 1741 1559 1770 MYSTERIO
1581 1741 1869 1771 GLORIFlCATlONIS.

1306 1836 1431 1864 Fnucrus
1452 1836 1493 1864 IX.
1516 1835 1635 1864 Novms
1658 1843 1895 1865 nnsuunac'rioms.

1360 1929 1458 1963 Iesus,
1482 1927 1670 1966 triumphans
1690 1933 1834 1958 mortuus.

1254 2022 1299 2051 33.
1316 2022 1510 2051 Consummato
1524 2022 1578 2051 iam
1594 2023 1727 2059 passionis
1742 2031 1843 2060 agone,
1859 2031 1923 2052 cum
1937 2024 2021 2053 draco

1175 2069 1220 2097 ille
1241 2073 1375 2098 cruentus
1395 2072 1422 2097 et
1443 2069 1557 2098 rabidus
1578 2069 1620 2098 leo
1641 2069 1814 2104 aestimaret,
1837 2078 1866 2099 se
1881 2070 1915 2099 de
1929 2071 2020 2100 occiso

1174 2115 1248 2152 Agno
1271 2118 1429 2144 assecutum
1451 2123 1510 2144 esse
1542 2115 1700 2150 victoriam,
1722 2116 1860 2153 refulgere
1881 2117 1971 2154 coepit
1992 2117 2020 2145 in

1173 2304 1226 2323 nota
1249 2302 1267 2322 1.
1284 2304 1306 2323 et
1323 2301 1344 2323 3.
1362 2301 1466 2323 indicatis
1487 2304 1509 2323 et
1525 2301 1593 2323 etiam
1611 2301 1794 2324 additamentum
1808 2301 1831 2324 in
1848 2302 1894 2324 fine
1910 2301 1942 2324 ibi
1959 2304 2020 2324 nota-

1174 2343 1231 2367 tum,
1248 2340 1311 2368 quod
1329 2340 1393 2362 deest
1410 2340 1432 2362 in
1450 2340 1502 2362 edd.

1238 2378 1246 2390 ⁵
1264 2379 1314 2400 Yat.
1333 2385 1455 2406 perperam
1474 2379 1588 2402 centurio.
1613 2379 1687 2401 Altera
1710 2379 1793 2401 familia
1819 2379 1851 2402 sic
1868 2379 1960 2408 incipit:
1980 2380 2020 2403 Ve-

1174 2416 1240 2440 m‘ens
1257 2416 1374 2446 siquidem
1390 2417 1486 2440 deuotus
1504 2418 1558 2440 lesu
1574 2417 1716 2447 disciputus,
1734 2417 1775 2441 sect
1800 2417 1915 2447 occultus,
1933 2418 2019 2442 nobilis

1174 2455 1278 2478 decurio.
1295 2468 1325 2471 —
1343 2456 1374 2478 De
1392 2456 1510 2484 sepultura
1527 2455 1609 2479 Christi
1621 2457 1661 2478 cfr.
1675 2457 1751 2479 11101111.
1764 2456 1806 2484 27,
1818 2457 1847 2479 57
1860 2463 1938 2486 seqq.;
1951 2457 2019 2480 Marc.

1179 2495 1212 2521 ¹5,
1230 2494 1272 2521 .t2;
1290 2496 1344 2517 Luc.
1363 2495 1403 2522 23,
1421 2495 1458 2517 50.
1475 2501 1554 2524 seqq.;
1572 2496 1632 2517 ioan.
1651 2496 1687 2523 19,
1705 2496 1733 2517 38
1751 2501 1817 2524 seqq.

1237 2532 1246 2546 ⁶
1264 2534 1314 2556 Vat.
1332 2540 1386 2556 cum
1404 2534 1484 2562 paucis
1509 2534 1578 2556 codd.
1603 2534 1710 2562 praefigit
1734 2534 1771 2563 in,
1798 2535 1861 2563 qnod
1887 2535 2017 2558 secundum

1174 2575 1258 2595 textum
1277 2574 1352 2595 Lucae
1378 2572 1452 2602 [apud
1478 2574 1554 2595 Manu.
1580 2577 1614 2595 est
1638 2573 1674 2603 in]
1700 2574 1881 2601 suppressimus.
1898 2574 1947 2596 Mox
1965 2577 2018 2602 post

1173 2611 1242 2635 horta
1259 2613 1277 2634 A
1287 2612 1303 2634 B
1313 2612 1329 2635 C
1339 2613 1355 2634 Ε
1364 2613 1379 2634 F
1391 2613 1420 2634 W
1429 2613 1445 2634 Z
1463 2612 1552 2635 addunt
1569 2612 1649 2636 situm.

1237 2650 1245 2663 ⁷
1263 2651 1336 2674 Codd.
1353 2652 1487 2674 AFNWZ
1504 2655 1526 2674 et
1550 2652 1556 2673 1
1583 2651 1726 2680 subiungunt
1748 2653 1769 2675 et
1791 2657 1845 2675 cum
1867 2652 1921 2675 Iesu
1941 2652 2019 2676 Matre

1174 2689 1247 2719 ipsius
1266 2691 1305 2718 (W
1323 2690 1383 2720 ipsa)
1402 2690 1481 2714 Maria
1495 2697 1540 2720 per
1557 2690 1669 2720 affectum
1685 2691 1801 2714 arcessivi
1815 2690 1931 2714 moeroris
1950 2691 2018 2721 part-

1173 2730 1208 2752 ter
1225 2729 1373 2759 consepulta,
1394 2729 1497 2753 devotae.

1235 2766 1244 2780 Β
1262 2767 1336 2791 Codd.
1350 2770 1367 2791 A
1378 2769 1396 2790 T
1407 2769 1436 2790 W
1445 2769 1461 2790 Z
1479 2772 1501 2791 et
1516 2769 1521 2790 1
1538 2768 1724 2796 sanctissimum,
1741 2771 1763 2791 et
1774 2769 1829 2791 infra
1842 2771 1894 2797 post
1908 2768 2018 2792 immani-

1173 2807 1219 2829 tate
1236 2810 1325 2834 ponunt
1341 2806 1509 2830 retardaretur
1526 2813 1569 2835 pro
1586 2807 1758 2830 retraheretur.

1235 2845 1244 2858 ‘³
1262 2846 1313 2868 Yat.
1331 2845 1450 2874 subiungit
1466 2847 1514 2874 est;
1531 2847 1548 2868 Z
1565 2849 1587 2868 et
1605 2846 1612 2868 1
1635 2847 1742 2869 011111111111
1759 2846 1827 2868 etiam
1844 2852 1943 2875 sequens
1960 2848 1989 2869 et.

1235 2883 1255 2896 ¹⁰
1272 2885 1353 2907 Psalm.
1373 2884 1409 2912 ti,
1428 2885 1448 2907 4.
1465 2897 1496 2901 —
1514 2885 1571 2907 lnsra
1589 2891 1630 2913 pro
1645 2884 1709 2913 fideli
1720 2886 1798 2908 tamen
1810 2885 1861 2907 Vat.
1873 2884 1918 2915 fide
1931 2886 2017 2914 tamen,

1172 2923 1189 2946 O
1200 2924 1242 2946 PP.
1253 2924 1294 2946 ST
1312 2930 1338 2946 cc
1354 2923 1453 2953 fideliter
1479 2925 1565 2946 tamen.
1591 2924 1643 2946 Post
1668 2923 1780 2953 emperiar
1802 2924 1872 2946 ACN
1883 2924 1937 2946 WZ
1964 2926 1986 2946 et
2004 2924 2011 2946 1

1171 2966 1356 2991 prosequuntur:
1375 2968 1444 2991 quem
1462 2961 1504 2985 um
1527 2962 1622 2985 devotae
1644 2962 1699 2985 illae
1724 2961 1835 2985 mulieres
1860 2961 1970 2991 deflentes
1991 2961 2017 2984 in

1172 3000 1223 3030 ipsa
1240 3004 1282 3023 etc.
1301 3000 1357 3023 Dein
1374 3001 1443 3023 iidem
1457 3000 1542 3023 babent
1553 3001 1669 3023 rubricam
1688 3002 1765 3028 Iesus,
1779 3001 1851 3024 riclor
1862 3000 2016 3030 fortissimus.

2037 533 2113 554 Sanctae
2122 543 2133 557 11·

2068 555 2123 578 lieresl

2037 719 2123 743 Magdala

2046 1325 2110 1345 Oratio
2121 1331 2127 1345 ε

2063 1349 2127 1368 lesum.
