2133 3317
9 1825 70 1845 obiici-

0 1850 41 1868 itur.

0 2245 17 2265 nt
22 2245 69 2265 iniu-

0 2269 61 2290 turbis.

448 195 645 224 OPUSCULUM
665 194 729 223 xlii.
750 194 1058 224 DETERMINATIONES
1079 196 1320 233 QUAESTIONUM.
1342 197 1422 227 PARS
1444 197 1472 226 ΙΙ.

91 276 181 306 adhuc
201 274 286 303 velint
312 274 405 311 aliquo
426 275 550 309 tempore
571 272 652 301 talem
678 272 756 301 nobis
783 272 932 309 eleemosy-

92 330 154 352 nam
175 329 225 358 per
245 328 274 349 se
295 320 338 349 vel
359 328 395 348 ex
410 319 587 356 dispositione
608 319 682 347 illius
703 319 813 356 largiri;
835 327 932 355 possu-

92 376 153 398 mus
173 367 298 396 similiter
326 366 449 403 recipere
480 374 516 395 ex
545 365 639 394 eadem
661 365 764 402 gratia,
793 365 831 394 ita
858 365 932 402 quod

91 414 320 453 quandocumque
340 413 445 442 nollent
459 412 577 449 amplius
598 412 650 441 ista
663 412 744 446 dare,
766 412 804 440 nil
826 414 932 448 petere-

91 469 152 490 mus
172 460 206 489 ab
227 460 266 489 eis
287 460 365 497 quasi
387 467 423 488 ex
444 459 552 493 debito,
574 458 621 488 sed
643 466 720 487 more
742 458 932 487 mendicorum

90 514 299 537 recurreremus
320 506 354 535 ad
374 506 486 534 domum
508 505 650 534 clementis
670 505 772 533 domini
794 513 845 542 pro
864 513 932 541 quo-

90 554 190 584 tidiana
203 553 388 590 eleemosyna,
410 552 544 590 quamdiu
559 552 596 580 illi
612 552 745 589 placeret;
760 551 807 580 sed
822 551 932 589 quando

90 601 151 639 plus
171 600 268 634 nollet,
289 600 430 629 abiremus
448 599 541 634 vacui,
563 599 665 636 gratias
685 601 796 636 agentes
817 598 850 627 de
869 598 932 627 dato

90 651 116 677 et
135 655 190 676 non
221 649 430 676 murmurantes
459 646 493 675 de
514 649 620 683 negato.
644 646 713 675 Haec
743 648 785 675 est
812 653 878 674 vera
905 647 933 674 et

89 702 159 731 pura
179 694 235 722 vita
256 693 446 722 mendicorum
471 693 545 730 quod
569 692 652 721 datur
680 701 716 721 ex
736 692 838 730 qratia
862 692 932 721 reci-

89 749 166 779 pere,
187 748 242 769 non
263 748 299 769 ex
320 740 386 768 iure
397 741 417 768 1.

165 788 204 817 De
225 787 353 816 censibus
368 795 434 816 vero
454 787 599 815 domorum
621 786 764 815 Fratribus
778 786 932 823 legatarum

71 834 157 864 -nihil
177 834 352 872 quaerimus,
374 834 446 863 sicut
465 841 516 862 nec
536 833 570 862 de
591 833 651 862 aliis
672 833 815 862 reditibus.
835 833 860 861 Si
882 841 932 861 au-

89 885 158 916 tem,
179 884 326 918 antequam
342 880 511 915 vendantur,
532 880 653 917 aliquem
669 879 731 908 inde
753 887 866 908 censum
888 887 932 908 re-

88 929 208 966 cipiunt,
230 929 257 957 in
279 935 399 965 quorum
415 931 482 956 tunc
496 929 629 964 potestate
651 929 716 956 sunt
736 927 799 955 illae
819 926 931 961 domus,

88 975 126 1004 nil
147 975 217 1004 iuris
238 975 341 1004 habere
368 974 395 1003 iu
427 982 459 1003 eo
480 977 681 1011 protestamur,
704 973 751 1002 sed
782 974 931 1010 eleemosy-

88 1030 150 1051 nam
171 1022 250 1051 nobis
265 1024 362 1059 sponte
377 1021 496 1050 oblatam
512 1021 673 1058 simpliciter
694 1021 845 1057 recipimus
860 1020 932 1049 sicut

66 1069 197 1098 .aliunde
224 1069 360 1098 donatam.
390 1069 459 1105 Quia
490 1076 556 1097 vero
587 1068 720 1096 Dominus
751 1067 853 1096 docet2
882 1075 931 1096 nos

86 1124 187 1145 cavere
207 1115 243 1144 ab
265 1114 444 1150 hominibus,
465 1118 493 1144 et
514 1115 658 1152 Apostolus
682 1114 718 1143 ab
740 1114 821 1143 omni
840 1114 932 1152 specie

86 1162 167 1192 maia
188 1162 347 1196 abstinere;
368 1170 402 1191 ne
423 1166 555 1199 putemur
576 1162 610 1190 ab
635 1161 826 1198 ignorantibus
841 1164 931 1190 trans-

85 1217 226 1247 gressores
261 1209 380 1247 Regulae
414 1212 540 1243 nostrae,
575 1209 709 1238 debemus
740 1212 835 1246 aperte
866 1217 930 1245 [ποτ

86 1256 196 1291 testari,
218 1256 256 1285 nil
278 1256 356 1285 nobis
377 1256 447 1285 iuris
468 1256 495 1285 in
517 1256 618 1285 talibus
639 1256 833 1285 donationibus
862 1256 930 1284 velle

86 1303 202 1338 habere,
217 1303 289 1332 sicut
303 1306 413 1332 tenetur
432 1306 578 1340 suspectus
591 1302 625 1331 de
639 1302 819 1331 fornicatione
839 1302 931 1331 omnia

85 1350 132 1379 illa
152 1358 265 1385 cavere,
286 1358 323 1379 ex
338 1350 441 1387 quibus
461 1353 553 1387 posset
574 1350 626 1379 ista
640 1349 760 1386 suspicio
781 1349 931 1386 probabilis

86 1397 209 1427 iudicari.

411 1491 549 1528 QUAESTm
571 1491 601 1520 X.

87 1584 147 1614 Cur
161 1585 284 1613 Fratres
298 1584 441 1622 recipiant
455 1585 555 1613 (Ionios
568 1584 612 1613 vet
625 1584 656 1613 iit
670 1584 814 1613 damnum
832 1584 930 1621 pleba-

162 1640 284 1666 norum,
305 1631 348 1660 vel
367 1631 430 1660 sine
457 1631 574 1660 lieentia
600 1631 818 1669 episcoporum,
839 1635 865 1660 et
885 1631 930 1659 in-

162 1678 301 1708 consultis
321 1678 447 1707 dominis
468 1678 606 1707 locorum.

163 1773 231 1801 Cum
250 1772 319 1801 nulli
333 1772 470 1801 deberetis
483 1772 574 1801 facere
588 1772 719 1801 iniuriam
740 1772 782 1801 vel
797 1771 929 1800 damnum

86 1819 204 1854 inferre,
226 1819 279 1848 hoc
300 1827 355 1848 non
377 1819 508 1854 servatis,
530 1819 596 1856 quia
616 1826 697 1856 saepe
718 1822 814 1848 contra
834 1819 930 1848 volun-

86 1869 168 1896 tatem
191 1866 373 1903 plebanorum
404 1865 526 1903 recipitis
545 1866 641 1895 domos
665 1866 692 1894 in
723 1874 820 1895 eorum
849 1874 929 1903 paro-

85 1913 169 1948 chiis,
191 1913 265 1942 unde
286 1913 325 1942 eis
353 1913 473 1942 multum
495 1913 603 1950 deperit
629 1913 663 1942 de
690 1913 875 1942 oblationibus
903 1916 930 1942 et

84 1960 144 1990 aliis
164 1960 358 1998 proventibus,
386 1960 453 1989 dum
482 1967 530 1988 vos
551 1960 691 1997 occupatis
719 1960 790 1994 loca,
818 1959 846 1988 in
868 1959 929 1997 qui-

84 2007 137 2036 bus
157 2007 202 2036 alii
233 2006 405 2041 habitarent,
437 2007 485 2044 qui
516 2007 555 2036 eis
586 2007 638 2036 ista
668 2006 865 2043 persolverent.
891 2023 929 2026 —

85 2054 166 2088 Item,
188 2061 270 2091 saepe
297 2053 356 2083 sine
383 2053 492 2082 licentia
523 2054 717 2091 episcoporum
748 2053 858 2082 intratis
883 2061 929 2082 eo-

84 2108 147 2130 rum
165 2100 311 2129 dioeceses.
326 2117 364 2121 —
378 2100 542 2138 Aliquando,
557 2100 719 2129 inconsultis
739 2100 856 2129 dominis
873 2103 929 2129 ter-

84 2155 131 2176 rae
151 2147 195 2176 vel
215 2147 349 2182 civitatis,
368 2147 464 2176 domos
484 2147 606 2184 recipitis
626 2147 654 2175 in
675 2146 786 2176 eisdem.

161 2194 320 2231 Respondeo
331 2194 350 2223 ³.
373 2195 430 2223 Non
452 2194 560 2229 omnia,
581 2202 652 2231 quae
673 2194 745 2223 fiunt
765 2196 861 2223 contra
881 2202 928 2223 vo-

84 2241 217 2270 luntatem
239 2241 370 2275 alicuius,
391 2240 425 2269 ad
446 2240 576 2270 iniuriam
591 2240 651 2270 eius
672 2240 750 2269 fiunt.
773 2240 841 2269 Cum
862 2248 928 2278 ergo

84 2287 157 2317 cives
177 2287 294 2316 alicuius
315 2286 406 2324 oppidi
428 2295 478 2316 nos
498 2289 598 2316 vocant
618 2290 646 2316 et
666 2287 757 2316 locant
784 2294 834 2316 nos
854 2286 927 2323 apud

146 2483 153 2497 ¹
171 2484 216 2508 Cir.
241 2491 311 2513 supra
337 2484 422 2512 opusc.
450 2484 497 2507 Xll.
524 2484 592 2512 Epist.
620 2484 649 2507 dc
674 2484 747 2507 tribus
773 2487 862 2513 quaest.
886 2488 929 2507 etc.

85 2530 107 2546 n.
123 2524 167 2547 3-5.

145 2562 154 2576 ²
172 2563 248 2585 Metui.
266 2563 307 2591 io,
326 2562 367 2584 i7:
384 2562 469 2585 Cavete
486 2566 562 2585 autem
581 2562 610 2584 ab
628 2562 768 2585 hominibus.
779 2575 810 2579 —
825 2562 928 2585 Subinde

85 2603 98 2624 Ι.
117 2602 197 2624 Thess.
216 2602 242 2628 5,
259 2603 301 2624 22:
325 2601 360 2624 Ab
377 2602 438 2624 omni
461 2602 538 2629 specie
555 2602 612 2624 mala
634 2601 744 2624 abstinete
767 2608 817 2624 vos.
836 2613 867 2618 -
883 2601 928 2624 Csr.

85 2640 169 2663 Urbani
189 2641 243 2663 Vlll.
260 2641 333 2663 Breve
351 2640 447 2670 Earponi
464 2639 536 2663 Nobis
553 2640 608 2670 fecit
624 2641 721 2663 dilectus
738 2640 797 2663 silius
813 2640 871 2662 Elias
892 2640 928 2662 Pe-

85 2679 124 2702 tiot
139 2683 182 2702 etc.
200 2685 237 2702 an.
256 2679 327 2707 1637,
344 2679 381 2701 die
399 2679 428 2701 27
446 2679 492 2702 lulii
511 2679 575 2707 (Luc.
593 2679 705 2707 Ferraris,
723 2680 829 2707 Prompta
848 2679 927 2701 Biblio-

85 2718 161 2745 theca,
177 2717 222 2740 sub
237 2718 330 2740 nomine
346 2717 498 2747 Leyatarius,
516 2718 641 2747 Legatum,
659 2724 681 2740 n.
694 2718 769 2746 ⁴02),
787 2718 808 2739 in
826 2724 873 2746 quo
891 2717 927 2739 dc·

83 2756 182 2778 cernitur
200 2765 211 2776 a
222 2757 296 2779 dictos
307 2759 435 2779 conventus
446 2757 582 2785 Fratresque
594 2756 705 2779 Minorum
718 2756 846 2784 respective
857 2756 926 2783 licite,

83 2795 171 2824 valide,
183 2798 229 2818 tuta
248 2799 269 2817 et
286 2796 348 2818 salva
361 2795 497 2818 conscientia
510 2799 587 2818 tenere
599 2801 667 2823 posse
683 2800 759 2817 annua
776 2797 798 2817 et
815 2798 926 2823 perpetua

84 2834 156 2861 legata
173 2835 208 2857 vel
220 2837 294 2857 certos
306 2834 395 2863 aliquos
406 2835 493 2857 reditus
505 2837 543 2856 aut
560 2836 687 2862 proventus
704 2839 793 2855 annuos
808 2836 829 2856 et
847 2839 927 2861 perpe·

85 2875 136 2896 tuos
147 2875 262 2901 praefatae
274 2873 366 2902 puritati
379 2876 469 2896 nostrae
482 2873 582 2899 {tegulae
594 2875 760 2895 consentaneos
774 2878 818 2901 per
829 2871 927 2894 modmn

84 2911 254 2942 eleemosynae,
267 2915 331 2935 aut...
345 2912 410 2940 pretii
427 2918 467 2934 seu
481 2912 594 2934 mercedis
611 2911 663 2933 vice
675 2917 717 2939 pro
733 2910 846 2939 spirituali
858 2911 927 2933 dicto-

84 2957 136 2974 rum
153 2952 257 2974 Fratrum
283 2955 414 2974 nostrorum
432 2950 510 2973 labore
535 2950 704 2978 recipiendos...
725 2950 788 2979 sacta
811 2949 881 2979 prius
900 2956 926 2972 ex

84 2989 160 3012 animo
171 2993 193 3012 et
205 2990 293 3018 optimo
304 2990 374 3012 corde
385 2989 499 3012 dictorum
511 2990 627 3012 redituum
639 2992 678 3012 aut
690 2992 844 3017 proventuum
859 2988 926 3011 simili

1775 199 1831 229 365

989 280 1018 301 se
1039 273 1066 302 in
1087 274 1134 302 tali
1150 274 1224 309 loco,
1247 274 1292 303 ubi
1314 275 1397 304 etiam
1411 279 1522 312 possent
1544 276 1656 306 ludaeos
1678 277 1768 306 locare
1789 277 1833 306 vel

989 327 1081 349 aream
1104 329 1154 357 pro
1176 321 1248 350 ludis
1276 322 1365 351 facere
1387 322 1430 351 vel
1451 323 1552 352 horrea
1572 331 1622 352 seu
1653 324 1777 359 stabula,
1799 324 1833 353 de

989 366 1092 403 quibus
1112 367 1151 396 nil
1172 369 1331 405 proveniret
1351 369 1468 406 plebano
1490 370 1556 405 loci,
1577 371 1659 399 etiam
1681 371 1703 400 si
1724 379 1774 400 nos
1796 371 1832 400 ibi

989 421 1044 441 non
1065 421 1206 449 essemus;
1229 423 1282 444 non
1310 416 1426 445 facimus
1447 416 1486 445 eis
1506 417 1637 446 iniuriam
1664 418 1722 446 ullo
1742 418 1831 447 modo.

990 460 1092 488 Sumus
1119 460 1200 489 etiam
1232 470 1286 490 non
1314 462 1459 492 deterioris
1486 464 1649 493 conditionis
1676 472 1759 501 quam
1787 464 1833 493 alii

989 506 1135 535 Christiani
1159 508 1201 536 vel
1217 508 1357 545 Religiosi,
1379 510 1481 546 quibus
1502 510 1662 539 conceditur
1682 511 1779 540 domos
1793 519 1834 540 re-

989 552 1081 589 cipere
1095 556 1122 582 et
1143 553 1216 588 loca,
1232 555 1402 593 ubicumque
1422 556 1524 586 dantur
1549 557 1584 586 ab
1604 558 1643 586 eis
1664 558 1711 595 qui
1731 558 1833 587 habent

989 599 1033 628 ius
1055 600 1173 629 liberum
1187 601 1268 630 dandi
1291 602 1341 636 eis,
1364 603 1484 632 maxime
1499 612 1562 633 cum
1584 613 1634 641 per
1656 605 1751 634 Sedem
1767 613 1832 642 apo—

989 647 1112 676 stolicam
1137 648 1172 676 sit
1193 648 1267 677 Ordo
1282 653 1375 678 noster
1400 650 1570 687 approbatus
1594 654 1621 680 et
1635 651 1661 679 in
1678 651 1832 680 subsidium

988 693 1143 723 animarum
1165 694 1191 723 in
1208 695 1325 724 Ecclesia
1339 696 1492 726 destinatus
1503 697 1527 731 4,
1543 700 1571 726 et
1592 698 1643 726 hoc
1658 697 1761 727 bonum
1783 706 1833 735 per

989 741 1106 769 aliorum
1128 741 1259 770 malitiam
1282 751 1335 771 non
1357 743 1455 772 debeat
1469 744 1603 781 impediri.
1626 745 1651 773 Si
1667 745 1739 774 enim
1761 753 1832 774 nun-

989 795 1072 824 quam
1093 788 1258 818 deberemus
1289 790 1391 818 morari
1413 791 1465 819 nisi
1487 791 1520 820 de
1551 792 1692 821 voluntate
1720 792 1832 821 clerico-

989 842 1068 869 rum,
1090 835 1138 863 vix
1160 843 1284 872 unquam
1305 836 1332 864 in
1350 837 1467 866 Ecclesia
1488 845 1631 874 possemus
1645 838 1692 867 diu
1713 839 1832 874 morari,

988 881 1054 909 dum
1085 884 1134 910 aut
1153 890 1202 918 per
1224 890 1267 917 se,
1300 887 1349 912 aut
1379 884 1482 912 incitati
1514 892 1564 921 per
1595 885 1677 920 alios,
1702 885 1832 915 eiicerent

988 936 1038 956 nos
1068 928 1101 957 de
1133 929 1271 965 parochiis
1302 930 1359 959 suis
1391 931 1483 967 potius
1503 939 1586 968 quam
1609 932 1761 961 haereticos
1789 933 1832 961 vel

988 975 1101 1003 ludaeos
1112 975 1131 1003 ⁵.

1067 1022 1228 1059 Episcopis⁶
1249 1023 1331 1052 etiam
1346 1024 1450 1053 nullam
1465 1025 1581 1054 facimus
1602 1025 1745 1059 iniuriam,
1767 1033 1831 1054 cum

988 1076 1041 1097 non
1064 1077 1212 1105 gravemus
1233 1077 1279 1098 eos
1300 1070 1327 1099 in
1357 1071 1466 1108 aliquo,
1488 1072 1534 1100 sed
1566 1072 1693 1101 iuvemus
1724 1072 1832 1109 praedi-

988 1115 1074 1144 cando
1096 1119 1123 1144 et
1153 1117 1320 1146 consulendo
1351 1126 1448 1146 eorum
1479 1119 1612 1153 subditis,
1644 1121 1675 1148 ut
1705 1119 1832 1149 devotius

987 1162 1131 1197 obediant,
1153 1166 1180 1191 et
1201 1171 1271 1192 onus
1293 1164 1433 1201 regiminis
1453 1173 1550 1194 eorum
1572 1168 1648 1194 tanto
1669 1166 1832 1202 portabilius

988 1209 1036 1237 fiat
1056 1209 1110 1243 eis,
1132 1209 1165 1238 de
1187 1218 1242 1247 quo
1260 1210 1288 1239 in
1310 1211 1411 1240 iudicio
1432 1215 1559 1241 extremo
1573 1215 1682 1249 oportet
1702 1220 1749 1242 eos
1770 1213 1832 1242 red-

987 1255 1053 1284 dere
1084 1256 1228 1285 rationem.
1258 1257 1284 1286 Si
1306 1262 1397 1287 autem
1431 1261 1522 1288 movet
1548 1267 1610 1294 eos,
1636 1259 1710 1296 quod
1735 1267 1832 1289 sumus

988 1302 1112 1339 exempti
1133 1311 1149 1331 a
1180 1303 1368 1333 iurisdictione
1389 1304 1513 1341 ipsorum
1545 1306 1636 1343 quoad
1667 1314 1717 1335 nos
1738 1306 1830 1343 ipsos;

988 1352 1054 1378 tunc
1076 1357 1090 1378 e
1116 1358 1250 1379 converso
1271 1351 1462 1386 consolentur,
1484 1352 1558 1389 quod
1579 1352 1723 1382 liberiores
1750 1356 1831 1387 sunt,

988 1396 1061 1433 quod
1082 1404 1133 1433 pro
1154 1397 1233 1425 nobis
1254 1405 1307 1426 non
1330 1401 1459 1427 tenentur
1481 1398 1596 1428 reddere
1617 1399 1765 1434 rationem,
1786 1402 1831 1434 ut,

987 1443 1080 1472 sicut⁷
1111 1443 1145 1472 de
1172 1447 1267 1472 nostra
1295 1444 1494 1481 gubernatione
1521 1448 1616 1474 carent
1647 1446 1765 1480 honore,
1794 1446 1831 1475 ita

987 1489 1042 1518 sint
1063 1490 1141 1519 liberi
1163 1498 1179 1519 a
1206 1491 1389 1520 sollicitudine
1416 1495 1443 1520 et
1465 1492 1573 1526 labore,
1595 1496 1712 1529 excepta
1739 1493 1832 1530 provi-

986 1537 1078 1566 dentia
1093 1537 1201 1574 pietatis
1214 1540 1241 1566 et
1255 1537 1327 1566 inter
1342 1546 1390 1566 nos
1408 1538 1434 1566 in
1447 1538 1458 1555 ⁸
1479 1546 1545 1567 suae
1559 1539 1633 1575 pacis
1654 1539 1759 1568 unitate
1774 1547 1832 1569 ser-

986 1584 1082 1613 vanda.

1065 1631 1203 1660 Domin0⁹
1224 1631 1305 1660 etiam
1335 1634 1425 1661 terrae
1447 1632 1489 1661 vel
1517 1632 1597 1662 villae
1628 1641 1682 1662 non
1713 1633 1829 1662 facimus

986 1678 1129 1712 iniuriam,
1144 1678 1179 1712 si,
1194 1686 1227 1707 eo
1248 1678 1417 1713 inconsulto,
1432 1679 1598 1716 quandoque
1619 1680 1706 1709 vocati
1727 1688 1743 1709 a
1764 1680 1830 1709 civi-

985 1725 1054 1759 bus,
1069 1725 1250 1754 mansionem
1272 1725 1420 1762 recipimus
1440 1726 1468 1754 in
1483 1726 1562 1760 villa,
1584 1726 1631 1755 ubi
1653 1727 1773 1756 liberum
1787 1735 1830 1757 es-

986 1775 1027 1801 set
1048 1772 1103 1806 eis,
1125 1772 1147 1801 si
1170 1772 1283 1806 vellent,
1315 1772 1454 1801 theatrum
1484 1772 1573 1802 facere
1595 1774 1638 1802 vel
1666 1774 1757 1803 locare
1788 1774 1831 1803 Iu-

987 1819 1068 1848 daeos
1091 1819 1134 1848 vel
1155 1818 1245 1847 locum
1268 1819 1425 1856 relinquere
1446 1827 1580 1855 vacuum,
1602 1820 1668 1857 quia
1689 1821 1722 1849 de
1743 1821 1830 1858 ipsius

986 1865 1065 1894 fundi
1080 1865 1251 1902 possessione
1272 1865 1310 1894 nil
1324 1865 1348 1894 ei
1371 1865 1562 1896 subtrahimus
1577 1875 1627 1896 nec
1648 1867 1751 1905 aliquid
1766 1875 1830 1904 pro-

987 1912 1111 1949 prietatis
1132 1912 1211 1941 nobis
1232 1912 1265 1941 de
1288 1912 1332 1941 illo
1353 1912 1540 1948 vindicamus,
1562 1914 1683 1943 maxime
1710 1922 1773 1943 cum
1793 1914 1830 1943 ci-

986 1967 1034 1988 ves
1055 1967 1149 1988 amore
1171 1962 1281 1988 nostrae
1296 1959 1518 1988 commorationis
1540 1960 1639 1989 ibidem
1660 1960 1771 1989 domino
1786 1968 1830 1990 re-

986 2005 1102 2035 fundant
1123 2006 1249 2040 aliunde,
1272 2006 1294 2034 si
1314 2006 1381 2043 quid
1402 2006 1473 2035 forte
1493 2006 1527 2036 de
1548 2015 1613 2036 area
1634 2010 1728 2036 nostra
1748 2007 1829 2037 debe-

986 2056 1028 2082 ret
1043 2053 1126 2081 annui
1140 2053 1162 2070 ¹⁰
1184 2061 1282 2082 census
1297 2053 1452 2090 percipere,
1467 2053 1489 2083 si
1504 2053 1572 2083 nolit
1586 2062 1637 2091 pro
1651 2054 1707 2083 Deo
1724 2062 1827 2084 carere.

985 2100 1051 2128 Nam
1074 2099 1096 2128 si
1128 2099 1209 2128 etiam
1239 2100 1424 2137 contingeret,
1455 2108 1505 2129 nos
1536 2103 1598 2137 post
1628 2100 1696 2130 haec
1725 2109 1742 2129 a
1769 2101 1828 2130 loco

985 2146 1095 2184 penitus
1116 2146 1271 2181 discedere;
1293 2154 1344 2175 nec
1365 2146 1548 2176 venderemus
1569 2155 1661 2176 aream
1682 2155 1732 2177 nec
1746 2147 1828 2176 alicui

985 2196 1092 2230 partem
1113 2193 1303 2227 traderemus,
1319 2193 1381 2228 sed,
1398 2193 1469 2222 sicut
1489 2201 1650 2223 concessum
1671 2197 1712 2223 est
1733 2194 1827 2229 nohis,

984 2240 1040 2274 eis,
1061 2239 1095 2268 ad
1116 2247 1186 2277 quos
1207 2239 1325 2276 pertinet
1349 2239 1516 2275 dominium,
1537 2240 1767 2277 relinqueremus.
1788 2257 1826 2261 —

986 2286 1076 2323 Ipsum
1098 2294 1209 2323 quoque
1226 2286 1392 2315 oratorium
1406 2289 1531 2315 nostrum
1550 2295 1605 2316 non
1626 2287 1657 2316 fit
1677 2287 1827 2325 parochiali

986 2484 1022 2506 vel
1039 2484 1160 2506 efficaciori
1176 2482 1345 2513 protestatione
1361 2484 1383 2506 et
1399 2482 1573 2506 renuntiatione
1590 2489 1605 2506 α
1623 2484 1722 2507 Doctore
1744 2485 1827 2507 nostro

984 2522 1107 2552 serapliico
1124 2523 1149 2545 P.
1168 2523 1334 2545 Bomzrentura
1350 2521 1500 2552 praescripta
1515 2524 1586 2552 alque
1602 2521 1726 2546 observata
1743 2526 1786 2546 etc.

1048 2561 1056 2574 ³
1074 2561 1131 2584 Edd.
1150 2562 1170 2589 i,
1188 2562 1216 2583 2:
1233 2561 1360 2590 Responsio
1374 2560 1451 2590 primi
1466 2560 1572 2590 quaesiti.

1046 2599 1055 2612 ⁴
1073 2600 1118 2623 Csr.
1137 2601 1193 2623 infra
1212 2600 1297 2628 Opnsc.
1314 2600 1374 2622 XlV.
1391 2601 1467 2628 Quare
1484 2601 1572 2623 Fratres
1584 2601 1682 2623 Minores
1695 2601 1827 2628 praedicent

984 2643 1006 2661 et
1023 2639 1176 2661 consessiones
1193 2639 1295 2661 audiant.

1046 2677 1055 2690 ⁶
1073 2678 1134 2700 Hanc
1151 2678 1333 2706 propositionem
1350 2683 1396 2700 non
1408 2677 1437 2700 dc
1454 2677 1563 2700 omnibus
1575 2678 1673 2705 clericis,
1685 2678 1725 2701 sed
1739 2681 1826 2701 tantum

983 2717 1013 2739 de
1030 2716 1170 2746 quibusdam
1188 2716 1356 2744 intelligendam
1379 2723 1441 2744 esse,
1461 2719 1550 2739 constat
1570 2723 1596 2739 ex
1622 2717 1648 2739 iis
1674 2723 1734 2746 qnae
1756 2724 1826 2746 supra

984 2762 1008 2784 p.
1026 2756 1039 2778 l.
1058 2762 1080 2784 q.
1098 2755 1135 2778 27.
1152 2754 1293 2778 exhibentur.

1046 2793 1055 2807 ⁶
1074 2794 1129 2817 Edd.
1143 2795 1168 2822 4,
1187 2796 1200 2817 2
1213 2795 1363 2822 praemittunt
1374 2795 1433 2817 hane
1444 2794 1574 2817 rubricam:
1591 2795 1717 2825 Responsio
1729 2795 1829 2819 secundi

984 2833 1109 2862 (quaesiti).
1395 2832 1404 2846 '¹
1421 2833 1479 2856 Cum
1496 2834 1533 2857 ed.
1551 2834 1564 2856 3
1581 2834 1742 2862 supplevimus
1758 2834 1826 2858 sicut.

1045 2870 1054 2884 ⁸
1072 2872 1099 2894 ln
1116 2872 1207 2895 videtur
1224 2878 1274 2895 esse
1291 2872 1472 2900 expungendum
1489 2875 1511 2895 et
1527 2874 1624 2902 excepta
1636 2873 1825 2901 coniungendum

983 2917 1035 2934 cum
1053 2910 1149 2934 unitate.

1045 2948 1054 2961 ⁹
1071 2949 1127 2972 Edd.
1142 2950 1162 2978 t,
1174 2950 1188 2972 2
1206 2950 1335 2978 praefigunt
1346 2949 1475 2973 rubricam:
1487 2950 1614 2980 Responsio
1626 2950 1689 2974 tertii
1700 2950 1824 2980 (quaesiti).

1046 2987 1065 3001 ¹⁰
1082 2989 1134 3011 Sola
1152 2988 1201 3011 Vnt.
1218 2994 1306 3012 annue.
1318 2988 1411 3011 inferius
1427 2995 1470 3017 pro
1486 2990 1580 3019 partem
1591 2989 1645 3012 edd.
1658 2989 1666 3012 ¹l
1677 3006 1683 3016 ‚
1695 2990 1708 3012 2
1719 2989 1824 3019 parium.

1851 749 1966 769 Notandum.

1849 1030 1889 1049 Nec
1901 1030 1973 1057 episco-

1891 1058 1927 1077 pis.

1843 1636 1884 1656 Nec
1895 1636 1977 1656 dominis

1872 1662 1940 1680 terrae.

1841 2291 1869 2311 De
1878 2291 1973 2311 oratoriis.
