2133 3317
121 395 248 416 Continuatur

134 419 235 440 accusatio.

131 1661 254 1685 Praeparauo

134 1685 159 1704 ad
171 1690 212 1712 00111
225 1689 254 1704 10-

135 1711 210 1728 monor.

262 218 319 246 480

263 296 390 325 indevote
420 295 488 323 dicis
519 297 546 323 et
574 301 638 322 cum
670 292 813 329 vagatione
841 291 932 320 cordis
959 293 986 320 et
1013 290 1116 327 imper-

263 343 346 377 fecte,
368 340 531 371 dimittendo
552 339 719 377 quandoque
741 347 840 368 versus
860 342 888 367 et
908 338 1027 375 syllabas
1039 339 1058 365 ¹.
1078 353 1116 358 —

265 390 350 423 Item,
378 389 411 417 de
443 388 531 416 multa
563 386 781 424 ingratitudine,
811 394 894 423 quam
928 385 1013 414 habes
1042 385 1117 414 circa

264 435 419 473 spiritualia
440 437 467 463 et
488 434 652 471 temporaIIa
673 433 745 461 dona
765 436 792 461 et
810 432 943 461 beneficia
964 432 1022 460 Dei.
1048 431 1115 460 Nam

264 482 419 520 spiritualia
440 489 495 510 non
511 480 668 518 cognoscis,
683 480 806 508 maxime
827 479 994 508 beneficium
1009 478 1117 507 redem-

263 529 365 567 ptionis
379 532 407 557 et
421 528 581 566 Religionis,
597 536 669 565 quae
683 535 747 556 cum
769 527 924 564 gratiarum
940 526 1047 555 actione
1062 525 1117 554 fre-

264 578 382 614 quenter
410 576 553 604 ruminare
580 575 713 609 deberes,
741 577 768 603 et
798 574 880 603 etiam
912 574 945 602 de
976 572 1118 602 beneficiis

264 622 458 659 corporalibus
479 630 508 651 es
530 622 672 659 ingratus,
694 621 761 658 quia
788 629 838 658 pro
866 620 1048 657 eleemosynis
1073 627 1118 648 ac-

264 669 351 706 ceptis
372 678 426 698 non
449 669 542 698 reddis
556 669 613 698 Deo
634 669 741 698 debitas
755 668 874 705 gratias,
895 668 968 697 sicut
988 667 1117 700 deberes,

265 720 292 746 et
307 725 406 754 parum
423 725 473 754 pro
489 716 714 745 benefactoribus
728 723 800 744 oras.
817 732 854 736 —
870 715 946 748 Item,
961 714 995 743 de
1010 713 1118 742 modica

265 764 393 799 caritate,
409 772 493 801 quam
515 763 601 792 babes
617 763 690 792 circa
711 763 799 791 Deum
815 765 842 791 et
858 762 1033 799 proximum,
1053 760 1119 798 quia

265 811 353 840 Deum
369 819 423 839 non
439 810 542 848 diligis,
565 810 637 839 sicut
651 809 750 844 debes,
773 813 829 838 toto
850 809 936 838 eorde
948 808 969 842 2,
992 815 1043 837 nec
1057 807 1120 836 obe-

265 858 307 887 dis
329 858 450 887 consiliis
464 861 492 887 et
514 857 669 895 praeceptis
685 857 758 891 eius,
781 857 853 885 sicut
867 856 966 890 debes,
982 855 1029 884 sed
1044 854 1119 892 quod

265 905 451 943 periculosius
478 908 533 939 est,
555 905 691 933 voluntati
720 904 781 933 eius
802 903 909 932 resistis
936 902 1118 940 frequenter;

266 961 317 982 nec
338 952 420 981 etiam
441 952 532 990 diligis
560 952 738 989 proximum,
761 951 833 980 sicut
853 951 953 985 debes,
979 950 1045 987 quia
1070 957 1120 978 nec

266 1000 423 1037 congaudes
434 1000 457 1029 ei
473 1000 500 1028 in
513 999 697 1037 prosperitate
708 1007 759 1028 sua
769 1006 819 1027 nec
832 998 860 1027 in
871 997 1038 1027 adversitate
1050 1004 1121 1026 com-

267 1047 384 1084 pateris,
404 1047 477 1076 sicut
494 1046 586 1076 debes.
608 1063 647 1067 —
668 1046 743 1080 Item,
758 1046 792 1074 de
810 1045 964 1083 perditione
978 1044 1120 1082 temporis,

268 1095 335 1132 quia
357 1094 435 1123 51053
457 1094 563 1123 otlosus
584 1094 611 1122 in
633 1093 677 1122 die
691 1093 807 1122 dicendo
829 1096 856 1122 et
877 1092 1015 1121 audiendo
1036 1091 1122 1120 verba

267 1150 339 1170 vana
359 1144 387 1170 et
407 1142 495 1170 otiosa
509 1144 536 1170 et
551 1141 648 1170 nociva
668 1144 696 1170 et
717 1140 751 1169 ad
772 1141 861 1169 risum
880 1139 1067 1177 provocantia.
1083 1154 1122 1159 ——

268 1189 351 1223 Item,
373 1188 407 1217 de
429 1188 582 1217 inhonestis
602 1191 630 1217 et
658 1188 750 1216 noxiis
778 1187 991 1224 cogitationibus
1015 1189 1042 1215 et
1064 1194 1121 1214 mo-

268 1237 355 1271 rosis,
377 1236 481 1273 quibus
502 1244 556 1264 non
578 1235 685 1264 resistis
706 1235 834 1269 viriliter,
856 1234 928 1263 sicut
944 1242 1046 1271 posses.
1070 1233 1122 1262 Sed

731 213 929 242 OPUSCULUM
951 212 1006 241 XX.
1029 211 1157 241 REGULA
1179 211 1398 241 NOVITIORUM.
1421 211 1489 240 CAP.
1512 211 1553 240 lV.

1172 289 1243 319 forte
1255 290 1330 327 quod
1345 290 1424 327 peius
1439 293 1489 324 est,
1504 289 1620 327 negligis
1634 288 1769 326 principia
1783 291 1909 317 motuum
1926 296 2023 317 carna-

1174 337 1257 371 liUm,
1272 337 1319 374 qui
1335 337 1485 374 insurgunt
1495 337 1516 364 4.
1531 353 1571 357 —-
1586 337 1665 370 Item,
1680 336 1714 365 de
1729 335 1817 364 multa
1831 335 2024 372 superfluitate

1173 387 1201 413 et
1221 384 1351 413 aviditate
1373 384 1400 412 in
1419 383 1585 412 comedendo
1607 387 1634 412 et
1648 383 1766 412 bibendo
1788 386 1815 411 et
1833 382 1886 411 alia
1906 390 1960 410 non
1977 389 2024 410 ne-

1173 431 1293 460 cessaria
1313 430 1445 459 faciendo.
1461 447 1501 451 —
1514 431 1589 465 Item,
1604 431 1638 459 de
1656 430 1735 459 bonis
1749 429 1961 467 cogitationibus
1974 428 2024 457 tibi

1173 486 1189 506 a
1210 478 1266 506 Deo
1288 477 1444 514 inspiratis,
1459 485 1529 514 quas
1543 485 1597 505 11011
1619 477 1730 514 perficis
1750 484 1847 513 opere,
1869 475 1915 505 sed
1938 475 2025 512 negli-

1174 524 1262 561 gendo
1277 532 1327 561 per
1341 523 1498 552 dilati0nem
1513 523 1674 560 frequenter
1690 523 1800 560 repellis
1811 523 1831 551 ⁵.
1848 538 1884 544 —
1901 523 1975 556 Item,
1991 521 2026 551 de

1174 572 1242 600 falso
1263 574 1290 600 et
1311 571 1459 600 temerario
1480 570 1582 599 iudicio
1603 570 1731 599 aliorum.
1749 587 1784 590 —
1801 570 1880 604 Item,
1901 569 1935 598 de
1955 577 2027 598 vana

1175 618 1278 647 laetitia
1298 621 1325 647 et
1346 618 1465 647 tristitia.
1482 634 1518 638 —
1535 617 1617 651 Item,
1636 617 1702 654 quia
1722 620 1753 645 111
1775 624 1804 645 05
1826 619 1972 654 promptus
1992 615 2027 644 ad

1175 666 1280 694 malum
1301 668 1328 694 et
1350 665 1483 694 remissus
1497 665 1531 694 ad
1546 665 1659 693 bonum.
1675 681 1712 684 —
1728 665 1810 698 Item,
1825 664 1859 693 de
1877 664 1966 693 multa
1980 662 2026 692 su-

1176 713 1287 750 perbia,
1303 721 1374 741 vana
1394 712 1494 749 gloria,
1510 712 1625 746 invidia,
1641 712 1782 746 iactantia,
1804 711 1935 745 avaritia,
1957 710 2028 739 acci-

1175 760 1232 794 dia,
1247 760 1313 797 gula
1327 762 1354 788 et
1368 759 1491 788 luxuria.
1506 776 1544 779 ——
1561 759 1640 793 Item,
1656 759 1689 788 de
1704 758 1810 787 modico
1825 758 1929 792 dolore,
1944 765 2028 795 quem

1177 807 1262 836 habes
1276 807 1310 836 de
1331 807 1450 844 peccatis
1468 806 1536 841 tuis,
1552 809 1579 835 et
1593 815 1647 835 non
1662 806 1738 835 doles
1752 806 1786 835 de
1800 805 1910 835 offensis
1921 806 1942 840 ⁶,
1957 805 2029 834 sicut

1176 855 1275 889 debes;
1297 857 1325 884 et
1345 854 1378 883 de
1400 854 1460 883 aliis
1485 854 1575 889 dicas,
1596 854 1630 883 de
1645 854 1748 891 quibus
1762 853 1929 882 conscientia
1943 856 1970 881 te
1984 859 2028 881 re-

1177 902 1339 940 prehendit3
1369 905 1396 930 et
1417 901 1483 930 dum
1512 902 1580 941 baec
1601 901 1694 929 omnia
1718 900 1802 935 dicis,
1829 900 1964 929 descende
1991 899 2026 928 ad

1178 949 1321 987 specialia,
1343 956 1415 986 quae
1436 948 1539 982 fecisti,
1561 951 1588 977 et
1609 955 1731 985 semper,
1752 950 1865 984 accepta
1886 946 2028 984 poeniten-

1177 997 1230 1030 tia,
1252 996 1380 1025 osculare
1401 998 1515 1024 terram.

1258 1044 1289 1072 Et
1309 1043 1345 1072 sit
1366 1042 1500 1072 confessio
1515 1045 1563 1071 tua
1578 1042 1724 1079 frequens,
1740 1045 1837 1079 aperta
1857 1044 1884 1071 et
1905 1041 2028 1078 integra,

1178 1090 1337 1119 verecunda
1351 1093 1378 1119 et
1394 1090 1549 1126 lacrymosa
1563 1092 1590 1118 et
1605 1097 1668 1118 cum
1685 1089 1850 1118 contritione
1865 1090 1892 1117 et
1906 1088 1964 1117 sine
1978 1096 2028 1117 ex-

1179 1138 1329 1167 cusatione.
1347 1137 1378 1166 Et
1392 1137 1413 1165 si
1430 1140 1508 1174 potes
1523 1136 1647 1165 confiteri
1663 1136 1802 1174 quotidIe,
1817 1136 1887 1165 bene
1902 1135 2027 1173 quidem,

1179 1185 1220 1214 sin
1236 1188 1346 1219 autem,
1367 1184 1402 1213 de
1419 1184 1502 1213 tertio
1523 1184 1549 1212 in
1572 1184 1685 1213 tertium
1709 1183 1780 1212 diem
1803 1183 1898 1212 saltem
1918 1183 2030 1212 studeas

1179 1232 1305 1261 confiteri
1327 1234 1355 1261 et
1375 1232 1488 1261 studeas
1512 1231 1678 1269 generaliter
1704 1231 1828 1260 confiteri
1854 1230 1997 1260 annuatim
2009 1230 2029 1258 ⁷.

1035 1357 1197 1385 CAP1TULUM
1225 1356 1266 1385 IV.

1017 1477 1056 1506 De
1077 1477 1287 1506 communione.

353 1604 377 1631 I.
400 1603 469 1631 Cum
491 1601 659 1639 ΑῙ105101058
681 1602 769 1636 dicat,
791 1601 866 1639 quod
887 1601 935 1638 qui
958 1601 1025 1629 illud
1048 1601 1123 1629 inco-

270 1650 381 1688 gitabile
403 1651 612 1679 Sacramentum
633 1649 798 1678 manducat
818 1649 954 1686 indigne,
976 1647 1122 1676 iudicium

269 1698 327 1727 sibi
340 1698 503 1726 manducat
524 1701 549 1726 et
564 1697 650 1730 bibit;
665 1696 781 1731 idcirco,
798 1696 1033 1733 quandocumque
1048 1703 1122 1723 com-

270 1745 415 1774 municare
437 1744 585 1781 proponis,
607 1743 720 1772 studeas
741 1747 768 1772 te
790 1751 839 1780 per
861 1746 946 1772 totam
972 1741 1123 1771 hebdoma-

269 1792 332 1821 dam
356 1791 566 1829 praecedentem
593 1791 627 1819 ad
661 1791 712 1820 hoc
741 1790 857 1819 sollicite
879 1797 1063 1827 praeparare,
1095 1791 1123 1818 et

270 1840 323 1868 hoc
344 1847 394 1876 per
410 1841 587 1876 peccatorum
610 1838 804 1867 contritionem
820 1837 997 1871 continuam,
1016 1836 1122 1865 confes-

269 1887 374 1916 sionem
397 1890 424 1915 et
445 1886 572 1915 devotam
597 1886 759 1914 orationem.
783 1885 848 1914 Nam
870 1884 904 1914 de
933 1884 985 1913 hac
1006 1891 1122 1921 praepa-

270 1934 377 1963 ratione
398 1933 566 1971 loquebatur
587 1933 733 1970 Apostolus
745 1933 765 1967 ⁹,
787 1940 850 1961 cum
870 1932 993 1961 dicebat:
1016 1931 1123 1960 Probet

270 1984 368 2010 autem
389 1989 418 2009 se
439 1980 539 2018 ipsum
559 1979 660 2015 liomo,
681 1983 707 2008 et
727 1980 770 2008 sic
791 1979 825 2008 cte
843 1988 922 2016 pane
943 1978 991 2007 illo
1012 1978 1079 2007 edat
1097 1981 1124 2006 et

270 2028 304 2057 de
325 2028 414 2057 calice
446 2027 533 2056 bibat,
560 2027 663 2064 Quodsi
696 2027 723 2056 in
756 2027 800 2056 die
831 2026 968 2055 dominico
991 2025 1122 2063 proponis

271 2075 490 2109 communicare,
512 2075 624 2104 studeas
654 2077 680 2104 te
701 2078 765 2104 ante
787 2082 836 2111 per
864 2074 990 2102 triduum
1011 2073 1045 2102 ad
1067 2073 1122 2101 fer-

271 2130 366 2151 vorem
387 2121 503 2159 spiritus
524 2121 670 2156 ordinare,
692 2124 723 2150 ut
745 2121 782 2150 sis
802 2121 830 2149 in
852 2124 932 2149 sexta
952 2120 1021 2149 feria
1042 2127 1123 2157 prae-

271 2169 377 2198 cedenti
410 2169 445 2198 ab
476 2169 551 2197 omni
582 2168 748 2206 cogitatione
778 2167 924 2196 immunda
955 2167 1120 2196 abstractus.

1180 1600 1294 1637 Semper
1315 1602 1408 1628 autem
1425 1599 1527 1628 habeas
1548 1599 1682 1628 mentales
1696 1599 1791 1628 oculos
1812 1599 1846 1628 ad
1861 1599 1950 1628 Iesum
1965 1607 2031 1628 cru-

1179 1646 1312 1681 cifixum,
1344 1646 1430 1683 spinis
1457 1649 1637 1681 coronatum,
1669 1649 1746 1675 aceto
1777 1654 1841 1675 cum
1869 1646 1931 1675 felle
1952 1649 2030 1683 pota-

1180 1696 1256 1728 tum,
1278 1693 1368 1730 sputis
1382 1696 1409 1722 et
1424 1693 1599 1722 contumeliis
1614 1696 1770 1722 saturatum
1783 1693 1815 1727 ¹⁰,
1837 1701 1853 1722 a
1877 1693 2029 1731 peccatori-

1179 1741 1233 1770 bus
1254 1741 1489 1778 blasphematum,
1505 1748 1556 1777 pro
1577 1740 1751 1777 flagellorum
1772 1740 1950 1770 multitudine
1969 1740 2031 1769 fati-

1179 1791 1291 1825 gatum,
1313 1788 1492 1817 acerbissima
1513 1791 1603 1816 morte
1631 1790 1825 1822 consumtum,
1847 1788 1942 1817 lancea
1966 1795 2029 1825 per—

1179 1836 1316 1870 foratum,
1338 1844 1354 1864 a
1376 1835 1540 1864 mortalibus
1561 1835 1615 1864 iam
1631 1835 1780 1872 sepultum.
1797 1835 1828 1864 Et
1843 1835 1911 1864 haec
1926 1835 2027 1873 cogita,

1179 1883 1237 1912 sive
1258 1883 1399 1917 comedas,
1421 1882 1478 1912 sive
1493 1882 1584 1917 bibas,
1603 1883 1661 1912 sive
1675 1882 1780 1920 aliquid
1794 1882 1869 1911 aliud
1883 1882 1981 1917 facias,
1996 1886 2029 1912 ut

1179 1930 1324 1968 cogitando
1339 1930 1497 1959 Creatorem
1512 1929 1681 1959 crucifixum
1703 1930 1826 1959 dolorem
1841 1930 1868 1958 in
1883 1930 1966 1959 corde
1981 1930 2030 1959 ha—

1179 1978 1244 2007 beas
1259 1980 1316 2007 tota
1330 1977 1374 2007 die
1395 1980 1422 2007 et
1444 1978 1471 2006 111
1489 1985 1606 2014 corpore
1627 1977 1755 2007 ostendas
1777 1977 1917 2006 tristitiam
1937 1977 2030 2012 faciei,

1179 2025 1294 2054 dicendo
1315 2033 1379 2054 cum
1401 2025 1528 2062 Apostolo
1541 2025 1577 2053 ¹¹:
1596 2024 1669 2053 Milzi
1688 2028 1785 2053 autem
1807 2024 1883 2053 absit
1901 2024 2032 2063 gloriari

1178 2072 1239 2101 nisi
1259 2072 1291 2101 in
1311 2080 1397 2101 cruce
1420 2072 1538 2100 Domini
1558 2072 1655 2100 nostri
1674 2072 1740 2100 Iesu
1764 2071 1882 2101 Christi.

1258 2121 1284 2148 2.
1308 2119 1357 2148 Die
1380 2127 1446 2147 vero
1471 2119 1581 2147 Sabbati
1614 2127 1738 2156 propone
1768 2119 1880 2156 penitus
1899 2119 2028 2148 Fratrum

1179 2166 1318 2195 consortia
1339 2166 1478 2195 declinare
1499 2169 1526 2195 et
1553 2166 1675 2203 quietem
1701 2166 1802 2195 mentis
1822 2166 1942 2204 eligere;
1970 2166 2029 2196 dies

335 2358 343 2371 ¹
363 2360 424 2381 I-Ianc
442 2359 625 2387 propositionem
641 2358 688 2381 Iide
704 2358 772 2381 codd.
785 2359 956 2386 supplevimus.
974 2358 1068 2381 Inferius
1080 2364 1122 2386 pro

271 2397 378 2421 mamime
395 2398 448 2421 edd.
461 2398 538 2425 iuoeta,
554 2401 576 2420 et
589 2404 630 2425 pro
643 2396 809 2427 corporalibus
827 2398 861 2419 HI
879 2397 1058 2427 temporalibus.

334 2437 344 2452 ²
361 2438 491 2466 Respicitur
510 2437 584 2459 Matth.
605 2438 646 2463 22,
664 2437 702 2459 37.
718 2450 749 2452 —
767 2436 872 2459 Subinde
888 2436 987 2459 vocibus
1008 2442 1049 2460 nec
1071 2436 1123 2460 obe-

271 2475 307 2499 dis
325 2477 342 2498 A
354 2477 396 2498 ΕΗ
415 2476 553 2498 interserunt
569 2477 642 2503 recte,
659 2475 700 2504 qui
717 2476 787 2498 etiam
800 2482 853 2497 cum
873 2476 915 2497 DF
932 2482 974 2503 pro
989 2475 1123 2505 praeceptis

271 2514 322 2538 eius
340 2514 382 2544 [ita
401 2515 429 2544 Β]
447 2515 590 2537 substituunt
603 2514 736 2544 praeceptis
753 2514 803 2537 suis
822 2514 849 2544 [H
867 2514 935 2544 θεῖ]-

335 2554 344 2566 ⁵
362 2554 434 2577 Codd.
453 2555 497 2576 ΕΗ
514 2553 571 2583 quia
593 2553 665 2577 nimis
684 2555 743 2577 stas.
768 2554 860 2576 InferIus
883 2554 936 2576 edd.
959 2554 1067 2576 omittunt
1089 2553 1123 2576 di-

272 2593 344 2617 cendo
362 2595 396 2620 et,
415 2599 475 2622 quae
492 2594 561 2616 etiam
579 2600 621 2621 pro
639 2594 661 2616 et
677 2592 703 2622 [L
722 2593 786 2615 addit
802 2593 874 2623 forte]
892 2593 995 2616 morosis
1013 2597 1035 2616 et
1050 2593 1123 2617 virili-

272 2634 309 2655 ter
327 2632 367 2661 [ita
386 2633 429 2655 ΕΗ
440 2632 461 2661 l]
478 2632 620 2655 substituunt
638 2632 772 2655 luxuriosis
789 2634 811 2655 et
828 2632 908 2655 otiosis
925 2636 947 2655 et
964 2632 1093 2656 humiliter.

335 2671 345 2684 4
363 2672 419 2694 Cod.
437 2672 454 2694 Α
472 2671 573 2701 neyliqis
582 2671 703 2701 principia
720 2673 743 2694 et
758 2673 837 2694 molus
849 2671 959 2695 carnales
977 2672 1120 2702 insurgunt,

273 2711 291 2733 H
309 2710 448 2740 neqliqendo
463 2710 585 2740 principia
602 2712 681 2734 motus
695 2710 807 2734 carnales
824 2710 966 2740 quandoque
983 2710 1122 2741 insurgant.

273 2750 368 2772 InferIus
379 2750 434 2772 edd.
445 2750 554 2772 omittunt
565 2751 586 2772 et
603 2749 726 2777 aviditate,
739 2756 781 2777 pro
799 2755 845 2772 non
861 2749 997 2772 necessaria
1013 2749 1121 2779 faciendo

273 2788 302 2818 [E
319 2788 464 2819 recipiendo]
482 2790 499 2811 A
510 2789 552 2812 BC
562 2790 577 2811 L
595 2789 731 2812 necessaria
746 2789 866 2819 faciendo,
879 2790 898 2811 H
913 2789 997 2813 nociva
1013 2788 1120 2819 faciendo

273 2828 310 2852 vel
328 2828 470 2857 recipiendo.

337 2865 346 2878 ⁵
363 2867 426 2889 Hane
443 2867 626 2895 propositionem
644 2868 807 2895 supplevimus
825 2868 870 2890 tide
887 2868 904 2890 A
914 2868 931 2890 B
942 2867 957 2890 C
968 2868 985 2890 D
995 2868 1011 2890 E
1020 2868 1039 2889 Η
1048 2868 1072 2889 L.

336 2905 345 2920 ⁶
362 2905 436 2928 Codd.
453 2906 496 2928 ΕΗ
514 2905 541 2928 cte
552 2906 642 2936 offensa
655 2906 709 2934 Dei,
723 2907 772 2928 Vat.
790 2906 817 2929 de
829 2906 949 2936 confessis.
967 2907 1063 2929 Inferius
1080 2912 1122 2934 pro

273 2944 306 2968 ad
321 2944 434 2974 specialia
452 2945 490 2973 (ita
508 2946 562 2973 AG)
581 2945 623 2968 BC
633 2946 649 2968 L
667 2945 699 2968 ad
715 2945 849 2973 sensualia,
862 2946 877 2968 F
894 2945 927 2969 ad
941 2946 1050 2975 sinqula,
1066 2946 1120 2968 edd.

273 2983 306 3007 ad
322 2983 423 3012 similia,
441 2988 463 3006 et
480 2985 533 3006 voci
550 2986 641 3008 terram
660 2986 665 3007 I
684 2986 791 3013 praefigit
808 2991 908 3008 manum
920 2985 1050 3009 sacerdotis
1063 2985 1106 3008 vel.

337 3020 346 3034 ⁷
364 3023 388 3045 In
405 3024 422 3045 E
438 3023 475 3045 hic
491 3023 675 3047 additamentum
694 3024 814 3048 exhibetur
832 3025 940 3053 longum,
957 3030 1004 3053 quo
1021 3025 1123 3047 declara-

1179 2361 1216 2380 tur
1233 2358 1329 2385 modus,
1348 2357 1475 2380 secundum
1494 2363 1563 2385 quem
1582 2357 1696 2380 0011105510
1719 2357 1741 2379 111
1760 2357 1889 2385 particulari
1912 2357 1961 2380 fieri
1979 2364 2031 2386 pos-

1179 2397 1219 2424 sit;
1237 2400 1338 2419 attamen
1355 2397 1410 2425 quia
1427 2396 1451 2418 in
1468 2396 1519 2424 ipso
1531 2402 1557 2418 ea
1570 2399 1717 2424 repetuntur,
1729 2396 1822 2425 quaein
1839 2396 2031 2425 praecedentibus

1180 2437 1225 2458 iam
1237 2439 1291 2459 sunt
1301 2436 1370 2463 dicta,
1382 2439 1404 2458 et
1416 2436 1471 2458 nihil
1483 2436 1539 2458 novi
1554 2436 1657 2464 affertur,
1671 2436 1724 2458 ideo
1736 2436 1791 2458 illud
1809 2436 1926 2464 Integrum
1938 2442 1985 2459 non
1997 2439 2030 2459 at-

1180 2476 1280 2498 tulimus.
1294 2477 1316 2498 In
1329 2475 1347 2497 G
1359 2475 1452 2497 additur
1465 2475 1577 2497 monitum
1586 2492 1591 2502 ,
1609 2478 1702 2503 peccata
1715 2475 1812 2497 venialia
1825 2475 1900 2497 stalla]
1913 2481 1964 2498 esse
1975 2481 2029 2498 con-

1179 2515 1263 2537 fitenda
1272 2532 1277 2542 ,
1290 2515 1344 2543 quia
1362 2515 1393 2536 ait
1410 2515 1507 2542 August.
1525 2514 1607 2543 [Serui.
1621 2514 1642 2536 9.
1657 2515 1712 2536 alias
1725 2515 1763 2536 96.
1775 2514 1805 2537 de
1818 2515 1946 2542 Tempore,
1959 2521 1978 2537 0.
1992 2515 1999 2536 i
2010 2515 2029 2537 I.

1179 2560 1202 2576 n.
1215 2555 1256 2582 i7;
1269 2555 1370 2576 Enarrat.
1384 2554 1405 2576 111
1418 2554 1453 2576 Ρ5.
1465 2554 1503 2576 39.
1516 2560 1536 2576 n.
1550 2554 1610 2581 ‘2211
1625 2561 1637 2574 «
1648 2553 1721 2580 Cave,
1733 2560 1763 2576 ne
1775 2553 1881 2576 obruaris
1893 2559 1962 2576 arena
1971 2562 1993 2576 ».
2005 2554 2028 2576 111

1179 2594 1324 2616 consessione
1341 2596 1434 2621 peccata
1451 2593 1557 2615 lavantur
1576 2596 1597 2615 et
1614 2593 1711 2615 virtutes
1727 2596 1842 2620 augentur
1858 2596 1880 2615 01
1897 2599 1967 2621 saepe
1983 2599 2029 2615 non

1180 2632 1273 2655 habenti
1286 2632 1382 2660 gratiam
1399 2638 1439 2660 per
1452 2632 1507 2654 illud
1525 2632 1698 2654 Sacramentum
1716 2631 1888 2654 sanctissimum
1905 2632 2028 2654 confertur.

1242 2671 1251 2684 ⁸
1270 2672 1339 2699 Epist.
1357 2672 1373 2694 1.
1390 2671 1440 2694 Cor.
1460 2671 1468 2692 I
1476 2672 1484 2693 l
1497 2689 1502 2699 ,
1515 2671 1551 2693 27.
1564 2673 1587 2693 et
1599 2671 1635 2693 29.
1653 2683 1683 2687 —
1701 2671 1744 2693 Pro
1761 2670 1910 2700 incoyitabile
1927 2670 1977 2699 (011.
1993 2671 2028 2693 Du

1180 2710 1270 2739 Cange,
1288 2711 1429 2733 Glossarium
1447 2710 1499 2739 etc.)
1517 2709 1586 2733 BCL
1604 2709 1809 2737 incommutabile,
1832 2710 1864 2732 EI
1882 2709 2030 2739 ineoecoyilw

1180 2749 1237 2778 bile,
1256 2751 1275 2773 G
1293 2749 1416 2780 ineffabile.
1435 2750 1477 2772 I‘ro
1495 2749 1666 2779 confessionem
1683 2749 1751 2772 BCL
1769 2749 1921 2772 devotionem.

1243 2788 1252 2801 ⁹
1269 2790 1340 2817 Epist.
1360 2789 1373 2811 I.
1391 2789 1442 2811 Cor.
1461 2789 1485 2810 Μ
1498 2807 1503 2817 ‚
1521 2789 1558 2810 28.
1577 2801 1607 2804 —
1623 2789 1719 2811 Inferius
1735 2795 1778 2816 pro
1795 2788 1920 2811 immunda
1932 2787 2026 2811 abstra-

1179 2830 1231 2852 ctus
1250 2829 1277 2857 [G
1294 2827 1446 2858 sept-effatus]
1464 2828 1482 2850 H
1500 2827 1625 2850 mundana
1641 2833 1780 2857 suspensus.

1243 2867 1263 2880 ¹⁰
1280 2868 1344 2896 Quae
1361 2870 1490 2896 sequuntur
1507 2873 1582 2895 usque
1598 2867 1628 2889 ad
1646 2873 1666 2889 c.
1684 2867 1705 2889 5.
1723 2873 1744 2889 n.
1763 2867 1788 2889 I:
1806 2867 1940 2896 Antequam
1955 2872 2028 2889 come-

1179 2907 1236 2930 dam
1253 2907 1338 2929 desunt
1354 2907 1377 2929 in
1394 2907 1418 2929 E.

1243 2945 1261 2959 1²
1279 2947 1326 2969 Gal.
1345 2947 1371 2973 6,
1390 2946 1425 2968 14.
1438 2958 1469 2962 -
1484 2945 1541 2968 Edd.
1559 2948 1637 2968 contra
1655 2945 1808 2968 ABCDHL
1826 2946 1916 2973 legunt:
1928 2946 1976 2968 tota
1991 2944 2028 2967 [lie

1179 2985 1290 3009 ostendas
1316 2985 1437 3009 tristitiam
1454 2985 1478 3008 in
1501 2984 1572 3008 corde
1589 2986 1610 3008 el
1627 2985 1651 3008 in
1668 2990 1781 3014 corpore,
1801 2984 1879 3008 dicens
1896 2990 1951 3008 cam
1968 2985 2028 3014 Apo-

1178 3024 1248 3048 stolo.

2062 1046 2113 1066 nauta
2118 1049 2130 1068 11

2059 1075 2078 1089 re
2092 1075 2124 1099 uei

2043 1098 2065 1113 co
2086 1098 2133 1132 0113111,

2047 2124 2133 2169 ”aar
