2133 3317
117 962 174 981 Sexta
184 962 220 980 suit
228 962 248 980 in

122 986 205 1005 fossione
211 986 248 1004 cla-

123 1014 195 1028 vorum.

119 1480 205 1499 Chi-istus
212 1485 253 1504 par-

127 1504 153 1522 cit
159 1504 208 1526 aliis,
217 1510 254 1523 uon

127 1527 170 1546 sibi.

267 207 320 235 186

265 285 340 314 Iesus
353 286 371 312 ¹.
395 285 470 321 Quae
491 285 564 313 enim
586 284 694 320 flagella
715 292 770 311 non
792 283 923 312 sufferret
950 284 1033 312 bomo
1060 292 1114 312 ηα-

265 335 311 359 tus
333 332 373 360 att
394 331 521 359 laborem
534 331 554 364 2,
578 330 604 358 in
626 330 745 366 peccatis
763 330 892 360 ,nutritus
913 333 940 359 et
968 338 1114 359 conversa-

265 381 325 413 tus,
348 378 492 407 hereditati
516 377 640 406 caelestis
661 377 741 406 aulae
766 377 931 414 deputatus,
960 385 1032 414 quae
1060 386 1114 406 non

264 425 315 454 nisi
338 425 456 453 mundos
477 424 590 460 recipit,
612 432 675 453 cum
698 424 789 453 videat
810 425 909 461 Regem
931 425 1055 454 omnium
1072 433 1115 454 16-

264 480 330 508 gum
353 474 380 499 et
408 471 556 499 Dominum
587 470 805 504 dominantium,
834 471 1053 500 amantissimum
1077 471 1115 499 le-

265 526 342 552 sum,
364 517 416 556 qai
434 520 587 554 peccatmn
607 526 666 546 11011
687 516 770 555 fecit,
791 526 842 546 1166
863 518 997 546 inventus
1011 521 1051 546 est
1065 518 1115 546 (lo-

777 205 974 234 OPUSCULUM
995 206 1025 233 X.
1048 206 1133 234 VlTlS
1155 206 1304 235 MYSTICA.
1327 207 1395 235 CAI'.
1417 207 1504 235 XXIII.

1171 284 1217 312 lits
1238 284 1270 312 iii
1291 293 1340 313 ore
1360 285 1439 319 eius,
1464 288 1517 313 tam
1540 286 1672 322 gravibus
1697 286 1928 323 flagellationibus
1957 295 2020 315 600-

1172 331 1290 359 tritum?
1313 331 1410 366 Audi,
1434 332 1515 360 bomo
1529 332 1613 361 stulte
1627 336 1653 361 et
1667 332 1822 369 implens,
1838 336 1865 361 et
1879 333 1997 361 erudire
2009 333 2019 350 ³

1171 381 1198 406 et
1220 386 1274 406 non
1296 378 1384 406 solum
1408 387 1461 407 000
1484 379 1595 416 refuge,
1622 379 1667 408 sed
1696 379 1874 416 apprehende
1901 380 2021 417 discipli-

1172 433 1252 459 nam,
1274 433 1309 453 ne
1331 433 1427 461 pereas
1448 425 1482 454 de
1504 426 1547 453 via
1568 426 1656 460 iusta,
1674 426 1789 455 Domino
1806 430 1854 455 tuo
1870 426 2021 461 irascente,

1172 471 1223 509 qui
1240 471 1364 508 proprio
1386 471 1461 500 Filio
1482 480 1536 500 sao
1557 480 1616 500 tion
1634 473 1778 509 pepercit,
1800 473 1850 501 secl
1864 475 1978 510 propter
1996 476 2022 502 te

1173 518 1299 546 tradidit
1318 518 1514 555 flagellandum
1526 519 1546 546 4.

1005 653 1167 682 CAprrULUM
1188 653 1276 681 XXIII.

798 775 837 803 De
857 779 940 803 sexta
961 778 986 803 et
1007 775 1132 812 septima
1152 775 1291 813 efflas-ione
1312 776 1478 813 5611911111ίᾶ

347 907 369 934 1.
393 906 477 934 Sexta
499 906 641 943 sanguinis
662 907 759 935 effusio
781 907 807 934 in
830 906 948 935 fossione
973 907 1115 935 clavorum

265 953 451 990 copiosissime
473 954 622 982 invenitur.
639 954 706 990 Quis
727 954 800 983 enim
823 954 856 983 de
880 954 976 988 fossis,
992 954 1077 982 immo
1091 957 1118 982 et

265 1000 396 1037 perfossis
418 1001 546 1030 manibus
579 1001 773 1038 pedibusque⁵
802 1002 957 1030 innocentis
985 1002 1045 1030 lesu
1073 1009 1118 1030 co-

265 1048 337 1085 piam
361 1049 459 1077 sacrati
482 1049 624 1085 sanguinis
645 1049 754 1077 dubitet
775 1049 939 1078 effluxisse?
962 1050 989 1077 ln
1009 1052 1115 1078 torren-

266 1095 340 1124 tibus
362 1096 446 1124 huius
468 1096 610 1132 sanguinis
632 1099 727 1124 nostra
748 1104 812 1124 rosa
833 1100 1024 1132 purpuretur,
1053 1096 1119 1132 quia

266 1142 309 1170 hic
339 1150 404 1171 vere
435 1142 628 1171 ardentissima
658 1142 774 1176 caritas,
807 1142 852 1171 hic
884 1142 1119 1171 rubicundissima

265 1190 355 1226 passio
377 1190 526 1218 invenitur.
550 1190 575 1217 ln
600 1190 651 1218 hac
679 1189 868 1226 magnitudine
897 1189 1032 1226 passionis
1060 1197 1118 1217 ma-

265 1237 379 1274 gnitudo
401 1236 593 1265 consideretur
615 1237 753 1271 caritatis3
775 1236 903 1265 ardorem
926 1244 1005 1265 rosae
1020 1236 1118 1265 carita-

267 1284 300 1313 tis
321 1284 349 1312 in
372 1284 476 1313 rubore
488 1284 498 1300 ‘⁵
521 1284 665 1313 considera
680 1284 823 1320 passionis.
839 1284 907 1320 Quis
922 1292 1046 1320 unquam
1063 1287 1117 1312 tam

266 1331 361 1368 gravia
382 1334 409 1360 et
431 1334 485 1359 tam
509 1331 637 1368 pudenda
660 1331 814 1360 sustinuit?
835 1331 910 1359 Deus
931 1334 984 1364 est,
1002 1331 1048 1367 qui
1072 1339 1119 1367 pa-

268 1378 344 1412 titur,
367 1387 417 1407 nec
439 1379 464 1407 in
488 1379 581 1415 aliquo
603 1378 653 1407 sibi
669 1379 772 1407 durum
792 1378 926 1415 passionis
942 1378 1065 1406 torcular
1080 1378 1117 1406 al—

268 1426 398 1454 16110107
421 1426 467 1463 qui
491 1426 578 1455 servis
600 1425 658 1454 suis
680 1426 723 1454 vel
744 1425 857 1454 omnino
878 1425 990 1454 auferre
1013 1425 1055 1453 vel
1079 1425 1119 1453 al-

268 1473 369 1501 leviare
391 1473 464 1501 vires
487 1476 689 1501 tormentorum
712 1473 863 1501 consuevit.
880 1473 936 1500 Non
957 1472 1045 1509 parcit
1067 1472 1118 1501 sibi

268 1520 315 1557 qui
338 1520 396 1549 suis
418 1528 532 1557 parcere
560 1520 644 1548 novit.
675 1520 761 1548 lluius
782 1519 946 1548 evidentiam
969 1519 1009 1547 rei
1032 1519 1117 1548 habes

268 1567 295 1595 in
320 1567 465 1604 Evangelio
488 1567 634 1601 10000158,
657 1567 702 1595 ubi
727 1571 834 1600 tamen,
857 1574 921 1595 cum
943 1566 977 1595 ab
1004 1566 1046 1595 1115
1071 1566 1118 1603 qui

268 1614 359 1651 ipsum
392 1618 526 1643 venerant
557 1614 712 1651 captivare,
744 1614 901 1648 dleeretur,
931 1613 1004 1650 quod
1027 1613 1118 1650 ipsum

1175 910 1357 944 quaererent,
1380 907 1545 936 subiunxit:
1570 908 1629 945 Eyo
1650 916 1726 935 sum.
1750 907 1782 936 Si
1795 916 1863 945 eryo
1878 916 1923 936 1116
1937 916 2025 946 quae—

1175 954 1259 988 ritis,
1281 954 1366 982 sinite
1387 953 1438 982 lios
1460 954 1550 982 abire.
1573 954 1595 983 O
1617 954 1700 983 ardor
1723 962 1821 988 verae,
1841 955 1924 983 11111110
1939 955 2025 984 veris-

1175 1001 1260 1030 simae
1281 1002 1419 1036 caritatis,
1442 1002 1508 1038 quia
1530 1002 1708 1030 manifestam
1730 1005 1757 1030 et
1779 1002 1862 1030 tradit
1878 1010 1907 1030 se
1925 1002 2025 1031 caritas

1175 1048 1235 1085 ipsa
1255 1048 1442 1077 saevientibus
1462 1049 1596 1083 inimicis,
1628 1057 1682 1077 000
1716 1057 1833 1085 parcens
1858 1049 1925 1083 sibi,
1947 1051 2027 1086 rogat

1175 1104 1226 1132 pro
1247 1096 1321 1129 suis,
1343 1100 1374 1124 ut
1398 1099 1528 1132 parcatur
1550 1096 1621 1125 illis!
1644 1096 1747 1133 Captus
1769 1104 1835 1133 ergo
1856 1100 1917 1133 post
1939 1096 2027 1133 pluri-

1176 1150 1234 1171 mas
1256 1143 1397 1171 illusiones
1420 1146 1473 1171 tan]
1502 1143 1664 1172 ludaeorum
1697 1152 1780 1180 quam
1803 1143 1943 1180 gentium,
1966 1146 2027 1180 post

1176 1190 1318 1226 sanguinis
1350 1190 1486 1226 plurimas
1515 1190 1662 1219 effusiones
1687 1190 1772 1219 clavis
1793 1191 1820 1219 iu
1841 1190 1971 1219 inanibus
1991 1191 2027 1219 si-

1176 1237 1234 1264 mul
1256 1239 1283 1265 et
1303 1237 1419 1273 pedibus
1441 1237 1600 1273 perforatur
1621 1241 1648 1266 et
1669 1238 1818 1275 configitur
1841 1238 1913 1275 ligno
1936 1237 2027 1266 6111615

1176 1284 1299 1312 Salvator
1316 1287 1409 1313 noster
1424 1284 1596 1318 mitissimus,
1608 1284 1725 1313 dilectus
1740 1285 1854 1313 1esus10.
1868 1301 1904 1305 ——
1917 1285 2027 1314 Intuere

1176 1334 1202 1359 et
1225 1331 1330 1367 respice
1352 1339 1442 1360 rosam
1465 1331 1599 1368 passionis
1621 1332 1803 1369 sanguineae,
1823 1332 2025 1369 (1001000010-

1176 1379 1221 1406 bet
1243 1378 1270 1406 10
1293 1378 1423 1406 indicium
1446 1378 1655 1407 ardentissimae
1686 1379 1818 1407 caritatis.
1851 1379 2026 1408 Contendunt

1176 1425 1294 1453 simul¹¹
1317 1425 1417 1453 caritas
1438 1429 1465 1454 et
1488 1426 1592 1462 passio,
1615 1425 1676 1459 illa,
1699 1429 1730 1454 ut
1751 1426 1814 1463 plus
1835 1426 1943 1460 ardeat,
1960 1426 2026 1460 ista,

1176 1475 1207 1501 ut
1230 1472 1292 1509 plus
1314 1472 1421 1501 rubeat.
1444 1472 1495 1501 Sed
1520 1472 1684 1501 mirabiliter
1705 1481 1755 1510 per
1777 1473 1905 1502 ardorem
1928 1473 2027 1502 carita—

1177 1519 1211 1547 tis
1234 1519 1264 1547 fit
1286 1519 1376 1555 passio
1397 1519 1500 1553 rubea,
1532 1519 1614 1557 quia,
1637 1520 1688 1548 nisi
1710 1520 1852 1557 diligeret,
1874 1528 1928 1549 non
1952 1523 2027 1557 pate-

1177 1569 1274 1600 retur;
1297 1569 1324 1595 et
1346 1567 1373 1594 in
1399 1566 1525 1603 passione
1556 1575 1587 1595 ac
1600 1567 1623 1583 ¹2
1645 1567 1779 1604 passionis
1810 1567 1914 1596 rubore
1945 1568 2028 1596 ardor

1176 1613 1316 1641 maximae
1337 1616 1365 1641 et
1386 1613 1609 1650 incomparabilis
1624 1614 1779 1643 ostenditur
1799 1614 1929 1643 caritatis.
1952 1614 2029 1643 Sicut

331 1792 338 1805 ¹
358 1793 388 1815 ita
406 1792 503 1815 ACDE
521 1795 543 1815 ct
560 1793 598 1815 ed.
619 1793 636 1819 i,
655 1798 715 1821 quae
741 1795 818 1814 tamen
836 1798 888 1814 cum
915 1793 933 1814 A
959 1793 980 1814 in
1006 1792 1119 1820 principio

268 1832 434 1860 propositionis
451 1838 493 1860 pro
510 1831 556 1855 Sed
572 1833 593 1855 et
611 1831 647 1855 liis
665 1835 687 1854 et
704 1838 746 1860 pro
764 1831 894 1854 beatissimi
905 1831 985 1855 Patris
1002 1831 1121 1854 substItuit

267 1871 315 1895 Sed
331 1873 353 1895 et
369 1871 407 1895 liic
424 1874 446 1894 et
464 1871 628 1901 beniqnissimi
644 1871 739 1899 Patris,·
758 1872 813 1894 Bon.
832 1878 889 1894 1610
907 1872 974 1899 legit:
993 1871 1038 1894 Sed
1051 1871 1120 1894 ethis

268 1911 384 1933 moraliter
401 1911 534 1938 erudimur,
553 1913 589 1938 ut,
612 1911 666 1939 quia
690 1911 777 1938 flagella
797 1917 839 1939 pro
862 1910 929 1933 nobis
949 1911 1051 1939 indignis
1073 1913 1120 1933 tam

268 1951 380 1978 patienter
397 1950 505 1973 sustinuit
522 1950 670 1973 dulcissimus
688 1953 765 1973 noster
784 1951 857 1977 lesus,
875 1950 944 1972 etiam
966 1956 1008 1972 nos
1026 1950 1121 1978 flagellis

269 1990 353 2012 divinis
371 1996 412 2012 nos
430 1989 590 2012 subiiciamus.

332 2028 341 2041 2
358 2029 398 2051 101)
415 2029 442 2055 5,
459 2029 486 2051 7:
504 2029 578 2051 Homo
596 2029 698 2051 nuscitur
715 2029 743 2051 ad
762 2028 873 2051 laborem.
885 2041 916 2045 —
928 2028 1032 2051 Subinde
1050 2029 1121 2056 respi-

269 2068 327 2090 citur
345 2069 359 2090 1.
377 2068 437 2089 Tim.
455 2068 480 2094 6,
501 2067 542 2090 ’15ι
560 2068 606 2090 Rex
624 2074 707 2095 regum
724 2070 746 2089 ct
765 2068 875 2090 Dominus
893 2068 1076 2095 doininantium;
1100 2070 1122 2090 et

269 2107 380 2135 allegatur
398 2107 413 2129 1.
430 2107 487 2129 Pctr.
506 2108 531 2133 2,
550 2108 586 2129 22.
605 2106 649 2129 Csr.
670 2113 740 2134 supra
759 2106 844 2134 Opusc.
866 2107 912 2128 Vll.
931 2107 959 2129 de
980 2107 1121 2129 Pcrsectiene

270 2146 331 2168 ritae
348 2146 375 2168 ad
395 2152 498 2173 sorores,
516 2152 536 2168 c.
555 2146 575 2168 6.
594 2153 617 2168 0.
636 2146 657 2168 5.
675 2158 706 2162 —
723 2146 780 2168 Bon.
798 2152 851 2168 6010
865 2146 901 2168 ed.
924 2147 946 2167 l:
965 2145 1031 2174 Quae
1050 2145 1096 2175 [ed.
1112 2147 1117 2167 1

272 2184 340 2214 Quis]
358 2184 421 2207 enim
438 2184 535 2214 flayella
552 2191 599 2208 non
613 2184 711 2208 libenter
728 2184 777 2214 [ed.
792 2185 800 2206 1
822 2185 905 2207 omittit
917 2183 1024 2214 libenter]
1039 2184 1123 2214 suffer-

269 2226 306 2248 ret
323 2224 392 2247 bomo
411 2224 435 2247 in
457 2224 555 2254 [lapella
576 2226 679 2254 paratus
698 2225 747 2253 [cfr.
765 2225 800 2246 Ps.
824 2224 864 2252 37,
884 2224 942 2253 Ἰ18.],
959 2223 991 2247 ad
1016 2223 1122 2247 laborem

270 2266 349 2287 natus.
367 2264 463 2287 10161105
481 2271 522 2292 pro
540 2264 666 2293 deputatus
684 2264 719 2286 ed.
743 2265 747 2286 l
770 2270 822 2287 cum
841 2265 858 2286 A
877 2263 1016 2287 destinatus.

333 2303 342 2316 ³
361 2305 400 2326 ler.
420 2304 445 2332 5,
463 2305 505 2326 21:
524 2304 597 2331 Audi,
610 2304 697 2331 popule
714 2304 793 2331 stulte;
811 2303 866 2326 ibid.
886 2304 911 2331 6,
929 2304 954 2325 8:
975 2303 1072 2326 Erudit-e
1095 2304 1123 2325 le-

270 2344 379 2366 rusalem.
391 2343 437 2366 Csr.
451 2344 514 2365 Dcut.
528 2344 569 2369 32,
582 2343 608 2365 6:
622 2343 734 2365 Haeccine
748 2343 827 2365 reddis
840 2343 945 2371 Domino,
958 2343 1045 2371 popule
1056 2343 1124 2365 stulte

271 2386 294 2405 et
311 2382 438 2410 insipiens?
455 2394 486 2398 —
504 2381 607 2404 Subinde
625 2382 748 2410 respicitur
769 2383 804 2404 Ps.
830 2383 857 2409 2,
884 2383 926 2404 112;
951 2382 1125 2410 apprehendite

272 2422 434 2450 disciplinam,
455 2421 579 2450 nequando
603 2422 713 2443 irascatur
736 2421 861 2448 Dominus,
879 2425 901 2443 et
919 2422 1018 2449 pereatis
1035 2421 1064 2444 de
1087 2421 1124 2443 via

272 2462 343 2488 iusta,
363 2464 385 2483 et
402 2461 513 2489 allegatur
531 2461 597 2483 Rom.
622 2461 647 2489 8,
671 2461 709 2483 3²2.
725 2473 757 2477 —
775 2461 870 2483 Inferius
891 2467 934 2488 pro
957 2460 1058 2483 Domino
1083 2462 1123 2484 tuo

272 2500 387 2523 irascente
406 2500 450 2528 (ita
468 2500 484 2522 C
494 2500 513 2522 D
524 2500 547 2528 E)
566 2500 621 2522 alias
633 2499 734 2523 Domino
753 2499 794 2523 tibi
809 2500 933 2523 irascente.

335 2539 345 2551 ‘²
362 2540 420 2561 Bon.
437 2545 490 2561 cum
509 2539 546 2561 ed.
568 2539 572 2560 1
595 2542 617 2561 et
634 2539 662 2567 A,
686 2539 768 2561 ceteris
789 2538 857 2560 codd.
880 2538 1064 2566 resragantibus,
1087 2538 1124 2560 bic

273 2579 349 2601 addit:
367 2579 415 2601 Non
439 2579 542 2606 pepercit
563 2579 623 2601 Deus
647 2578 682 2607 [ex
700 2579 717 2600 A
735 2578 898 2606 supplevimus
916 2577 988 2607 Deus]
1006 2578 1061 2600 Filio
1082 2584 1124 2600 suo

275 2617 301 2647 [A
317 2617 428 2647 proprio]
447 2618 556 2644 naturali,
580 2617 767 2640 consubstantiali
792 2617 835 2639 sibi
854 2623 875 2639 61
897 2620 1018 2639 coaeterno
1041 2619 1063 2639 et
1085 2616 1124 2638 im-

274 2657 389 2685 passibili,
407 2657 463 2686 quin
481 2663 523 2684 pro
546 2657 619 2679 salute
636 2660 674 2679 tua
692 2657 769 2684 ipsum
793 2657 877 2679 taceret
894 2656 956 2678 nasci
980 2656 1002 2677 in
1021 2658 1125 2683 ternpore

274 2698 296 2718 et
313 2695 444 2723 passibilem
471 2695 499 2725 [A
519 2696 583 2718 addit
608 2695 705 2725 faceret]
732 2698 754 2718 ct
779 2695 874 2723 flagellis
899 2697 1040 2722 contereret,
1066 2694 1126 2717 sicut

274 2736 386 2763 scriptum
404 2738 438 2757 est
456 2734 516 2764 [lsai.
534 2736 577 2761 53,
597 2735 655 2764 =lO.]:
674 2735 790 2758 Dominus
804 2734 880 2757 coluit
896 2740 950 2757 eum
968 2733 1125 2757 contererem

275 2774 420 2804 infirmitate.
439 2775 465 2796 Et
481 2775 601 2803 quomodo
620 2778 699 2802 parcet
717 2774 757 2796 tibi
773 2775 818 2796 tilio
831 2774 954 2802 adoptivo,
972 2780 1025 2796 cum
1043 2779 1126 2795 sensus

276 2814 307 2835 tui
325 2814 393 2841 proni
411 2814 455 2835 sint
472 2814 494 2835 in
513 2814 599 2836 malum
617 2813 671 2842 [cfr.
688 2814 745 2835 Gen.
763 2814 789 2840 8,
807 2813 876 2843 2l.]?
894 2813 954 2842 Quin
972 2812 996 2835 in
1013 2818 1081 2836 camo
1104 2814 1125 2835 el

275 2852 343 2882 freno
360 2852 476 2875 inaoeillas
495 2856 545 2875 tuas
557 2853 697 2880 constringet
714 2852 762 2882 [Ρ5.
781 2853 819 2879 31,
837 2853 863 2879 9;
882 2853 899 2874 Α
911 2851 1083 2881 constringam
1102 2854 1126 2874 ut

276 2892 355 2913 saltem
373 2891 467 2914 'veoesstl'o
485 2892 523 2914 det
541 2891 581 2914 tibi
594 2891 738 2915 intellectum.
756 2891 817 2921 [lsai.
836 2891 951 2920 28,19,],
970 2894 1084 2920 quatenus
1095 2891 1124 2913 ad

276 2931 352 2959 ipsum
371 2931 533 2958 approximare
545 2932 648 2959 cogaris,
665 2932 705 2960 qui
723 2932 893 2959 1166101016516,
911 2931 1033 2953 salubriter
1049 2933 1125 2952 tamen

277 2969 383 2999 1109611111
400 2976 493 2993 omnem
510 2970 600 3000 filium,
619 2976 687 3000 quem
705 2970 787 2999 recipit
806 2970 885 2999 [Hebr.
907 2971 946 2996 12,
964 2969 1003 2999 6.],

339 3008 349 3021 ⁵
366 3010 448 3031 Psalm.
467 3010 509 3036 21,
532 3009 569 3032 17;
591 3010 708 3032 Foderunt
731 3016 814 3032 manus
832 3016 896 3032 meas
919 3013 941 3031 et
958 3009 1030 3037 pedes
1053 3015 1126 3031 meos.

1177 1792 1221 1815 Csr.
1241 1793 1299 1814 toan.
1318 1793 1359 1819 20,
1377 1792 1414 1814 25.
1433 1794 1456 1814 et
1473 1792 1511 1814 27.
1527 1804 1558 1808 -
1577 1792 1689 1819 Superius
1706 1794 1758 1819 post
1770 1791 1845 1814 Semta
1861 1790 1987 1820 sctizyuinis
1999 1790 2029 1820 ef-

1176 1831 1240 1860 fusio
1258 1831 1295 1853 ed.
1315 1831 1322 1852 i
1345 1837 1398 1853 eum
1416 1831 1432 1852 A
1452 1830 1516 1852 addit
1532 1836 1593 1859 quae
1610 1836 1693 1853 rosam
1706 1829 1827 1859 passionis
1844 1828 1984 1852 rubricavit.
1997 1830 2029 1851 ln-

1178 1870 1248 1893 161105
1266 1877 1308 1898 1110
1330 1871 1484 1899 pitrpitrelur
1509 1869 1547 1891 ed.
1574 1870 1581 1891 i
1600 1870 1742 1899 purpurata
1763 1870 1812 1897 est,
1838 1869 1894 1891 Bon.
1920 1868 1950 1891 ibi
1975 1868 2029 1896 legit

1177 1908 1265 1932 dubitet
1282 1908 1414 1939 efflnscisse,
1438 1910 1465 1931 ut
1488 1908 1513 1931 in
1530 1907 1675 1932 torrentibus
1696 1907 1768 1931 liuius
1790 1907 1916 1938 sunmtt'm‘s
1934 1907 2029 1931 animas

1176 1950 1273 1972 nostras
1288 1950 1460 1978 purpuraret?

1241 1987 1250 2000 ⁵
1268 1988 1309 2010 Ed.
1328 1988 1335 2009 vI
1357 1987 1472 2011 ruborem
1490 1994 1532 2016 pro
1550 1987 1575 2010 in
1593 1987 1693 2014 rubore,
1715 1988 1773 2010 Bon.
1793 1990 1872 2010 contra
1893 1986 1938 2010 AC
1949 1987 1991 2009 DE
2008 1989 2030 2009 et

1177 2027 1214 2050 cd.
1234 2028 1241 2048 i
1264 2027 1319 2055 legit
1335 2026 1359 2050 in
1377 2026 1465 2050 ardore
1481 2033 1552 2049 rosae
1569 2026 1677 2050 caritatis
1695 2026 1816 2049 ruborem.

1241 2065 1250 2078 ⁷
1267 2067 1316 2088 lsai.
1335 2066 1375 2094 63,
1395 2067 1422 2088 3:
1440 2066 1551 2088 Torcular
1569 2066 1654 2088 calcavi
1673 2066 1743 2088 solus.
1760 2078 1791 2082 —
1808 2066 1864 2088 Bon.
1886 2072 1940 2088 cum
1961 2065 1997 2087 ed.
2016 2065 2024 2087 Ι1

1178 2109 1200 2128 61
1218 2107 1235 2128 A
1252 2105 1362 2133 allerisii,
1380 2112 1392 2127 0
1410 2105 1496 2134 quibus
1512 2105 1608 2127 inferius
1624 2108 1677 2133 post
1693 2104 1730 2128 vel
1746 2104 1860 2127 alleviare
1881 2105 1974 2127 additur
1994 2104 2030 2127 vel

1178 2144 1297 2172 breviare,
1310 2147 1331 2166 et
1343 2151 1386 2172 pro
1403 2144 1458 2167 Non
1472 2143 1553 2173 parcit
1568 2143 1614 2167 sibi
1630 2150 1642 2166 a
1660 2144 1714 2166 Bon.
1727 2150 1780 2166 cum
1798 2144 1835 2166 ed.
1855 2144 1862 2165 1
1884 2143 2030 2166 substituitur

1178 2184 1233 2208 Noti
1248 2183 1354 2213 pepercit
1369 2182 1420 2206 sibi.

1242 2222 1251 2235 ⁸
1268 2223 1324 2251 Cap.
1343 2224 1384 2251 118,
1402 2224 1424 2245 8.
1442 2235 1473 2239 -
1490 2223 1585 2245 Interius
1602 2229 1645 2250 pro
1662 2222 1783 2252 captivare
1796 2223 1834 2251 (ita
1847 2222 1930 2251 CDE3
1943 2223 1984 2245 cfr.
1996 2223 2030 2245 Du

1179 2263 1269 2290 Gange,
1287 2263 1431 2285 Glossarium
1448 2265 1491 2285 etc.
1509 2262 1648 2291 captivare,
1668 2262 1794 2290 abducere)
1813 2262 1867 2284 Bon.
1890 2268 1943 2284 6010
1961 2262 2000 2284 ed.
2018 2262 2025 2283 i

1179 2305 1201 2324 et
1218 2302 1235 2324 A
1254 2301 1407 2331 capiendum,
1426 2308 1437 2323 a
1456 2300 1543 2330 quibus
1561 2302 1628 2323 etiam
1647 2301 1699 2323 voci
1715 2300 1833 2324 (liceretur
1851 2301 1986 2329 praefigitur
2003 2300 2031 2323 ei.

1243 2340 1252 2353 ‘³
1270 2342 1300 2363 lta
1318 2340 1334 2363 C
1345 2341 1363 2363 D
1374 2342 1405 2369 133
1423 2341 1478 2363 alias
1497 2340 1516 2363 O
1533 2340 1609 2363 arctor
1626 2339 1764 2363 verissimae
1786 2339 1908 2363 caritatis!
1932 2339 2030 2369 Man-ife-

1179 2382 1234 2403 stat.
1255 2381 1350 2402 Inferius
1368 2386 1410 2408 pro
1435 2379 1592 2403 saevientibus
1609 2380 1626 2402 E
1643 2379 1801 2407 venientibus,
1822 2380 1862 2408 qui
1887 2379 1956 2401 ctiam
1980 2381 2032 2407 post

1180 2421 1251 2449 royat
1267 2426 1311 2449 pro
1324 2419 1374 2442 suis
1387 2420 1452 2442 addit
1469 2418 1654 2449 crucifixoribus
1667 2420 1688 2442 et
1696 2418 1901 2448 persecutoribus,
1919 2418 1936 2441 C
1946 2419 1964 2440 D
1978 2424 2031 2448 per-

1180 2458 1342 2486 secutoribus,
1363 2465 1424 2487 quae
1441 2459 1507 2481 lectio
1525 2458 1641 2481 contextui
1654 2465 1698 2481 non
1711 2458 1833 2486 congruit3
1851 2459 1947 2480 sortasse
1963 2464 2031 2486 quae-

1181 2499 1235 2521 dam
1253 2498 1397 2526 exciderunt,
1410 2500 1432 2520 et
1443 2498 1586 2526 legendum:
1603 2500 1671 2525 rogat
1682 2503 1724 2525 pro
1737 2497 1796 2524 suis,
1809 2497 1868 2519 sicut
1879 2497 1971 2525 rogavit
1989 2503 2031 2525 pro

1181 2538 1229 2561 suis
1248 2537 1448 2565 persecutoribus,
1466 2540 1491 2559 ut
1507 2540 1615 2565 parcatur
1633 2537 1684 2559 illis.

1246 2576 1265 2588 ¹⁰
1282 2577 1343 2598 11066
1361 2576 1489 2604 propositio
1502 2582 1556 2597 cum
1574 2575 1601 2598 iis
1618 2581 1679 2604 quae
1695 2578 1825 2604 sequuntur
1842 2582 1917 2604 usquc
1934 2575 1961 2597 ad
1982 2574 2032 2597 esci-

1181 2615 1214 2638 1111
1230 2615 1330 2645 sanquis
1348 2617 1368 2638 et
1385 2621 1462 2645 aqua,
1480 2614 1586 2642 pluribus
1604 2617 1681 2636 tamen
1698 2614 1801 2641 omissis,
1819 2614 1938 2637 exhibetur
1959 2614 1981 2636 in
2001 2615 2030 2636 se-

1182 2657 1216 2676 sto
1235 2655 1269 2676 Ss.
1287 2654 1390 2683 quinque
1407 2654 1529 2682 plagarum
1547 2653 1573 2675 D.
1591 2653 1618 2675 N.
1637 2653 1652 2674 1.
1669 2653 1710 2675 Cli.
1729 2653 1792 2681 (feria
1812 2653 1848 2675 Vl.
1863 2655 1916 2680 post
1933 2652 2031 2675 domini-

1182 2700 1234 2716 cam
1252 2693 1284 2715 lll.
1302 2693 1430 2722 Quadrag.)
1450 2696 1560 2721 tanquam
1579 2692 1599 2715 4.
1617 2695 1639 2715 et
1650 2692 1672 2714 5.
1684 2693 1734 2715 leet.
1747 2698 1773 2715 ex
1785 2692 1919 2719 Bernardo;
1937 2692 1977 2713 esr.
1994 2698 2030 2714 su-

1182 2739 1223 2761 pra
1243 2739 1297 2761 pag.
1316 2733 1373 2760 ῚῚ159,
1392 2736 1445 2755 nota
1466 2733 1483 2754 l.
1496 2745 1527 2749 —
1539 2732 1651 2760 Superius
1663 2738 1706 2760 pro
1718 2731 1792 2755 clavis
1805 2731 1830 2753 in
1841 2730 1952 2754 manibus
1968 2731 2006 2753 ed.
2020 2731 2027 2752 ’1

1182 2772 1256 2796 clavis
1273 2772 1415 2800 immitibus,
1441 2771 1563 2799 manibus,
1584 2778 1644 2800 quae
1662 2771 1731 2793 etiam
1750 2777 1803 2793 6001
1829 2771 1873 2793 DE
1899 2770 1982 2793 omittit
1998 2769 2030 2792 di-

1183 2811 1270 2840 leclus,
1289 2818 1331 2839 pro
1347 2818 1394 2840 quo
1412 2812 1430 2833 A
1448 2810 1532 2834 (lalcis.

1246 2850 1264 2863 ¹¹
1285 2851 1325 2873 Ed.
1341 2852 1346 2872 1
1363 2857 1416 2873 cum
1434 2850 1452 2872 A
1470 2849 1645 2877 omittitsimul,
1658 2851 1680 2871 et
1692 2849 1786 2871 inferius
1797 2851 1850 2871 ante
1860 2847 1947 2871 rubeat
1962 2847 2006 2870 AC
2016 2848 2032 2870 Ε

1183 2897 1229 2913 non
1247 2892 1355 2918 repetunt
1368 2889 1432 2919 plus.

1247 2928 1266 2941 ¹²
1284 2930 1315 2951 lta
1333 2928 1364 2955 C,
1383 2928 1438 2950 alias
1455 2928 1568 2950 omittitur
1580 2927 1604 2950 ia
1612 2926 1725 2957 passione
1742 2933 1778 2950 ac.
1796 2927 1847 2949 Post
1860 2925 2032 2955 μαψ-3101115111-

1183 2968 1239 2992 bore
1256 2969 1292 2991 ed.
1312 2969 1319 2990 1
1342 2968 1506 2997 prosequitur:
1524 2967 1634 2990 maxima
1651 2968 1674 2990 et
1690 2965 1884 2996 incomparabilis
1901 2964 2031 2988 ostenditur

1182 3007 1279 3031 caritas.

2055 1297 2123 1316 noi-tati
2131 1304 2133 1315 1

2046 1322 2123 1345 contem]
2131 1327 2133 1341 ι

2047 1344 2089 1362 dam
2105 1349 2123 1363 ca
2131 1350 2133 1364 ι

2047 1369 2091 1387 tem.
