2133 3317
510 222 707 251 OPUSCULUM
728 221 817 250 xxiv.
839 221 990 250 LEGENDA
1010 220 1114 249 MlNOR
1137 221 1250 249 SANCTI
1270 220 1444 249 FRANCISCl.

104 302 223 340 perfecte
250 301 328 338 prius
355 301 489 334 disceret,
517 307 600 337 quam
627 299 747 328 doceret.
777 299 808 327 Et
835 299 946 336 quidem

106 357 169 378 cuin
190 348 269 385 prius
290 355 336 376 eos
357 355 441 384 super
462 354 543 375 omne
563 346 707 374 hominum
728 353 816 383 genus
832 346 948 374 horrere

104 395 219 427 soleret,
240 394 339 423 diffusa
360 394 387 422 in
409 401 472 422 eum
495 393 633 429 copiosius
653 393 756 429 gratia,
783 393 864 421 corde
892 395 947 421 tam

104 441 201 470 humili
224 448 252 469 se
273 441 384 469 illorum
408 439 575 476 mancipavit
595 439 745 476 ohsequiis,
766 439 839 476 quod
862 442 888 467 et
910 439 948 467 la-

104 488 184 517 vabat
206 487 288 524 pedes
309 490 336 515 et
357 486 458 523 ligabat
476 486 570 515 ulcera
584 489 611 515 et
625 486 758 514 educebat
774 485 947 522 putredinem

104 537 131 563 et
150 534 252 562 saniem
274 533 456 570 abstergebat.
479 533 593 561 lnauditi
622 540 734 570 quoque
761 532 878 561 fervoris
899 540 949 561 ex—

104 588 183 609 cessu
210 580 402 608 ulcerosarum
431 580 574 616 plagarum
597 579 696 607 ruebat
723 579 750 607 in
782 579 892 612 oscula,
918 586 948 607 os

103 635 185 656 suum
201 634 305 663 ponens
319 627 346 655 in
362 626 492 663 pulvere,
514 630 559 660 ut,
573 629 731 654 satim-acus
748 625 915 662 opprobriis
928 626 947 658 1,

102 674 194 702 carnis
214 673 393 710 supercilium
416 673 472 710 legyz'
484 673 609 710 spiritus
625 672 785 708 potestative
800 672 949 700 subiiceret

103 720 202 756 suique
222 719 387 753 dominium,
410 720 488 748 hoste
511 719 625 748 subacto
645 718 812 752 domestico,
835 718 948 755 pacifice

102 766 262 804 possideret.

412 859 505 887 Lectio
526 867 605 887 nona
621 859 640 886 ².

184 952 269 989 igitur
290 960 354 981 cum
375 952 429 980 iam
450 955 523 981 esset
543 952 571 980 111
592 952 693 981 Christi
709 952 865 980 humilitate
886 951 948 980 fun-

86 998 188 1027 -datus
212 1006 243 1027 ac
271 1002 434 1035 paupertate
460 999 537 1027 dives
563 999 692 1033 effectus,
721 1006 889 1035 quamquam
911 998 949 1026 nil

104 1053 221 1083 prorsus
241 1045 371 1079 haberet,
403 1046 569 1082 reparationi
592 1048 682 1074 tamen
711 1045 841 1074 ecclesiae
869 1045 950 1074 iuxta

102 1092 198 1121 datum
227 1092 277 1120 sibi
299 1100 314 1121 e
335 1100 420 1121 cruce
448 1092 606 1120 mandatum
635 1092 702 1120 adeo
723 1092 839 1121 sollicite
860 1092 949 1128 coepit

103 1139 260 1173 intendere,
290 1142 322 1168 ut
346 1142 374 1168 et
401 1147 503 1176 corpus
530 1139 656 1167 attritum
682 1139 791 1167 ieiuniis
817 1139 949 1167 oneribus

103 1185 225 1222 lapidum
247 1185 378 1214 subderet
399 1189 426 1214 et
454 1186 691 1222 eleemosynarum
717 1185 839 1214 subsidia
866 1185 947 1214 etiam

103 1232 139 1261 ab
159 1232 213 1261 illis
233 1240 288 1261 non
309 1232 475 1261 abhorreret
495 1232 659 1269 deposcere,
685 1232 758 1269 apud
789 1240 860 1269 quos
885 1240 950 1261 con-

105 1281 234 1307 sueverat
253 1279 404 1307 abundare.
426 1279 575 1307 Devotione
596 1287 708 1316 quoque
730 1279 780 1307 sibi
806 1279 950 1307 assistente

106 1325 243 1359 fidelium,
264 1326 311 1362 qui
334 1326 505 1362 praeclaram
528 1326 554 1354 in
577 1325 637 1354 viro
658 1326 705 1354 Dei
728 1326 781 1354 iam
803 1328 950 1362 coeperant

103 1379 184 1400 nosse
205 1372 353 1406 virtutem;
375 1380 429 1400 non
451 1372 540 1401 solum
567 1372 651 1401 sancti
680 1372 821 1406 Damiani,
850 1380 947 1401 verum

103 1418 186 1447 etiam
208 1418 340 1455 principis
361 1419 553 1455 Apostolorum
568 1422 595 1448 et
610 1419 729 1455 Virginis
743 1419 877 1455 gloriosae
892 1419 949 1447 rui-

103 1473 184 1494 nosas
204 1468 232 1494 et
252 1465 397 1494 derelictas
419 1465 563 1494 resarcivit
583 1465 726 1499 ecclesias,
749 1468 789 1499 ut,
808 1473 879 1502 quae
900 1473 949 1502 per

103 1519 167 1541 eum
189 1512 216 1540 in
237 1515 379 1548 posterum
400 1512 534 1540 Dominus
555 1512 736 1549 spiritualiter
761 1512 869 1549 operari
895 1512 950 1541 dis-

104 1562 219 1596 poneret
255 1559 376 1587 sensibili
408 1559 475 1587 foris
507 1567 592 1595 opere
620 1559 815 1595 mysterialiter
847 1559 950 1596 praesi-

103 1609 210 1642 gnaret.
231 1606 299 1634 Nam
320 1606 406 1634 instar
428 1609 572 1642 reparatae
593 1606 709 1642 triplicis
730 1605 849 1634 fabricae
864 1606 950 1643 ipsius

105 1653 191 1681 sancti
213 1653 264 1681 viri
286 1653 390 1682 duc-atu
418 1653 570 1681 secundum
602 1653 693 1681 datam
715 1653 750 1681 ab
771 1661 802 1681 eo
823 1653 949 1687 formam,

105 1700 229 1737 regulam
251 1703 278 1728 et
298 1700 449 1728 doctrinam
479 1699 579 1728 Christi
603 1699 765 1728 triformiter
795 1700 950 1728 renovanda

106 1749 166 1774 erat
187 1746 320 1780 Ecclesia,
342 1746 414 1775 sicut
435 1749 462 1775 et
483 1755 538 1774 vox
560 1746 592 1774 ad
615 1754 678 1774 eum
705 1746 776 1775 facta
796 1746 829 1774 de
851 1754 950 1780 cruce,

105 1793 187 1821 tertio
208 1793 344 1830 replicans
364 1793 398 1822 de
412 1793 511 1822 domus
525 1793 571 1822 Dei
589 1793 762 1830 reparatione
778 1793 950 1827 mandatum,

106 1839 316 1876 praeambulum
339 1840 484 1869 exstiterat
506 1840 631 1877 signum,
654 1842 680 1868 et
706 1847 780 1868 nunc
808 1840 834 1868 in
861 1840 951 1868 tribus

105 1885 141 1914 ab
161 1893 194 1915 eo
215 1886 348 1914 institutis
369 1885 520 1914 Ordinibus
540 1885 681 1914 cernimus
701 1893 760 1914 esse
775 1885 949 1922 completum.

204 1978 244 2006 Dr:
264 1986 455 2007 msriruriour,
476 1979 632 2007 Renieiouis
653 1986 686 2006 ET
710 1986 852 2006 EFFiCAeiA

419 2033 603 2053 PnAenmANni
618 2024 637 2052 ³.

402 2118 494 2146 Lectio
513 2118 615 2155 prima
630 2118 650 2145 4.

187 2211 371 2240 Ecclesiarum
386 2211 478 2248 itaque
490 2212 574 2240 trium
590 2214 780 2240 consummato
794 2211 848 2239 iam
859 2218 952 2248 opere⁷

108 2266 172 2288 cum
195 2259 221 2287 in
244 2266 275 2287 ea
300 2266 371 2295 quae
393 2258 512 2295 Virginis
533 2261 605 2292 erat,
626 2261 784 2286 moraretur
809 2257 952 2291 assiduuS,

110 2305 183 2334 illius
204 2304 420 2341 suffragantibus
444 2304 563 2338 meritis,
592 2312 664 2341 quae
692 2305 811 2341 pretium
838 2304 954 2341 protulit

109 2355 219 2380 nostrae
240 2351 350 2385 salutis,
372 2351 443 2379 viam
465 2351 640 2388 perfectionis
661 2351 785 2379 invenire
800 2350 954 2387 promeruit

88 2416 96 2421 -
110 2406 159 2435 per
180 2398 302 2427 infusum
324 2398 375 2426 51111
396 2397 529 2426 divinitus
550 2398 679 2434 spiritum
709 2397 881 2434 evangelicae
908 2404 954 2425 V&

51 2466 58 2473 .
90 2440 96 2444 ”
111 2445 208 2474 ritatis.
223 2445 289 2473 Nam
304 2452 368 2473 cum
383 2453 439 2473 una
453 2444 560 2473 dierum
576 2444 648 2473 inter
662 2444 807 2473 Missarum
822 2443 954 2472 solemnia

112 2492 250 2529 legeretur
278 2492 455 2528 Evangelium
486 2491 554 2520 illud
572 2491 593 2525 ⁵,
619 2491 645 2519 in
675 2499 731 2527 quo
758 2490 900 2527 discipulis
920 2490 954 2519 ad

111 2538 324 2575 praedicandum
353 2538 444 2567 missis
471 2538 628 2574 evangelica
654 2545 752 2566 norma
783 2537 810 2565 in
838 2537 955 2566 vivendo

113 2585 325 2622 praescribitur,
352 2593 387 2614 ne
416 2585 541 2614 videlicet
565 2584 747 2622 possiderent
775 2592 886 2612 aurum
912 2583 956 2612 vel

112 2636 268 2669 argentum
289 2640 339 2661 ‘nec
360 2632 392 2660 iu
411 2632 498 2660 zonis
528 2631 684 2668 pecuniam
711 2639 762 2659 nec
781 2639 883 2668 peram
908 2631 955 2659 de—

177 2807 183 2819 ¹
204 2808 286 2830 Thron.
306 2808 332 2834 3,
351 2808 387 2830 30.
406 2811 428 2830 et
445 2807 529 2830 deinde
547 2808 613 2829 Rom.
631 2808 657 2834 8,
675 2808 696 2829 2.

177 2846 186 2859 ²
205 2847 260 2869 ibid.
277 2854 296 2869 c.
315 2848 336 2869 ἱ).
354 2854 376 2869 11.
392 2847 414 2869 7.
432 2850 453 2869 ct
471 2847 490 2867 8.

177 2884 186 2897 ⁸
203 2885 260 2907 Cod.
276 2886 293 2907 Α
311 2885 389 2914 qratia
405 2884 566 2914 praedicandi.

177 2923 186 2936 ⁴
205 2924 259 2947 ibid.
276 2930 296 2946 6.
314 2925 336 2946 3.
353 2931 374 2946 n.
396 2925 413 2946 1.
431 2937 460 2940 —
478 2923 534 2946 Cod.
552 2926 568 2946 Α
588 2924 712 2951 praemittit
726 2922 835 2945 Secunda
852 2922 895 2945 tlt'e.

178 2962 187 2975 ⁵
204 2964 280 2986 ltlatili.
299 2964 338 2991 10,
357 2964 378 2985 9.
395 2969 444 2992 seq.
463 2975 494 2980 —
510 2963 566 2986 Cod.
583 2965 600 2985 Α
618 2962 778 2991 ecanqelicum
796 2961 862 2985 illud.

178 3001 187 3014 ⁶
204 3002 260 3024 Cod.
277 3003 294 3024 Α
312 3008 457 3032 omnemque.

1794 222 1851 250 567

1006 297 1118 335 ferrent
1150 298 1182 327 in
1213 298 1263 326 via
1294 306 1345 326 ozee
1375 298 1452 326 duas
1480 297 1616 327 haberent
1650 299 1766 327 tunicas
1801 307 1852 327 nec

1005 344 1202 373 calceamenta
1223 353 1273 373 nec
1294 345 1430 382 viryanm
1451 353 1516 374 mox
1539 345 1566 374 in
1583 345 1772 374 huiuscemodi
1788 352 1851 373 ver-

1005 391 1105 420 borum
1127 391 1223 420 auditu
1245 395 1321 420 tanta
1335 400 1398 420 eum
1415 392 1518 421 virtute
1533 393 1652 429 Spiritus
1671 392 1771 421 Christi
1789 399 1851 428 per-

1004 439 1088 467 unxit
1115 443 1142 467 et
1173 439 1278 472 induit,
1305 441 1335 467 ut
1366 439 1392 467 in
1420 439 1536 467 formam
1566 439 1673 468 vivendi
1700 439 1849 476 praefatam

1005 494 1060 514 non
1081 486 1171 514 solum
1193 486 1289 513 notitia
1310 489 1337 514 et
1358 486 1474 520 affectu,
1505 494 1602 514 verum
1632 486 1713 514 etiam
1742 485 1797 514 vita
1825 488 1852 514 et

1006 532 1102 561 habitu
1125 532 1343 561 transformaret.
1367 532 1440 560 Illico
1462 532 1534 561 enim
1556 533 1741 561 calceamenta
1768 532 1851 568 depo-

1005 579 1076 613 suit,
1099 579 1194 608 reiecit
1215 579 1359 613 baculum,
1382 587 1475 615 peram
1497 582 1524 607 et
1539 579 1683 615 pecuniam
1699 578 1850 612 abdicavit,

1006 633 1117 662 unaque
1147 628 1294 654 contentus
1325 625 1465 659 tunicula,
1494 625 1606 653 dimissa
1636 625 1768 662 corrigia,
1799 633 1850 661 pro

1006 672 1116 709 cingulo
1137 672 1230 700 funem
1247 672 1362 705 sumsit,
1376 680 1486 700 omnem
1501 672 1512 689 ⁶
1533 672 1744 700 sollicitudinem
1760 671 1851 700 cordis

1005 726 1155 755 apponens,
1177 719 1297 755 qualiter
1318 719 1412 747 audita
1427 719 1573 755 perficeret
1587 722 1615 747 et
1628 719 1793 755 apostolicae
1807 726 1852 747 re-

1005 765 1147 794 ctitudinis
1169 766 1281 802 regulae
1303 773 1331 794 se
1353 765 1442 802 ipsum
1465 773 1515 802 per
1536 766 1627 794 omnia
1648 768 1797 802 coaptaret.

1288 859 1381 887 Lectio
1403 859 1532 887 secunda
1547 859 1566 886 ⁷.

1084 951 1208 988 Denique
1230 952 1348 988 Spiritus
1369 952 1469 980 Christi
1494 952 1517 980 vi
1547 952 1674 980 flammea
1702 955 1776 981 totns
1806 960 1850 981 ac-

1006 1005 1120 1031 census,
1142 998 1231 1034 coepit
1252 1002 1283 1026 ut
1304 998 1373 1026 alter
1395 998 1465 1026 Elias
1487 998 1610 1027 veritatis
1623 999 1776 1027 aemulator
1791 999 1850 1027 exi-

1006 1047 1094 1079 stere,
1115 1045 1204 1081 coepit
1225 1048 1252 1072 et
1273 1045 1380 1081 aliquos
1400 1045 1434 1073 ad
1456 1045 1586 1073 iustitiam
1604 1045 1751 1082 perfectam
1772 1045 1852 1074 indu-

1005 1099 1085 1125 cere,
1101 1091 1190 1128 coepit
1205 1094 1231 1120 et
1247 1094 1353 1120 ceteros
1368 1091 1401 1120 ad
1417 1092 1612 1128 poenitentiam
1627 1092 1752 1121 invitare.
1770 1093 1852 1121 Erant

1005 1140 1097 1167 autem
1131 1137 1219 1174 ipsius
1247 1138 1358 1174 eloquia
1384 1146 1438 1166 non
1468 1138 1559 1166 inania
1586 1146 1636 1166 nec
1664 1138 1722 1167 risu
1754 1138 1851 1175 digna,

1006 1186 1085 1212 erant
1099 1184 1110 1200 ⁸
1133 1184 1236 1213 virtute
1257 1184 1343 1213 sancti
1366 1184 1487 1221 Spiritus
1508 1185 1603 1221 plena,
1625 1188 1703 1213 erant
1718 1185 1852 1214 medullas

1006 1231 1096 1259 cordis
1117 1231 1306 1267 penetrantia,
1328 1234 1360 1260 ut
1381 1234 1406 1259 et
1429 1230 1456 1259 in
1488 1231 1678 1260 vehementem
1709 1234 1851 1268 stuporem

1006 1278 1148 1307 audientes
1170 1281 1365 1307 converterent
1385 1282 1412 1307 et
1433 1278 1634 1307 obstinatorum
1667 1282 1773 1307 mentes
1794 1279 1852 1308 effi-

1007 1325 1081 1353 cacia
1102 1325 1227 1353 virtuosa
1257 1325 1405 1353 mollirent.
1435 1325 1621 1353 Innotescente
1650 1325 1750 1353 etenim
1779 1325 1852 1362 apud

1006 1371 1108 1400 multos
1139 1371 1250 1400 sublimi
1281 1372 1342 1400 eius
1373 1374 1524 1408 sanctoque
1562 1372 1702 1408 proposito
1734 1376 1789 1400 tam
1815 1380 1852 1401 ex

1006 1418 1147 1446 doctrinae
1169 1418 1300 1455 simplicis
1321 1418 1437 1447 veritate
1452 1418 1463 1435 ⁹
1484 1426 1566 1455 quam
1589 1419 1676 1453 vitae,
1702 1422 1853 1456 coeperunt

1006 1465 1093 1502 ipsius
1113 1466 1243 1502 exemplo
1264 1465 1315 1493 viri
1331 1465 1442 1502 quidam
1458 1465 1492 1493 ad
1517 1465 1712 1502 poenitentiam
1735 1466 1851 1494 animari

1006 1516 1033 1541 et
1054 1513 1156 1546 eidem,
1180 1512 1282 1541 relictis
1302 1512 1447 1546 omnibus,
1469 1513 1565 1541 habitu
1587 1513 1698 1550 vitaque
1714 1513 1852 1550 coniungi,

1007 1567 1077 1596 quos
1107 1562 1134 1587 et
1165 1559 1274 1588 Fratres
1301 1559 1419 1588 Minores
1447 1559 1490 1587 vir
1523 1559 1634 1588 humilis
1666 1560 1773 1588 censuit
1804 1568 1851 1596 ap-

1008 1606 1112 1643 pellari.

1305 1699 1397 1728 Lectio
1420 1699 1504 1727 tertia
1521 1699 1550 1727 ¹⁰.

1086 1793 1155 1821 Sane
1182 1792 1235 1820 iam
1267 1792 1411 1826 Fratrum,
1433 1792 1489 1821 Deo
1509 1795 1640 1826 vocante,
1662 1796 1851 1821 consummato

1007 1839 1131 1873 senario,
1153 1846 1215 1867 cum
1238 1838 1301 1875 pius
1322 1846 1418 1867 eorum
1441 1839 1519 1867 Pater
1541 1842 1568 1867 et
1588 1842 1681 1875 pastor
1697 1839 1786 1867 locum
1808 1847 1851 1868 so-

1008 1885 1131 1914 litudinis
1154 1888 1266 1919 nactus,
1288 1885 1316 1913 in
1338 1885 1425 1914 multa
1446 1885 1536 1914 cordis
1558 1885 1741 1914 amaritudine
1767 1886 1851 1914 vitam

1007 1932 1164 1968 deploraret
1185 1931 1383 1960 adolescentiae
1403 1939 1457 1960 non
1484 1932 1542 1960 sine
1563 1932 1644 1968 culpa
1670 1934 1851 1967 transactam,

1008 1978 1116 2015 sibique
1137 1986 1168 2006 ac
1190 1977 1276 2014 proli,
1298 1986 1381 2015 quam
1404 1978 1430 2006 in
1451 1978 1561 2007 Christo
1581 1981 1730 2015 genuerat,
1745 1979 1853 2007 veniam

1008 2025 1161 2062 postularet
1175 2028 1202 2054 et
1223 2025 1356 2062 gratiam3
1378 2026 1521 2054 excessiva
1542 2025 1659 2062 quadam
1683 2026 1709 2054 in
1724 2033 1788 2054 eum
1810 2034 1854 2054 su-

1009 2072 1186 2109 perveniente
1214 2071 1331 2106 laetitia,
1358 2072 1526 2101 certificatus
1556 2075 1598 2100 est
1628 2072 1661 2101 de
1693 2072 1854 2101 remissione

1009 2118 1132 2155 plenaria
1153 2118 1275 2147 omnium
1290 2118 1470 2152 delictorum,
1485 2126 1574 2155 usque
1589 2118 1714 2147 videlicet
1728 2119 1769 2147 acl
1782 2127 1854 2156 qua—

1009 2166 1141 2194 drantem
1164 2165 1357 2194 novissimum
1373 2166 1404 2193 1¹.
1427 2166 1530 2202 Raptus
1550 2165 1647 2194 deinde
1669 2173 1754 2202 super
1775 2173 1805 2194 se
1823 2173 1854 2194 ac

1009 2213 1037 2241 in
1058 2212 1196 2249 quoddam
1220 2212 1312 2241 lumen
1334 2212 1474 2240 vivificum
1497 2215 1572 2240 totus
1592 2212 1755 2249 absorptus,
1783 2220 1855 2249 quae

1009 2259 1082 2288 circa
1104 2267 1132 2288 se
1154 2267 1185 2288 ac
1205 2259 1314 2288 Fratres
1335 2259 1431 2288 futura
1452 2262 1531 2288 erant
1552 2259 1706 2288 luculenter
1730 2259 1853 2296 aspexit;

1010 2306 1082 2335 sicut
1102 2306 1160 2342 ipse
1182 2305 1366 2342 postmodum,
1395 2306 1507 2334 Ordinis
1535 2306 1688 2342 profectum
1711 2308 1738 2334 et
1759 2305 1854 2334 dilata-

1010 2353 1112 2381 tionem
1135 2360 1184 2389 per
1206 2352 1253 2381 Dei
1275 2352 1449 2381 clementiam
1471 2353 1497 2380 in
1520 2352 1650 2389 proximo
1671 2352 1730 2380 fieri
1753 2352 1854 2380 debere

1011 2398 1224 2435 praenuntians,
1246 2398 1279 2427 ad
1301 2398 1527 2427 confortationem
1549 2398 1640 2434 pusilli
1661 2398 1752 2435 gregis
1777 2398 1854 2426 fami-

1011 2444 1116 2473 liariter
1147 2445 1290 2473 reseravit.
1319 2444 1415 2473 Paucis
1442 2444 1588 2473 admodum
1617 2444 1716 2481 elapsis
1740 2444 1853 2478 diebus,

1011 2491 1177 2528 quibusdam
1200 2491 1250 2520 sibi
1272 2491 1485 2520 cohaerentibus
1499 2491 1572 2525 aliis,
1594 2499 1657 2520 eum
1674 2491 1727 2520 iam
1741 2491 1775 2520 ad
1786 2491 1854 2520 duo-

1010 2538 1155 2566 denarium
1170 2537 1371 2571 excrevissent,
1386 2537 1520 2574 disposuit
1534 2538 1641 2566 Domini
1657 2537 1778 2566 famulus
1791 2545 1854 2566 cum

1012 2584 1058 2612 illo
1078 2583 1247 2620 simplicium
1274 2587 1353 2613 coetu
1379 2584 1543 2620 apostolicae
1569 2584 1644 2613 Sedis
1668 2584 1744 2612 adire
1776 2592 1854 2621 prae-

1011 2630 1143 2665 sentiam,
1165 2634 1196 2659 ut
1223 2634 1427 2667 praeostensam
1459 2631 1510 2660 sibi
1542 2639 1558 2659 a
1588 2631 1703 2660 Domino
1729 2639 1853 2660 normam

1077 2805 1085 2819 ⁷
1104 2806 1160 2829 lbid.
1177 2813 1196 2828 6.
1215 2807 1235 2828 3.
1253 2813 1275 2828 n.
1293 2807 1314 2828 2.

1077 2844 1085 2857 Β
1102 2845 1158 2868 Cod.
1176 2847 1193 2867 Α
1211 2845 1251 2868 sed
1266 2847 1347 2872 erant,
1364 2846 1449 2868 omisso
1466 2847 1536 2868 erant
1552 2848 1603 2868 ante
1620 2844 1745 2868 medullas.

1076 2883 1085 2895 ⁰
1102 2884 1158 2906 (Iod.
1176 2885 1193 2906 111
1212 2890 1257 2905 non
1276 2883 1334 2905 bene
1352 2884 1445 2907 virtute.
1459 2884 1504 2906 Cfr.
1518 2885 1613 2912 Bonam,
1629 2884 1755 2906 Continent.
1768 2884 1788 2906 in
1801 2884 1855 2907 Luc.

1014 2930 1034 2945 c.
1055 2923 1087 2945 17.
1107 2930 1128 2945 n.
1146 2924 1172 2949 3,
1190 2923 1229 2945 ubi
1247 2923 1326 2951 triplex
1339 2923 1423 2945 veritas
1435 2926 1578 2951 recensetur,
1591 2923 1675 2945 scilicet
1687 2923 1760 2951 vilae,
1773 2923 1856 2945 doctri-

1013 2968 1055 2985 nae
1073 2964 1094 2984 et
1111 2962 1216 2984 iustitiae.
1530 2961 1549 2974 ¹⁰
1567 2961 1622 2984 ibid.
1639 2968 1658 2984 c.
1677 2962 1698 2984 3.
1715 2968 1737 2984 11,
1755 2962 1776 2984 6.
1794 2963 1816 2984 7.
1834 2962 1856 2984 S.

1077 3000 1094 3013 ¹¹
1114 3001 1189 3023 Manli.
1207 3000 1232 3029 ὅ,
1250 3001 1286 3023 26.

1332 2809 1354 2828 et
1371 2807 1392 2828 3.

1875 966 1975 992 Praedicat

1879 991 1976 1013 poeniten-

1900 1013 1952 1031 tiam.

1880 1805 1999 1825 certificatur

1868 1828 1892 1847 de
1903 1829 1999 1848 remissio-

1867 1857 1891 1871 ne
1912 1854 1998 1876 peccatu-

1868 1881 1916 1894 rum.

1877 2457 1934 2476 Vadit
1946 2458 1983 2477 Ro-

1902 2486 1957 2500 mam.
