2133 3317
4 473 6 480 V
10 443 72 466 itogns.

4 1091 36 1110 *ior
44 1095 72 1109 re·

8 1116 47 1141 atur
61 1113 72 1132 k

11 1160 76 1182 Primo,

28 1188 69 1202 rece
74 1194 76 1196 .

13 1212 29 1226 m
33 1206 78 1226 mul·

4 1232 41 1250 iter.

0 2334 72 2356 scando,

0 2356 10 2375 d
16 2362 74 2376 eorre-

0 2384 31 2399 iem
39 2381 73 2399 tria

0 2403 79 2423 trentam.

414 217 610 246 OPUSCULUM
630 216 710 245 xvtt.
730 216 840 245 SERMO
861 217 964 246 SUPER
985 217 1138 247 REGULAM
1158 219 1312 248 FRATRUM
1333 219 1495 249 MINORUM.

87 298 127 325 est
146 295 226 323 locus
246 294 309 323 eius
322 296 353 328 1;
374 295 462 323 Iacobi
483 297 602 331 quarto:
629 294 708 322 Unde
729 293 801 322 betta
822 297 847 322 et
866 293 926 322 lites

87 342 118 371 in
137 340 240 370 vobis?
262 340 362 369 Nonne
383 342 455 379 quia
474 340 610 369 carnales
631 340 723 368 estis?

164 388 209 416 35.
231 388 283 423 Qui
312 388 371 416 istis
399 390 519 424 quatuor
548 387 635 415 modis
663 386 780 423 regulati
806 386 925 420 suerint,

87 437 151 465 sunt
165 434 237 462 sicut
250 433 368 462 ministri
384 433 548 467 Salomonis,
563 433 628 470 quia
642 433 830 470 operabantur
844 441 927 470 opere

86 481 200 520 quadro
221 480 261 509 ad
281 480 431 517 requiam,
453 480 526 509 tertii
555 481 658 517 Regum
688 483 767 509 sexto
779 480 798 508 ².
824 480 925 508 Ibidem

86 527 199 560 dicitur,
215 526 289 563 quod
303 526 427 555 Salomon
451 525 594 563 operiebat
615 526 716 554 omnia
737 525 857 555 laminis
871 534 925 554 au-

86 574 144 603 reis
164 581 247 610 opere
267 573 383 611 quadro
404 573 445 601 ad
466 573 608 610 regulam.
624 573 756 602 Subditus
770 573 842 601 enim
857 581 926 609 qua-

86 620 181 649 dratus
201 619 228 648 in
251 619 401 648 virtutibus
423 620 528 648 stabilis
548 623 654 649 estnec
669 620 777 648 mobilis
791 619 825 648 ad
845 619 925 653 vitia,

86 666 119 695 ad
146 665 340 703 quodcumque
366 666 438 695 latus
467 670 600 703 ponatur,
629 666 654 694 in
683 666 848 695 adversitate
869 666 926 694 sive

85 713 113 742 in
134 713 331 749 prosperitate,
355 713 415 742 talis
435 712 566 750 operitur
588 713 707 741 laminis
728 712 829 741 aureis
846 721 861 740 a
875 720 926 741 suo

87 759 224 796 praelato,
246 759 272 787 id
293 762 334 788 est
355 759 451 788 multis
477 759 779 793 commendationibus;
802 759 845 788 vel
867 768 927 796 ope-

87 806 165 836 ritur
185 806 305 834 laminis
330 806 432 834 uitreis
451 814 468 834 a
490 806 560 840 Deo,
582 806 608 835 id
630 810 671 834 est
691 806 770 834 donis
790 809 817 834 et
838 806 927 834 virtu-

86 853 174 886 tibus,
195 855 223 881 et
244 852 296 881 hoc
317 861 401 889 opere
420 853 535 891 quadro
557 853 584 880 in
605 853 825 886 resurrectione,
845 852 871 880 id
886 856 927 881 est

86 901 206 936 quatuor
226 898 337 928 dotibus
358 899 490 935 corporis.
517 899 554 927 Ad
583 899 656 927 illam
686 898 809 935 regulam
837 902 927 927 aeter-

85 953 163 979 nam,
184 953 256 982 quae
276 948 318 974 est
339 946 499 974 rectificatio
519 949 546 974 et
564 945 680 974 directio
694 945 817 974 omnium
833 945 926 974 incur-

86 995 229 1026 vatorum,
250 1000 301 1021 nos
322 992 455 1029 perducat
476 996 527 1021 etc.

163 1038 209 1067 36.
230 1039 256 1067 Si
278 1039 373 1067 Frater
395 1042 436 1067 est
455 1039 601 1076 superior,
629 1042 750 1076 quatuor
775 1039 863 1067 modis
884 1046 928 1067 re·

87 1085 200 1122 gulatur
221 1085 312 1122 quoad
334 1085 511 1114 inferiorem:
533 1086 637 1122 primo,
669 1086 760 1123 quoad
792 1086 927 1123 receptio-

36 1150 40 1156 ·
86 1141 171 1166 nem,·
192 1132 263 1160 hanc
283 1132 414 1161 describit
436 1132 624 1169 multipliciter
646 1133 766 1169 capitulo
787 1132 926 1166 secundo,

87 1179 189 1208 scilicet
217 1178 290 1216 quod
321 1179 370 1207 soli
399 1179 513 1208 Ministri
541 1180 650 1208 Fratres
675 1179 817 1215 recipiant.
847 1179 927 1213 item,

87 1225 160 1263 quod
181 1225 214 1254 de
236 1225 289 1254 fide
310 1228 337 1254 et
364 1226 555 1254 ecciesiasticis
578 1226 761 1254 Sacramentis
788 1234 834 1254 eos
862 1234 927 1254 exa-

87 1273 200 1301 minent.
223 1272 304 1306 ltem,
333 1272 406 1309 quod
435 1272 595 1301 coniunctos
621 1272 858 1300 matrimonialiter
879 1281 928 1301 au-

87 1320 212 1348 ctoritate
232 1319 383 1347 dioecesani
406 1319 564 1348 dissolvant.
587 1320 670 1353 Item,
695 1319 768 1355 quod
789 1319 822 1347 de
844 1319 928 1348 rebus

86 1367 255 1395 venientium
278 1366 310 1394 ad
333 1366 463 1394 Ordinem
485 1374 514 1395 se
542 1375 594 1395 non
624 1367 816 1394 intromittant.
846 1367 927 1400 ltem,

88 1413 161 1450 quod
184 1412 308 1441 habitum
330 1416 544 1449 congruentem,
567 1413 670 1441 scilicet
685 1413 869 1449 probationis,
889 1413 928 1441 eis

87 1460 236 1497 imponant.
258 1459 341 1493 ltem,
363 1459 436 1496 quod
458 1459 535 1488 finito
550 1468 621 1488 anno
637 1460 798 1494 novitiatus,
816 1460 850 1488 ad
866 1468 929 1496 pro-

86 1506 230 1535 fessionem
251 1514 298 1534 eos
324 1506 465 1542 recipiant.
494 1506 563 1535 Haec
591 1509 711 1543 potestas
738 1506 926 1535 Ministrorum

85 1553 226 1582 descendit
246 1553 281 1581 ab
302 1561 357 1581 uno
379 1553 482 1589 capite,
511 1553 614 1581 scilicet
640 1553 760 1589 generali
789 1553 927 1587 Ministro,

87 1600 134 1637 qui
157 1607 265 1636 semper
286 1599 367 1628 debet
381 1599 475 1628 Ordini
492 1599 664 1636 praesidere,
679 1600 760 1636 quia,
775 1600 928 1628 secuudum

87 1646 160 1683 quod
192 1646 293 1674 dicitur
324 1649 421 1674 octavo
456 1646 591 1683 capitulo,
628 1658 641 1671 «
663 1646 785 1674 universi
821 1647 929 1675 Fratres

87 1701 175 1721 unum
197 1692 231 1721 de
252 1692 395 1721 Fratribus
416 1692 495 1721 istius
525 1692 669 1729 Religionis
696 1692 797 1721 debent
820 1700 928 1729 semper

90 1740 193 1769 habere
213 1740 368 1776 generalem
390 1740 545 1768 Ministrum
561 1752 587 1768 ».
617 1740 708 1773 Hunc,
737 1740 758 1768 si
787 1748 845 1768 non
872 1743 927 1774 est,

87 1786 201 1815 Ministri
224 1790 251 1815 et
271 1786 403 1815 Custodes
424 1786 524 1815 debent
544 1787 653 1823 eligere.
670 1787 750 1820 item,
773 1787 794 1815 si
817 1787 929 1825 insuffi-

88 1833 165 1861 ciens
185 1836 242 1867 est,
264 1833 364 1861 debent
385 1833 475 1869 ipsum
497 1833 639 1861 absolvere
661 1833 687 1861 in
709 1832 834 1869 Capitulo
848 1841 930 1869 gene-

88 1879 147 1908 rali.
170 1879 274 1916 Singuli
296 1879 377 1908 etiam
400 1879 531 1913 Ministri,
557 1891 570 1904 a
586 1879 690 1916 possint
710 1879 736 1907 in
759 1880 817 1908 suis
838 1883 929 1908 custo-

87 1925 139 1954 diis
153 1925 263 1954 Fratres
284 1933 349 1954 suos
363 1925 396 1953 ad
411 1925 566 1962 Capitulum
587 1933 738 1953 convocare
753 1925 868 1962 singulis
881 1933 929 1953 an-

87 1972 130 2000 nis
145 1983 172 2006 »,
192 1975 238 2006 ut,
260 1972 332 2001 sicut
353 1972 403 2008 ipsi
420 1972 557 2008 recipiunt
571 1971 742 2000 influentiam
760 1972 900 2008 regiminis
914 1980 930 1999 a

88 2018 211 2047 Ministro
241 2018 377 2055 generali,
408 2018 446 2047 ita
471 2019 497 2046 111
519 2018 577 2047 31113
597 2018 729 2055 Capitulis
750 2018 882 2046 Custodes
903 2021 930 2046 et

88 2064 244 2093 Guardiani.
274 2065 349 2094 Sicut
370 2072 435 2101 ergo
457 2066 561 2102 Moyses
582 2065 793 2093 sollicitudinem
815 2072 930 2101 genera-

88 2111 141 2140 lem
163 2112 261 2140 habuit
280 2111 314 2140 de
335 2112 437 2148 populo
453 2112 599 2140 lsraelitico
619 2115 646 2140 et
670 2112 765 2148 plures
781 2111 806 2139 in
824 2114 928 2148 partem

89 2158 279 2187 sollicitudinis
300 2158 444 2192 vocavit⁵,
466 2158 505 2187 sic
526 2159 640 2187 Ministri
662 2159 804 2195 generales
825 2158 858 2187 de
873 2161 929 2186 toto

90 2204 192 2233 Ordine
213 2205 316 2233 habent
330 2205 541 2233 sollicitudinem
557 2205 712 2242 generalem
722 2227 729 2239 ‚
744 2208 771 2234 et
786 2205 928 2241 partialem

90 2251 204 2280 Ministri
226 2251 407 2288 provinciales
428 2255 455 2280 et
475 2251 608 2280 Custodes
628 2255 655 2280 et
675 2251 833 2280 Guardiani.

167 2298 212 2326 37.
235 2298 375 2331 Secundo,
400 2298 490 2334 quoad
512 2298 737 2334 correptionem,
758 2298 864 2326 decimo
885 2306 929 2326 ca-

89 2344 195 2381 pitulo:
222 2355 236 2369 «
250 2344 373 2377 Fratres,
395 2344 443 2380 qui
465 2347 529 2372 sunt
551 2344 666 2372 Ministri
682 2348 709 2373 et
723 2344 795 2373 servi
811 2345 927 2372 aliorum

89 2390 216 2419 Fratrum
231 2402 244 2415 n
270 2393 320 2419 etc.
343 2390 412 2419 Haec
433 2390 568 2419 correctio
589 2391 642 2418 tria
663 2391 799 2427 requirit:
824 2390 929 2419 soltici-

1768 221 1825 250 447

984 295 1131 329 tudinem,
1153 297 1345 333 aptitudinem
1367 300 1394 327 et
1416 298 1624 327 rectitudinem.
1648 298 1824 327 Sollicitudi-

983 350 1045 369 nem
1069 343 1155 378 tangit
1176 343 1291 377 ibidem,
1314 352 1376 372 cum
1397 344 1478 373 dicit:
1498 355 1511 370 «
1526 345 1642 373 Visitent
1655 348 1683 374 et
1697 347 1825 374 moneant

983 388 1092 417 Fratres
1113 396 1178 417 suos
1193 400 1219 417 u:
1240 390 1371 424 visitent,
1393 391 1586 427 corripiendo;
1608 395 1759 425 moneant,
1775 400 1825 420 ex-

983 434 1128 463 hortando.
1144 452 1181 455 —
1199 437 1396 472 Aptitudinem
1412 438 1510 474 tangit,
1525 446 1588 466 cum
1604 438 1683 467 dicit:
1703 449 1717 462 «
1732 438 1825 467 Humi-

984 480 1045 509 liter
1066 484 1093 509 et
1113 482 1255 510 caritative
1282 484 1421 520 corrigant
1447 492 1493 512 eos
1508 495 1535 518 »;
1564 484 1601 513 ita
1621 488 1652 513 ut
1674 483 1826 513 humilitas

983 526 1018 555 sit
1039 535 1074 555 ex
1097 531 1174 564 parte
1201 530 1326 563 correcti,
1349 533 1376 558 et
1396 531 1508 559 caritas
1529 539 1565 559 ex
1588 534 1665 567 parte
1686 531 1826 568 corrigen-

984 573 1033 607 tis,
1056 577 1086 602 ut
1107 582 1143 603 ex
1168 575 1282 604 caritate
1310 577 1430 613 corrigat
1457 577 1678 614 delinquentem,
1707 586 1760 606 non
1789 586 1826 607 ex

983 628 1107 649 rancore.
1130 621 1204 650 Unde
1226 625 1345 659 utraque
1367 623 1456 651 virtus
1478 624 1614 660 respicere
1629 624 1710 653 debet
1723 628 1751 653 et
1765 632 1826 653 cor-

984 670 1091 694 rectum
1113 670 1139 695 et
1160 668 1352 704 corrigentem.
1368 685 1406 689 ——
1421 669 1629 698 Rectitudinem
1645 671 1746 707 tangit,
1761 679 1825 699 cum

983 712 1066 741 dicit:
1093 724 1106 738 a
1121 714 1176 742 Non
1200 715 1399 751 praecipientes
1419 716 1459 744 eis
1479 716 1598 753 aliquid,
1620 717 1693 753 quod
1712 717 1747 746 sit
1761 725 1825 746 con-

984 762 1027 787 tra
1047 760 1166 788 animam
1189 769 1266 789 suam
1296 765 1323 790 et
1352 763 1480 799 Regulam
1508 766 1629 792 nostram
1644 774 1672 796 »;
1695 763 1825 792 Ecclesia-

968 806 1043 835 ‘stici
1065 807 1170 835 decimo
1191 809 1304 837 n0n0⁴:
1329 809 1449 846 Corripe
1470 810 1599 838 amicum
1621 814 1722 844 tuum,
1742 819 1826 848 saepe

983 853 1057 881 enim
1080 853 1112 889 fit
1133 855 1307 883 commissio.
1330 856 1413 884 Multa
1428 856 1499 885 enim
1515 860 1557 885 est
1571 857 1709 893 pronitas,
1728 866 1826 886 secun-

984 899 1050 927 dum
1073 900 1154 929 illud:
1177 901 1285 930 Sensus
1305 907 1331 930 et
1351 902 1484 931 humana
1505 904 1641 940 coyitatio
1663 904 1694 932 in
1713 904 1826 933 malum

981 954 1079 982 prona
1099 951 1184 980 sunt,
1207 952 1320 984 propter
1342 949 1393 977 1100
1414 949 1515 986 septies
1543 950 1574 978 in
1602 950 1647 978 die
1673 950 1753 979 cadit
1780 951 1825 979 iu-

984 996 1063 1026 stus,
1078 996 1105 1021 et
1121 993 1180 1022 ideo
1201 998 1321 1030 oportet,
1341 1003 1404 1024 eum
1422 996 1536 1024 relevari
1554 1004 1602 1032 per
1617 997 1825 1025 correctionem.

1063 1039 1108 1068 38.
1131 1040 1238 1074 Tertio,
1261 1049 1309 1077 per
1330 1042 1567 1078 compassionem.
1590 1043 1639 1071 Sed
1661 1043 1765 1079 duplex
1785 1046 1826 1072 est

985 1086 1155 1121 compassio:
1185 1087 1283 1115 veniae
1310 1091 1337 1115 et
1364 1089 1570 1124 providentiae.
1603 1089 1824 1125 Compassionem

984 1133 1085 1160 veniae
1097 1133 1182 1169 tangit
1193 1133 1352 1170 dupliciter:
1368 1135 1456 1171 quoad
1474 1136 1678 1164 auctoritatem
1693 1139 1720 1164 et
1734 1136 1825 1173 quoad

984 1179 1240 1208 subauetorilaleni
1254 1181 1273 1208 ⁵.
1297 1182 1390 1217 Quoad
1412 1182 1631 1216 auctoritatem,
1652 1183 1767 1219 septimo
1782 1191 1826 1211 ca-

985 1225 1072 1261 pitulo
1085 1236 1090 1254 :
1107 1238 1119 1250 α
1133 1227 1256 1261 Ministri,
1271 1228 1292 1256 si
1309 1228 1460 1264 presbyteri
1477 1233 1550 1261 sunt,
1565 1237 1627 1257 cum
1640 1230 1827 1258 misericordia

989 1271 1131 1308 iniungant
1154 1273 1206 1301 illis
1228 1274 1461 1309 poenitentiam».
1485 1274 1748 1303 Subaucloritatem
1768 1278 1828 1303 tan-

987 1319 1040 1355 git,
1063 1327 1124 1347 cum
1147 1319 1226 1347 dicit:
1248 1331 1261 1343 a
1276 1320 1301 1348 si
1319 1329 1383 1348 vero
1399 1321 1550 1357 presbyteri
1567 1330 1620 1349 non
1636 1322 1702 1354 sint,
1722 1322 1826 1358 iniungi

985 1366 1085 1394 faciant
1100 1374 1148 1402 per
1164 1366 1239 1400 alios,
1255 1367 1409 1395 sacerdotes
1427 1367 1537 1396 Ordinis
1549 1379 1562 1393 »
1582 1371 1632 1396 etc.
1648 1385 1686 1388 -—
1697 1368 1825 1405 Compas-

987 1413 1089 1441 sionem
1109 1413 1309 1449 providentiae
1330 1413 1449 1441 insinuat
1471 1414 1614 1450 tripliciter
1630 1418 1730 1451 quarto
1751 1415 1824 1451 capi-

986 1460 1059 1488 tulo:
1082 1459 1171 1496 quoad
1195 1468 1324 1496 personas
1341 1461 1533 1497 providentes,
1555 1461 1611 1489 ibi:
1630 1473 1643 1486 «
1660 1461 1773 1490 Ministri
1800 1465 1827 1490 et

985 1507 1117 1535 Custodes
1131 1507 1272 1535 sollicitam
1292 1515 1386 1536 curam
1408 1511 1504 1543 gerant
1520 1518 1546 1541 »;
1568 1508 1657 1544 quoad
1679 1516 1826 1544 personas,

985 1552 1090 1590 quibus
1105 1552 1181 1581 debet
1198 1552 1263 1588 fieri
1279 1553 1424 1589 provesin,
1448 1554 1499 1581 ibi:
1519 1565 1532 1578 «
1548 1554 1599 1582 Pro
1619 1554 1828 1584 necessitatibus

986 1599 1159 1627 intirmorum
1174 1603 1201 1627 et
1215 1599 1274 1628 aliis
1295 1600 1436 1628 Fratribus
1450 1600 1594 1629 induendis
1609 1612 1635 1634 »;
1656 1601 1746 1638 quoad
1767 1610 1827 1629 mo-

986 1646 1056 1673 duni.
1073 1645 1275 1682 providentiae,
1298 1646 1348 1674 ibi:
1370 1658 1382 1670 a
1399 1647 1554 1675 Secundum
1577 1648 1635 1676 loca
1656 1651 1682 1676 et
1704 1651 1828 1684 tempora

986 1696 1013 1721 et
1034 1692 1145 1729 frigidas
1167 1692 1291 1729 regiones
1306 1704 1331 1720 ».
1354 1693 1429 1721 ll'lulti
1450 1693 1555 1721 modica
1570 1695 1756 1730 compassione
1771 1702 1828 1723 mo-

986 1742 1087 1767 ventur
1102 1747 1167 1775 erga
1188 1739 1326 1773 subditos,
1348 1740 1374 1767 in
1397 1748 1515 1776 quorum
1539 1748 1656 1776 persona
1670 1741 1741 1769 dixit
1755 1742 1827 1777 Moy-

987 1785 1068 1814 ses⁶:
1092 1785 1233 1821 Nunquid
1247 1794 1296 1822 eye
1310 1786 1426 1822 concepi
1445 1790 1468 1814 et
1488 1787 1578 1823 penui
1599 1786 1674 1815 lianc
1695 1788 1826 1816 multitu-

986 1832 1093 1865 dinem,
1110 1836 1141 1860 ut
1155 1832 1237 1860 dicas
1252 1831 1340 1860 milii:
1358 1833 1448 1860 Porta
1470 1842 1516 1860 eos
1536 1833 1566 1861 in
1588 1833 1655 1861 sinu
1671 1837 1736 1867 tuo,
1751 1834 1828 1862 sient

986 1879 1090 1907 nuti-iac
1103 1882 1217 1916 9estare
1230 1879 1298 1907 solet
1312 1878 1514 1915 infantulum?
1534 1880 1600 1908 Huic
1615 1883 1744 1908 consonat
1759 1882 1828 1917 Apo-

987 1926 1073 1954 stolus
1094 1925 1186 1953 dicens
1199 1936 1204 1953 :
1234 1926 1385 1963 Tanquam
1400 1925 1428 1953 si
1440 1926 1544 1954 nutriat
1558 1925 1655 1962 foveat
1665 1926 1828 1963 parvulum

986 1980 1091 2005 suuni,
1112 1971 1155 2000 sic
1175 1971 1370 2000 desiderantes
1388 1980 1453 2005 vos,
1470 1972 1572 2008 cupide
1586 1972 1751 2000 volebamus
1766 1976 1827 2001 tra-

987 2019 1053 2046 dere
1084 2018 1163 2046 vobis
1194 2027 1251 2046 non
1278 2018 1373 2046 solum
1402 2018 1608 2055 Evanyehum,
1636 2019 1686 2047 sed
1710 2023 1735 2047 et
1762 2020 1827 2048 ani-

987 2074 1052 2093 mas
1066 2069 1191 2093 nostras.
1208 2066 1276 2093 Haec
1291 2065 1342 2093 fuit
1363 2073 1427 2093 vera
1448 2066 1600 2101 compassio
1620 2065 1654 2093 ad
1675 2066 1826 2094 subditum.

1066 2112 1111 2140 39.
1127 2113 1239 2148 Quarto,
1255 2111 1344 2148 quoad
1359 2111 1536 2140 dilectionem
1549 2116 1574 2139 et
1585 2121 1696 2149 pacem.
1712 2112 1762 2141 Sed
1776 2113 1828 2141 du-

987 2159 1051 2195 plex
1063 2162 1104 2186 est
1116 2166 1179 2194 pax,
1193 2158 1297 2186 scilicet
1309 2158 1397 2194 quoad
1410 2158 1579 2195 praelatum
1593 2159 1782 2196 εον-1190111001
1797 2162 1825 2188 et

986 2204 1077 2242 quoad
1100 2205 1234 2233 Fratrem
1253 2209 1426 2240 peccantem.
1447 2205 1540 2233 Pacem
1556 2205 1646 2241 quoad
1657 2205 1825 2242 praelatum

987 2251 1174 2287 σοι-1196111001
1206 2250 1336 2279 describit
1369 2250 1512 2287 tripliciter
1543 2251 1658 2287 septimo
1686 2252 1824 2288 capitulo:

986 2298 1086 2334 primo,
1103 2297 1186 2334 ponit
1208 2297 1430 2330 monimentum,
1453 2297 1508 2325 ibi:
1535 2308 1548 2321 «
1562 2297 1664 2326 Cavere
1684 2297 1784 2326 debent
1799 2310 1825 2326 ».

987 2344 1126 2377 secundo,
1148 2344 1274 2372 excludit
1296 2343 1451 2380 impetum,
1473 2343 1508 2371 ibi
1523 2354 1529 2371 :
1550 2355 1562 2368 a
1577 2343 1614 2372 Ne
1629 2344 1784 2372 irascantur
1799 2348 1825 2373 et

986 2390 1187 2418 conturbentur
1216 2393 1329 2426 propter
1358 2392 1499 2426 peccatum
1527 2389 1644 2418 alicuius
1661 2402 1688 2418 ».
1717 2391 1824 2425 Tertio,

151 2571 159 2584 ¹
177 2572 260 2594 Psalm.
276 2572 318 2599 75,
337 2572 358 2593 3.
376 2584 405 2587 —
423 2572 530 2600 Sequitur
547 2573 589 2594 lac.
607 2571 633 2599 4,
655 2573 677 2594 l:
694 2572 760 2595 Unde
776 2572 833 2594 bella
846 2575 868 2594 et
880 2572 929 2594 lites

91 2610 112 2632 in
130 2610 216 2633 vobis?
233 2611 312 2633 Nonne
330 2611 398 2633 binc?
411 2611 441 2632 Ex
453 2611 644 2638 concupiscentiis
655 2611 750 2638 vestris,
762 2617 822 2639 quae
835 2611 930 2633 militant

90 2649 112 2670 iu
130 2648 240 2670 membris
258 2649 346 2670 vestris.

152 2686 161 2699 ⁹
180 2687 244 2709 Vers.
262 2688 303 2714 35,
322 2687 360 2709 ubi
378 2694 426 2716 seq.
444 2687 570 2715 propositio
588 2687 723 2713 exhibetur;
740 2688 781 2709 cfr.
793 2693 861 2715 supra
875 2693 928 2715 pag.

92 2726 149 2753 393,
166 2729 218 2747 nota
237 2726 258 2747 6.

153 2764 162 2777 ³
179 2765 308 2793 Respicitur
325 2765 395 2787 Exod.
415 2765 454 2791 18,
474 2765 510 2787 24.
529 2771 610 2793 seqq.;
635 2765 675 2786 cfr.
701 2770 770 2792 supra
798 2770 850 2792 pag.
872 2764 928 2791 446,

92 2806 143 2825 nota
163 2803 184 2825 4.

153 2842 163 2854 ⁴
182 2843 246 2865 Vers.
267 2842 300 2864 15.
319 2843 415 2870 Vulgata
434 2843 516 2864 omittit
533 2844 609 2865 tuum.
625 2855 656 2859 —
674 2842 723 2864 Duo
740 2848 806 2870 seqq.
823 2842 866 2863 loci
877 2845 929 2864 sunt

91 2881 147 2903 Gen.
157 2881 178 2908 8,
187 2882 224 2903 21.
234 2884 256 2903 et
267 2882 333 2903 prov,
346 2881 383 2908 24,
399 2882 437 2903 ¹6:
450 2881 537 2908 Septies
549 2881 610 2903 enim
624 2881 689 2903 cadet
701 2881 773 2902 iustus
785 2883 806 2902 et
818 2883 929 2907 resurget.

153 2918 163 2931 ⁶
180 2920 218 2941 His
231 2919 322 2941 duobus
334 2919 468 2942 nominibus
480 2920 612 2941 Scliolastici
627 2919 749 2941 utebantur
762 2919 783 2940 in
795 2919 929 2946 explicando

93 2959 201 2986 mysterio
218 2959 345 2985 Trinitatis,
362 2958 511 2980 attribuentes
523 2958 581 2980 Patri
593 2957 771 2984 auctoritatem,
784 2958 837 2979 Filio
849 2961 871 2979 et
883 2958 930 2985 Spi-

92 2996 143 3018 ritui
161 3000 240 3019 sancto
257 2996 473 3019 subauctoritatem.
491 2996 535 3018 Cfr.
553 2997 651 3024 Bonav.,
669 2997 682 3017 Ι.
700 2997 760 3018 seut.
778 2996 800 3018 d.
822 2996 856 3017 13.
873 2995 929 3017 dub.

986 2571 1016 2593 4:
1032 2571 1160 2593 Auctoritas
1177 2574 1253 2592 autem
1271 2574 1306 2592 est
1322 2570 1344 2592 in
1357 2571 1433 2597 Patre,
1445 2571 1498 2599 quia
1511 2570 1573 2599 quod
1587 2570 1655 2593 babet
1672 2570 1701 2593 ab
1720 2571 1765 2593 alio
1777 2577 1823 2593 non

986 2609 1077 2632 habet...
1095 2612 1117 2632 et
1133 2609 1162 2631 ita
1180 2612 1253 2637 patet,
1270 2609 1332 2637 quod
1351 2612 1425 2637 potest
1441 2609 1485 2631 dici
1503 2612 1582 2631 auctor
1599 2610 1703 2632 omnium
1715 2616 1824 2637 persona-

985 2655 1050 2675 rum,
1062 2654 1122 2676 quae
1134 2651 1186 2670 sunt
1204 2648 1233 2670 ab
1251 2648 1324 2675 ipse...
1342 2648 1371 2669 Ex
1390 2648 1432 2669 lior
1450 2651 1523 2675 patet,
1537 2648 1599 2676 quod
1612 2654 1730 2676 nunquam
1741 2649 1824 2671 dicitur

985 2687 1054 2708 Filius
1071 2691 1150 2708 auctor
1166 2686 1310 2714 spirationis,
1327 2686 1434 2714 quaitivis
1451 2686 1534 2714 spiret,
1551 2686 1604 2714 quia
1623 2692 1669 2708 non
1682 2686 1749 2708 habet
1761 2693 1773 2708 a
1786 2693 1822 2715 sey

986 2725 1025 2747 sed
1043 2725 1072 2747 ab
1089 2725 1133 2747 alio
1146 2728 1187 2747 etc.
1200 2725 1244 2747 Csr.
1258 2725 1312 2747 ibid.
1330 2725 1352 2747 (1.
1370 2726 1406 2746 20.
1423 2731 1442 2746 a.
1463 2726 1482 2746 l.
1501 2732 1523 2753 q.
1541 2727 1562 2747 2.
1579 2726 1607 2747 ad
1626 2725 1655 2747 4:
1676 2726 1823 2748 uAuctoritas

985 2767 1062 2786 autem
1080 2770 1125 2785 non
1143 2763 1197 2785 dicit
1214 2763 1376 2790 maioritatem,
1393 2763 1432 2785 sed
1451 2763 1523 2785 solum
1547 2763 1601 2786 dicit
1622 2764 1749 2791 originem,
1766 2764 1824 2786 sicut

984 2808 1053 2831 posse
1069 2801 1099 2825 ab
1115 2802 1162 2824 alio
1177 2805 1198 2824 et
1215 2808 1261 2824 non
1279 2801 1309 2824 ab
1325 2801 1372 2824 alio
1390 2808 1435 2824 non
1453 2802 1507 2824 dicit
1524 2802 1675 2824 minoritatem
1697 2803 1720 2824 in
1742 2806 1823 2830 poten-

986 2842 1014 2863 tia
1023 2858 1028 2867 ,
1041 2841 1080 2863 sed
1093 2841 1166 2862 solum
1180 2840 1382 2862 subauctoritatem
1394 2844 1416 2862 et
1427 2841 1539 2868 originem
1552 2849 1563 2861 n
1578 2844 1620 2864 etc.
1637 2841 1771 2864 Auctoritas
1783 2841 1823 2869 igi-

985 2884 1022 2901 tur
1039 2879 1091 2901 dicit
1110 2880 1213 2900 snntalem
1237 2879 1400 2906 plenitudinem
1424 2879 1553 2907 potestatis,
1575 2878 1748 2902 sulianum-itas
1765 2880 1823 2902 deri-

985 2918 1100 2940 vationem
1119 2918 1189 2945 ipsius
1207 2918 1228 2939 in
1245 2918 1324 2939 alium.

1046 2956 1056 2971 ⁶
1073 2957 1139 2978 Num.
1161 2957 1194 2982 ΙΙ,
1213 2956 1249 2978 12.
1268 2968 1295 2971 -
1314 2956 1420 2984 Sequitur
1437 2957 1452 2978 l.
1471 2957 1551 2979 Thess.
1569 2958 1594 2983 2,
1610 2956 1633 2979 7.
1649 2963 1711 2985 seq.,
1728 2956 1766 2979 ubi
1780 2963 1822 2984 pro

982 2995 1113 3024 pareutum
1130 3001 1215 3022 suum,
1234 2993 1268 3017 sic
1285 2995 1382 3022 Vulgata
1398 2994 1460 3024 filios
1476 3001 1545 3023 suos,
1564 2995 1603 3018 itu.

1842 305 1931 323 Primum.

1842 444 1954 463 Secundum.

1844 676 1934 695 Tertium.

1866 1048 1935 1069 Tertio,

1842 1072 1902 1094 quoad
1912 1077 1960 1090 com-

1848 1100 1953 1117 passionem

1850 1118 1951 1141 duplicem.

1852 1142 1878 1159 be
1892 1141 1958 1164 prima.

1880 1164 1924 1183 duo.

1844 1373 1869 1391 De
1882 1373 1970 1399 secunda.

1882 1398 1924 1415 tria.

1869 2120 1946 2143 Quarto,

1844 2143 1905 2166 quoad
1914 2143 1959 2161 dile·

1843 2169 1923 2184 cuonem
1941 2168 1960 2184 et

1854 2189 1947 2212 duplicem

1866 2217 1936 2235 pacem.

1838 2236 1899 2254 Prima
1913 2235 1972 2258 tangi-

1851 2261 1881 2276 tur
1893 2259 1970 2282 triplici-

1851 2284 1885 2300 ter.
