2133 3317
289 225 354 254 CXII

292 303 395 327 Hem-ico
412 303 442 327 ab
459 303 554 326 Hassia.
578 303 698 325 Praeterea
725 301 803 329 magni
821 301 933 324 momenti
958 303 1004 328 est,
1029 301 1094 330 quod
1118 301 1141 323 in

293 351 409 374 chronicis
425 351 531 373 eiusdem
556 349 636 378 oppidi
657 349 800 372 Wormatiae
823 351 932 371 tractatus
956 347 1087 371 attribuitur
1112 349 1142 371 ei-

296 397 349 420 dem
367 398 489 420 Matthaeo.
504 397 550 419 Nec
566 397 631 419 stilus
647 396 707 424 sapit
724 396 919 419 Bonaventuram.

356 445 393 467 13.
410 445 443 467 De
460 444 504 466 alio
522 449 593 472 opere
610 449 655 466 non
673 443 787 471 genuino,
805 443 869 471 quod
886 441 916 464 ab
933 441 1061 465 editoribus
1078 442 1141 464 Vati—

293 498 364 515 canae
376 494 456 520 utpote
468 490 566 513 dubium
579 491 601 513 in
612 490 748 518 Appendice
764 496 820 518 pag.
835 489 881 511 748
894 489 996 517 positum
1013 491 1054 518 est,
1067 488 1141 512 obiter

293 540 330 562 hic
348 545 420 567 pauca
439 538 568 561 adiicimus.
585 538 633 560 Hoc
650 537 773 565 egregium
790 537 859 559 totius
876 536 1006 564 theologiae
1031 536 1142 566 Compen-

290 585 358 609 dium
375 585 465 613 incipit:
486 583 638 614 Theoloyicae
654 583 762 607 veritatis
779 582 926 611 sublimitas,
942 587 964 606 et
981 584 1003 606 in
1015 585 1048 606 tot
1060 584 1142 606 codici-

296 632 340 655 bus
357 638 414 655 0150.
432 634 515 658 exstat,
533 634 590 660 quot
606 631 644 653 vix
661 631 722 653 aliud
740 636 800 659 opus
825 630 982 658 theologicum
1001 630 1070 653 medii
1087 631 1139 653 aevi

296 679 373 702 habet.
390 679 484 702 PIurImi
507 678 537 701 30
562 678 658 701 eruditis
674 678 742 700 huius
759 678 838 706 operis
859 680 965 700 auctores
988 676 1058 700 habiti
1076 680 1142 705 sunt,

298 727 357 749 inter
374 732 433 755 quos
451 726 599 748 nominantur
615 725 684 748 etiam
708 725 730 747 S.
751 725 927 752 Bonaventura,
944 725 967 747 S.
984 725 1099 752 Thomas,
1117 725 1141 746 B.

295 772 410 800 Albertus,
422 773 501 795 Petrus
517 778 530 794 a
548 772 694 799 Tarantasia,
712 771 823 799 Aegidius
839 771 915 798 Rom,
927 771 1054 798 Uldaricus,
1074 771 1142 799 Hugo

295 821 332 843 vel
342 821 444 843 Thomas
455 819 485 842 ab
497 819 623 848 Argentina
635 819 727 848 aliique.
740 819 887 847 Exploratum
899 822 940 846 est,
952 819 1055 848 quinque
1067 819 1142 847 primo

293 867 417 890 nominatis
436 867 491 889 falso
508 867 563 889 illud
580 865 680 889 attribui.
698 866 791 889 Certum
810 869 886 889 tamen
903 869 949 893 est,
967 869 992 888 ut
1003 866 1049 888 iam
1066 865 1142 888 obser-

294 918 377 938 varunt
394 915 494 937 editores
511 914 647 941 Vaticanae,
666 913 775 936 Sbaralca
792 916 815 936 et
831 914 866 936 Fr.
884 914 979 936 Ioannes
996 913 1026 936 de
1048 912 1142 936 Combis

295 962 321 985 O.
338 962 398 990 Min„
419 962 460 991 qui
477 963 521 984 hoc
539 960 709 990 compendium
721 961 823 983 Venetiis
839 960 895 983 1528
908 961 987 988 edidit,
1000 961 1055 983 illud
1073 960 1141 983 valde

296 1009 318 1031 in
337 1009 440 1032 doctrina
458 1009 576 1031 conforme
593 1014 643 1031 esse
660 1008 751 1036 scriptis
763 1009 786 1030 S.
798 1008 973 1030 Bonaventurae
985 1010 1007 1030 et
1024 1007 1140 1029 interdum

292 1062 366 1085 usque
378 1056 408 1078 ad
421 1055 492 1078 verba
506 1055 626 1078 manifeste
638 1055 693 1078 inde
704 1055 854 1084 descriptum.
864 1054 909 1078 Cfr.
918 1054 1003 1077 Bonelli
1014 1054 1143 1083 (Prodrom.

292 1103 334 1126 col.
353 1103 415 1132 689),
428 1103 467 1132 qui
481 1109 533 1126 cum
552 1102 660 1126 Sbaralea
678 1102 807 1131 (supplem.
825 1108 879 1130 pag.
893 1102 948 1130 610)
961 1101 1085 1128 contendit,
1101 1107 1142 1123 au-

296 1152 384 1173 ctorem
402 1150 507 1173 eiusdem
524 1156 574 1172 esse
590 1150 626 1172 Fr.
644 1150 737 1172 Petrum
761 1150 876 1172 Thomam
901 1149 955 1172 Ord.
974 1149 1039 1176 Min.;
1057 1148 1093 1170 alii
1112 1150 1141 1170 ta-

291 1203 344 1219 men
362 1198 496 1225 praeferunt
513 1197 628 1219 Thomam
646 1196 676 1219 ab
692 1197 815 1224 Argentina
834 1196 890 1219 Ord.
907 1196 988 1218 Praed.

358 1243 392 1266 tlt.
410 1244 514 1273 Denique
531 1243 693 1268 Meditationes
710 1243 771 1267 vitae
789 1243 878 1267 Christi
894 1247 955 1266 certo
968 1245 1021 1265 sunt
1038 1243 1139 1271 spuriae,

291 1290 368 1319 quod,
386 1290 584 1314 consentientibus
595 1291 644 1313 aliis
662 1290 735 1313 tribus
752 1291 847 1319 criticis,
865 1292 925 1313 tenet
942 1293 964 1312 et
981 1289 1040 1312 bene
1057 1289 1142 1317 probat

290 1338 376 1361 Bonelli
395 1338 524 1367 (Prodrom.
536 1339 579 1361 col.
592 1338 656 1367 697).
673 1339 758 1361 Auctor
775 1338 817 1360 fuit
828 1337 925 1366 quidam
942 1337 978 1359 Fr.
990 1337 1062 1359 Minor
1079 1337 1141 1359 Etru·

291 1392 356 1412 scus,
374 1388 403 1413 et,
421 1388 446 1408 ut
462 1386 508 1408 iam
526 1386 650 1409 insinuavit
667 1386 855 1408 Bartholomaeus
875 1385 982 1411 Pisanus,
1007 1383 1142 1412 probabilis-

292 1435 349 1458 sime
361 1435 397 1457 Fr.
415 1435 515 1457 Ioamies
532 1440 547 1457 a
565 1432 677 1456 Cautibus
690 1433 739 1461 (cfr.
753 1432 874 1459 Sbaralea,
888 1432 1079 1460 Supplementum
1097 1434 1140 1454 etc.

293 1488 348 1511 pag.
362 1481 424 1511 404).
441 1482 510 1504 Recte
523 1481 587 1509 ipsae
598 1481 621 1503 in
633 1481 670 1503 ed.
682 1480 806 1508 Argentina
819 1482 841 1501 et
851 1479 958 1507 pluribus
975 1478 1095 1501 codicibus
1107 1479 1141 1501 di-

292 1532 374 1552 cuntur
383 1528 545 1552 Meditationes
557 1527 617 1551 vitae
630 1527 719 1551 Christi
728 1526 860 1551 secundum
872 1527 1074 1555 Bonaventuram,
1087 1533 1141 1556 qua-

292 1580 357 1600 tenus
375 1582 400 1599 ex
418 1576 468 1598 eius
484 1575 595 1604 operibus
612 1575 698 1597 multae
715 1575 841 1597 sententiae
857 1577 947 1597 sumtae
963 1576 1017 1597 sunt
1029 1573 1078 1602 (cfr.
1091 1574 1142 1596 Pro·

292 1625 367 1647 drom.
384 1624 427 1646 loc.
445 1624 500 1653 cit.).

339 1719 461 1741 Aurxcunus
479 1718 510 1740 111.
528 1716 557 1740 De
575 1716 629 1740 aliis
647 1715 764 1747 opusculis
781 1715 889 1739 asceticis
905 1723 949 1739 non
966 1715 1088 1746 legitimis,

397 1764 422 1787 tle
440 1770 532 1794 quorum
550 1763 642 1787 auctore
658 1762 772 1794 praedicti
790 1762 868 1786 critici
885 1762 1036 1786 dissentiunt.

358 1860 376 1881 1.
395 1857 522 1881 instructio
539 1857 669 1881 sacerdotis
681 1857 714 1881 ad
724 1863 748 1881 se
762 1856 963 1887 praeparandum
975 1856 1007 1880 act
1024 1856 1142 1880 celebran-

292 1905 348 1929 dam
364 1905 465 1928 Missam
483 1905 543 1933 (Vat.
556 1908 611 1927 tom.
625 1905 670 1927 Vll.
681 1911 736 1933 pag.
751 1904 800 1933 75).
818 1904 910 1932 Incipit:
932 1912 942 1924 α
954 1904 989 1926 Ad
1001 1904 1092 1926 Missam
1105 1909 1142 1926 ce-

294 1952 429 1976 lebrandam
441 1959 480 1975 sex
493 1952 659 1975 consideranda
672 1955 725 1975 sunt
734 1961 756 1974 1³.
770 1952 888 1980 Oudinus,
906 1951 987 1974 Veneti
1000 1954 1021 1974 et
1033 1951 1141 1974 Sbaralea

292 2003 355 2023 recte
371 2000 445 2023 breve
469 2001 512 2022 hoc
534 2000 672 2027 opusculum
699 1999 757 2022 inter
781 1998 868 2028 spuria
885 1999 1002 2026 101101001,
1021 1999 1083 2021 50105
1100 1998 1141 2020 Bo-

292 2047 343 2070 nelli
368 2047 497 2073 (Prodrom.
520 2047 564 2069 001.
587 2046 641 2075 585)
668 2045 774 2074 dubitat,
792 2048 870 2068 utrum
895 2045 924 2067 sit
948 2045 1085 2073 genuinum.
1105 2045 1140 2067 1113

294 2095 413 2118 Instructio
431 2094 492 2117 enim
510 2094 571 2116 aliud
589 2100 634 2116 000
653 2096 686 2115 051
710 2093 754 2115 0151
778 2093 867 2121 species
892 2092 1009 2121 quaedam
1026 2092 1142 2120 excerpti,

293 2142 363 2165 sumti
381 2148 407 2164 ex
424 2141 520 2169 egregio
537 2141 650 2169 opusculo
667 2140 768 2168 genuino
785 2139 818 2162 De
832 2138 1019 2169 praeparatione
1035 2138 1068 2161 ud
1087 2138 1141 2162 Mis-

292 2195 345 2212 sam
363 2189 428 2217 (infra
455 2188 540 2216 Opusc.
562 2187 600 2216 V.)
625 2190 695 2216 atque
720 2187 797 2209 minus
821 2187 903 2209 idonee
927 2186 1038 2213 ordinati;
1064 2186 1142 2209 finitur

293 2237 362 2264 longa
380 2236 494 2263 oratione,
512 2235 578 2258 cuius
595 2235 720 2258 sententiae
738 2236 785 2257 fere
797 2237 905 2262 acceptae
917 2236 970 2256 sunt
982 2240 1009 2256 ex
1021 2234 1058 2256 illo
1070 2239 1142 2262 opere

294 2283 402 2311 genuino.
414 2283 483 2305 Teste
494 2282 590 2309 Bonelli,
603 2281 718 2304 invenitur
731 2281 785 2303 11100
797 2281 909 2304 insertum
921 2280 1062 2309 quibusdam
1081 2280 1142 2303 codi-

293 2329 360 2353 cibus
376 2332 398 2352 et
415 2328 555 2352 editionibus
572 2328 644 2357 spurii
662 2328 714 2350 libri
727 2327 846 2351 Stimntus
858 2327 963 2355 animis,
976 2328 1042 2350 cuius
1053 2330 1141 2354 auctor,

294 2377 334 2406 qui
351 2376 537 2405 probabilissime
554 2376 595 2398 fuit
612 2376 647 2397 Fr.
665 2374 773 2403 Iacobus,
790 2375 870 2397 Lector
888 2374 1076 2400 lIIediolaneusiS‚
1093 2379 1143 2396 sen-

296 2424 376 2447 tentias
393 2430 406 2445 a
425 2424 583 2446 ssonaventura
601 2425 707 2450 acceptas
724 2428 767 2444 500
793 2421 864 2444 modo
889 2422 1014 2443 affectuoso
1036 2421 1142 2443 transfor-

294 2472 372 2494 mavit.
390 2472 421 2494 Ex
439 2472 483 2493 hoc
500 2470 602 2494 Stimulo
615 2469 706 2493 autoris
724 2470 767 2492 tale
784 2472 917 2497 excerptum
936 2469 957 2491 in
975 2468 1090 2497 quosdam
1107 2474 1143 2490 co-

294 2518 358 2541 dices
374 2521 396 2540 et
413 2518 434 2540 in
452 2518 489 2540 ed.
506 2516 654 2545 Argentinam
673 2523 709 2539 an.
732 2516 788 2538 1495
807 2516 922 2539 transiisse
940 2516 1040 2538 videtur.

357 2566 379 2587 2.
401 2564 524 2594 Empositio
546 2564 633 2588 Missae
660 2564 721 2591 (Vat.
746 2566 802 2586 torn.
828 2564 874 2586 VII.
897 2569 951 2591 pag.
976 2563 1024 2591 78).
1051 2562 1143 2590 Incipit:

299 2621 309 2633 ι(
321 2612 425 2635 Christus
441 2612 550 2635 assistens
566 2611 667 2640 pontifex
679 2619 700 2633 ».
719 2611 776 2633 Inter
798 2610 883 2639 spuria
905 2616 974 2638 opera
998 2610 1090 2638 ponitur
1114 2608 1143 2631 ab

294 2659 398 2687 000100,
416 2658 544 2682 editoribus
561 2659 654 2681 Venetis
671 2661 693 2681 et
710 2657 818 2680 Sbaralea
836 2658 889 2686 (loc.
901 2657 936 2679 cit.
950 2663 1004 2684 pag.
1021 2657 1084 2684 160),
1103 2656 1144 2684 001

298 2706 364 2733 dicit,
389 2706 410 2728 in
434 2706 469 2728 1113
494 2705 640 2734 Expositione
663 2711 713 2727 0550
738 2704 892 2734 «quaedam,
915 2710 975 2733 quae
992 2704 1054 2726 nullo
1073 2703 1142 2726 modo

299 2754 474 2776 Bonaventurae
490 2753 607 2776 doctrinae
625 2752 750 2775 convenire
767 2754 899 2780 possunt».
917 2751 961 2773 Sed
979 2750 1064 2773 Bonelli
1083 2750 1144 2779 (Pro-

298 2800 373 2823 drom.
391 2801 433 2822 col.
451 2800 560 2828 576-583)
579 2800 661 2822 diffuse
686 2803 764 2822 contra
783 2799 901 2821 Oudinum
918 2798 1033 2825 disputat,
1051 2800 1075 2819 ut
1091 2802 1143 2819 eam

298 2848 388 2871 certum
406 2853 456 2869 esse
474 2847 649 2869 Bonaventurae
665 2847 778 2874 scriptum
796 2845 909 2868 ostendat.
927 2845 1006 2867 Testes
1023 2850 1068 2866 non
1089 2843 1144 2866 satis

298 2894 394 2917 idoneos
404 2894 512 2922 producit
524 2893 635 2916 indiculos
647 2893 740 2915 Mariani
753 2893 875 2915 Florentini
893 2895 914 2915 et
933 2892 1088 2918 Pistoriensis,
1107 2897 1144 2913 au-

294 2944 384 2964 ctorum
394 2941 478 2963 saeculi
492 2941 551 2969 XVI,
564 2944 585 2962 et
597 2940 633 2963 ed.
646 2940 794 2968 Argentinam
807 2946 844 2962 an.
861 2939 925 2962 1495.
936 2939 1007 2961 Etiam
1020 2938 1144 2961 auctoritas

295 2988 403 3011 codicum
425 2994 469 3010 000
488 2989 550 3010 favet
566 2988 746 3010 Bonaventurae.
772 2988 831 3009 Inter
856 2992 942 3009 novem
964 2986 1067 3012 codices,
1084 2991 1144 3014 quos

992 222 1236 251 PROLEGOMENA
1257 222 1285 250 C.
1308 222 1348 250 111.

1197 301 1318 328 novimus,
1336 300 1477 329 antiquiores
1494 299 1577 322 saeculi
1596 299 1656 321 XIV.
1674 305 1720 322 non
1738 298 1824 321 1130001
1835 305 1920 321 nomen
1933 300 2045 327 auctoris,

1197 353 1261 371 unus
1273 347 1471 376 (vindobonensis
1483 346 1597 369 Palatinus
1609 346 1661 369 cod.
1673 352 1727 368 mss.
1741 346 1829 375 3655),
1840 346 1881 375 001
1897 352 1948 368 eam
1967 346 2046 370 tribuit

1198 394 1382 422 Bonaventurae,
1398 398 1432 416 est
1443 399 1503 416 saec.
1515 393 1567 415 XV.
1579 394 1689 415 exeuntis.
1702 393 1778 422 Aliqui
1796 393 1888 416 codices
1906 395 1992 415 textum
2009 394 2046 416 ha-

1198 440 1253 463 bent
1270 441 1420 463 diffusiorem.

1261 488 1284 510 3.
1303 487 1323 511 6.
1340 487 1520 511 Fascicularius
1538 489 1560 509 et
1576 486 1603 509 de
1621 486 1706 516 Pit-qna
1722 486 1844 516 spirituali
1857 487 1942 509 contra
1958 487 2045 516 septem

1198 534 1255 558 vitia
1272 533 1384 564 capitalia
1406 534 1467 563 (Vat.
1491 536 1546 556 tom.
1571 534 1617 556 Vll.
1640 539 1695 561 pag.
1724 534 1767 555 106
1793 540 1858 562 seqq.
1882 536 1904 556 et
1926 539 1980 561 pag.
1999 533 2046 563 27).

1199 582 1311 609 Prologus
1323 581 1392 610 primi
1404 581 1482 609 operis
1499 580 1590 609 incipit:
1610 589 1621 600 α
1632 580 1695 603 Scire
1712 580 1784 603 debes
1795 588 1817 608 τις
1835 586 1895 608 opus
1907 579 1977 603 habet
1988 580 2046 603 duas

1199 631 1288 657 partes,
1305 634 1405 657 quarum
1423 628 1498 656 prima
1516 627 1607 655 incipit:
1628 636 1639 648 ιι
1651 627 1679 650 Ut
1696 626 1737 650 tibi
1755 627 1784 650 de
1809 627 1921 649 memoria
1939 630 2045 655 peccato-

1199 682 1251 698 rum
1264 684 1285 703 »‚
1303 675 1417 698 secunda:
1439 675 1594 697 «Fasciculus
1619 675 1727 702 myrrhae
1751 675 1849 697 dilectus
1874 680 1940 697 meus
1957 674 2046 696 1111111».

1200 723 1332 745 Secundum
1360 723 1499 750 opusculum
1523 722 1614 750 incipit:
1643 722 1717 750 «Eia,
1740 728 1801 744 nunc
1827 721 1910 744 01111105
1921 730 1943 743 n.
1961 721 2046 744 Bonelli

1199 770 1261 793 solus
1279 769 1409 798 (prodrom.
1426 769 1469 791 col.
1487 768 1532 791 564
1549 768 1624 797 seqq.)
1642 771 1768 797 utrumque
1779 768 1918 797 opusculum
1930 769 2048 791 Bonaven-

1200 820 1265 840 turae
1282 816 1400 839 vindicare
1417 816 1497 839 nititur
1513 818 1593 839 contra
1610 815 1728 838 Oudinum
1745 816 1800 838 illud
1811 815 1988 844 reprobantem;
2001 815 2046 838 edi-

1199 867 1260 886 tores
1278 863 1359 886 Veneti
1376 863 1430 886 illud
1448 862 1547 886 dubium
1564 869 1614 886 esse
1635 863 1724 885 volunt.
1742 862 1851 885 Sbaralea
1869 862 1922 891 (loc.
1939 863 1977 885 cit.
1994 869 2048 891 pag.

1200 911 1254 935 155)
1273 913 1335 933 recte
1359 910 1507 938 observavit,
1525 912 1650 939 utrumque
1675 910 1814 938 opusculum
1832 909 1919 937 pluries
1944 909 1989 932 iam
2007 909 2048 932 im-

1199 963 1305 986 pressum
1324 958 1393 980 fuisse
1412 958 1432 980 in
1450 957 1534 980 celebri
1552 963 1623 985 opere
1642 957 1768 980 Tractatus
1786 956 1813 979 de
1830 956 2001 986 reformatione
2017 955 2047 979 vi-

1198 1005 1263 1028 rium
1280 1005 1387 1033 animae,
1405 1005 1471 1027 cuius
1496 1008 1613 1027 auctorem
1637 1010 1687 1027 esse
1710 1003 1847 1027 Gerardum
1864 1003 1892 1027 de
1912 1003 2048 1033 Zutphania

1199 1052 1318 1081 (Zerbolt),
1335 1053 1430 1075 omnino
1448 1055 1548 1081 constat,
1567 1054 1623 1075 teste
1648 1052 1717 1074 etiam
1743 1052 1832 1074 Thoma
1850 1057 1863 1073 a
1881 1051 1988 1079 Rempis,
2006 1051 2047 1080 qui

1199 1100 1291 1128 scripsit
1307 1100 1378 1122 vitam
1396 1100 1510 1122 eiusdem.
1525 1100 1588 1128 lpse,
1600 1102 1667 1122 natus
1683 1099 1753 1127 1367,
1765 1102 1871 1122 mortuus
1883 1102 1917 1121 est
1928 1099 1974 1121 iam
1988 1105 2048 1122 anno

1199 1147 1273 1174 1398ς
1292 1147 1333 1169 fuit
1349 1147 1426 1169 socius
1443 1147 1539 1169 Gerardi
1556 1146 1631 1174 Magni
1657 1145 1828 1168 Daventriensis
1845 1148 1867 1168 et
1884 1152 1944 1168 unus
1966 1151 1979 1168 e
1998 1145 2048 1168 Cle-

1197 1194 1251 1216 ricis
1268 1193 1414 1222 regularibus
1440 1196 1462 1216 et
1487 1193 1605 1216 Fratribus
1621 1194 1683 1215 vitae
1700 1193 1838 1216 communis.
1862 1192 1931 1215 Liber
1951 1193 2048 1216 Gerardi

1198 1240 1289 1268 incipit:
1310 1249 1321 1261 ι(
1333 1241 1407 1263 Homo
1420 1240 1515 1269 quidam
1529 1240 1675 1267 descendit»,
1692 1243 1762 1269 atque
1774 1239 1850 1269 habet,
1863 1242 1919 1263 teste
1932 1239 2047 1267 Sbaralea‚

1198 1294 1265 1316 capp.
1284 1287 1314 1310 54
1332 1290 1354 1310 01
1371 1287 1504 1314 diffusiora,
1521 1293 1592 1316 quam
1616 1293 1641 1309 ea
1660 1293 1720 1316 quae
1737 1290 1790 1310 sunt
1814 1288 1837 1309 in
1862 1287 1900 1310 ed.
1928 1287 2046 1310 Vaticana.

1198 1335 1302 1357 Tandem
1320 1334 1428 1357 Sbaralea
1446 1335 1513 1357 dicit:
1535 1343 1545 1355 α
1559 1335 1659 1363 Haereo,
1677 1341 1733 1357 num
1759 1334 1876 1357 Gerardus
1898 1340 1911 1357 3
1928 1334 2046 1357 Bonaven-

1198 1385 1248 1404 tura
1267 1381 1381 1410 acceperit
1400 1384 1421 1404 et
1439 1382 1538 1410 auxerit,
1555 1387 1584 1403 an
1601 1384 1678 1404 autem
1696 1381 1789 1410 aliquis,
1802 1381 1865 1410 quod
1879 1380 1958 1404 verius
1971 1380 2047 1404 videri

1195 1428 1278 1459 possit,
1296 1435 1308 1451 a
1326 1429 1429 1451 Gerardo
1448 1429 1597 1456 descripserit
1613 1435 1684 1457 quam
1705 1429 1769 1456 plura
1787 1431 1809 1451 et
1827 1429 2002 1451 Bonaventurae
2018 1431 2048 1451 at-

1198 1476 1313 1504 111000111;
1333 1482 1379 1505 003
1397 1477 1418 1499 10
1436 1483 1462 1499 10
1478 1476 1590 1499 iudicium
1608 1482 1654 1498 non
1671 1482 1752 1504 agam,
1769 1475 1811 1498 sed
1823 1475 1920 1498 aliorum
1934 1475 2047 1498 iudicium

1198 1524 1307 1552 opperiar
1318 1533 1340 1546 ω.
1358 1537 1388 1539 -
1406 1524 1488 1552 Quanti
1505 1529 1547 1546 sua
1564 1526 1637 1560 aetate
1659 1523 1715 1545 illud
1741 1529 1801 1551 opus
1818 1523 1914 1546 Gerardi
1939 1526 1962 1545 et
1986 1523 2048 1546 aliud

1198 1571 1272 1593 5101110
1289 1570 1317 1593 cle
1333 1570 1507 1600 Spiritualibus
1524 1569 1702 1594 ascensionibus
1720 1570 1866 1593 aestimatum
1883 1570 1923 1599 sit,
1940 1572 2003 1598 patet
2019 1576 2046 1593 ex

1199 1619 1250 1645 hoc,
1260 1618 1323 1647 quod
1334 1619 1390 1640 haec
1402 1617 1431 1640 ab
1443 1617 1492 1640 aliis
1504 1617 1637 1640 auctoribus
1649 1623 1734 1645 magna
1747 1623 1773 1640 ex
1785 1620 1850 1645 parte
1860 1617 1975 1645 descripta
1987 1619 2047 1643 sunt,

1199 1668 1224 1688 ut
1240 1671 1253 1687 a
1271 1664 1398 1687 1113000100
1420 1665 1442 1687 10
1459 1670 1531 1693 opere
1548 1665 1658 1688 Roscium
1676 1664 1847 1688 exercitiorum
1870 1663 2046 1693 spiritualium,

1198 1715 1221 1734 et
1237 1712 1291 1735 inde
1309 1712 1437 1734 transierint
1454 1712 1477 1734 in
1494 1712 1536 1734 3113
1554 1718 1624 1740 opera
1638 1711 1773 1739 Hispanica,
1791 1714 1815 1734 ut
1832 1710 1957 1739 probatum
1974 1713 2008 1733 est
2025 1711 2048 1733 in

1198 1759 1301 1788 quodam
1319 1759 1414 1782 articulo
1431 1758 1548 1787 publicato
1565 1759 1588 1781 in
1605 1758 1723 1787 periodico
1741 1758 1829 1782 Etudes
1846 1764 1859 1780 a
1876 1758 1917 1780 ΡΡ.
1935 1759 1986 1780 Soc.
1999 1758 2048 1780 lesu

1198 1805 1259 1828 edito
1279 1806 1327 1835 (cfr.
1346 1806 1422 1828 fascic.
1442 1806 1470 1828 20
1489 1805 1571 1829 Octob.
1590 1805 1650 1828 1887
1668 1811 1722 1833 pag.
1739 1805 1784 1827 200
1805 1805 1888 1834 seqq).

1262 1854 1330 1876 Aliud
1355 1854 1494 1882 opusculum
1518 1853 1546 1876 de
1563 1853 1648 1883 Pugna
1668 1852 1792 1882 spirituali
1815 1853 1838 1875 in
1862 1852 1900 1875 ed.
1922 1852 2047 1880 Argentina

1198 1907 1234 1923 an.
1255 1900 1313 1923 1495
1332 1901 1401 1929 (0030
1420 1901 1496 1929 primo
1513 1904 1638 1929 utrumque
1659 1900 1740 1929 edidit)
1767 1900 1915 1922 coniunctum
1941 1903 1975 1922 est
1992 1906 2046 1923 cum

1198 1947 1379 1976 Fascicalario;
1397 1948 1467 1970 etiam
1485 1949 1528 1970 hoc
1545 1948 1661 1970 invenitur
1679 1948 1701 1970 in
1719 1953 1790 1976 opere
1807 1947 1911 1970 Gerardi.

1263 1995 1301 2017 His
1318 1995 1463 2023 praemissis,
1480 2001 1524 2017 non
1542 1994 1688 2021 dubitamus,
1700 1994 1757 2023 quin
1769 1998 1893 2023 utrumque
1910 1980 2049 2022 opusculum

1198 2042 1366 2065 restituendum
1384 2042 1413 2064 sit
1431 2042 1533 2064 Gerardo
1552 2041 1602 2070 (qui
1620 2044 1695 2064 tamen
1712 2047 1759 2063 non
1777 2047 1863 2069 paucas
1880 2041 2005 2064 sententias
2021 2047 2048 2064 ex

1198 2090 1269 2112 variis
1285 2090 1463 2112 Bonaventurae
1481 2088 1599 2117 opusculis
1616 2091 1638 2110 et
1654 2088 1690 2110 Fr.
1708 2088 1782 2110 David
1804 2088 1915 2116 operibus
1937 2088 2050 2111 sumsisse

1198 2136 1309 2165 videtur).
1334 2136 1440 2158 Defectus
1463 2136 1524 2158 enim
1544 2136 1680 2158 idoneorum
1699 2135 1894 2162 testimoniorum,
1912 2135 2049 2163 praesertim

1199 2184 1319 2211 codicum,
1337 2190 1382 2206 non
1401 2183 1523 2211 permittit,
1542 2186 1566 2205 ut
1582 2183 1638 2205 illud
1651 2189 1710 2211 opus
1722 2183 1899 2205 Bonaventurae
1911 2182 2049 2205 tribuamus.

1199 2232 1241 2254 Pro
1259 2232 1421 2254 Bonaventura
1448 2233 1540 2259 praeter
1565 2230 1601 2253 00.
1627 2230 1788 2258 Argentinam,
1806 2236 1877 2259 quam
1906 2230 1975 2252 etiam
1993 2230 2048 2252 alias

1199 2286 1287 2302 errasse
1305 2280 1350 2302 iam
1369 2286 1438 2307 saepe
1456 2279 1626 2307 comperimus,
1644 2278 1730 2300 nullum
1749 2278 1852 2300 codicem
1870 2278 1952 2300 afferre
1969 2283 2049 2306 possu-

1199 2333 1252 2349 mus
1269 2326 1311 2348 nisi
1329 2326 1388 2348 duos
1407 2326 1515 2348 minimae
1532 2325 1684 2352 auctoritatis,
1701 2325 1788 2347 scilicet
1799 2330 1859 2347 saec.
1872 2324 1932 2346 XVI.
1950 2324 2049 2346 10000115

1199 2375 1221 2395 01
1237 2373 1290 2395 1000
1308 2373 1343 2395 1113
1364 2373 1465 2395 editione
1484 2372 1630 2400 posteriores.
1651 2372 1714 2394 Illum
1732 2377 1788 2393 vero
1805 2370 1900 2393 Gerardi
1913 2371 2048 2393 Tractatum

1199 2421 1283 2448 pluries
1305 2420 1419 2442 habemus
1447 2420 1468 2442 in
1495 2419 1664 2448 antiquioribus
1689 2418 1819 2446 codicibus,
1838 2421 1863 2441 ut
1890 2417 1994 2441 Traiecti
2016 2417 2048 2441 ad

1199 2467 1317 2495 Rhenum,
1338 2466 1476 2489 bibliotheca
1495 2467 1644 2495 Academiae,
1670 2466 1721 2488 cod.
1739 2465 1792 2488 240.
1810 2466 1832 2488 S.
1858 2466 1881 2487 E.
1905 2464 2005 2487 membr.
2023 2465 2045 2487 in

1200 2515 1221 2537 4.
1239 2521 1297 2537 saec.
1316 2515 1366 2537 XV.
1392 2514 1499 2536 ineuntis.
1526 2514 1572 2536 Fol.
1598 2519 1643 2535 non
1665 2516 1798 2535 numerato:
1821 2512 1950 2536 Tractatus
1967 2511 1994 2535 de
2011 2518 2048 2535 re-

1199 2561 1342 2591 formatione
1360 2560 1450 2583 virium
1467 2560 1573 2588 animae,
1591 2560 1616 2583 in
1641 2566 1687 2589 quo
1714 2559 1847 2583 continetur
1872 2561 1897 2582 ut
1910 2565 1972 2589 pars
1990 2558 2047 2582 inte-

1200 2608 1276 2638 pralis
1293 2608 1376 2631 Passio
1395 2607 1495 2631 breviler
1513 2607 1611 2631 collecta
1627 2606 1767 2630 admodum
1779 2606 1966 2636 fasciculorum;
1982 2605 2002 2629 i.
2013 2605 2046 2635 fa-

1199 2654 1303 2678 sciculus
1320 2654 1435 2685 myrrhae
1453 2658 1495 2677 etc.
1513 2655 1608 2677 Desinit:
1622 2654 1710 2677 sanclis
1722 2653 1831 2683 operibus
1844 2653 1930 2683 dianus
1948 2652 2048 2676 introire

1200 2701 1303 2731 αἷσι-10711
1322 2703 1399 2724 eterne
1425 2700 1574 2725 beatitudinis
1597 2700 1733 2724 inveniaris.
1751 2701 1834 2723 Amen.
1859 2700 1946 2723 Deinde
1972 2699 2048 2728 sequi-

1200 2752 1248 2771 tur:
1267 2749 1433 2771 Bonaventare
1451 2748 1478 2771 de
1495 2748 1574 2771 anime
1592 2747 1742 2778 dispositione
1758 2746 1791 2770 ad
1806 2746 1985 2777 impetrandum
1997 2746 2047 2769 dul-

1200 2795 1304 2819 cedinem
1322 2795 1399 2818 divine
1426 2795 1604 2825 inspirationis:
1622 2795 1699 2818 Flecto
1725 2801 1804 2824 qenua
1828 2800 1881 2817 mea
1899 2794 1944 2823 (est
1970 2793 2046 2816 Solito-

1200 2842 1300 2871 quium).
1312 2855 1343 2859 —
1356 2842 1444 2865 Ibidem
1462 2846 1495 2865 est
1512 2842 1574 2865 aliud
1592 2843 1707 2870 exemplar
1724 2842 1747 2864 in
1764 2842 1815 2865 cod.
1833 2842 1886 2864 288.
1904 2842 1975 2864 chart.
1993 2847 2047 2863 cum

1200 2890 1294 2912 nomine
1311 2890 1407 2912 Gerardi
1426 2896 1438 2912 3
1457 2896 1527 2912 manu
1544 2892 1642 2912 recente.

1265 2936 1394 2965 Gottwicii,
1410 2936 1547 2959 bibliotheca
1565 2936 1702 2964 Monasterii,
1714 2936 1765 2958 cod.
1779 2935 1831 2958 286.
1846 2936 1972 2964 (progress.
1987 2934 2047 2963 467.)

1200 2986 1271 3007 chart.
1290 2990 1350 3006 saec.
1369 2984 1419 3007 XV.
1438 2984 1491 3006 Post
1509 2984 1613 3006 medium
1630 2983 1755 3006 voluminis
1772 2983 1808 3005 fol.
1825 2989 1844 3005 r.
1861 2988 1907 3004 non
1927 2984 2048 3004 numerato
