2133 3317
445 285 627 314 EXPOSiTio.

204 381 228 408 1.
258 379 367 416 Reyula
394 382 421 407 et
450 378 511 407 vita
538 378 688 407 Minorum
715 379 861 407 Fratrum
889 378 959 407 llaec

2 437 100 478 2120oe-
114 431 170 461 est,
191 425 298 455 scilicet
319 425 439 454 Domini
458 425 553 453 nostri
572 425 647 453 Iesu.
669 425 716 454 Hic
737 425 867 454 subditur
892 434 958 454 con-

11 439 86 504 '³¹⁵³'
112 473 249 511 firmatae
262 472 394 501 veritatis
408 471 561 505 narratio,
582 480 654 509 quae
672 472 793 501 rubricis
813 472 957 501 duodecim

113 520 288 553 discernitur,
306 527 378 556 quae
399 521 464 547 sunt
482 519 634 548 duodecim
654 518 812 547 clarissimi
830 518 957 556 lapides,

112 567 145 597 de
160 566 262 604 quibus
276 566 377 595 dicitur
393 566 470 595 losue
484 568 585 603 quarto
597 567 615 599 ¹,
631 565 705 602 quod
719 565 863 594 duodecim
878 565 956 594 electi

113 613 164 643 viri
178 615 345 649 acceperunt
358 612 392 641 de
406 612 486 640 alveo
500 612 656 646 Iordanis,
677 611 729 640 ubi
748 614 888 640 steterunt
908 620 956 640 sa-

112 660 260 689 cerdotum
277 659 380 696 pedes,
395 659 547 687 duodecim
562 658 687 695 lapides,
699 662 836 695 ponentes
850 658 881 687 in
896 658 956 687 loco

112 711 295 740 castrorum,
318 705 370 734 ubi
389 705 441 734 illa
467 709 547 734 nocte
567 705 697 734 deberent
713 704 802 742 ᾔρει-6
822 705 954 734 tentoria.

111 754 165 783 Hoc
185 756 227 782 est
247 753 354 787 dicere,
376 752 451 790 quod
471 753 580 781 Fratres
607 752 726 781 Minores
750 755 882 789 tanquam
903 752 956 780 viri

111 809 127 830 a
146 800 276 834 Domino,
304 807 371 829 vero
392 799 482 833 losue,
511 799 606 833 electi,
634 799 758 827 volentes
786 798 956 835 pertransire

111 847 252 877 Iordanem
273 849 300 876 et
314 846 443 875 festinare
457 845 491 874 ad
509 848 613 874 terram
628 845 833 882 promissionis,
855 845 957 882 eligant

110 894 162 924 sibi
182 893 334 922 duodecim
354 892 531 921 durissimos
552 892 679 929 lapides,
701 892 728 920 id
749 894 791 920 est
810 891 954 920 duodecim

110 941 230 978 capitula
256 940 374 977 Regulae
401 939 558 976 evangelica
587 942 615 968 et
645 938 794 976 apostolica
821 938 956 967 sententia

110 987 287 1021 confirmata,
316 986 350 1015 (16
371 987 445 1020 1060,
473 986 526 1014 ubi
551 989 691 1014 steterunt
716 985 800 1022 pedes
820 985 955 1014 sacerdo-

111 1037 190 1068 tum,
221 1034 273 1062 1106
301 1036 342 1062 651
372 1033 405 1062 ad
434 1033 615 1061 imitationem
643 1032 787 1061 duodecim
816 1032 955 1069 Apostolo-

68 1087 95 1106 ‹1i-
111 1089 185 1110 rum.
220 1097 258 1101 —-
290 1081 357 1109 Tres
391 1080 496 1117 primae
531 1079 660 1108 rubricae
694 1079 786 1108 radios
816 1079 956 1116 recipiunt

3 1092 96 1172 fan*
111 1127 243 1161 orientis;
275 1130 332 1156 tres
366 1126 434 1155 aliae
469 1129 616 1163 sequentes
646 1126 770 1163 pericula
801 1125 956 1154 excludunt

110 1174 261 1212 aquilonis;
284 1176 340 1202 tres
360 1173 443 1202 tertio
463 1173 523 1202 loco
540 1173 644 1210 positae
665 1173 763 1201 ruinae
784 1172 896 1201 obviant
920 1172 955 1201 ab

109 1228 224 1255 occasu;
246 1223 303 1249 tres
323 1220 437 1249 ultimae
463 1219 633 1248 australibus
660 1219 764 1248 deliciis
786 1219 954 1248 5611116161-

8 1265 11 1299 1
109 1270 168 1302 166;
190 1271 222 1296 ut
236 1267 275 1296 sic
289 1267 357 1296 11666
378 1267 483 1296 civitas
503 1267 535 1295 in
549 1267 664 1305 quadro
676 1267 775 1304 posita
786 1267 797 1283 ²
812 1266 840 1295 in
856 1266 955 1303 portis-

109 1322 164 1352 que
187 1314 331 1343 duodecim
352 1317 450 1343 ornata
477 1313 622 1342 duodecim
643 1313 799 1350 apostolicis
821 1313 954 1350 margari-

108 1360 144 1389 tis
164 1368 219 1389 non
251 1360 345 1389 timeat
365 1360 484 1397 potentis
512 1360 662 1394 insultum,
684 1367 840 1396 pauperum
863 1362 891 1388 et
912 1367 954 1388 sa-

108 1407 233 1445 pientum
254 1407 390 1436 industria
411 1407 587 1435 communita.

187 1453 284 1482 Trium
304 1456 397 1482 autem
419 1453 510 1490 primo
538 1453 691 1490 positarum
720 1456 747 1481 et
777 1453 953 1481 orientalium

4 1458 89 1576 phi-io·
109 1501 288 1530 rubricarum
308 1500 399 1537 prima
412 1500 562 1529 summarie
578 1500 743 1537 Religionem
761 1499 896 1533 instituit3
913 1507 954 1528 56-

109 1547 199 1577 cunda
219 1547 254 1576 ad
273 1555 334 1576 eam
358 1547 500 1576 venientes
521 1547 634 1584 recipit;
664 1547 746 1576 tertia
766 1549 892 1583 receptos
913 1547 954 1575 in-

107 1594 196 1623 terius
216 1597 244 1623 et
264 1593 390 1623 exterius
410 1593 523 1622 instruit
544 1593 696 1631 disciplina.

187 1641 218 1670 Et
238 1641 319 1678 quia,
341 1643 373 1669 ut
393 1643 468 1677 patet
481 1648 517 1669 ex
532 1640 693 1677 Dionysio,
673 1640 683 1657 ⁸
715 1640 868 1669 substantia
883 1640 954 1669 hier-

15 1698 95 1719 nimi.
109 1688 219 1717 61611166
240 1688 267 1716 16
295 1687 405 1716 duobus
426 1687 566 1721 consistit,
587 1687 691 1716 56111661
718 1687 746 1715 in
767 1686 868 1716 sanctis
886 1695 954 1724 per-

56 1727 280 1773 ‘'fet-tionibus
304 1738 331 1764 et
352 1735 380 1763 in
404 1734 506 1763 ordine
523 1733 788 1771 perficiendorum;
810 1733 899 1771 prima
919 1733 953 1762 ad

0 1782 3 1817 l
103 1780 294 1819 perfectiones
305 1790 359 1818 per
374 1781 577 1815 obedientiam,
599 1781 702 1810 56111661
722 1780 897 1809 subditorum
919 1781 953 1809 ad

0 1827 1 1831 ’
106 1828 258 1866 praelatos:
280 1828 383 1857 idcirco
403 1828 495 1865 prima
515 1827 628 1857 rubrica
647 1827 717 1856 duas
737 1827 821 1856 habet
842 1830 951 1864 partes,

106 1883 227 1913 quarum
248 1875 338 1912 prima
365 1875 515 1904 summarie
536 1874 624 1912 tangit
651 1875 736 1904 huius
760 1874 951 1909 hierarchiae,

105 1921 134 1950 id
153 1924 195 1950 est
222 1921 293 1950 sacri
314 1921 434 1956 ordinis,
460 1920 663 1959 perfectionem
670 1931 680 1955 ‚·
702 1921 822 1950 secunda
848 1921 952 1950 descri-

105 1968 147 1997 bit
167 1967 382 1997 obedientialem
404 1968 634 2002 ordinationem,
656 1967 709 1997 ibi:
732 1968 839 1996 Frater
853 1968 951 1996 Fran-

107 2015 202 2044 ciscus
222 2018 274 2044 etc.

186 2063 212 2091 2.
235 2062 306 2091 Dicit
320 2070 386 2099 ergo
400 2062 505 2099 primo:
527 2062 640 2100 Reyula
659 2065 684 2090 et
698 2062 767 2090 vita.
789 2061 901 2099 Regula
915 2069 952 2090 ex

107 2109 160 2138 hoc
174 2109 291 2143 dicitur,
313 2109 379 2146 quia
404 2120 417 2134 α
432 2111 507 2138 16616
527 2109 626 2138 ducit*
639 2120 667 2137 ».
693 2109 831 2138 «Rectum
859 2111 952 2137 autem

0 2122 58 2145 i

168 2297 176 2311 ¹
194 2298 259 2321 Vers.
285 2299 307 2321 2.
331 2304 381 2327 seq.
406 2311 436 2315 —
462 2298 535 2321 Codd.
557 2298 683 2322 ABCFG
708 2301 730 2321 et
754 2298 791 2321 ed.
819 2300 826 2320 1
856 2299 950 2327 legunt:

105 2343 166 2367 quae
181 2336 280 2360 rubricis
295 2337 420 2360 duodecim
437 2337 598 2366 distinguitur,
616 2338 680 2367 quod
692 2337 761 2367 [edd
782 2338 866 2360 omittit
877 2337 948 2367 quod]

105 2375 208 2398 Iordanis
228 2376 320 2398 alveum
337 2375 452 2398 transituri
470 2375 499 2398 de
516 2376 578 2404 loco,
595 2375 637 2399 ubi
651 2377 767 2399 steterunt
786 2374 855 2404 pedes
871 2381 951 2399 sacer-

106 2413 199 2442 dotum,
219 2415 263 2437 hoc
285 2417 319 2436 est
335 2413 364 2436 ad
381 2414 532 2437 imitationem
555 2414 731 2442 Apostolorum,
748 2413 871 2437 duodecim
892 2413 950 2443 lapi-

105 2452 145 2477 des
161 2452 303 2476 durissimos
325 2453 457 2481 evangelica
482 2455 505 2476 et
521 2453 645 2481 apostolica
669 2454 780 2476 sententia
801 2453 949 2476 confirmatos

105 2492 127 2515 in
143 2492 219 2515 locum
236 2494 365 2515 castrorum
382 2494 533 2520 portaverunt
549 2492 579 2515 ad
597 2492 705 2519 tentoria,
722 2493 745 2515 in
762 2492 849 2521 quibus
865 2492 948 2515 Christi

105 2531 183 2554 militia
200 2531 325 2559 agonizans
341 2531 371 2554 ad
393 2531 490 2559 patriam
517 2532 618 2559 festinat,
639 2532 696 2554 nihil
717 2532 839 2560 possidens
860 2532 883 2554 in
905 2533 949 2555 hoc

105 2570 206 2598 mundo,
223 2571 288 2593 iosue
304 2571 326 2592 2.
343 2571 399 2593 Tres
417 2570 505 2598 primae
521 2570 628 2593 rubricae
648 2573 690 2593 etc.
708 2571 803 2594 inferius
825 2573 877 2599 post
897 2573 949 2593 tan-

105 2615 178 2639 quam
194 2610 213 2632 D
230 2609 390 2638 prosequitur:
406 2609 454 2633 viri
469 2616 485 2632 a
501 2616 557 2633 vero
574 2610 642 2633 Iosue
659 2609 735 2639 electi,
757 2609 782 2633 id
797 2611 833 2633 est
850 2616 865 2633 α
883 2609 948 2633 Chri—

105 2649 140 2671 ¹tto
157 2647 269 2676 Domino,
286 2648 389 2672 volentes
406 2651 450 2671 etc.

167 2685 177 2700 ²
193 2687 265 2715 Apoc.
282 2688 307 2710 24
318 2705 324 2715 ,
342 2687 383 2715 46;
400 2687 457 2710 ibid.
474 2694 498 2710 v.
515 2689 557 2710 2¹:
575 2688 601 2710 Et
617 2688 742 2711 duodecim
759 2690 840 2716 portae
860 2688 949 2710 duode-

105 2725 149 2748 cim
167 2726 305 2754 margaritae
321 2728 375 2749 sunt
391 2732 433 2754 per
449 2726 564 2755 singulas,
581 2729 604 2749 et
619 2726 724 2754 singulae
740 2729 820 2754 portae
841 2729 905 2749 erant
922 2733 948 2749 ex

104 2764 201 2792 singulis
217 2765 356 2793 margaritis.
373 2777 404 2781 -——-
421 2765 533 2793 Superius
544 2771 587 2793 pro
599 2764 684 2788 ruinae
701 2765 752 2788 Vat.
764 2764 843 2794 malis,
863 2767 885 2787 et
896 2764 948 2788 sub-

106 2802 158 2825 inde
174 2803 220 2825 AG
236 2806 258 2826 et
274 2803 311 2826 ed.
330 2803 339 2825 1
360 2803 469 2826 omittunt
484 2802 527 2827 sic.

167 2840 177 2854 ⁸
194 2842 226 2864 De
242 2841 338 2865 Caelesti
355 2842 499 2870 Hieran-chia,
516 2848 536 2865 c,
554 2843 577 2865 3.
593 2842 607 2871 S
623 2843 646 2865 2.
656 2848 705 2871 seq.
717 2844 740 2864 et
750 2842 779 2865 de
791 2842 948 2865 Ecclesiastica

105 2880 247 2908 Hierarchia,
264 2887 285 2904 c.
302 2882 322 2904 1.
340 2881 354 2910 S
371 2882 392 2904 3.
410 2881 460 2910 (cir.
477 2887 547 2909 supra
559 2887 613 2909 pag.
625 2881 679 2908 25⁴,
690 2883 742 2903 nota
755 2881 786 2910 3.)
799 2883 821 2903 et
832 2886 852 2903 c.
864 2881 887 2903 5.
898 2880 912 2909 S
927 2881 949 2904 1.

105 2925 170 2948 seqq.
181 2932 213 2936 —
224 2920 318 2942 interius
335 2922 387 2948 post
400 2919 482 2949 prima
494 2920 544 2943 Vat.
563 2920 595 2949 (et
610 2926 637 2943 ex
654 2923 719 2948 parte
734 2919 802 2942 codd.
820 2921 915 2947 excepto
931 2919 948 2942 C

105 2961 127 2981 et
138 2958 174 2981 ed.
187 2959 209 2987 1)
222 2959 384 2987 prosequitur:
401 2958 433 2981 ad
454 2959 571 2989 perfectos
593 2965 637 2989 per
654 2958 819 2986 obedientiam,
844 2957 948 2982 secunda

105 2996 254 3021 subditorum
265 3000 308 3020 etc.
317 2997 391 3020 Locus
403 2997 439 3020 hic
451 3000 486 3020 est
496 2997 610 3020 obscurus
620 3000 653 3025 et,
666 3000 690 3020 ut
702 2997 806 3025 videtur,
817 3000 949 3026 corruptus.

200 3044 226 3068 S.
238 3044 328 3068 Bomv.
340 3057 370 3061 —
382 3045 450 3067 Tom.
463 3045 518 3067 vm.

355 208 552 238 OPUSCULUM
572 208 638 237 XVI.
662 207 834 237 EXPOSITIO
855 209 957 238 SUPER
978 209 1132 239 REGULAM
1153 210 1306 240 FRATRUM
1326 211 1488 240 MlNORUM.
1510 211 1577 240 CAP.
1600 212 1618 240 Ι.

1804 213 1860 242 393

1015 288 1072 322 651,
1094 288 1174 317 cuius
1196 288 1317 317 medium
1343 297 1397 318 non
1413 289 1472 318 exit
1492 289 1527 318 ab
1548 290 1682 320 extremis
1698 301 1725 325 »;
1747 292 1775 319 et
1795 290 1860 327 quia

1014 334 1117 363 dicitur
1148 335 1253 372 primae
1284 335 1317 364 ad
1345 336 1521 365 Timotheum
1553 338 1675 366 sext05:
1709 336 1788 366 Nihil
1816 337 1860 366 in-

1015 380 1137 409 tulimus
1151 381 1182 409 in
1197 381 1274 410 hunc
1288 383 1452 416 mundum,·
1466 382 1549 412 haud
1570 384 1708 418 dubium,
1723 384 1795 422 quia
1809 392 1860 412 nec

1014 426 1136 464 auferre
1156 428 1227 465 quid
1243 437 1411 465 possumus
1433 430 1479 458 Illa
1500 438 1567 467 ergo
1591 431 1735 460 verissima
1758 430 1860 459 dicitur

1015 473 1132 510 Regula,
1153 482 1225 511 quae
1252 475 1347 510 docet,
1368 479 1400 504 ut
1427 479 1469 505 est
1492 477 1621 513 possibile
1642 478 1669 506 in
1698 478 1769 512 vita,
1791 485 1860 515 pau-

1013 522 1149 556 pertatem
1170 521 1350 550 nudissimam
1375 522 1533 552 observare.
1556 524 1625 553 Haec
1653 524 1757 562 Regula
1777 524 1858 553 etiam

1013 568 1055 595 est
1076 567 1154 601 vita,
1176 570 1208 596 61
1228 570 1285 596 1016
1305 569 1431 598 Fratrum
1447 571 1619 600 conversatio
1634 571 1752 608 Regulae
1772 571 1859 608 appli-

1013 615 1108 647 cetur,
1130 613 1210 642 iuxta
1231 614 1258 642 id
1285 615 1358 652 quod
1381 616 1481 652 legitur
1509 617 1583 645 tertii
1606 618 1709 655 Regum
1738 618 1857 647 sext0⁶:

1016 660 1137 697 Operuit
1157 661 1256 690 omnia
1278 661 1398 691 laminis
1418 663 1520 692 aureis
1541 664 1581 692 ad
1601 664 1744 702 requiam.

1091 707 1239 736 Minorum
1260 709 1420 743 Fratrum,
1445 710 1484 738 sic
1498 710 1635 740 dictorum
1658 711 1796 745 absolute,
1812 714 1857 746 ut,

1012 753 1046 782 de
1067 754 1144 782 nullo
1163 754 1303 791 dignitatis
1329 756 1417 792 gradu
1439 757 1635 787 contendentes
1662 766 1712 787 nec
1737 758 1788 787 sibi
1810 766 1859 787 no-

1012 808 1074 829 men
1096 801 1209 830 honoris
1230 802 1347 831 alicuius
1368 807 1551 840 usurpantes,
1566 804 1695 834 omnibus
1716 813 1745 834 se
1766 805 1858 833 humi-

1013 846 1103 881 litate,
1125 848 1200 876 salvo
1222 848 1268 877 Dei
1291 849 1411 883 honore,
1434 850 1595 885 subiiciant‚
1617 851 1650 880 ad
1669 852 1774 880 nullam
1790 854 1859 881 tem-

1012 894 1134 930 poralem
1161 895 1321 932 dignitatem
1351 904 1400 925 seu
1429 897 1661 934 magnitudinem,
1690 902 1722 927 111
1742 907 1859 936 pauper-

1012 940 1090 974 rimi,
1113 941 1254 977 purissimi
1276 945 1303 970 et
1323 943 1499 971 humilissimi
1521 944 1682 981 aspirantes.
1708 945 1777 974 Dicti
1793 949 1858 975 sunt

1011 990 1103 1015 autem
1137 987 1270 1022 1111110163,
1298 989 1331 1017 ad
1355 989 1465 1018 illorum
1489 990 1680 1026 imitationem,
1701 991 1735 1020 de
1756 992 1859 1029 quibus

1011 1033 1113 1062 (11611111
1141 1035 1269 1064 Matthaei
1298 1036 1429 1072 vigesimo
1454 1037 1593 1073 quinto⁷:
1623 1038 1773 1074 Quamdiu
1800 1047 1859 1067 non

1011 1079 1120 1117 fecistis
1141 1081 1196 1109 uni
1215 1082 1249 1110 de
1269 1082 1432 1111 minoribus
1454 1082 1516 1117 liis,
1537 1092 1588 1112 nec
1608 1083 1682 1113 mihi
1701 1084 1819 1122 fecistis.

1091 1127 1116 1156 3.
1140 1128 1240 1156 Eorum
1263 1128 1348 1165 igitur
1369 1130 1471 1166 Regula
1499 1129 1569 1159 haec
1596 1134 1651 1164 est,
1673 1131 1780 1160 seilicet
1802 1132 1857 1161 Do-

1011 1174 1087 1203 mini
1106 1175 1201 1203 nostri
1221 1176 1287 1204 Iesu
1310 1175 1419 1204 Christi
1438 1180 1573 1205 sanctum
1597 1178 1788 1215 Evanyelium
1810 1178 1857 1207 ob-

1010 1230 1137 1250 servare.
1160 1222 1214 1251 Hoc
1235 1223 1337 1251 idcirco
1357 1223 1474 1258 dicitur,
1497 1224 1562 1261 quia
1584 1227 1640 1253 tota
1658 1225 1777 1262 Regulae
1791 1226 1857 1255 sub-

1011 1268 1111 1296 stantia
1138 1268 1171 1297 de
1192 1268 1266 1298 fonte
1288 1270 1409 1298 trahitur
1428 1271 1600 1308 evangelicae
1622 1272 1751 1308 puritatis
1762 1272 1782 1300 ⁸.
1798 1273 1856 1301 Non

1011 1317 1052 1343 est
1073 1322 1139 1352 ergo
1161 1315 1228 1344 haec
1259 1316 1361 1353 Regula
1388 1320 1436 1345 aut
1457 1317 1512 1346 vita
1532 1326 1609 1346 nova
1630 1326 1691 1353 res,
1717 1318 1764 1347 sed
1792 1327 1856 1355 pro-

1011 1361 1057 1390 cul
1071 1361 1156 1390 dubio
1177 1366 1335 1397 renovata,
1357 1371 1511 1401 magnaque
1532 1368 1573 1393 651
1595 1365 1751 1393 huiusmodi
1768 1366 1856 1402 Regu-

1011 1408 1053 1436 lae
1081 1408 1284 1445 professoribus
1312 1410 1427 1439 materia
1454 1411 1559 1446 solatii,
1588 1412 1634 1448 qui
1664 1412 1713 1440 soli
1744 1412 1772 1441 in
1804 1413 1856 1442 hoc

1011 1454 1115 1483 mundo
1142 1455 1225 1483 vitam
1254 1456 1327 1484 illam
1356 1456 1389 1484 ad
1418 1457 1536 1486 litteram
1566 1458 1748 1494 profitentur,
1771 1467 1854 1496 quam

1011 1500 1145 1537 Apostolis
1165 1501 1198 1530 ad
1220 1502 1433 1538 praedicandum
1456 1504 1546 1532 missis
1567 1504 1700 1533 Dominus
1721 1513 1857 1534 commen-

1010 1547 1085 1576 davit
1100 1548 1119 1576 ⁹.

1089 1594 1140 1623 Sed
1161 1602 1224 1623 cum
1246 1595 1336 1623 dicat:
1358 1596 1437 1624 Haec
1452 1596 1563 1633 Requla
1577 1600 1634 1631 est,
1649 1601 1784 1626 sanctum
1799 1598 1855 1626 sci-

1011 1640 1075 1670 licet
1097 1641 1287 1678 Evanyelium
1308 1641 1482 1676 observare;
1497 1643 1623 1680 nunquid
1639 1647 1769 1673 voventes
1783 1645 1854 1673 hanc

1010 1687 1140 1724 Regulam
1172 1691 1272 1717 vovent
1300 1696 1349 1725 per
1380 1697 1552 1726 consequens
1578 1698 1688 1719 omnem
1718 1691 1854 1728 Evangelii

1010 1735 1228 1771 perfectionem?
1243 1753 1281 1756 ——
1295 1735 1373 1770 Dico,
1395 1736 1469 1773 quod
1494 1745 1568 1771 non,
1591 1745 1654 1766 cum
1676 1737 1703 1766 in
1725 1738 1784 1775 ipsa
1805 1739 1855 1767 Re-

1009 1782 1086 1819 gula,
1108 1790 1191 1819 quam
1214 1785 1327 1817 vovent,
1349 1783 1484 1819 quaedam
1506 1783 1653 1813 monitorie
1673 1787 1701 1813 et
1721 1785 1854 1814 exhorta-

1009 1829 1078 1857 torie
1099 1828 1312 1866 subiungantur.
1335 1829 1403 1858 Cum
1425 1837 1491 1867 ergo
1512 1838 1566 1859 non
1594 1839 1705 1860 omnem
1734 1832 1853 1869 Regulae

1008 1878 1115 1912 partem
1136 1879 1253 1904 voveant
1273 1876 1436 1910 observare,
1461 1877 1550 1905 multo
1570 1877 1657 1914 magis
1676 1886 1731 1906 non
1753 1881 1853 1907 vovent

1008 1922 1082 1959 quod
1104 1930 1157 1950 non
1179 1922 1348 1959 exprimitur
1369 1923 1396 1951 in
1418 1923 1521 1952 eadem.
1536 1923 1586 1952 Cui
1600 1924 1689 1953 simile
1703 1927 1759 1959 est,
1778 1925 1853 1962 quod

1008 1976 1093 2005 super
1114 1969 1181 1997 illud
1203 1969 1299 1998 Psalmi
1313 1969 1353 1997 ¹⁰:
1377 1970 1471 1998 Vovete
1485 1973 1511 1998 et
1524 1970 1647 2005 reddite,
1662 1971 1728 2000 dicit
1742 1971 1852 2006 Glossa,

1008 2015 1082 2052 quod
1107 2027 1121 2040 α
1136 2015 1270 2052 quaedam
1292 2018 1355 2044 vota
1376 2019 1441 2045 sunt
1461 2017 1630 2046 communia
1651 2017 1801 2052 omnibus,
1822 2021 1852 2047 ut

1008 2069 1109 2091 vovere
1123 2062 1204 2091 fidem
1219 2066 1246 2091 et
1260 2062 1457 2091 abrenuntiare
1474 2063 1582 2092 diaholo
1602 2066 1629 2092 et
1650 2064 1758 2101 pompis
1779 2065 1852 2094 eius-

1007 2108 1085 2142 dem,
1107 2116 1161 2136 non
1183 2108 1344 2145 superbire,
1366 2117 1420 2137 non
1441 2109 1566 2138 occidere
1587 2113 1614 2138 et
1634 2110 1808 2146 huiusmodi,
1823 2113 1850 2140 et

1070 2298 1080 2310 ⁴
1097 2298 1187 2325 isidor.,
1205 2298 1241 2320 Vl.
1259 2298 1387 2326 Etymolog.
1404 2304 1424 2320 c.
1442 2298 1478 2320 16.
1490 2304 1512 2320 6.
1532 2299 1558 2320 i:
1577 2298 1667 2328 Regula
1684 2301 1760 2322 autem
1778 2299 1851 2329 dicta,

1006 2337 1069 2366 quod
1086 2340 1148 2360 recte
1163 2337 1227 2360 ducit
1251 2343 1293 2359 nec
1309 2337 1433 2366 aliquando
1450 2337 1560 2359 aliorsum
1579 2337 1653 2360 trahit.
1679 2338 1722 2360 Alii
1744 2338 1850 2361 dixerunt

1005 2376 1117 2406 reculam
1133 2376 1233 2403 dictam,
1249 2376 1286 2398 vel
1303 2376 1367 2404 quod
1384 2378 1461 2403 regat,
1478 2376 1515 2398 vei
1533 2376 1596 2404 quod
1613 2382 1718 2399 normam
1740 2379 1801 2400 recte
1818 2377 1850 2400 vi-

1005 2415 1075 2438 vendi
1093 2415 1215 2443 praebeat,
1232 2415 1268 2437 vel
1286 2415 1349 2443 quod
1365 2414 1488 2437 distortum
1500 2420 1648 2444 pravumque
1665 2415 1722 2444 quid
1739 2416 1847 2444 corrigat.

1004 2466 1036 2471 —
1053 2453 1161 2482 Sequitur
1178 2453 1280 2476 definitio
1291 2452 1351 2476 recti
1366 2459 1378 2475 a
1396 2454 1489 2476 Platone
1500 2453 1552 2476 data
1571 2453 1622 2482 (cfr.
1638 2460 1708 2482 supra
1726 2460 1781 2483 pag.
1793 2455 1849 2482 286,

1005 2495 1058 2515 nota
1076 2492 1115 2521 1.).
1132 2504 1163 2509 -
1179 2492 1291 2520 Superius
1308 2498 1350 2520 pro
1368 2490 1457 2521 Requla
1474 2497 1505 2515 eae
1522 2491 1566 2515 hoc
1582 2492 1601 2514 D
1618 2492 1707 2522 Requla
1724 2492 1795 2516 enim.

1068 2531 1077 2544 ⁵
1094 2532 1160 2554 Vers.
1176 2531 1200 2554 7.
1216 2531 1272 2554 Cod.
1290 2531 1307 2553 D
1325 2530 1391 2554 Unde
1407 2530 1533 2560 Apostolus
1545 2537 1588 2560 pro
1599 2533 1620 2554 et
1637 2531 1694 2561 quia
1704 2531 1800 2560 dicitur,
1812 2532 1849 2555 cui

1006 2571 1057 2594 Vat.
1074 2570 1138 2593 addit
1150 2576 1195 2600 per
1210 2569 1358 2600 Apostolum.
1374 2583 1405 2586 —
1422 2570 1516 2593 Inferius
1532 2570 1606 2593 ADG
1622 2573 1645 2593 et
1661 2571 1698 2594 ed.
1717 2571 1724 2593 1
1741 2572 1850 2595 omittunt

1005 2615 1073 2639 erqo,
1097 2615 1140 2638 pro
1161 2608 1286 2632 verissima
1308 2609 1354 2631 DG
1377 2608 1518 2631 substituunt
1541 2608 1676 2638 verissime,
1701 2608 1731 2632 ab
1755 2610 1800 2632 AG
1827 2612 1849 2633 et

1004 2648 1042 2671 ed.
1060 2649 1068 2671 1
1090 2648 1201 2671 omittitur
1217 2647 1241 2671 in
1258 2647 1314 2671 vita.

1067 2686 1077 2700 ⁶
1093 2688 1158 2710 Vers.
1176 2687 1217 2714 35,
1235 2686 1274 2709 ubi
1292 2689 1345 2715 post
1360 2686 1441 2710 aureis
1459 2687 1557 2715 Vulgata
1574 2687 1639 2710 addit
1655 2693 1725 2717 opere
1745 2687 1846 2717 quadro.

1068 2725 1077 2738 '¹
1094 2727 1160 2749 Vers.
1178 2726 1215 2748 45.
1231 2738 1263 2742 —
1279 2725 1391 2754 Superius
1408 2732 1450 2754 pro
1472 2725 1605 2749 humilitate
1629 2726 1681 2749 Vat.
1705 2726 1846 2750 humilitatis

1004 2771 1098 2794 amore,
1117 2767 1140 2787 et
1156 2764 1256 2787 subinde
1272 2771 1300 2787 ex
1317 2765 1336 2787 D
1352 2764 1514 2793 supplevimus
1530 2763 1669 2794 dignitatem
1685 2771 1734 2789 seu.

1066 2802 1076 2816 ⁸
1094 2804 1153 2827 Vide
1169 2809 1240 2832 supra
1257 2809 1313 2832 pag.
1329 2804 1386 2832 333,
1403 2806 1482 2826 notam
1500 2804 1522 2826 3.

1067 2841 1077 2855 ⁹
1092 2843 1168 2865 Matth.
1187 2843 1224 2871 40,
1241 2843 1262 2866 9.
1279 2849 1340 2872 seq.;
1358 2843 1425 2866 Marc.
1443 2843 1466 2870 6,
1483 2844 1504 2865 8.
1521 2849 1569 2872 seq.

1068 2880 1088 2893 ¹⁰
1104 2881 1187 2903 Psaim.
1203 2881 1246 2908 75,
1264 2881 1299 2903 12.
1318 2893 1349 2897 -
1365 2881 1444 2904 (110556
1461 2880 1580 2904 exhibetur
1597 2887 1610 2904 a
1627 2882 1692 2904 Petro
1704 2881 1846 2909 Lombardo,

1005 2920 1027 2942 in
1045 2921 1107 2943 hunc
1123 2920 1177 2949 ioc.,
1202 2920 1316 2942 nonnullis
1340 2920 1454 2942 adiunctis
1475 2919 1613 2949 (secundum
1631 2921 1728 2949 August.
1745 2921 1767 2944 in
1785 2922 1846 2944 hunc

1005 2959 1066 2988 loc.).
1091 2959 1169 2982 Glossa
1194 2958 1320 2982 ordinaria
1345 2958 1454 2982 brevior:
1474 2959 1544 2982 :Alia
1562 2962 1615 2982 sunt
1631 2959 1768 2983 communia
1792 2963 1846 2983 vota

1005 2998 1034 3021 de
1051 2997 1099 3025 his,
1115 2998 1164 3021 sine
1181 2997 1266 3027 quibus
1283 3004 1328 3020 non
1345 3000 1379 3021 est
1395 2998 1467 3026 saius;
1485 2999 1527 3021 alia
1542 2998 1655 3028 propria,
1673 3001 1698 3022 61
1714 3005 1801 3022 vovere
1813 3005 1847 3022 ca·

1723 3046 1752 3068 50

1880 718 1989 742 Explicatur

1896 746 1972 761 nomen.

1885 1139 1980 1159 Pei-tectio

1885 1162 1982 1186 &angam

1885 1188 1980 1206 renovata.

1872 1605 1961 1625 Dubium.

1872 1746 1960 1766 Solvitur.
