2133 3317
22 289 109 310 1111103110-

21 315 84 333 horum
91 312 113 331 li-

21 342 63 357 ΠΙΙΙΙ.

13 977 30 996 le
40 974 94 1002 titulo

16 1004 80 1020 mels.

10 1360 59 1380 'ectio
69 1360 103 1379 sol-

14 1384 67 1404 vitur.

0 2046 20 2068 1111
46 2050 103 2072 egra·

0 2070 16 2087 *a
51 2071 82 2088 tri.

3 2131 20 2149 16
31 2135 90 2157 ¹nane

0 2156 3 2171 1
8 2158 74 2177 primo.

10 2345 96 2364 mundo.

558 201 755 230 OPUSCULUM
776 202 807 230 X.
830 202 917 230 VlTlS
937 202 1087 231 MYSTICA.
1109 202 1371 232 ADDITAMENTUM
1393 202 1434 231 Vl.

125 291 183 309 suas
201 282 319 314 mysticas
338 280 532 313 significationes
551 280 685 304 secundum
703 279 809 304 naturas
822 287 880 304 suas
891 282 908 304 ¹.
925 279 971 311 Cy-

119 332 226 358 pressus
244 325 309 350 enim
327 324 440 349 timorem
459 324 511 348 sive
530 322 698 347 humilitatem
717 322 856 353 significat,
876 322 918 347 ubi
931 323 970 348 est

123 369 193 394 radix
211 368 305 397 crucis;
332 367 397 398 quod
424 373 474 391 non
500 366 580 390 solum
605 365 669 390 situs
697 365 812 394 humilis,
832 365 875 389 sed
894 366 969 390 etiam

122 411 214 437 natura
237 409 291 441 ejus
313 409 444 440 exprimit3
464 409 536 440 quia,
554 408 584 433 ut
610 408 714 437 dicitur,
735 415 779 433 suo
804 407 877 439 fugat
896 408 968 433 odore

122 454 263 485 serpentes,
282 453 308 477 id
325 452 364 477 est
381 452 505 481 diabolos,
524 458 629 483 quorum
648 451 765 482 proprius
778 450 907 476 character
927 458 969 476 su-

122 496 207 528 perbia
225 496 277 525 est,
296 502 359 527 quae
377 495 410 519 ab
427 494 579 519 humilitatis
597 493 692 518 virtute
720 493 832 525 fugatur.
854 492 968 525 Cedrus,

121 539 196 565 arbor
212 538 368 570 longitudine
387 545 433 562 sua
456 537 590 569 praestans
614 537 671 561 aliis
693 536 838 566 arboribus,
857 536 969 568 longitu-

121 582 202 607 dinem
221 582 313 611 crucis,
332 581 357 606 id
375 581 414 606 est
432 580 645 611 perseverantiam
664 579 791 611 significat
803 580 855 604 sive
874 579 969 610 patien-

121 625 196 655 tiam,
214 624 279 656 quod
297 624 323 649 et
346 624 458 648 naturali
483 631 529 648 sua
556 623 651 648 virtute
674 623 845 654 approbatur,
864 623 923 654 quia
940 623 968 647 li-

120 675 197 700 gnum
216 668 268 692 eius
286 667 358 692 valde
376 666 489 691 durabile
507 667 631 697 corrumpi
650 673 679 690 ex
696 666 789 690 natura
807 673 856 691 non
875 666 967 697 potest.

123 710 197 737 Oliva
215 717 287 740 vero,
306 710 381 735 arbor
405 710 486 734 oleum
510 709 652 739 effundens,
678 716 723 740 per
747 708 812 740 quod
830 709 968 734 misericor-

119 754 174 779 diae
192 760 267 784 opera
286 752 474 784 significantur,
493 752 624 777 caritatem
653 751 792 783 significat3
812 759 875 783 quae
893 751 968 776 arbor

119 797 181 822 bene
198 795 358 821 latitudinem
376 795 453 820 habet
470 795 563 824 crucis,
582 795 640 826 quia
660 794 753 819 caritas
771 794 825 819 lata
838 794 884 824 est,
904 801 967 825 quae

119 839 195 864 etiam
213 839 245 863 ad
263 839 375 863 inimicos
400 838 498 863 extendi
523 837 684 869 praecipitur.
703 837 817 868 Palma,
836 836 910 862 arbor
928 837 966 861 vi-

119 882 223 908 ctoriam
242 881 400 913 significans,
419 881 577 906 altitudinem
604 881 684 905 crucis
707 880 803 905 obtinet
828 880 854 905 et
872 880 968 912 signifi-

120 925 161 951 cat
180 933 249 957 spem
268 925 297 950 de
325 925 428 949 summis
455 924 608 953 habendam,
636 930 686 948 non
713 923 745 948 ad
772 922 859 947 infima
886 923 969 954 depri-

121 969 244 995 mendam.
263 968 331 993 Haec
352 968 426 993 arbor
452 968 478 992 in
506 974 532 992 se
558 966 635 991 habet
661 966 764 991 titulum
789 966 968 997 triumphalem

122 1012 257 1044 scriptum,
277 1012 303 1036 in
330 1018 378 1042 quo
401 1010 529 1035 invenitur
556 1008 653 1034 fructus
676 1009 764 1034 crucis.
789 1009 874 1033 Prima
902 1010 967 1034 enim

120 1055 194 1081 dictio
211 1055 250 1080 est
269 1055 358 1085 Iesus,
376 1054 401 1078 in
421 1060 470 1084 qua
487 1052 640 1084 intelligitur
658 1052 771 1077 salvatio
780 1053 798 1083 2,
818 1059 880 1083 quae
903 1053 967 1078 idem

119 1098 158 1123 est
176 1097 240 1130 quod
259 1096 404 1128 redemptio.
431 1096 501 1127 Ecce,
521 1095 618 1120 fructus
637 1095 731 1124 0111013,
757 1096 815 1126 (11113
834 1095 968 1127 propterea

118 1141 249 1166 crucifixus
268 1140 306 1166 est
325 1138 455 1169 Christus,
474 1139 503 1164 ut
527 1138 659 1163 redimeret
683 1138 815 1163 hominem.
835 1138 904 1168 Quod
923 1146 968 1164 au-

118 1183 169 1209 tem
187 1183 238 1208 ait:
257 1182 404 1208 Asc-endam
422 1182 450 1206 in
464 1181 595 1213 palmam,
609 1189 624 1206 3
640 1181 712 1212 parte
725 1181 809 1206 crucis
822 1181 901 1206 totam
914 1188 967 1206 cru-

118 1233 168 1252 cem
189 1225 374 1258 significavit³;
394 1225 436 1250 sed
458 1225 519 1250 bene
543 1232 587 1256 per
606 1224 742 1256 palmam,
761 1224 787 1249 in
807 1231 856 1255 qua
875 1224 966 1249 titulus

118 1270 217 1301 signum
235 1269 425 1300 redemptionis,
444 1275 506 1300 quae
524 1267 622 1293 fructus
641 1267 721 1292 crucis
739 1267 794 1297 est,
813 1267 948 1292 invenitur.

189 1311 249 1337 164.
268 1312 314 1337 Sed
332 1312 397 1336 dicet
415 1311 521 1342 aliquid:
541 1310 660 1335 Dicturus
679 1317 734 1335 eras
753 1310 783 1335 (16
801 1310 885 1335 fructu
897 1310 965 1339 vitis,

120 1354 145 1380 et
163 1355 223 1380 dicis
241 1355 271 1380 de
289 1354 372 1379 fructu
391 1354 497 1385 palmae.
516 1353 584 1383 Quae
601 1353 731 1378 eoncordia
743 1353 782 1377 est
794 1353 853 1378 vitis
871 1353 896 1378 et
908 1352 967 1384 pal-

118 1398 196 1423 mae?
208 1412 244 1415 —
256 1398 295 1423 Ad
308 1397 372 1429 quod
391 1404 449 1429 ego:
463 1397 561 1422 Palma
579 1403 688 1425 crucem,
710 1396 771 1420 mritis
793 1403 850 1421 vero
870 1395 967 1427 signifi-

118 1441 159 1467 cat
177 1440 335 1466 crucifixum.
355 1440 400 1465 Dic
418 1440 510 1471 igitur:
534 1439 654 1470 Nunquid
679 1438 793 1463 diversus
811 1438 850 1463 est
868 1438 966 1463 fructus

118 1484 197 1509 crucis
215 1483 241 1508 et
260 1482 397 1508 Crucifixi?
415 1482 472 1507 Non
491 1482 566 1513 puto;
586 1489 645 1514 ergo
664 1482 689 1506 et
702 1481 765 1506 idem
778 1481 817 1506 est
829 1481 927 1506 fructus
940 1481 966 1506 et

117 1527 216 1559 palmae
235 1526 260 1551 et
278 1526 359 1551 vitis?
377 1525 496 1550 Ascendit
519 1525 579 1550 vitis
603 1525 629 1550 in
655 1525 778 1556 palmam,
799 1524 966 1556 apprehendit

117 1569 214 1595 fructus
232 1569 342 1601 palmae,
362 1576 412 1594 non
430 1575 492 1599 (11103
511 1568 595 1599 11311113
613 1567 702 1592 habuit
720 1575 749 1592 ex
763 1575 802 1597 se,
817 1568 859 1592 sed
872 1575 901 1592 ex
913 1567 965 1592 vite

117 1614 143 1638 in
162 1613 271 1644 palmam
289 1612 400 1637 extensa.
420 1612 501 1642 Quare
519 1618 578 1643 ergo
606 1611 666 1636 dicit
692 1612 748 1642 ipsa
767 1611 845 1636 vitis:
864 1610 965 1642 Appre-

116 1656 227 1681 hendam
244 1655 345 1686 fructus
362 1655 430 1686 eius,
444 1655 470 1680 et
481 1662 531 1680 non
544 1654 628 1686 potius
646 1654 706 1679 dicit
718 1661 796 1685 meos,
811 1661 866 1679 cum
879 1654 964 1685 palma

116 1698 225 1724 fructum
242 1697 359 1723 habuerit
377 1706 392 1723 a
411 1698 476 1727 vite,
494 1705 544 1723 non
570 1697 630 1722 vitis
657 1705 672 1722 a
700 1697 801 1729 palma?
819 1697 895 1727 Quia,
916 1697 964 1722 etsi

115 1748 166 1767 non
183 1741 272 1766 habuit
298 1741 408 1766 fructum
436 1748 451 1766 a
469 1741 565 1772 palma,
585 1740 689 1765 tamen4
707 1747 757 1765 11011
781 1739 871 1765 habuit
897 1740 964 1765 hunc

115 1784 225 1809 fruct-um
252 1784 304 1809 sine
328 1784 428 1815 palma,
452 1784 527 1809 immo
550 1783 575 1808 et
599 1790 644 1814 per
668 1783 793 1814 palmam,
812 1783 837 1807 id
861 1783 901 1808 est
919 1790 964 1814 per

115 1833 225 1857 crucem3
244 1827 316 1858 quia,
336 1827 357 1851 si
377 1825 492 1850 Christus
505 1825 636 1850 crucifixus
649 1833 698 1850 11011
711 1825 790 1855 esset,
810 1833 859 1851 non
873 1825 964 1851 fuisset

115 1869 200 1895 secuta
218 1869 362 1901 redemptio.
381 1868 554 1901 Apprehendit
572 1876 631 1900 ergo
649 1868 765 1893 Christus
783 1868 893 1893 fructum
909 1875 963 1894 cru-

114 1913 163 1943 cis,
181 1913 253 1938 illum
280 1912 402 1944 profecto,
428 1919 500 1944 quem
524 1913 578 1943 ipse
606 1919 651 1943 per
674 1918 770 1936 crucem
798 1911 881 1936 fuerat
908 1919 963 1943 ope-

114 1955 195 1981 ratus.

185 1998 246 2023 165.
265 1998 311 2023 Sed
329 1998 405 2023 habet
423 1998 462 2023 hic
481 1998 569 2023 botrus
586 2005 667 2029 grana
685 1997 780 2027 multa,
806 1998 900 2023 scilicet
918 1999 962 2023 im-

114 2041 248 2073 pletionem
267 2041 423 2073 Scripturae,
443 2040 572 2066 victoriam
592 2041 621 2065 de
639 2040 751 2070 diabolo,
772 2041 961 2066 resurrectionis

114 2084 234 2116 gloriam,
253 2084 404 2109 ascensionis
422 2084 560 2109 mirabilem
579 2083 756 2113 elevationem,
776 2084 896 2109 donorum
909 2084 962 2116 Spi-

114 2127 179 2152 ritus
197 2127 278 2152 sancti
296 2127 446 2152 missionem.
464 2141 500 2145 —
518 2127 555 2151 De
573 2127 720 2157 impletione
739 2126 890 2158 Seripturae
907 2128 961 2158 ipse

114 2170 235 2195 Dominus
262 2170 431 2196 testimonium
456 2170 581 2202 perhibet,
600 2170 683 2195 dicens
702 2168 812 2195 Petro⁵:
834 2169 960 2202 Calicem,

114 2219 188 2244 quem
206 2212 274 2238 dedit
290 2213 357 2238 mihi
369 2213 465 2244 Pater,
478 2220 531 2238 non
544 2213 630 2238 bibam
642 2211 738 2237 illum?
755 2213 888 2245 Quomodo
900 2220 959 2245 erqo

115 2255 289 2287 implebuntur
308 2255 472 2287 Seripturae,
492 2256 555 2287 quia
572 2256 610 2281 sic
622 2256 721 2287 oportet
732 2255 791 2286 fieri
799 2254 812 2280 ,7
824 2256 859 2280 Et
871 2256 897 2280 in
911 2256 960 2281 alio

112 2298 177 2324 Ioco:
196 2298 259 2324 Non
277 2298 421 2329 oportebat,
441 2298 580 2330 adimpleri
598 2299 698 2330 amnia,
712 2305 777 2329 quae
788 2299 888 2329 scripta
900 2300 961 2323 swnt

113 2341 142 2366 im
159 2341 227 2373 Leye
245 2342 270 2366 et
296 2341 436 2372 Prophetis
462 2342 487 2365 et
514 2341 631 2366 Psalmis
658 2342 688 2366 de
705 2341 766 2366 me?
784 2356 819 2359 —
842 2341 960 2367 Victoria

112 2390 171 2409 vero
189 2384 220 2409 de
238 2383 355 2415 diabolo,
374 2383 421 2408 etsi
439 2384 488 2409 alio
506 2384 578 2409 modo
597 2383 691 2415 potuit,
710 2384 795 2409 tamen
820 2384 869 2409 alio
887 2384 960 2410 modo

112 2427 211 2459 impleri
229 2434 279 2452 non
296 2427 389 2452 debuit.
408 2427 517 2452 Multum
536 2427 601 2452 enim
623 2427 715 2458 desipit
739 2427 781 2459 qui
810 2427 959 2458 sapientiam

113 2469 158 2495 Dei
177 2470 203 2495 et
220 2470 299 2495 Deum
323 2470 417 2502 aliquid
445 2470 532 2501 putat,
561 2470 609 2495 uisi
633 2470 658 2494 id
683 2470 747 2501 quod
773 2470 959 2501 praestantissi-

114 2520 181 2537 mum
194 2512 256 2543 fuit,
275 2513 410 2538 ordinasse.
429 2513 603 2538 Necessarium
622 2513 683 2543 fuit,
703 2520 758 2538 eum
778 2520 822 2544 per
834 2513 957 2539 hominem

175 2648 184 2663 ¹
200 2648 245 2672 Csr.
262 2649 352 2677 Isidem,
370 2649 439 2672 xvll.
457 2650 584 2678 Etymolog.
601 2655 621 2672 0.
638 2650 665 2676 7;
677 2649 776 2677 ssehen„
789 2650 816 2672 V.
828 2650 959 2673 comment.

113 2680 136 2702 in
153 2681 225 2703 Eccle.
243 2686 262 2703 c.
282 2680 323 2708 44,
341 2680 380 2703 ubi
399 2683 476 2703 tamen
493 2681 517 2703 in
534 2681 670 2710 explicando
687 2681 729 2709 24,
743 2681 826 2703 ⁴749:
839 2681 916 2710 Quasi
925 2687 958 2705 ce·

112 2710 171 2735 drus
184 2714 237 2738 etc.v
249 2711 324 2734 virtus
341 2712 435 2740 fugandi
452 2715 571 2740 serpentes
587 2718 633 2735 non
650 2717 773 2742 cypresso,
785 2712 827 2735 sed
838 2712 908 2736 cedro
919 2713 959 2735 tri-

112 2742 470 2796 bunug·;V{i¹g('sud‡aUnZerS90⁹’
487 2744 573 2797 crioibm
590 2775 604 2796 7

174 2804 184 2818 ⁸
200 2805 292 2832 isidor„
305 2780 325 2828 ι1).
342 2780 507 2833 egnioiogfe.
524 2805 563 2828 37.
581 2812 604 2827 n.
622 2805 666 2827 43:
684 2804 834 2836 synecdoche
853 2808 887 2829 est
904 2812 957 2829 con-

112 2836 381 2895 ceptipspcqua-part?
398 2839 487 2895 toturn)t
501 2837 632 2896 vagantum
649 2843 703 2864 pars
720 2837 876 2891 igtezliggssur'.l

218 2873 244 2889 ro
284 2873 347 2890 um...
374 2872 445 2890 amen
470 2873 502 2889 ia
582 2873 620 2890 on.
640 2873 693 2890 cum
711 2873 723 2890 e
742 2884 748 2890 .
821 2874 865 2891 irus
876 2874 912 2891 us.

175 2897 186 2910 ⁵
202 2898 262 2921 loen.
279 2898 321 2925 18,
340 2898 364 2920 Η
376 2916 381 2925 ,
397 2901 450 2926 post
465 2904 536 2927 quem
553 2899 630 2921 Matth.
648 2899 690 2927 26,
708 2898 745 2921 54.
758 2900 781 2921 et
797 2899 852 2922 Luc.
864 2899 906 2926 24,
920 2899 957 2922 44.

174 2928 184 2942 ⁶
200 2929 297 2951 Praesat.
312 2929 394 2952 Missae
410 2929 441 2952 de
453 2929 527 2952 Cruce
543 2930 566 2952 in
584 2930 664 2953 missali
682 2930 795 2952 Romano.
809 2942 842 2948 -·
859 2930 905 2954 Cfr.
917 2931 958 2953 Bo-

111 2966 171 2988 nav.,
189 2960 223 2982 lll.
240 2960 302 2982 Sent.
318 2960 341 2983 d.
359 2961 397 2982 20.
414 2967 436 2989 q.
455 2960 477 2982 5.
494 2961 598 2984 fundam.
615 2962 636 2984 2.
653 2961 708 2983 etin
721 2962 766 2983 fine
777 2963 818 2984 art.
831 2960 888 2984 lbid.
899 2968 922 2990 q.
934 2962 958 2985 3.

113 2997 160 3020 seq.
179 2991 306 3014 insinuatur
322 2997 370 3020 seq.
389 2991 522 3020 propositio.

205 3038 231 3061 S.
244 3038 336 3061 Bonae.
346 3050 377 3055 —
389 3038 459 3061 Tom.
469 3039 525 3061 Vlll.

1816 204 1871 232 225

1027 281 1092 305 vinci
1111 281 1136 305 et
1164 288 1208 312 per
1232 281 1343 312 lignum,
1362 282 1403 313 qui
1431 281 1554 307 hominem
1582 281 1676 306 vicerat
1700 288 1743 312 per
1761 281 1872 312 lignum;

1026 323 1056 348 nt
1078 324 1162 348 «unde
1181 331 1248 349 mors
1266 324 1406 354 oriebatur,
1425 324 1481 349 inde
1495 325 1548 349 vita
1566 324 1720 355 resurgeret;
1742 324 1767 348 et
1786 324 1827 355 qui
1846 324 1872 348 in

1025 365 1094 397 ligno
1112 366 1228 391 vincebat
1244 367 1270 391 in
1288 367 1357 398 ligno
1375 374 1471 398 quoque
1483 367 1623 392 vinceretur
1633 366 1643 380 ⁸
1651 377 1677 391 n.
1689 381 1725 384 —
1737 366 1818 396 Quare
1831 374 1873 392 au·
1886 374 1975 397 Quaestio
1983 374 2019 393 sol-

1026 407 1076 432 tem
1096 415 1141 439 per
1157 408 1295 438 hominem,
1315 409 1357 440 qui
1382 410 1437 434 erat
1461 410 1541 438 Deus,
1561 409 1587 435 et
1604 417 1654 435 non
1673 417 1718 441 per
1736 409 1872 440 simplicem

1025 450 1161 480 hominem,
1181 451 1245 476 satis
1262 452 1422 477 manifestum
1441 453 1492 483 est3
1512 453 1571 484 quia
1594 460 1679 478 omnes
1705 452 1817 478 homines
1836 460 1873 478 eo-

1025 493 1080 518 dem
1099 494 1200 524 peccato
1218 495 1291 519 erant
1310 495 1421 525 obnoxii,
1440 496 1465 520 et
1483 503 1532 521 non
1552 496 1652 527 poterat
1664 497 1795 527 quisquam
1814 495 1871 521 alio-

1026 543 1081 560 rum
1100 536 1197 561 solvere
1219 537 1332 567 vincula,
1352 538 1395 569 qui
1419 546 1444 563 se
1473 539 1554 570 ipsum
1580 539 1676 564 solvere
1694 546 1743 564 non
1761 539 1871 564 valebat.

1026 579 1143 604 Christus
1171 587 1241 609 vero,
1269 580 1342 605 fortis
1364 581 1449 611 163113,
1469 582 1511 612 (1111
1539 583 1655 613 originali
1686 582 1786 613 peccato
1808 582 1871 607 nihil

1025 621 1142 652 debebat,
1161 630 1188 648 eo
1207 623 1272 654 quod
1297 624 1420 655 singulari
1445 625 1575 656 privilegio
1598 625 1715 650 nascendi
1734 626 1787 650 sine
1805 625 1872 650 omni

1025 665 1120 690 carnali
1138 666 1337 696 concupiscentia
1355 667 1488 698 conceptus
1507 668 1575 697 erat,
1589 669 1647 699 quia
1666 669 1734 693 solus
1746 668 1785 693 est
1803 668 1871 693 inter

1025 709 1140 733 mortuos
1160 708 1224 733 liber
1234 708 1251 739 ⁷,
1271 709 1339 734 solus
1358 717 1374 734 a
1392 710 1471 734 morte
1496 711 1596 741 poterat
1617 711 1730 736 mortuos
1754 711 1872 742 liberare,

1025 750 1081 781 qui,
1100 751 1165 775 sicut
1183 750 1220 775 ait
1238 751 1386 783 Apostolus,
1406 759 1458 777 non
1477 752 1587 777 habebat
1604 760 1702 778 necesse
1714 753 1806 783 offerre
1819 761 1872 785 pro

1024 800 1051 819 se
1068 794 1241 825 sacrificium,
1266 795 1481 825 quemadmodum
1506 795 1554 820 alii
1576 797 1732 828 sacerdotes,
1756 796 1808 821 tam
1827 804 1872 828 pro

1025 843 1071 861 sua
1089 844 1164 868 quam
1183 844 1228 868 pro
1247 837 1333 868 populi
1351 838 1502 869 ignorantia.

1096 878 1156 903 166.
1175 879 1200 904 Si
1218 880 1303 904 autem
1322 881 1466 911 quaeritur,
1485 888 1561 912 quare
1580 881 1647 906 Deus
1676 882 1759 913 potius
1778 890 1822 914 per
1847 890 1872 908 se

1025 929 1100 953 quam
1119 929 1164 953 per
1181 922 1291 953 aliquam
1316 923 1391 947 aliam
1416 923 1556 948 creaturam
1576 925 1684 949 voluerit
1702 925 1825 950 hominem
1843 926 1871 950 li-

1024 965 1126 995 berare;
1140 972 1272 996 possumus
1289 965 1335 990 hoc
1353 966 1451 997 quidem
1470 966 1570 991 caritati
1583 967 1635 992 eius
1650 968 1783 999 imputare,
1797 976 1871 1000 quam

1024 1008 1055 1032 ut
1081 1008 1152 1033 nobis
1179 1008 1378 1038 commendaret,
1406 1016 1456 1034 non
1484 1009 1564 1034 solum
1594 1010 1753 1040 incarnatus,
1779 1011 1821 1035 sed
1847 1011 1872 1036 et

1024 1050 1139 1076 mortuus
1157 1051 1196 1076 est
1215 1059 1260 1082 pro
1278 1049 1369 1077 1101113Β
1387 1052 1540 1083 tradiditque
1557 1053 1630 1077 nobis
1644 1052 1806 1078 nihilominus
1828 1061 1872 1084 per

1024 1093 1071 1119 hoo
1094 1092 1198 1119 formam
1227 1094 1353 1124 caritatis,
1372 1094 1402 1119 nt
1430 1095 1513 1126 parati
1541 1096 1632 1125 simus,
1658 1103 1713 1120 cum
1737 1096 1872 1121 necessitas

1024 1138 1147 1169 exegerit,
1162 1144 1214 1168 pro
1241 1137 1371 1167 fratribus
1395 1137 1490 1163 nostris
1508 1139 1611 1163 animas
1638 1139 1739 1164 nostras
1759 1146 1871 1171 ponere,

1024 1188 1079 1205 011111
1098 1180 1190 1212 Regem
1209 1180 1322 1206 nostrum
1342 1188 1388 1212 pro
1406 1181 1477 1206 nobis
1495 1181 1604 1206 animam
1621 1182 1733 1212 posuisse
1751 1182 1871 1208 videmus.

1023 1237 1059 1241 -—
1071 1223 1119 1248 Est
1136 1223 1221 1248 tamen
1239 1223 1320 1248 adhuc
1338 1224 1364 1248 et
1381 1224 1432 1248 alia
1450 1231 1525 1249 causa
1545 1224 1715 1255 rationabiliS‚
1733 1232 1809 1256 quare
1828 1233 1872 1257 pei·

1024 1266 1103 1291 Deum
1122 1267 1243 1298 redempti
1268 1274 1368 1296 sumus,
1394 1267 1488 1292 scilicet
1511 1268 1570 1299 quia
1594 1275 1748 1299 nequaquam
1775 1268 1870 1298 decuit,

1023 1316 1069 1334 nos
1091 1316 1135 1340 per
1159 1309 1236 1334 alium
1263 1309 1393 1334 reformari
1416 1317 1491 1341 quam
1514 1317 1558 1341 per
1581 1318 1651 1340 eum,
1671 1318 1715 1342 per
1733 1318 1806 1342 quem
1824 1311 1871 1336 for-

1023 1351 1085 1376 mati
1103 1359 1210 1377 eramus.
1229 1352 1291 1377 Plus
1309 1353 1373 1377 enim
1399 1352 1491 1378 excitat
1515 1360 1561 1378 nos
1588 1353 1620 1378 ad
1638 1354 1768 1378 caritatem
1794 1354 1872 1379 refor-

1023 1395 1100 1420 matio
1118 1402 1193 1426 quam
1211 1394 1341 1425 formatio,
1360 1395 1426 1421 sicut
1444 1397 1544 1428 saepius
1563 1396 1656 1421 dictum
1675 1397 1714 1421 est
1727 1398 1841 1428 superius
1851 1396 1869 1422 ⁹.

1023 1438 1048 1462 Si
1066 1445 1125 1469 ergo
1144 1445 1188 1469 per
1207 1438 1284 1463 alium
1303 1446 1386 1470 quam‘
1397 1446 1441 1470 per
1459 1439 1556 1470 ipsum,
1569 1446 1613 1470 per
1632 1447 1705 1470 quem
1724 1447 1809 1464 sumus
1823 1440 1870 1465 for-

1023 1480 1098 1510 mati,
1118 1481 1246 1506 reformati
1266 1489 1389 1512 essemus;
1416 1482 1473 1513 plus
1491 1483 1582 1507 amoris
1608 1482 1764 1508 reformatori
1783 1483 1869 1508 nostro

1022 1531 1095 1555 quam
1115 1523 1244 1549 formatori
1263 1524 1421 1554 deberemus3
1440 1524 1466 1549 et
1484 1525 1519 1550 310
1538 1525 1595 1556 plus
1619 1525 1779 1557 diligeremus
1803 1533 1871 1550 crea-

1022 1566 1105 1592 turam
1125 1574 1199 1598 quam
1213 1567 1370 1597 Creatorem3
1389 1568 1455 1599 quod
1472 1568 1539 1593 esset
1556 1568 1739 1593 inconveniens.
1757 1568 1792 1593 Ut
1810 1576 1868 1601 ergo

1021 1617 1068 1635 nos
1085 1610 1203 1635 incitaret
1221 1610 1253 1635 ad
1271 1610 1429 1642 diliyemium
1447 1611 1535 1642 ipsum
1547 1618 1577 1636 ex
1596 1612 1648 1636 toto
1668 1612 1751 1642 corde,
1765 1619 1795 1636 ex
1814 1613 1869 1637 tota

1021 1653 1111 1678 anima
1129 1653 1155 1678 et
1173 1660 1204 1678 ex
1222 1654 1282 1679 totis
1294 1654 1392 1679 viribus
1411 1654 1506 1679 nostris
1515 1655 1551 1684 ¹⁰;
1568 1655 1690 1685 impendit
1708 1655 1779 1680 nobis
1800 1655 1868 1687 quid-

1020 1696 1079 1727 quid
1092 1696 1175 1727 potuit
1194 1696 1220 1721 et
1238 1696 1323 1721 debuit
1341 1697 1447 1722 creando
1465 1697 1491 1721 et
1508 1697 1641 1722 recreando
1660 1697 1769 1728 optimus
1789 1698 1868 1728 Deus,

1020 1739 1090 1764 cuius
1107 1739 1233 1764 beneficiis
1250 1746 1300 1764 non
1318 1740 1484 1765 communicat
1501 1740 1606 1765 alienus.

1092 1780 1151 1806 167.
1170 1782 1290 1807 Fructum
1309 1782 1388 1814 igitur
1407 1783 1583 1814 redemptionis
1607 1784 1709 1808 nostrae
1734 1783 1787 1809 toto
1806 1784 1866 1809 desi-

1019 1824 1086 1850 derio
1104 1825 1311 1857 complectamur,
1332 1826 1357 1850 et
1375 1826 1488 1857 saepius,
1507 1826 1582 1851 immo
1607 1827 1660 1851 sine
1682 1827 1865 1853 intermissione

1019 1868 1051 1892 ad
1075 1869 1217 1893 memoriam
1246 1868 1404 1898 revocantes,
1432 1868 1553 1893 latentem
1580 1869 1606 1893 in
1630 1870 1686 1900 ipso
1712 1870 1864 1895 dulcedinem

1018 1911 1106 1942 lingua
1123 1911 1266 1936 intellectus
1284 1912 1364 1936 nostri
1383 1911 1544 1943 degustemus
1569 1912 1594 1937 et
1612 1913 1638 1937 in
1657 1919 1716 1937 vase
1734 1914 1865 1939 memoriae

1018 1954 1119 1979 nostrae
1129 1955 1286 1980 recordamus
1298 1955 1451 1986 sanquinem
1463 1954 1537 1979 huius
1549 1962 1613 1980 uvae
1625 1955 1864 1988 meracissimumss,

1019 1998 1179 2029 sanguinem,
1198 1998 1314 2029 inquam,
1333 1997 1462 2023 rubicundi
1486 1998 1543 2023 boni
1569 1998 1640 2028 Iesu,
1664 1999 1709 2030 qui
1729 1999 1804 2024 nobis
1823 1998 1865 2028 fa-

1018 2041 1073 2065 oius
1091 2042 1128 2066 cst
1145 2040 1298 2072 redemptio,
1316 2041 1374 2072 quia
1397 2051 1410 2063 κ
1423 2048 1467 2072 per
1485 2041 1567 2072 ipsum
1592 2041 1684 2066 salvati
1713 2041 1738 2066 et
1765 2041 1864 2067 liberati

1019 2090 1104 2108 sumus
1116 2093 1141 2107 ν».
1160 2084 1207 2108 His
1226 2083 1336 2113 floribus,
1361 2084 1408 2109 1100
1431 2083 1528 2113 fructu,
1554 2091 1602 2115 quo
1627 2084 1755 2116 redempta
1783 2085 1821 2109 est
1845 2092 1861 2110 a

1018 2125 1149 2157 tyrannide
1167 2127 1336 2155 daemoniaca,
1355 2126 1448 2158 iugiter
1467 2126 1598 2151 reficienda
1616 2126 1655 2151 est
1673 2126 1754 2152 fidelis
1771 2128 1862 2158 anima,

1017 2176 1048 2194 ne
1066 2170 1091 2194 in
1110 2170 1156 2195 1100
1174 2169 1283 2195 taedioso
1301 2170 1399 2195 deserto
1417 2169 1529 2199 deficiat,
1548 2170 1574 2195 in
1593 2177 1641 2202 quo
1660 2171 1713 2195 sine
1736 2171 1819 2202 requie
1837 2170 1863 2196 et

1018 2213 1070 2237 sine
1087 2213 1271 2238 intermissione
1289 2213 1396 2243 laborat,
1417 2213 1548 2244 suspirans
1560 2213 1592 2238 ad
1604 2213 1674 2238 illam
1688 2214 1783 2238 oerram
1797 2213 1862 2238 laete

1017 2256 1042 2280 et
1058 2255 1133 2280 melle
1150 2257 1300 2280 manantem
1309 2255 1329 2269 ¹²
1348 2255 1373 2281 et
1391 2263 1446 2280 cum
1465 2263 1557 2287 sponsa
1573 2256 1744 2287 proclamans:
1758 2256 1864 2282 Fulcite

1016 2306 1056 2324 me
1073 2298 1188 2331 floribus,
1207 2299 1301 2330 stipate
1318 2306 1358 2323 me
1375 2299 1467 2329 malis,
1487 2299 1550 2330 quia
1568 2306 1655 2324 amore
1674 2299 1791 2331 lanqueo.
1804 2300 1862 2325 Non

1016 2342 1117 2373 ignorat
1135 2341 1199 2372 ista,
1218 2343 1260 2374 qui
1279 2342 1304 2367 et
1322 2342 1408 2373 quales
1427 2341 1479 2367 sint
1497 2341 1594 2368 fructus
1613 2342 1673 2367 vitis
1701 2342 1815 2372 nostrae,
1834 2343 1862 2367 li-

1016 2385 1059 2416 gni
1079 2384 1159 2415 vitae,
1178 2385 1315 2410 dulcissimi
1333 2385 1391 2409 Iesu
1410 2384 1512 2409 Christi.
1540 2384 1727 2416 Nonnunquam
1746 2386 1810 2410 enim
1829 2385 1862 2410 le-

1016 2428 1083 2453 ctum
1096 2428 1259 2453 conscientiae
1272 2435 1332 2453 suae
1344 2428 1447 2453 floribus
1460 2428 1583 2452 virtutum
1597 2427 1622 2452 et
1635 2428 1758 2459 passionis
1770 2428 1859 2459 Sponsi

1016 2471 1063 2500 sui,
1082 2471 1161 2495 dulcis
1189 2471 1247 2496 Iesu
1270 2471 1438 2502 resperserat,
1464 2478 1526 2502 quae
1549 2471 1626 2495 eidem
1654 2471 1679 2495 in
1697 2471 1780 2496 eodem
1800 2471 1861 2496 Can-

1016 2513 1064 2538 tico
1075 2511 1094 2526 ¹³
1113 2514 1205 2539 amoris
1223 2514 1374 2545 proclamat:
1388 2513 1511 2539 Lectulus
1527 2515 1611 2538 noster
1629 2514 1754 2544 floridus;
1767 2521 1816 2539 non
1833 2514 1861 2538 de

1077 2650 1086 2663 ⁷
1104 2651 1186 2673 Psalm.
1204 2652 1246 2678 87,
1264 2652 1285 2673 ὃ.
1303 2664 1333 2667 ——
1352 2651 1460 2679 Sequitur
1477 2650 1546 2673 llebr.
1563 2650 1591 2678 7,
1609 2650 1651 2677 27;
1667 2651 1706 2673 cfr.
1727 2650 1755 2677 5,
1772 2651 1793 2673 2.
1811 2657 1860 2679 seq.

1076 2680 1086 2694 θ
1102 2682 1232 2718 1163ρί011111
1249 2683 1316 2705 Rom.
1337 2682 1363 2709 5,
1386 2683 1407 2704 8.
1429 2688 1478 2711 seq.
1494 2694 1525 2699 -
1543 2682 1651 2711 Sequitur
1668 2682 1683 2704 l.
1700 2682 1760 2704 ioan.
1779 2682 1805 2710 3,
1823 2682 1860 2704 116.

1014 2716 1036 2735 et
1052 2714 1299 2773 rewspfflssurssefflszqhe
1307 2714 1380 2772 ¹01³}
1401 2745 1465 2773 182);
1483 2749 1504 2767 c.
1521 2744 1560 2767 24.
1573 2751 1595 2766 n.
1608 2745 1629 2766 2.
1642 2750 1707 2773 seqq.
1720 2744 1783 2773 (pag.
1800 2744 1861 2773 188).

1013 2774 1059 2798 Ct'r.
1076 2781 1146 2803 supra
1163 2775 1250 2804 Opusc.
1266 2777 1291 2798 ll.
1308 2775 1398 2804 soliloq.
1417 2781 1438 2798 c.
1458 2776 1476 2798 l.
1494 2776 1508 2804 S
1523 2775 1544 2798 4.
1555 2781 1578 2798 11.
1591 2775 1629 2798 24.
1640 2782 1721 2804 36(1(1.;
1732 2775 1860 2804 Breviloq.‚

1015 2812 1036 2834 p·
1055 2806 1096 2850 “1⁸⁰
1109 2807 1169 2860 ῗυὲ.
1187 2807 1282 2866 ῗέ),9ἷ.).7.
1297 2849 1330 2854 -
1346 2837 1442 2860 inferius
1459 2843 1502 2866 pro
1518 2837 1633 2868 beneficiis
1649 2838 1669 2860 Α
1685 2837 1852 2866 beneficentiae.

1076 2868 1096 2881 ¹²
1113 2869 1180 2891 Dent.
1196 2870 1238 2897 32,
1260 2869 1293 2891 ¹4.
1311 2881 1341 2886 —
1358 2869 1467 2898 Sequitur
1485 2869 1500 2892 l.
1518 2868 1570 2892 Cor.
1589 2869 1614 2896 l,
1626 2869 1669 2896 30,
1683 2872 1735 2897 post
1751 2875 1822 2898 quem
1834 2875 1860 2892 ex

1014 2900 1152 2935 Resmlect.
1171 2899 1191 2922 4.
1208 2906 1252 2928 pro
1269 2901 1326 2923 testo
1343 2900 1430 2923 lnvent.
1450 2901 1472 2923 S.
1490 2899 1570 2923 Crucis
1590 2900 1622 2929 (3.
1638 2900 1714 2929 Maii):
1730 2901 1772 2923 Per
1788 2906 1860 2929 quem

1014 2932 1058 2954 bah
1065 2935 1096 2975 ag
1112 2934 1179 2985 geom.
1197 2963 1224 2991 6,
1242 2963 1262 2985 3.
1280 2965 1303 2985 et
1319 2962 1404 2985 deinde
1420 2962 1485 2985 Cant.
1501 2963 1528 2989 2,
1546 2963 1567 2985 5.

1076 2992 1096 3006 ¹³
1112 2993 1169 3022 Cap.
1188 2994 1213 3021 l,
1231 2994 1268 3017 45.
1285 2993 1329 3017 Cir.
1347 2994 1469 3022 Rerum-d„
1486 2995 1560 3017 Serm.
1578 2993 1616 3017 46.
1633 2994 1656 3017 in
1673 2994 1736 3017 Cant.
1754 3000 1777 3016 n.
1793 2994 1816 3016 7.

1737 3042 1766 3064 29

1924 397 1980 416 vitur.

1890 892 1954 910 Altera
1962 897 2018 915 quae-

1889 915 1925 934 stio
1932 915 2016 934 solvitur.

1893 1227 1934 1246 Alia
1947 1227 2003 1246 ratio.

1884 1785 1975 1804 Hortatio.

1887 2303 1912 2321 Ex
1916 2303 1990 2326 plicatio

1904 2328 1973 2346 textus.
