2133 3317
27 1960 51 1985 fi.

26 1995 40 2007 »O

34 1916 89 1940 ‹inae-

527 209 725 238 OPUSCULUM
748 209 764 237 Ι.
787 208 957 238 SPECULUM
978 209 1186 238 DISCIPLlNAE.
1209 211 1288 239 PARS
1310 211 1416 239 PRIMA.

106 286 209 318 aliquid,
228 286 291 311 illud
309 293 338 311 ex
364 286 447 317 officio
466 286 545 317 possit
569 287 641 315 dare3
662 286 794 311 secundum
819 294 891 317 vero,
916 287 946 312 ut

106 329 146 354 det
177 335 226 353 non
256 329 353 360 quidem
386 329 518 354 secundum
541 329 681 359 propriam
707 329 876 360 voluntatem,
903 330 946 354 sed

105 371 179 403 prout
198 371 244 396 sibi
266 379 281 396 a
306 372 431 402 superiore
455 371 530 396 fuerit
552 371 725 396 constitutum.
745 371 796 397 Nec
821 372 944 403 superflue

104 412 205 438 dixerim
230 414 265 438 acl
288 413 399 444 officium
426 413 622 443 attendendzmz;
646 414 688 445 qui
707 413 772 438 enim
796 421 845 439 non
870 414 946 439 habet

104 455 209 481 officium
233 455 457 481 administrationis
481 455 543 480 nihil
568 456 624 480 aliis
649 456 721 481 debet
745 456 815 486 dare,
841 464 945 482 commu·

103 499 158 523 tare
172 497 179 510 ¹
208 498 247 522 vel
275 499 301 523 in
327 498 439 523 fraudem
461 498 549 523 horum
578 499 702 523 dimittere
730 499 820 530 potest.
848 499 945 524 Rursus

70 540 84 554 '·
103 542 212 572 ipsorum
231 541 373 566 officialium
391 540 470 566 officia
486 541 547 566 sunt
565 541 692 566 distincta.
705 542 769 567 Aliis
787 549 892 573 namque
905 549 945 567 ne-

103 585 265 609 cessariarum
285 591 367 608 rerum
387 585 553 615 procuratio,
572 591 621 610 non
646 585 729 609 tamen
755 585 944 616 procuratarum

103 628 141 652 est
159 627 306 652 distributio
330 628 472 657 commissa;
497 627 528 652 ab
546 628 597 652 illis
616 628 697 653 autem
726 635 775 653 non
794 629 833 653 est
852 629 944 660 absque

102 670 202 695 licentia
229 670 394 701 recipiendum
422 670 515 701 aliquid
540 671 653 702 speciale.
678 671 742 695 Aliis
767 671 850 696 autem
874 671 944 696 iuxta

102 713 200 738 diversa
227 721 309 738 rerum
337 713 417 738 officia
444 714 579 738 communis
599 713 745 738 distributio
768 721 850 739 rerum
879 722 945 739 com-

101 756 220 781 mittitur.
250 756 289 781 Ab
318 756 358 781 his
388 757 526 781 communia
550 757 618 788 ipsa,
638 757 658 781 si
678 757 823 788 ordinarie,
846 758 944 789 quando

102 799 195 824 scilicet
212 798 238 824 et
259 799 302 824 ubi
326 799 365 824 vel
389 799 509 830 quomodo
528 799 597 824 iuxta
621 800 659 824 sui
678 799 851 824 limitationem
871 800 944 825 officii

102 841 248 866 distribuere
268 842 371 871 debent,
390 842 559 871 distribuunt,
577 841 643 866 licite
662 842 737 873 recipi
756 843 875 873 possunt3
902 844 944 874 qui

101 891 159 910 vero
178 885 384 910 extraordinarie
402 884 515 915 postulat
543 885 575 909 ad
601 885 727 909 licentiam
752 886 887 916 superioris
906 893 944 911 re-

101 927 195 952 currat.

172 969 214 995 10.
233 970 337 995 Praeter
354 970 492 995 communia
511 970 655 1001 supradicta
673 972 818 1002 quicumque
838 978 888 996 rem
902 972 944 996 ali-

102 1019 176 1044 quam
200 1012 307 1042 occulte,
332 1013 384 1038 sine
403 1011 578 1044 superiorum²
601 1020 719 1043 assensu,
744 1014 845 1045 recipit,
868 1014 945 1039 habet

79 1050 86 1054 ”
101 1056 141 1080 vel
157 1055 253 1086 utitur,
272 1063 287 1080 a
311 1055 446 1087 Religionis
473 1055 563 1080 delirat
586 1056 652 1080 linea
678 1056 703 1081 et
727 1056 845 1088 quidquid
869 1057 945 1082 habet

101 1098 200 1128 taliter,
221 1099 284 1123 male
301 1098 384 1123 habet.
404 1098 482 1124 Porro
500 1106 555 1123 cum
575 1099 599 1123 id
607 1099 747 1130 proprium
766 1106 819 1124 esse
837 1100 942 1129 dicatur,

100 1141 130 1166 de
149 1147 196 1172 quo
214 1141 343 1172 disponere
361 1141 419 1166 licet
440 1141 510 1166 iuxta
530 1142 655 1172 propriam
681 1142 851 1171 voluntatem,
878 1144 944 1168 omni

100 1191 204 1209 assensu
222 1184 271 1209 alio
288 1184 486 1215 circumscript03
505 1191 554 1209 non
578 1192 683 1216 pauper,
703 1185 745 1210 sed
770 1185 884 1211 dominus
908 1194 944 1211 re-

100 1227 228 1258 putandus
249 1227 347 1252 videtur
371 1228 413 1258 qui
426 1235 477 1252 rem
496 1235 674 1259 quamcumque
686 1228 743 1253 aliis
761 1228 942 1259 distribuendo,

99 1269 130 1295 ut
146 1269 221 1300 libet,
241 1270 293 1295 sine
312 1271 467 1301 superiorum
485 1270 634 1295 auctoritate
654 1270 790 1302 dispensat.
810 1271 858 1296 Res
884 1272 944 1297 sunt

100 1312 197 1344 quidem
216 1319 373 1344 communes,
397 1313 439 1338 sed
458 1320 518 1337 usus
543 1313 671 1344 dispositio
691 1313 799 1344 pertinet
825 1314 856 1339 ad
875 1321 944 1346 prae-

99 1355 177 1385 latos,
196 1355 226 1380 ut
243 1362 287 1387 per
306 1362 390 1380 eorum
408 1363 493 1380 curam
521 1356 626 1387 singulis
652 1356 722 1381 iuxta
740 1357 840 1381 modum
859 1357 884 1382 et
908 1364 943 1382 re-

99 1398 185 1430 gulam
203 1398 249 1423 sibi
268 1406 283 1423 a
307 1399 400 1423 sanctis
418 1399 546 1430 Apostolis
571 1398 733 1424 constitutam
745 1398 763 1431 ³,
783 1401 867 1430 prout
884 1401 943 1425 urti-

100 1441 190 1472 cw'que
207 1448 271 1472 opus
289 1440 385 1471 fuerit,
404 1440 561 1466 dividantur.
580 1441 723 1473 Usurpatus
742 1442 826 1467 autem
845 1443 897 1468 siue
915 1443 943 1468 li-

100 1483 180 1508 centia
199 1490 281 1508 rerum
300 1491 361 1508 usus
385 1484 542 1515 culpabiliter
561 1484 700 1515 temereque
725 1485 893 1516 praesumitur
917 1485 943 1510 et

99 1532 203 1557 prorsus
220 1526 305 1551 illicite
318 1526 465 1551 vindicatur.
479 1526 578 1551 Statum
588 1525 598 1538 ⁴
617 1533 712 1558 quoque
731 1528 859 1559 religiosae
872 1535 943 1553 man—

99 1568 230 1599 cipationis
257 1569 340 1593 evadit
363 1569 406 1600 qui
418 1576 481 1594 ausu
499 1569 599 1600 proprio
618 1577 670 1594 rem
692 1570 739 1594 sibi
763 1570 871 1601 aliquam
890 1571 942 1595 sive

99 1618 114 1636 a
137 1611 297 1643 parentibus,
323 1612 374 1637 sive
393 1619 408 1636 a
430 1612 577 1643 quibusdam
596 1612 652 1637 aliis
676 1613 777 1644 recipit,
801 1613 857 1645 aut,
877 1614 942 1644 quod

98 1654 199 1679 maioris
217 1654 256 1679 est
272 1654 373 1685 culpae,
393 1655 518 1686 receptam
543 1655 685 1685 occultans,
709 1656 862 1686 superiorum
881 1656 941 1681 iudi-

99 1696 135 1721 cio
152 1703 202 1721 non
221 1697 329 1728 exponit.
348 1696 394 1726 Qui
418 1704 469 1722 rem
488 1697 535 1722 sibi
553 1696 669 1722 collatam
689 1697 820 1727 celaverit,
840 1697 942 1722 sanctus

98 1739 256 1771 Augustinus
267 1739 276 1752 ⁵
294 1747 350 1764 eum
378 1740 439 1764 furti
463 1740 546 1765 censet
564 1741 590 1765 in
608 1740 696 1765 iudicio
721 1741 940 1766 condemnandum.

99 1781 177 1806 Nulla
195 1782 259 1807 euim
277 1790 332 1814 res,
351 1790 425 1814 quam
444 1783 557 1814 superior
575 1790 624 1808 non
643 1783 738 1808 dederit
759 1784 805 1808 aut
827 1784 942 1814 permise-

98 1824 146 1854 rit,
165 1824 205 1850 est
221 1825 291 1850 licita
309 1826 437 1857 proprium
455 1825 589 1850 abdicanti.

169 1867 211 1892 11.
230 1867 306 1898 Sunt,
336 1869 378 1899 qui
396 1868 481 1893 oblata
509 1868 555 1893 sibi
565 1867 583 1898 ⁶,
603 1869 645 1893 sed
674 1868 786 1900 praelato
805 1876 861 1894 mox
879 1868 942 1893 defe-

99 1910 176 1935 renda
200 1911 307 1942 recipere
331 1910 427 1935 licitum
457 1910 605 1941 aestimant,
630 1911 672 1936 sed
700 1911 818 1943 Regulari
843 1911 941 1942 privato

99 1953 264 1984 receptionem
282 1953 403 1978 occultam
421 1960 471 1978 non
487 1953 588 1978 dixerim
607 1961 660 1979 esse
678 1953 769 1979 tutam.
788 1954 820 1979 In
838 1959 941 1979 commo-

99 1993 187 2020 dandis
205 2003 251 2027 pro
269 1996 464 2021 cohabitantium
492 1996 630 2028 indigentia
658 1997 731 2021 rebus
758 2004 811 2022 nort
838 1998 875 2022 est
903 1997 942 2021 lex

94 2039 184 2069 posita
201 2038 301 2063 caritati
313 2038 330 2063 ⁷.
349 2039 453 2064 Possum
473 2047 524 2064 rem
543 2039 628 2064 Fratri
644 2039 739 2070 petenti
755 2046 875 2070 exponere
888 2045 942 2064 cou-

98 2081 244 2112 cedendam,
263 2088 313 2106 non
331 2081 414 2107 tamen
433 2082 573 2113 impendere
591 2082 774 2107 vindicandam.
787 2096 822 2099 —
834 2082 940 2107 Proinde

98 2123 201 2148 Fratres
218 2124 307 2149 novitii
329 2124 475 2149 nullatenus
500 2125 553 2150 sine
571 2125 671 2149 licentia
689 2132 768 2156 neque
793 2132 808 2149 a
827 2132 852 2149 se
877 2125 941 2149 invi-

99 2173 150 2191 cem
167 2173 246 2198 neque
264 2174 279 2191 a
297 2167 387 2192 Fratre
406 2174 484 2199 neque
499 2174 515 2192 a
533 2175 685 2199 quocumque
707 2167 805 2193 homine
828 2175 879 2192 rem
898 2168 941 2192 ali-

1784 212 1839 240 587

1001 295 1089 319 quam,
1109 289 1160 313 sive
1185 288 1298 318 tabulas,
1325 289 1375 314 sive
1405 297 1489 319 acum,
1515 290 1565 314 sive
1596 289 1690 320 aliquid
1719 289 1845 320 quodlibet

1000 330 1121 361 accipere,
1140 330 1185 355 aut
1203 331 1262 355 dare
1280 331 1407 356 attentent
1425 332 1509 363 aliqua
1527 332 1630 357 ratione.
1651 332 1689 356 Sic
1713 339 1758 356 nec
1777 331 1844 356 litte-

1000 378 1042 396 ras
1061 373 1092 397 ad
1112 372 1145 397 sev
1156 374 1245 398 missas
1256 372 1265 386 ¹³
1279 374 1413 405 recipiant,
1427 374 1471 399 aut
1489 375 1571 406 aliquo
1584 382 1643 399 casu
1661 375 1773 406 receptas
1786 382 1844 406 ape-

1000 414 1079 444 riant,
1098 422 1161 447 quae
1183 423 1198 440 a
1223 416 1355 447 portitore,
1380 417 1419 441 vel
1438 424 1465 442 eo
1489 417 1531 448 qui
1555 417 1676 448 receperit
1700 425 1752 447 eas,
1773 418 1843 448 prius

1001 457 1090 482 debent
1108 458 1139 483 ad
1159 459 1324 490 superiorem,
1343 460 1383 484 vel
1402 460 1423 484 si
1442 460 1554 491 superior
1576 460 1738 490 ordinaverit,
1758 461 1790 485 ad
1808 467 1844 485 eo-

1000 507 1055 525 rum
1074 501 1250 526 instructorem
1269 501 1368 526 deferri.

1073 542 1114 568 12.
1133 543 1171 568 Sic
1199 542 1263 568 nec⁹
1282 552 1333 569 rem
1361 545 1465 570 alterius
1490 546 1588 570 Fratris
1615 547 1671 571 usui
1698 546 1843 578 deputatam

1000 585 1100 617 praeter
1118 586 1197 617 ipsius
1215 587 1314 612 Fratris
1326 588 1451 613 licentiam
1471 595 1589 620 occupare
1602 589 1693 614 licebit.
1711 589 1793 614 Genus
1806 590 1844 614 est

1000 628 1063 653 furti
1081 629 1106 653 et
1131 629 1275 661 plerumque
1300 630 1451 655 turbationis
1474 632 1567 656 occasio
1592 639 1643 656 rem
1668 632 1766 657 Fratris
1787 634 1843 657 usui

999 672 1120 704 deditam,
1140 679 1178 702 eo,
1205 673 1226 697 si
1244 673 1321 702 adsit,
1345 674 1432 703 inscio,
1458 675 1575 700 detinere.
1597 689 1632 693 —
1653 675 1740 700 Potest
1765 676 1844 701 fidelis

999 722 1087 739 servus
1106 715 1130 739 et
1149 715 1258 746 prudens
1277 717 1398 741 nonnulla
1417 724 1461 748 pro
1479 717 1531 742 Ioco
1550 718 1575 742 et
1594 718 1704 749 tempore
1723 718 1801 743 facere
1815 719 1844 744 de

1000 758 1076 783 tacito
1089 758 1127 783 vel
1142 758 1303 789 probabiliter
1322 760 1464 790 praesumto
1477 761 1630 791 superiorum
1643 760 1663 773 ¹⁰
1683 769 1798 792 assensu,
1812 762 1843 787 ad

999 801 1081 831 ipsum
1100 801 1203 832 denique
1216 801 1326 826 finaliter
1342 802 1398 827 acta
1411 810 1520 834 quaeque
1540 811 1583 834 per
1596 811 1683 828 ausum
1702 804 1841 830 huiusmodi

999 843 1134 868 relaturus.
1146 858 1181 862 ——
1200 844 1236 869 De
1253 845 1347 874 cetero,
1370 846 1487 877 quidquid
1500 846 1639 877 Religiosus
1657 847 1714 872 boni
1727 847 1786 872 facit
1798 848 1843 873 aut

999 886 1072 915 dicit,
1092 887 1156 917 quod
1181 894 1225 912 suo
1251 894 1299 912 non
1318 888 1415 913 noverit
1433 888 1562 919 displicere
1588 890 1712 920 praelato,
1737 898 1752 915 a
1771 898 1843 916 verae

1000 929 1151 954 obedientiae
1176 930 1264 954 merito
1292 937 1341 955 non
1374 930 1512 955 fraudatur.
1539 931 1606 956 Felix
1636 932 1696 957 haec
1720 933 1842 962 servitus,

1000 972 1073 996 immo
1086 971 1195 1003 gloriosa
1211 972 1328 1001 libertas,
1348 980 1397 1004 qua
1410 974 1480 1004 quis,
1500 974 1588 1004 sponte
1607 975 1632 999 in
1646 976 1739 1006 regiam
1759 977 1844 1001 vendi-

999 1014 1042 1039 tus
1067 1014 1227 1044 servitutem,
1253 1015 1332 1040 Deum
1357 1015 1382 1039 et
1406 1016 1458 1040 eius
1484 1017 1588 1042 vicarios
1613 1017 1696 1049 potius
1720 1026 1794 1049 quam
1819 1027 1844 1044 se

1000 1057 1082 1088 ipsum
1104 1064 1180 1088 super
1198 1065 1223 1082 se
1245 1065 1349 1089 regnare
1368 1058 1535 1089 constituens,
1556 1067 1614 1085 suae
1631 1067 1734 1091 prorsus
1753 1068 1844 1086 renun-

1000 1099 1049 1124 tiat
1067 1100 1200 1126 voluntati.

1324 1186 1471 1212 CArrrunmu
1492 1188 1522 1214 V.

1017 1271 1058 1296 De
1072 1272 1265 1302 praesumtione
1285 1273 1337 1297 tam
1356 1273 1384 1297 iri
1403 1280 1429 1298 re
1448 1281 1526 1305 quam
1545 1275 1572 1298 iri
1589 1275 1664 1306 siquo
1682 1275 1790 1300 vitanda
1802 1274 1830 1300 ¹¹.

1070 1356 1094 1381 1.
1114 1357 1337 1382 Praesumtionem
1356 1358 1504 1383 interiorem
1523 1359 1548 1384 et
1565 1359 1716 1384 eoeteriorem
1739 1367 1843 1385 summo-

998 1406 1056 1430 pere
1068 1399 1178 1431 fugiant:
1193 1400 1350 1430 interiorem,
1370 1401 1399 1425 ut
1411 1408 1511 1426 sensum
1529 1409 1601 1426 suum
1615 1403 1697 1427 sensui
1710 1410 1759 1427 non
1773 1410 1840 1434 prae-

998 1441 1081 1466 ferant
1098 1442 1204 1467 aliorum
1231 1449 1275 1467 nec
1298 1443 1328 1468 de
1346 1443 1417 1468 bonis
1435 1451 1450 1468 a
1469 1443 1519 1469 Deo
1547 1444 1593 1469 sibi
1612 1445 1710 1470 collatis
1733 1445 1842 1470 inaniter

998 1483 1162 1514 extollantur,
1182 1485 1256 1510 immo
1274 1486 1300 1510 in
1312 1485 1412 1510 tantum
1431 1486 1519 1511 ceteris
1538 1494 1563 1511 se
1580 1487 1707 1512 inferiores
1726 1488 1751 1512 et
1770 1488 1840 1513 vilio-

997 1534 1038 1551 res
1056 1534 1085 1552 ex
1102 1527 1191 1553 intimo
1217 1528 1297 1553 cordis
1315 1528 1418 1553 credant
1445 1529 1548 1558 affectu,
1577 1529 1606 1554 ut
1633 1537 1677 1555 nec
1695 1537 1721 1554 se
1748 1531 1841 1562 aliquid

996 1569 1072 1594 etiam
1085 1577 1138 1595 esse
1151 1570 1301 1595 existiment.
1320 1571 1426 1602 Nempe,
1445 1572 1578 1597 secundum
1592 1573 1740 1604 Apostolum
1752 1572 1780 1603 ¹²,
1800 1575 1842 1605 qui

997 1619 1023 1638 se
1042 1613 1171 1638 existimat
1189 1613 1292 1645 aliquid
1309 1621 1373 1645 esse,
1392 1622 1450 1639 cum
1468 1615 1536 1640 nihil
1553 1616 1602 1647 sit,
1621 1616 1675 1647 ipse
1692 1623 1718 1641 se
1737 1617 1841 1641 seducit.

997 1655 1127 1680 Neminem
1145 1656 1280 1687 spernant,
1299 1657 1421 1682 neminem
1433 1657 1555 1687 iudicent,
1574 1666 1629 1683 cum
1642 1658 1783 1690 frequenter
1799 1659 1842 1684 hu-

996 1705 1098 1723 manum
1129 1698 1233 1724 fallatur
1259 1699 1387 1729 iudicium,
1418 1700 1443 1724 et
1473 1700 1544 1725 beato
1569 1701 1710 1732 Augustino
1724 1700 1746 1714 ¹³
1765 1702 1841 1731 teste,

1001 1751 1014 1763 ι
1027 1748 1100 1772 saepe
1120 1742 1214 1773 species
1231 1742 1291 1767 facti
1310 1750 1335 1767 se
1353 1743 1427 1767 aliter
1439 1743 1526 1773 habet,
1545 1743 1619 1768 aliter
1638 1745 1735 1769 animus
1754 1745 1841 1769 facien-

997 1784 1031 1808 tis
1043 1794 1056 1806 2>
1067 1793 1072 1814 ;
1092 1785 1130 1815 pie
1143 1785 1172 1809 de
1185 1785 1313 1815 omnibus,
1332 1792 1394 1817 quae
1407 1786 1570 1816 occurrerint,
1591 1787 1716 1817 sentiant,
1736 1788 1793 1812 licet
1805 1788 1840 1812 rei

996 1833 1046 1852 non
1065 1827 1209 1858 intelligant
1227 1827 1356 1852 rationem.
1375 1827 1480 1853 Sinistre
1504 1828 1665 1860 interpretari
1691 1829 1840 1861 depravatae

997 1869 1088 1894 mentis
1107 1869 1146 1894 est
1164 1870 1307 1901 proprium:

1122 1954 1204 1977 Omnia
1222 1961 1345 1983 perversae
1359 1959 1455 1983 possunt
1472 1959 1604 1984 pervertere
1620 1960 1709 1980 mentes
1718 1956 1745 1979 ¹¹¹.

1067 2040 1092 2066 2.
1112 2041 1260 2066 Eaeierioris
1287 2041 1479 2072 praesumtionis
1505 2042 1531 2067 et
1549 2043 1679 2074 superbiae
1706 2044 1791 2068 notam
1813 2044 1839 2068 in

997 2083 1063 2108 omni
1085 2083 1182 2108 actione
1201 2091 1258 2112 sua,
1277 2085 1351 2115 qesta
1369 2084 1394 2108 et
1411 2085 1486 2109 verbo
1505 2092 1600 2110 summo
1625 2086 1706 2111 studio
1725 2086 1838 2117 fugiant,

996 2132 1059 2156 qnae
1077 2125 1227 2150 humilitatis
1247 2126 1306 2150 suut
1324 2127 1349 2151 in
1368 2127 1481 2152 omnibus
1500 2128 1679 2158 amplexantes.
1698 2143 1733 2146 —
1751 2129 1839 2160 Respe-

995 2167 1038 2192 ctu
1057 2168 1165 2193 actionis
1181 2168 1389 2199 praesumtionem
1405 2170 1430 2194 in
1449 2169 1535 2195 officiis
1553 2170 1613 2195 etin
1626 2171 1685 2196 locis
1696 2171 1797 2196 evitent.
1808 2172 1838 2196 In

162 2333 168 2346 ¹
189 2334 217 2356 lta
236 2334 305 2356 ΗΒΕ
321 2338 343 2356 et
359 2335 396 2356 ed.
413 2336 438 2361 Ξ,
455 2334 540 2363 quibus
552 2336 692 2358 consentiunt
711 2337 755 2358 AB
772 2339 793 2358 et
805 2336 842 2358 ed.
863 2337 881 2363 l,
898 2337 937 2364 qui

99 2367 175 2387 tamen
193 2365 300 2387 omittunt
317 2365 386 2393 (lare,
404 2366 466 2394 quod
484 2369 506 2388 et
523 2366 573 2388 Vat.
590 2367 673 2389 omittit
690 2370 711 2389 et
732 2373 774 2394 pro
791 2368 938 2389 cowzmutare

99 2396 216 2419 substituit
232 2396 416 2419 communicare.
434 2397 528 2419 interius
544 2396 589 2419 CD
600 2398 614 2419 Ε
632 2401 653 2419 et
670 2398 706 2420 ed.
729 2399 734 2419 1
756 2398 864 2420 omittunt
882 2403 938 2426 pro-

99 2427 203 2455 curatio,
229 2431 251 2450 et
276 2434 317 2455 pro
339 2427 471 2451 communis
496 2427 629 2451 ‹Ie‘stributio
648 2434 731 2451 reram
756 2429 799 2451 AB
822 2432 843 2451 et
868 2429 904 2451 ed.
924 2430 937 2450 2

99 2458 240 2481 substituunt
261 2458 424 2482 communium
441 2458 572 2482 distributio
590 2465 680 2482 rerum.

160 2488 169 2501 ²
186 2489 260 2512 Codd.
277 2490 320 2512 DE
342 2490 486 2519 superioris,·
503 2491 540 2512 ed.
563 2491 576 2512 2
599 2491 653 2518 legit
669 2490 770 2518 occulte,
792 2490 816 2513 id
839 2492 872 2513 est
888 2490 938 2513 sine

98 2520 228 2550 superioris
250 2521 320 2544 tacito
342 2520 378 2544 rel
399 2527 511 2550 expresso
536 2527 642 2544 assensa.
668 2522 824 2549 lnterius,pro
853 2521 940 2544 delirat
965 2531 968 2535 ⁴

99 2551 127 2580 [D
143 2551 252 2580 declinat]
271 2551 332 2575 linea
351 2552 399 2574 Vnt.
413 2558 465 2574 cum
483 2553 519 2574 cd.
533 2553 540 2573 l
563 2552 648 2575 delirat
665 2552 770 2580 lieentia,
783 2556 805 2575 et
822 2553 899 2576 taliter
911 2559 937 2575 ex

98 2583 116 2604 A
127 2583 142 2604 B
159 2589 186 2604 ac
202 2583 237 2605 ed.
252 2584 265 2605 2
277 2584 450 2611 supplevimus,
461 2584 501 2611 qui
513 2584 580 2605 ctiam
594 2590 648 2606 cum
665 2584 681 2606 C
693 2584 709 2606 D
726 2587 748 2606 et
764 2584 800 2606 ed.
818 2585 822 2606 1
840 2583 937 2606 subinde

98 2619 141 2641 pro
158 2613 279 2643 disponere
296 2615 436 2637 substituunt
454 2614 597 2644 dispensare.

161 2643 170 2657 ⁸
188 2646 233 2666 Act.
253 2645 276 2672 lt,
302 2645 346 2667 ³5:
370 2645 518 2668 Dividebotur
543 2649 618 2668 autem
645 2646 741 2673 singulis
766 2650 834 2673 prout
854 2646 938 2674 cuique

99 2681 158 2703 opus
174 2679 229 2698 erat.
248 2677 289 2698 Pro
305 2676 350 2699 sihi
367 2683 381 2699 a
399 2676 487 2699 sanctis
506 2677 544 2698 ed.
566 2678 579 2698 2
602 2676 646 2699 snb
668 2676 767 2701 sanctie
787 2683 847 2705 quae
869 2677 936 2699 ctiam

99 2707 205 2734 superius
224 2713 267 2734 pro
289 2707 440 2736 superiorum
461 2707 578 2730 substituit
599 2707 730 2737 superioris
753 2711 775 2730 et
796 2707 937 2737 dispensam

99 2743 141 2765 pro
159 2737 285 2767 dispositio.

160 2768 169 2780 ⁴
187 2770 216 2791 lta
234 2769 303 2791 Aer:
320 2773 341 2792 et
358 2770 394 2791 ed.
413 2770 438 2796 2;
458 2770 508 2792 Vnt.
526 2773 547 2791 et
564 2770 600 2791 cd.
623 2770 627 2791 Ι
649 2769 783 2796 Statilium,
798 2776 857 2798 (litae
869 2770 937 2792 etiam

99 2799 191 2821 interius
214 2806 255 2828 pro
273 2800 313 2829 qui
329 2807 391 2823 ausu
407 2800 456 2829 [ed.
474 2802 486 2822 2
505 2800 570 2829 nisa]
587 2800 687 2829 proprio
705 2807 755 2823 rem
771 2800 816 2823 sibi
831 2800 938 2830 aliquam

99 2830 137 2858 (ita
155 2831 171 2852 A
182 2831 198 2852 Β
216 2834 237 2853 et
254 2832 289 2853 ed.
302 2832 325 2859 2)
343 2831 483 2854 substituunt
497 2831 572 2861 quiin
584 2838 629 2854 asu
640 2831 739 2861 proprio
756 2837 807 2854 rem
824 2831 938 2861 aliquam.

100 2861 201 2883 Subinde
218 2868 260 2890 pro
276 2868 426 2891 superiorum
445 2863 462 2884 D
476 2862 613 2891 superioris:

161 2892 170 2905 ⁶
187 2893 208 2914 ln
227 2894 312 2920 [tegula
331 2894 359 2915 ad
378 2900 457 2915 servos
470 2894 522 2920 Dei,
540 2899 560 2915 n.
574 2894 600 2915 8:
618 2894 684 2921 Quod
703 2894 721 2915 si
734 2893 815 2922 aliquis
832 2899 880 2916 rem
894 2893 936 2915 sibi

99 2923 202 2945 collatam
215 2924 333 2951 celaverit,
351 2925 401 2946 furti
415 2925 498 2946 iudicio
510 2925 685 2947 condemnetur.
697 2924 768 2947 (Iodd.
786 2924 802 2947 C
813 2925 831 2946 D
840 2926 856 2947 E
874 2925 937 2947 omit-

101 2956 149 2976 tunt
165 2954 236 2982 furti,
254 2955 290 2977 etl.
309 2957 321 2977 2
339 2955 363 2977 in
380 2958 432 2977 ante
450 2955 542 2978 liuticio.

162 2985 171 2997 '³
187 2986 260 3008 cndu,
277 2989 298 3008 et
315 2986 367 3008 edu.
389 2987 410 3014 l,
429 2987 441 3008 *2
461 2992 507 3009 non
523 2985 573 3009 siti.
592 2986 686 3008 interius
698 2990 749 3014 post
764 2986 858 3016 privato
875 2987 911 3009 etl.
924 2987 936 3008 2

994 2337 1151 2365 prosequitur:
1169 2336 1273 2365 subdito,
1291 2343 1336 2359 non
1350 2337 1442 2360 habenti
1459 2338 1561 2360 officium
1573 2338 1709 2366 recipiendi,
1727 2339 1838 2366 rei-epilo-

994 2373 1047 2389 nem
1065 2368 1112 2389 sine
1130 2367 1218 2390 licentia
1241 2369 1340 2396 generali
1363 2369 1398 2390 vel
1421 2369 1512 2396 speciali
1536 2370 1648 2391 occultum
1672 2375 1718 2391 non
1741 2370 1836 2392 dixerim

994 2404 1044 2420 esse
1061 2398 1152 2420 licitam.

1057 2428 1065 2441 ⁷
1083 2429 1152 2457 Epist.
1170 2431 1184 2452 l.
1201 2430 1260 2452 Tim.
1283 2431 1303 2457 l,
1321 2430 1343 2452 9.
1363 2442 1392 2446 --
1410 2430 1504 2452 inferius
1522 2437 1563 2458 pro
1582 2431 1671 2460 pelenti
1686 2431 1722 2453 ed.
1741 2432 1753 2453 ‘Z
1768 2437 1836 2460 prae-

994 2459 1064 2487 senti,
1082 2460 1099 2482 A
1116 2462 1273 2489 praesentem,
1294 2461 1333 2489 qui
1351 2461 1419 2483 etiam
1436 2467 1488 2483 cum
1507 2462 1523 2483 Ι]
1541 2464 1563 2483 et
1579 2462 1616 2483 ed.
1628 2463 1641 2483 2
1655 2468 1697 2490 pro
1713 2462 1834 2485 conceden-

994 2490 1050 2513 dam
1067 2491 1183 2514 substituit
1200 2491 1390 2514 committendam
1409 2492 1433 2519 (E
1451 2493 1517 2514 istam
1537 2493 1717 2520 propositionem
1736 2494 1836 2521 mnittit).

1057 2520 1066 2533 ⁸
1083 2521 1140 2544 Cod.
1157 2524 1174 2544 A
1192 2526 1214 2544 et
1230 2523 1266 2545 ed.
1284 2524 1297 2544 ‘3
1316 2522 1406 2545 litteras
1427 2522 1473 2545 siti
1493 2523 1595 2551 missas;
1617 2523 1715 2545 subinde
1739 2530 1780 2551 pro
1802 2531 1836 2546 re-

995 2553 1073 2581 ceptas
1090 2553 1127 2575 ed.
1144 2554 1157 2575 2
1177 2555 1296 2582 repertas,
1318 2556 1340 2575 et
1362 2554 1455 2576 inferius
1478 2555 1494 2576 A
1517 2554 1633 2576 substituit
1653 2555 1791 2583 portarat-[o
1809 2556 1834 2582 <B

994 2583 1136 2612 portatorio)
1154 2590 1197 2612 pro
1215 2584 1341 2613 portitore,
1359 2585 1396 2607 ed.
1414 2586 1427 2606 2
1443 2585 1584 2614 porlanario
1608 2586 1676 2614 (iuxta
1701 2586 1733 2608 Du
1757 2587 1835 2614 Cnnge

995 2615 1055 2637 idem
1073 2621 1099 2637 ac
1116 2615 1236 2644 portario,
1254 2615 1366 2643 ianitore).

1057 2644 1067 2657 ⁹
1083 2645 1140 2668 Cod.
1156 2647 1173 2668 A
1191 2648 1214 2668 et
1230 2646 1265 2668 ed.
1284 2647 1297 2668 2
1314 2646 1360 2669 Sed
1376 2652 1424 2669 nec.
1439 2647 1532 2669 interius
1550 2653 1591 2675 pro
1604 2647 1722 2670 licentiam
1740 2648 1777 2675 (ita
1791 2649 1808 2670 A
1820 2649 1834 2670 Β

995 2680 1016 2699 ct
1033 2677 1069 2699 ed.
1087 2678 1110 2703 2)
1130 2677 1178 2699 vat.
1196 2684 1249 2699 cum
1267 2678 1303 2699 cd.
1325 2678 1329 2698 1
1352 2677 1525 2700 rmzseiealt‘am.

1058 2707 1077 2720 ¹⁰
1093 2708 1150 2730 Cod.
1168 2709 1185 2730 D
1202 2710 1224 2730 ot
1241 2709 1277 2730 erl.
1295 2710 1308 2730 ⁴2
1325 2708 1462 2738 superioris.
1482 2709 1528 2731 Mox
1548 2709 1618 2731 CDE
1635 2710 1741 2731 omittunt
1757 2709 1834 2739 luzuli-

995 2739 1040 2766 ter,
1058 2738 1143 2767 quibus
1160 2740 1271 2761 consentit
1288 2740 1325 2761 ed.
1342 2740 1367 2766 2,
1385 2739 1507 2762 substituto
1524 2739 1604 2762 {leinde
1623 2747 1663 2768 pru
1681 2740 1786 2770 (leuique.

1057 2769 1075 2782 ¹¹
1094 2770 1144 2792 Vat.
1161 2776 1213 2792 rum
1231 2771 1268 2792 ed.
1289 2771 1294 2792 1
1316 2770 1398 2792 omittit
1416 2770 1517 2793 vitanda.

1057 2799 1075 2814 ¹⁹
1092 2801 1140 2823 Gal.
1157 2802 1184 2828 ti,
1202 2802 1222 2823 3.
1242 2814 1270 2817 —
1288 2802 1398 2829 Superius
1415 2802 1460 2823 title
1477 2802 1494 2824 A
1508 2802 1523 2824 Β
1534 2803 1548 2823 E
1566 2806 1587 2824 ct
1604 2802 1656 2824 edd.
1679 2803 1701 2829 l,
1719 2803 1731 2824 ἱ).
1744 2803 1834 2830 suppte-

995 2832 1071 2853 vimus
1089 2831 1175 2854 cordis.

1057 2861 1076 2875 ¹²³
1093 2863 1153 2885 Libr.
1172 2863 1204 2885 ut.
1221 2862 1284 2885 Cous.
1303 2870 1322 2885 r.
1339 2864 1360 2884 9.
1379 2870 1400 2885 u.
1422 2863 1453 2885 17.
1473 2864 1512 2885 Ed.
1530 2865 1558 2885 2:
1577 2863 1708 2893 „iaynsa'no
1724 2865 1831 2891 tes-tante,

994 2899 1048 2916 cum
1065 2899 1133 2923 saepe
1149 2893 1235 2923 species
1252 2894 1309 2923 sarii
1325 2894 1393 2916 aliter
1410 2901 1434 2916 se
1450 2894 1551 2917 habeant
1567 2898 1608 2917 etc.
1624 2907 1654 2911 —
1667 2895 1768 2917 Subinde
1781 2902 1832 2923 sup·

994 2924 1109 2952 plevimus
1126 2931 1151 2947 cx
1168 2925 1236 2947 codd.
1254 2928 1275 2947 ct
1292 2926 1328 2947 ed.
1347 2926 1359 2947 ‘2
1377 2925 1499 2948 Sinis-cre...
1517 2927 1550 2948 esi
1566 2925 1700 2955 propriam.

1057 2955 1075 2968 ¹¹¹
1093 2956 1167 2983 Oritl„
1185 2957 1209 2978 ll.
1227 2956 1343 2984 'si-istium,
1361 2963 1384 2978 v.
1401 2957 1452 2978 301.
1471 2956 1493 2978 in
1511 2957 1652 2979 e‹1.Ta=n·in.
1675 2958 1730 2979 1⁸23
1751 2958 1832 2984 tog-itur

993 2992 1119 3016 perversas
1137 2993 1179 3015 pro
1193 2993 1326 3016 perversae.

1868 547 1974 566 Notandum
1979 561 1984 566 .

1861 1358 1966 1377 Distincu'o.

1860 1405 1886 1423 tle
1900 1405 1988 1424 interiori

1860 1429 1982 1452 praesumtio-

1905 1457 1935 1471 ne.

1854 2042 1880 2060 De
1889 2041 1984 2060 exteriori.
