2133 3317
116 900 209 918 Foliorum
221 899 247 918 vi-

122 924 147 941 tis
158 923 247 947 pulcritu-

122 947 146 965 do
155 948 174 965 et
181 947 246 966 virtus.

115 1632 163 1650 Laus
169 1632 190 1650 B.
198 1632 221 1650 M.
226 1632 250 1651 V.

263 222 316 250 '190
706 219 903 248 OPUSCULUM
926 219 955 246 X.
979 219 1064 247 vl'sls
1085 219 1235 246 MYSTICA.
1260 219 1520 248 ADDl'l‘AMENTUM
1542 221 1570 248 lI.

114 307 152 325 eur
160 306 245 333 Christus
257 301 347 332 pullos
366 308 426 325 suos
443 300 489 325 sub
509 300 580 328 celtes,
595 300 617 323 ct
632 298 759 322 noluisti?
772 297 914 327 Videamus,
928 297 986 328 quid
999 297 1046 321 sibi
1065 296 1110 321 hoc

126 330 246 377 0131..ῑῖ

262 344 330 373 00111,
351 343 415 375 quod
434 343 555 367 Dominus
574 349 599 366 se
619 341 727 372 gallinae
756 341 836 372 magis
859 347 933 371 quam
959 340 1033 364 alteri
1056 340 1110 364 ani-

262 387 321 411 mali
339 386 418 411 voluit
436 392 587 415 comparare.
608 384 689 413 Quod,
708 384 737 407 ut
756 390 771 407 a
793 383 887 407 sanctis
906 382 1024 406 Patribus
1039 381 1046 394 ¹
1073 382 1110 406 te-

260 430 348 458 netur,
368 429 420 453 ideo
439 428 533 452 factum
552 427 601 456 est,
622 427 650 450 ut
669 426 824 457 exprimatur
846 425 1048 456 incomparabilis
1073 425 1110 449 af-

261 472 340 496 fectus
364 471 485 496 caritatis.
512 470 617 494 Nullum
643 469 706 493 enim
732 468 826 493 animal
854 469 918 492 cirea
944 468 1026 499 pullos
1052 475 1109 492 suos

261 514 334 539 tanta
352 514 520 544 compassione
539 512 666 540 movetur,
687 512 751 536 sicut
775 512 879 543 gallina.
903 511 945 536 Fit
968 512 1033 536 enim
1056 511 1109 536 toto

261 564 362 588 corpore
380 556 490 587 hispida⁷
511 563 568 580 0000
582 562 670 585 rauca,
685 555 737 579 toto
751 555 849 579 fervens
862 555 944 579 animo
958 555 982 579 et
996 555 1109 579 omnibus

260 600 377 624 membris
395 599 495 623 infirma
514 598 539 623 et
557 606 635 629 usque
653 598 684 622 ad
708 605 851 629 supremum
876 598 997 623 defectum
1023 605 1109 629 perve-

1167 297 1246 321 niens.
1265 298 1289 322 Si
1309 305 1366 329 ergo
1385 298 1411 322 in
1430 298 1530 323 tantum
1549 299 1625 330 pullis
1644 300 1696 324 suis
1714 300 1810 330 gallina
1833 301 1926 325 animal
1950 301 2016 325 irra-

1167 340 1259 364 tionale
1277 341 1440 371 compatitur,
1460 342 1582 372 (mantum
1596 341 1604 354 ²
1624 342 1701 373 putas
1720 343 1841 374 optimum
1861 343 1945 368 Iesum
1970 344 2016 368 hu-

1167 390 1240 407 mano
1258 384 1343 414 generi
1362 384 1437 408 fuisse
1456 386 1629 415 compassum?
1653 386 1692 410 Ad
1715 387 1836 417 quantam
1861 386 1935 417 putas
1961 395 2016 411 eum

1167 426 1320 450 debilitatem
1334 426 1359 450 et
1369 426 1542 452 infirmitatem
1556 429 1718 459 pervenisse?
1732 429 1832 458 Quanta
1844 430 1927 460 ipsum
1941 430 2016 461 putas

1166 469 1242 493 macie
1262 469 1399 494 confectum
1418 470 1506 499 fuisse,
1526 471 1568 502 qui
1588 478 1632 502 pro
1656 472 1769 496 omnibus
1793 473 1950 504 cognoscitur
1975 473 2017 498 do-

1165 512 1257 536 luisse?¹
1271 512 1340 536 Unde
1353 512 1434 537 Isaias
1448 511 1471 537 ³:
1498 513 1559 538 Vere
1573 513 1709 545 lanquores
1723 517 1824 540 nostros
1844 516 1897 546 ipse
1917 516 1977 540 tulit
1994 517 2018 540 et

1163 556 1269 586 peccata
1287 556 1378 579 nostra
1398 555 1450 586 ipse
1463 557 1590 587 portavit.

930 701 1265 756 ADDITAMENTUM
1291 721 1321 756 Π

332 848 467 873 Senserunt
484 848 530 873 1100
549 848 697 873 Iudaeorum
717 848 839 877 ministri,
859 848 901 879 qui
920 848 1002 876 011331,
1022 847 1051 872 01
1070 847 1110 872 ad-

264 892 381 917 ducerent
399 892 494 921 Iesum,
515 893 608 916 reversi
636 892 660 916 et
685 892 780 923 culpati
805 891 938 916 dixerunt:
966 891 1110 922 Nunquam

264 936 363 961 locutus
381 935 433 965 fuit
451 935 525 960 hoino
538 936 576 960 sic
589 935 607 959 5.
620 935 677 960 Non
691 935 871 960 accusaverunt
884 935 1005 959 defectum
1019 935 1109 963 trunci,

263 979 456 1010 pulcritudinem
484 979 598 1004 foliorum
627 979 753 1009 videntes,
773 979 847 1003 immo
867 986 910 1009 per
934 978 993 1003 folia
1017 978 1110 1009 aliquid

260 1023 341 1053 aliud,
362 1031 435 1054 quam
455 1023 518 1054 quod
538 1023 682 1049 videbatur,
702 1023 727 1047 in
746 1030 847 1053 corpore
867 1022 941 1047 debili
960 1023 1038 1046 latere
1058 1029 1110 1046 sen-

261 1065 356 1090 serunt.
375 1066 492 1090 Senserat
511 1065 585 1090 etiam
605 1065 707 1095 Petrus,
728 1066 781 1097 qui,
802 1066 888 1090 multis
908 1073 922 1089 a
937 1065 1041 1090 Domino
1052 1065 1110 1089 Iesu

261 1108 431 1133 recedentibus
454 1109 478 1133 et
496 1109 659 1140 interrogatis
684 1108 715 1133 ab
740 1109 793 1139 ipso
817 1109 943 1133 duodecim
966 1108 1108 1139 Apostolis:

262 1151 389 1187 Nunquid
413 1153 436 1176 et
460 1159 503 1176 ¹ros
528 1151 605 1176 vultis
624 1151 714 1176 abire?
727 1150 736 1163 Β
763 1151 904 1182 respondit:
925 1151 1050 1182 Domine,
1076 1150 1111 1174 acl

261 1202 335 1226 quem
353 1195 467 1219 ibimus?
492 1195 575 1220 Verba
596 1195 664 1219 vitae
689 1196 804 1219 aeternae
828 1195 918 1224 habes,
944 1194 968 1219 et
993 1202 1038 1219 nos
1061 1194 1109 1218 alio

260 1237 366 1262 ibimus?
379 1238 464 1268 Absit3
484 1245 512 1263 ao
530 1239 551 1262 si
571 1238 672 1262 diceret:
687 1238 746 1263 folia
760 1238 926 1269 pulcherrima
939 1238 1028 1267 habes,
1047 1244 1109 1268 quae

260 1288 305 1306 nos
324 1281 355 1305 ab
375 1282 441 1306 omni
458 1281 530 1306 aestu
549 1281 697 1312 protegant3
718 1281 748 1305 da
771 1288 829 1312 ergo
854 1281 926 1306 nobis
951 1281 1027 1305 alium
1054 1280 1110 1311 pul-

260 1325 375 1354 criorem,
395 1325 419 1349 id
438 1325 476 1349 est
495 1325 619 1349 meliorem
639 1325 671 1354 te,
692 1324 717 1349 et
742 1324 831 1348 ibimus
856 1324 887 1348 ad
912 1324 984 1348 illum
1003 1323 1047 1348 abs
1067 1324 1108 1352 te;

261 1375 333 1399 quem
362 1369 420 1399 quia
445 1368 503 1392 dare
529 1375 576 1392 non
601 1367 671 1398 potes
697 1368 739 1398 qui
767 1368 849 1392 omnia
872 1367 955 1398 potes,
982 1367 1013 1391 ad
1036 1374 1108 1398 quem

260 1411 350 1435 ibimus
370 1411 537 1442 relinquentes
557 1411 597 1435 te‘?
620 1410 736 1435 Senserat
756 1410 844 1435 horum
868 1410 995 1439 foliorum,
1020 1409 1045 1434 id
1070 1410 1109 1434 est

261 1454 395 1479 verborum
414 1454 513 1485 benigni
533 1454 602 1483 Iesu,
623 1454 754 1482 virtutem,
776 1461 852 1484 quae,
871 1453 987 1484 loquente
1007 1453 1060 1484 ipso
1078 1452 1109 1477 ad

261 1497 360 1529 turbas,
389 1498 414 1522 in
442 1497 557 1522 foliorum
587 1496 754 1528 pulcritudine
785 1497 907 1528 singulari
940 1496 1036 1521 laetata
1065 1504 1109 1521 nec

261 1541 336 1565 tacite
355 1541 466 1572 quidem,
487 1540 529 1565 sed
548 1540 671 1564 extollens
690 1547 772 1564 rocem
792 1540 872 1565 divit:
892 1540 991 1564 Beatus
1010 1541 1108 1571 venter,

261 1584 306 1615 qui
325 1585 347 1608 te
364 1584 494 1615 portarit,
520 1585 544 1608 et
565 1584 657 1613 ubera,
684 1590 749 1614 qnae
777 1582 909 1608 sii-vistim
936 1583 999 1608 Vere
1024 1583 1108 1612 beata,

261 1627 335 1652 immo
355 1627 499 1652 beatissima
519 1627 600 1656 terra,
620 1634 682 1658 quae
702 1627 777 1651 talem
802 1627 896 1651 tulerat
919 1627 1007 1656 vitem,
1033 1626 1109 1657 Virgo

261 1670 356 1700 Maria,
375 1670 456 1695 mater
475 1670 544 1699 103ος
564 1678 621 1695 0010
641 1670 665 1694 et
684 1670 713 1694 tu
732 1670 818 1699 beata⁷
838 1677 914 1701 quae,
929 1669 1044 1694 foliorum
1055 1670 1111 1700 pul-

261 1713 384 1738 critudine
402 1713 572 1742 considerata,
592 1713 657 1737 inter
671 1713 709 1737 tot
722 1713 928 1737 calumniantium
941 1713 1044 1737 insidias
1058 1712 1111 1737 sola

261 1756 364 1781 veritati
381 1756 551 1781 testimonium
570 1756 688 1780 audacter
707 1756 858 1787 praebuisti!
879 1755 924 1780 Sed
943 1756 1025 1785 credo⁷
1046 1755 1111 1787 quod

260 1799 310 1823 iam
328 1807 394 1824 nunc
414 1806 530 1831 magnam
549 1799 626 1823 habes
645 1800 670 1823 et
692 1799 809 1823 maiorem
834 1799 952 1823 habitura
978 1799 1012 1823 sis
1037 1799 1111 1823 huius

261 1842 421 1867 confessionis
440 1842 587 1872 mercedem,
606 1843 662 1873 ipsa
680 1842 805 1871 Veritate,
820 1843 858 1867 cui
871 1842 1041 1867 testimonium
1055 1850 1111 1873 per-

261 1885 379 1915 hibuisti,
398 1886 447 1910 iam
467 1885 491 1910 te
510 1885 644 1910 confitente
663 1892 745 1910 coram
764 1885 841 1909 Patre
861 1892 904 1910 suo
919 1884 936 1914 ⁸,
956 1885 981 1909 et
1000 1885 1059 1910 tunc
1073 1886 1111 1909 ni-

261 1928 396 1953 hilominus
414 1929 570 1958 confessuro,
584 1935 640 1953 0001
653 1928 717 1953 dicet
730 1928 952 1953 calumniatoribus
966 1929 1030 1953 suis:
1048 1929 1080 1954 N
1079 1936 1111 1952 on

261 1971 321 1995 novi
339 1978 391 1996 vos.
410 1971 540 1996 Diseedite
560 1978 575 1995 a
594 1978 645 1999 me,
664 1971 808 2002 maledicti,
824 1971 850 1995 in
864 1971 947 2002 iynem
967 1972 1111 2001 aeternum;

261 2013 328 2038 notis
346 2021 404 2038 0010
424 2014 500 2038 dicet:
527 2014 625 2045 Venite,
647 2013 768 2038 benedieti
789 2013 882 2038 Patris
900 2014 962 2038 mei.
988 2013 1111 2038 Viderunt

262 2056 367 2081 virorem
386 2057 501 2082 foliorum
520 2064 592 2081 verae
611 2056 671 2081 01113
696 2056 787 2080 Ρο1103
806 2056 831 2080 et
850 2057 977 2086 Andreas,
1004 2056 1111 2081 Iacobus

262 2100 287 2124 et
305 2099 413 2125 Ioannes
431 2100 456 2124 01
474 2100 632 2129 Matthaeus,
653 2100 695 2130 qui
715 2099 745 2123 ad
759 2106 835 2123 unam
848 2099 960 2124 vocantis
973 2107 1056 2124 000001
1073 2100 1111 2124 1111

262 2144 339 2172 retia,
358 2142 405 2167 iste
425 2143 544 2167 telonium
564 2142 719 2173 reliquerunt
730 2140 747 2166 ⁰.
768 2141 827 2171 Quis
846 2142 965 2167 virtutem
979 2143 1110 2167 verborum

262 2186 363 2217 benigni
376 2186 433 2210 Iesu
446 2193 590 2210 enumerare
605 2185 731 2210 sufficiat?
744 2184 810 2214 Quae
824 2186 905 2210 virtus
918 2186 957 2210 est
970 2186 1109 2216 verborum,

1168 848 1403 873 commendationem
1424 848 1580 873 humilitatis
1600 849 1659 873 dicit
1671 848 1704 873 ¹⁰:
1729 850 1886 881 Quicumque
1907 851 2018 876 voluerit

1169 891 1235 914 inter
1256 898 1297 915 ros
1318 892 1400 915 maior
1419 891 1484 922 fieri,
1503 892 1538 916 sit
1556 893 1636 916 vester
1655 893 1788 923 miniatem
1807 893 1846 917 et:
1867 893 1956 918 Filius
1976 894 2017 919 lio-

1168 934 1247 958 miuis
1260 942 1310 958 non
1324 934 1391 958 venit
1402 935 1557 964 ministrari,
1570 935 1615 959 sed
1626 935 1777 960 ministrare
1791 937 1815 960 et
1827 937 1888 961 clare
1902 937 2017 961 animam

1167 984 1242 1001 suain
1270 977 1466 1007 redemptionem
1490 985 1540 1008 pro
1568 978 1674 1008 multis;
1702 978 1726 1003 et
1751 979 1827 1003 item:
1851 980 1901 1012 Qui
1920 987 1946 1005 se
1970 980 2018 1005 hu-

1167 1019 1254 1044 miliat
1290 1020 1454 1044 craltabitur.
1483 1020 1522 1045 Ad
1547 1022 1782 1046 commendationem
1812 1023 2017 1048 mansuetudinis
2030 1010 2125 1072 Detiffiimi

2065 1058 2076 1071 u
2097 1058 2123 1073 ne.

1167 1062 1254 1087 contra
1272 1064 1349 1087 iram:
1365 1062 1384 1075 ¹¹
1406 1064 1503 1088 Discite
1522 1071 1538 1088 a
1556 1071 1606 1095 me,
1627 1065 1689 1095 quia
1708 1065 1778 1090 mitis
1796 1072 1855 1090 sum
1868 1067 1891 1090 et
1910 1065 2016 1091 humilis

1168 1107 1258 1133 corde:
1283 1106 1308 1130 et
1327 1107 1400 1131 item:
1420 1107 1499 1131 Beati
1517 1107 1604 1139 mites,
1624 1109 1750 1138 quoniam
1771 1109 1820 1139 ipsi
1839 1108 2018 1133 hereditabunt

1169 1150 1272 1173 terram.
1292 1150 1332 1174 Ad
1355 1150 1592 1175 commendationem
1611 1151 1729 1176 caritatis
1748 1151 1835 1176 contra
1849 1152 1967 1177 invidiam
1981 1151 2016 1177 ¹²:
2035 1153 2062 1172 De
2076 1153 2126 1187 cai-iti

1167 1192 1278 1223 Diligyitc
1297 1192 1413 1217 inimicos
1431 1194 1542 1224 vestros,
1562 1193 1696 1223 benefacite
1715 1194 1756 1218 iiis
1775 1195 1821 1225 qui
1846 1195 1957 1220 oderunt
1973 1203 2018 1221 vos

1167 1237 1191 1260 et
1213 1237 1284 1260 orate
1306 1243 1353 1266 pro
1374 1236 1587 1267 persequentibus
1613 1237 1637 1261 et
1662 1237 1883 1262 calanuziantibus
1908 1246 1963 1270 vos,
1988 1240 2019 1263 ut

1166 1279 1223 1303 sitis
1241 1278 1292 1308 filii
1310 1279 1403 1303 Patris
1421 1279 1514 1310 vestri,
1534 1279 1579 1309 qui
1598 1279 1675 1304 solem
1693 1287 1770 1304 suum
1783 1281 1849 1305 oriri
1861 1279 1927 1310 facit
1939 1288 2017 1312 super

1167 1321 1245 1345 bonos
1264 1322 1288 1345 et
1305 1321 1389 1345 malos
1414 1322 1438 1345 ei
1451 1321 1523 1352 pluit
1535 1328 1613 1352 super
1635 1322 1717 1347 iustos
1729 1324 1753 1347 et
1766 1323 1883 1348 iniustos.
1897 1324 1936 1348 Ad
1949 1331 2015 1349 eom—

1167 1364 1348 1388 mendationem
1369 1364 1516 1389 alacritatis
1529 1364 1561 1389 ad
1574 1366 1689 1389 exercitia
1703 1366 1845 1396 spiritualia
1858 1367 1945 1392 contra
1958 1368 2018 1392 acci-

1166 1407 1232 1431 diam
1250 1407 1287 1431 ait
1305 1407 1433 1438 discipulis
1448 1406 1482 1432 ¹¹³:
1509 1408 1620 1439 Viqilate
1633 1409 1656 1432 et
1668 1410 1753 1440 orate,
1767 1416 1798 1433 ne
1811 1410 1912 1435 intretis
1926 1410 1953 1434 in
1967 1411 2019 1435 teri-

1167 1451 1310 1477 tationem:
1338 1451 1362 1475 et
1390 1451 1463 1475 alibi:
1492 1450 1619 1483 Quoniam
1647 1458 1745 1483 semper
1769 1460 1846 1477 orare
1873 1454 1972 1483 oportet
1996 1454 2020 1478 et

1166 1501 1302 1525 nunquam
1322 1494 1439 1524 deficere;
1458 1494 1500 1519 ubi
1519 1494 1678 1526 intelligitur,
1699 1495 1835 1520 orationem
1856 1504 1905 1521 non
1919 1496 2019 1521 tantum

1167 1544 1220 1561 esse
1239 1538 1318 1564 00013,
1339 1537 1381 1561 sed
1400 1538 1475 1562 etiam
1494 1538 1616 1562 desiderii.
1636 1538 1693 1563 Non
1712 1539 1777 1563 enim
1796 1547 1892 1570 semper
1911 1540 2018 1565 clamare

1168 1587 1300 1611 possumus
1318 1579 1387 1605 motu
1406 1580 1542 1610 labiorum,
1567 1588 1664 1612 semper
1689 1582 1772 1606 autem
1799 1590 1930 1613 possumus
1955 1582 2018 1608 bono

1167 1623 1286 1648 desiderio
1306 1623 1414 1653 fervere3
1434 1623 1499 1654 quod
1518 1624 1628 1648 ostendit
1647 1624 1767 1649 Dominus
1786 1625 1889 1656 loquens
1908 1625 1940 1650 ad
1953 1626 2020 1658 Moy-

1168 1674 1211 1691 sen
1240 1666 1363 1691 tacentem
1378 1666 1412 1691 ¹⁴:
1445 1667 1513 1699 Quid
1537 1667 1636 1692 clamas
1655 1667 1690 1692 ad
1706 1668 1767 1692 me?
1792 1668 1947 1693 Desiderium
1970 1669 2019 1694 viri

1169 1710 1249 1735 sancti
1271 1710 1411 1734 clamorem
1436 1710 1560 1741 appellat,
1580 1712 1638 1742 quia
1662 1712 1750 1743 lingua
1775 1712 1885 1743 profecto
1910 1712 2018 1737 tacebat.

1168 1753 1238 1778 Unde
1257 1754 1347 1778 dicitur
1366 1754 1391 1778 in
1411 1753 1525 1779 Psalmo:
1545 1754 1712 1779 Desiderium
1726 1762 1874 1786 pauperum
1888 1756 2021 1781 exaudivit

1168 1797 1311 1827 Dominus,
1323 1797 1551 1827 praeparationem
1564 1797 1648 1822 cordis
1662 1805 1750 1822 eorum
1764 1797 1865 1823 audivit
1877 1799 1950 1823 auris
1964 1800 2018 1824 tua.

1168 1840 1208 1865 Ad
1226 1840 1463 1865 commendationem
1487 1840 1618 1871 laryitatis
1636 1841 1724 1866 contra
1742 1840 1876 1866 avaritiam
1891 1841 1924 1866 ¹5:
1949 1842 2019 1867 Date

1169 1883 1359 1915 eleemosynam,
1373 1885 1397 1908 et
1415 1884 1502 1908 omnia
1514 1883 1613 1908 mumla
1625 1885 1687 1908 sunt
1699 1884 1769 1909 vobis
1777 1893 1785 1915 ,·
1798 1884 1823 1909 01
1834 1884 1911 1909 illud:
1925 1885 2017 1910 Facite

1167 1927 1236 1951 vobis
1256 1927 1351 1951 amieos
1370 1926 1399 1951 de
1418 1934 1567 1951 mammona
1579 1927 1742 1958 iniquitatis,
1756 1929 1786 1952 ut
1798 1934 1855 1952 cum
1868 1926 2017 1959 defeceritis,

1168 1970 1296 2000 recipiant
1313 1977 1357 1995 vos
1377 1970 1404 1994 in
1417 1971 1522 1994 aeterna
1534 1970 1692 1994 habitacula.
1706 1970 1742 1995 De
1755 1970 1849 1995 divitiis
1862 1971 2019 2003 iniquitatis,

1168 2013 1193 2038 id
1212 2013 1250 2038 est
1268 2013 1463 2044 inaequalitatis,
1483 2012 1529 2037 hoc
1554 2012 1604 2043 est,
1624 2020 1686 2044 quae
1705 2014 1776 2038 nobis
1802 2013 1940 2043 abundant,
1964 2021 2020 2039 cum

1168 2057 1224 2081 aliis
1242 2056 1372 2085 deficiant,
1392 2055 1495 2080 facimus
1514 2056 1585 2080 nobis
1604 2057 1709 2086 amicos,
1728 2064 1783 2081 cum
1796 2057 1854 2081 illas
1867 2057 2019 2088 pauperibus

1168 2107 1313 2131 erogamus,
1328 2099 1367 2127 ut,
1383 2100 1403 2124 si
1416 2099 1487 2124 modo
1506 2100 1532 2123 in
1550 2099 1606 2124 illos
1622 2100 1792 2124 misericordes
1811 2100 1954 2129 existimus,
1974 2107 2018 2131 per

1167 2143 1224 2167 illos
1244 2142 1301 2173 post
1319 2142 1383 2167 hanc
1402 2142 1479 2167 vitam
1505 2142 1699 2167 misericordiam
1724 2150 1912 2174 consequamur.
1938 2143 2016 2168 Beati

1168 2184 1269 2211 001111Ῑῢ
1288 2186 1471 2216 misericordes,
1491 2186 1614 2216 quoniam
1635 2186 1685 2216 ipsi
1707 2186 1914 2211 miscricordiam
1933 2193 2018 2211 eonse-

2034 857 2061 876 De
2077 857 2121 878 humi

2041 1372 2068 1391 De
2080 1372 2123 1392 alam

2036 1846 2063 1865 De
2071 1846 2122 1870 largit
2131 1851 2132 1876 j

1169 2231 1286 2260 quentur.
1306 2229 1345 2253 Ad
1364 2228 1600 2253 commendationem
1619 2228 1789 2253 abstinentiae
1808 2228 1895 2253 contra
1913 2228 2016 2260 gulam:
2031 2230 2058 2249 De
2069 2229 2127 2272 aggtin

1168 2272 1311 2301 Attendite,
1331 2271 1413 2302 iuquit
1427 2270 1455 2300 ¹⁷,
1474 2278 1506 2295 ne
1523 2272 1665 2302 graventur
1691 2270 1770 2295 eorda
1794 2272 1879 2295 vestra
1908 2271 2018 2302 crapula
2105 2267 2109 2272 ’

1169 2316 1194 2340 et
1217 2315 1345 2346 ebrietate,
1374 2315 1398 2339 et
1424 2314 1587 2345 superveniat
1613 2314 1642 2338 ¹in
1668 2321 1712 2339 vos
1738 2315 1874 2345 repentina
1899 2315 1961 2339 dies.
1984 2314 2018 2338 Et

262 2237 325 2261 quae
343 2229 425 2254 verbis
444 2229 512 2253 illius
530 2236 579 2254 non
599 2228 801 2254 commendetur?
820 2228 898 2253 Nulla
921 2229 1038 2260 profecto.

334 2272 376 2296 29.
396 2272 441 2296 Vis
459 2271 542 2296 autem
561 2272 646 2297 audire
664 2271 740 2296 verba
759 2272 882 2302 breviter,
902 2279 964 2303 quae
989 2272 1110 2303 tanquam

264 2314 324 2339 folia
342 2314 499 2346 refrigerium
518 2315 589 2340 nobis
609 2315 739 2346 praestent
762 2315 793 2340 ab
816 2315 888 2339 aestu
911 2315 1048 2340 vitiorum?
1070 2315 1110 2340 Ad

139 2281 192 2300 Folia
208 2281 247 2300 sive

117 2305 175 2323 verba
196 2306 248 2328 prin-

117 2328 193 2352 cipalia.

326 2487 333 2500 ¹
353 2487 478 2516 chrysost„
496 2488 578 2511 Homil.
596 2488 633 2510 74.
653 2489 717 2517 (alias
734 2488 781 2517 75.)
805 2489 828 2510 in
850 2489 926 2511 Matth.
944 2495 968 2511 n.
986 2490 1011 2517 3;
1030 2490 1107 2516 Hilar„

262 2520 284 2542 in
302 2520 379 2542 Manu.
399 2526 418 2542 c.
436 2519 472 2542 24.
490 2526 514 2542 n.
536 2520 540 2541 1
552 2520 556 2541 1
569 2529 574 2547 ;
587 2520 691 2547 August,
704 2520 718 2542 1.
732 2520 774 2548 Qq.
788 2521 933 2548 Evangelior.
945 2527 968 2549 q.
983 2521 1025 2548 363
1038 2521 1108 2548 Beda,

262 2552 284 2573 in
301 2552 377 2573 Malui.
394 2552 436 2578 22,
455 2551 492 2573 37.
509 2550 554 2574 Csr.
573 2554 627 2573 tom.
640 2551 686 2574 Vll.
703 2557 757 2579 pag.
776 2551 833 2580 357,
851 2555 903 2574 uota
916 2553 937 2574 5.
950 2564 980 2568 —
996 2552 1108 2580 Superius

261 2589 304 2611 pro
323 2581 392 2610 Quod
409 2582 447 2611 (ita
466 2584 483 2604 A
495 2582 518 2610 Β)
538 2583 594 2605 Bon.
610 2589 663 2605 cum
681 2583 717 2605 ed.
741 2583 744 2604 1
769 2582 838 2610 Quia.

324 2613 333 2626 ²
351 2615 381 2636 lta
399 2614 455 2641 AB;
474 2615 529 2636 Bon.
547 2620 600 2636 curn
618 2614 654 2636 ecl.
677 2615 681 2635 1
704 2615 800 2643 [strumo.

325 2644 333 2657 ³
351 2645 406 2673 Cap.
419 2645 461 2673 53,
475 2645 496 2667 4.
508 2658 537 2661 -
550 2646 663 2673 Superius
676 2651 717 2673 pro
730 2645 881 2675 coyaoscitar
898 2646 916 2668 A
926 2646 942 2668 Β
959 2645 1107 2675 aqnosciiur.

323 2676 333 2688 ⁴
350 2676 395 2699 Csr.
412 2683 481 2704 supra
501 2683 554 2704 pag.
576 2677 629 2703 171,
648 2680 699 2699 nota
717 2677 739 2698 9.

324 2707 333 2719 ⁵
351 2709 412 2730 loan.
428 2708 455 2735 7,
474 2707 510 2729 46.
529 2708 584 2730 Bon.
602 2708 666 2730 addit
682 2707 744 2731 sicut
760 2707 797 2731 bie
814 2708 884 2731 bomo
902 2708 1015 2738 loquitur.
1033 2721 1064 2725 —
1077 2709 1108 2730 ln-

262 2739 332 2761 serius
350 2742 401 2767 post
414 2745 459 2768 per
475 2738 534 2768 folia
551 2740 568 2761 A
581 2740 597 2761 B
615 2740 703 2762 addunt
721 2739 856 2762 verborum.

324 2769 334 2782 ⁶
352 2771 411 2792 ioan.
429 2771 455 2797 6,
473 2771 509 2792 68.
528 2774 550 2793 01
572 2771 657 2793 deinde
677 2778 700 2793 v.
723 2771 759 2793 69.
785 2784 813 2787 —
836 2772 929 2794 inferius
952 2778 994 2799 pro
1020 2773 1042 2794 et
1066 2777 1108 2794 nos

263 2801 302 2829 (ita
319 2801 356 2823 ed.
378 2802 382 2823 Ι
404 2808 457 2823 cum
475 2802 492 2823 A
503 2802 528 2831 B)
548 2802 602 2824 Bon.
620 2802 643 2825 ia
660 2804 695 2825 est
710 2808 766 2830 nos,
789 2808 831 2830 pro
854 2802 901 2825 alio
926 2802 1025 2826 ibimus?
1043 2802 1110 2826 Absit

263 2833 301 2862 (ita
319 2833 384 2861 Bon.)
402 2834 418 2855 A
431 2833 446 2854 Β
462 2832 494 2855 ad
506 2839 575 2862 quem
588 2833 673 2856 ibimus
684 2833 726 2856 abs
739 2835 776 2856 le?
789 2834 824 2856 ed.
848 2835 852 2856 1
874 2833 906 2857 ad
922 2840 992 2863 quem
1004 2833 1107 2857 ibimus?

261 2863 334 2887 Absit.
916 2865 924 2878 7
942 2866 996 2888 Luc.
1019 2866 1052 2893 11,
1070 2865 1107 2887 27.

325 2893 334 2907 ⁸
351 2895 479 2922 Respicitur
496 2896 571 2917 Matln.
585 2897 626 2922 10,
639 2897 667 2918 32
677 2905 681 2918 ;
693 2896 773 2918 Omnis
786 2902 849 2924 ergo,
861 2897 901 2925 qui
913 2897 1059 2919 confitebitur
1071 2903 1108 2919 me

262 2932 340 2948 coram
358 2926 502 2953 hominibus,
520 2927 647 2949 confitebor
661 2930 683 2949 et
695 2934 739 2955 ego
756 2934 809 2949 euin
828 2934 904 2950 coram
919 2928 983 2950 Patre
996 2934 1048 2950 meo
1065 2930 1107 2950 etc.

263 2970 291 2973 -
310 2957 443 2986 Sequuntur
461 2958 536 2979 Manu.
554 2958 580 2985 7,
598 2959 638 2980 ‘231
658 2959 779 2987 Nunquam
797 2959 850 2981 novi
868 2965 921 2987 vos;
945 2961 985 2982 cfr.
1003 2960 1044 2987 25,
1067 2960 1107 2981 12:

262 2988 342 3011 Nescio
360 2995 412 3016 vos;
431 2988 486 3011 ibid.
505 2995 527 3011 v.
546 2989 587 3011 41:
607 2990 719 3012 Discetlite
737 2996 748 3012 a
767 2996 803 3012 me
820 2993 875 3017 etc.,
890 2993 949 3012 etv.
967 2990 1008 3013 34:
1027 2991 1108 3013 Venite

262 3022 305 3042 etc.
321 3032 352 3036 —
370 3020 411 3042 Pro
428 3020 566 3049 confessuro
584 3021 638 3043 Bon.
656 3021 794 3050 consessura
814 3022 847 3050 (z).

1227 2488 1237 2501 ⁹
1254 2489 1299 2511 Csr.
1317 2489 1393 2511 Manu
1413 2488 1439 2515 4,
1458 2488 1545 2510 ’18-22.
1563 2490 1585 2510 et
1597 2488 1622 2515 9,
1635 2488 1656 2510 9.
1670 2487 1708 2517 (de
1720 2488 1849 2516 matthaeo).
1863 2500 1892 2503 —-
1907 2488 2018 2516 Superius

1165 2527 1207 2549 pro
1228 2520 1344 2543 Viderunt
1359 2520 1404 2543 AB
1426 2519 1545 2542 Videt-om.

1228 2551 1247 2564 ¹⁰
1265 2552 1341 2574 Matth.
1360 2552 1401 2580 20,
1420 2551 1461 2579 26,
1479 2554 1532 2579 post
1549 2556 1620 2579 quem
1637 2557 1660 2573 v.
1678 2551 1715 2572 28.
1733 2553 1756 2572 et
1772 2551 1827 2573 Luc.
1845 2550 1887 2579 tt,
1907 2551 1944 2573 1111,
1966 2550 2016 2579 (cfr.

1165 2584 1242 2605 Manu.
1260 2584 1302 2609 23,
1325 2583 1377 2611 12).

1230 2614 1248 2626 ¹¹
1275 2615 1350 2636 Mattn.
1379 2614 1420 2641 11,
1445 2614 1487 2640 29,
1513 2613 1597 2636 deinde
1622 2613 1648 2641 5,
1675 2613 1701 2640 4,
1726 2612 1766 2635 ubi
1784 2619 1827 2641 pro
1853 2612 2018 2636 hereditabunt

1165 2644 1448 2699 νυἰςῗέῑιῚΙχνιέἰςξὶ”ιίέὺῐι411χϊ,“
1466 2646 1505 2667 cfr.
1523 2645 1559 2667 Ps.
1577 2645 1614 2671 36,
1634 2645 1669 2667 Μ.

1240 2686 1248 2689 -
1266 2685 1271 2699 1
1288 2683 1299 2699 a
1338 2695 1342 2699 .
1360 2686 1382 2703 o,
1420 2686 1437 2699 k.
1456 2683 1480 2699 se
1500 2693 1505 2698 .

1228 2708 1247 2721 ¹³
1264 2709 1342 2731 Mattli.
1359 2709 1402 2735 26,
1421 2708 1462 2735 41,
1479 2682 1532 2735 gost
1549 2713 1620 2736 quem
1638 2708 1692 2730 Luc.
1714 2707 1754 2734 18,
1774 2707 1793 2729 11.
1811 2719 1843 2723 -
1860 2707 1955 2729 inferius
1973 2713 2016 2735 pro

1164 2739 1205 2762 secl
1221 2739 1291 2762 eiiam
1309 2739 1419 2762 desiderii
1437 2739 1475 2767 (ita
1493 2740 1511 2761 A
1523 2739 1549 2767 B)
1568 2739 1624 2761 Bon.
1640 2745 1694 2761 cum
1712 2738 1749 2761 ed.
1774 2739 1778 2760 1
1800 2737 1842 2761 sed
1858 2737 1993 2761 devotionis.

1229 2770 1248 2783 ¹⁴
1267 2771 1335 2793 Exod.
1359 2771 1396 2799 14,
1417 2771 1450 2793 15Δ
1470 2770 1575 2792 Subinde
1592 2770 1702 2798 allegatur
1720 2771 1755 2792 Ps.
1767 2770 1780 2792 9
1794 2769 1934 2798 (secuudum
1946 2769 2015 2792 Hebr.

1167 2802 1226 2831 =10.)‚
1249 2803 1281 2825 17.
1299 2815 1330 2819 —
1347 2803 1442 2824 Inferius
1458 2808 1499 2830 pro
1513 2801 1578 2824 Umle
1590 2801 1677 2824 dicitur
1690 2801 1730 2830 (ita
1747 2801 1765 2823 A
1776 2802 1799 2829 B)
1819 2802 1874 2823 Bon.
1886 2807 1940 2823 curn
1952 2801 1989 2823 ed.
2003 2801 2011 2823 1

1167 2833 1232 2856 Unde
1250 2833 1374 2857 Dominus.

1228 2865 1248 2877 ¹5
1265 2866 1318 2887 Luc.
1340 2865 1378 2892 11,
1398 2865 1439 2892 41,
1457 2865 1493 2887 cui
1511 2863 1655 2887 subnectitur
1672 2864 1726 2886 Luc.
1746 2864 1782 2891 16,
1800 2864 1822 2886 9.
1834 2863 1880 2886 Csr.
1892 2866 1948 2886 tom.
1969 2863 2015 2885 V11.

1165 2902 1218 2924 pag.
1237 2896 1294 2924 408,
1313 2899 1365 2918 nota
1383 2896 1409 2922 5,
1428 2896 1466 2918 ubi
1485 2896 1514 2918 de
1532 2896 1617 2918 divitiis
1640 2896 1777 2924 iniquilatis,
1800 2895 1823 2917 id
1847 2898 1881 2917 est
1903 2895 2016 2924 inaequa-

1165 2927 1245 2955 litatis,
1263 2928 1349 2956 quibus
1366 2930 1515 2955 opponuntur
1532 2927 1626 2949 divitiae
1643 2927 1775 2956 iniquitatis,
1793 2927 1862 2949 idest
1880 2926 2015 2949 iniustitiae.

1228 2958 1247 2971 ¹⁶
1264 2960 1292 2981 Ut
1309 2959 1392 2981 dicitur
1410 2959 1486 2981 Matth.
1504 2959 1531 2985 5,
1549 2958 1571 2980 7.

1229 2989 1248 3002 ¹⁷
1265 2991 1319 3012 Luc.
1337 2991 1361 3012 24
1372 3007 1378 3017 ,
1396 2990 1433 3012 34,
1452 2989 1561 3012 Parabola
1574 2990 1603 3012 de
1615 2990 1687 3012 divite
1704 2990 1803 3017 epulone
1821 2992 1843 3012 et
1853 2989 1938 3011 Lazaro
1951 2995 2016 3011 men-

1164 3022 1216 3044 dico
1235 3021 1332 3044 babetur
1350 3022 1404 3044 Luc.
1424 3022 1464 3049 16,
1483 3022 1521 3043 119.
1533 3027 1597 3050 seqq.
