2133 3317
108 683 222 702 Adoraudus

96 707 171 726 divinus
178 711 232 730 puer.

97 1492 232 1510 Praesentatur

109 1520 144 1539 per
164 1514 232 1538 gratia-

109 1544 151 1558 rum
174 1538 231 1557 actio-

108 1567 159 1582 nem.

97 1916 186 1935 Portetur
199 1916 227 1934 di-

108 1940 163 1958 vinus
180 1945 227 1963 puer

108 1963 129 1981 111
136 1964 227 1986 templum

110 1987 226 2005 Divinitatis.

243 221 280 249 94
657 218 853 247 OPUSCULUM
875 218 916 246 lV.
940 218 983 246 DE
1004 218 1027 246 V
1048 218 1320 248 FESTIVITATIBUS.
1343 219 1530 248 FESTIVITAS
1552 220 1583 248 V.

243 298 415 327 fructuosam
438 297 653 330 confessionem,
674 296 792 325 dulcedo
821 296 946 325 caelestis
974 299 1097 325 contem-

242 345 385 382 plationis,
407 344 601 373 consolationis
621 343 770 380 aliquando
798 343 870 371 inter
891 342 1096 371 abundantissi-

243 400 301 421 mas
323 393 458 428 lacrymas
489 391 669 427 degustatur,
691 398 755 419 cum
787 390 888 423 oratio,
921 397 1005 426 quem
1026 397 1096 426 pene

242 439 433 476 desperantem
456 437 576 471 invenit,
598 437 763 474 gaudentem
785 439 813 465 et
832 436 866 465 de
880 436 961 465 venia
981 444 1096 473 praesu-

242 489 365 514 mentem
390 484 588 521 derelinquit1.
621 484 644 512 Ο
675 484 742 512 felix
774 484 875 518 Maria,
897 492 913 512 a
943 492 999 520 qua
1021 484 1096 512 Iesus

243 532 407 568 concipitur,
428 531 462 560 de
483 539 539 568 qua
559 531 698 565 nascitur,
720 534 747 559 et
768 538 832 559 cum
854 539 910 568 qua
930 534 986 559 tam
1008 530 1095 559 dulci*

243 582 287 608 ter
309 582 336 607 et
356 578 509 615 gaudenter
532 578 607 607 Iesus
628 578 789 607 invenitur!

323 626 350 654 lt.
378 625 428 654 Sed
461 628 488 654 et
516 633 565 654 vos
596 632 689 662 reges,
718 624 746 653 id
776 628 817 654 est
844 625 959 654 devotae
990 625 1097 654 animae

243 673 317 702 vires
342 672 500 706 naturales,
523 671 649 708 quaerite
674 680 737 701 cum
764 671 877 709 regibus
897 672 1035 707 terrenis,
1064 675 1096 701 ut

243 719 371 748 adoretis
392 722 419 748 et
440 718 569 756 offeratis
590 727 717 747 munera
732 719 751 747 ².
775 719 905 747 Adorate
926 727 990 747 cum
1019 727 1094 748 reve—

242 767 347 801 rentia,
369 766 436 803 quia
457 770 573 794 creator
594 769 621 795 et
649 766 813 803 redemptor
834 769 861 795 et
889 769 1095 794 remunerator

243 817 299 843 est:
322 817 438 843 creator
452 813 480 842 in
496 813 631 842 naturalis
645 813 718 842 vitae
732 813 909 848 formatione,
931 813 1095 850 redemptor

243 861 270 889 in
293 860 446 898 spiritualis
460 860 533 889 vitae
554 860 765 895 reformatione,
780 864 987 889 remunerator
1008 860 1036 889 in
1051 868 1095 889 ae-

1154 298 1249 325 ternae
1263 297 1334 326 vitae
1350 297 1502 326 collatione.
1515 297 1537 326 O
1553 305 1601 326 vos
1615 305 1704 334 reges,
1719 297 1831 326 adorate
1846 306 1909 327 cum
1925 306 2002 328 reve-

1153 343 1255 377 rentia,
1270 344 1336 380 quia
1350 352 1402 372 rex
1417 344 1640 380 potentissimus;
1656 343 1768 373 adorate
1783 352 1846 373 cum
1864 344 2001 379 decentia,

1153 390 1219 427 quia
1239 391 1370 427 magister
1398 391 1635 427 sapientissimus;
1657 391 1769 420 adorate
1794 399 1858 420 cum
1886 392 2001 426 laetitia,

1153 437 1219 474 quia
1240 437 1369 474 princeps
1390 437 1600 466 liberalissimus
1611 438 1631 465 ³.
1652 453 1692 457 ——
1713 438 1767 466 Nec
1788 438 1908 467 sufficiat
1925 438 2002 467 vobis
2016 446 2080 489 {gedig
2089 448 2117 491 33¹1

2051 498 2100 513 nera.

1153 484 1290 518 adoratio,
1311 484 1362 513 nisi
1379 484 1580 513 concomitetur
1601 484 1716 513 oblatio.
1738 484 1853 519 Oft'erte,
1875 485 2002 522 inquam,

1153 540 1264 559 aurum
1296 531 1450 560 dilectionis
1481 530 1705 565 ardentissimae,
1727 531 1823 561 offerte
1852 530 1918 560 thus
1939 540 2003 561 con-

1153 578 1338 615 templationis
1352 577 1553 611 devotissimae,
1568 577 1727 616 myrrham
1741 578 1915 607 contritionis
1929 587 2003 607 ama-

1153 625 1297 654 rissimae:
1326 633 1429 653 aurum
1456 624 1611 654 dIlectionis
1638 628 1753 662 propter
1782 625 1857 653 bona
1878 625 2000 660 collata,

1155 672 1219 700 thus
1240 671 1394 700 devotionis
1422 674 1536 708 propter
1555 672 1672 709 gaudia
1697 675 1901 709 praeparata,
1928 680 2003 709 myr—

1153 719 1232 747 rham
1249 718 1422 747 contritionIS
1436 721 1550 755 propter
1562 722 1683 755 peccata
1695 723 1884 756 perpetrata;
1899 727 2001 748 aurum

1153 766 1249 794 oss'erte
1270 768 1399 794 aeternae
1423 765 1591 799 Divinitati,
1614 765 1681 794 thus
1699 765 1818 794 animae
1838 765 2002 800 sctnetitati,

1154 813 1296 850 myrrham
1313 812 1446 849 corporis
1458 812 1659 849 passibilitati.
1673 829 1711 833 —
1722 812 1765 841 Sic
1779 821 1846 850 ergo
1860 812 2001 850 quaerite,

1153 860 1280 894 adorate,
1304 867 1351 888 vos
1372 859 1495 893 animae,
1517 862 1545 888 et
1565 859 1662 888 offerte
1672 860 1693 887 4.

1020 995 1179 1023 Fsssrivtras
1200 995 1231 1022 V.

496 1119 644 1155 Quomodo
667 1119 763 1148 Filius
785 1119 838 1147 Dei
858 1127 877 1147 a
898 1118 1000 1147 devota
1022 1117 1126 1146 anima
1147 1117 1344 1154 spiritualiter
1365 1121 1566 1155 praesentetur
1587 1118 1619 1146 in
1641 1117 1751 1155 templo.

328 1243 352 1271 1.
376 1242 478 1279 Quinto
499 1244 527 1270 et
547 1241 646 1270 ultimo
668 1241 824 1270 consideret
844 1241 943 1270 devota
963 1240 1055 1269 anima
1068 1243 1096 1269 et

243 1289 347 1324 fidelis,
370 1289 490 1326 qualiter
510 1292 600 1317 natus
621 1288 757 1325 parvulus
779 1296 829 1325 per
850 1288 1009 1317 divinorum
1031 1295 1096 1324 ope-

244 1344 308 1365 rum
330 1336 596 1365 consummationem
620 1338 646 1364 et
667 1335 839 1364 nominatus
859 1343 910 1372 per
936 1334 1095 1363 caelestium

244 1383 421 1412 dulcedinum
444 1383 663 1420 degustationem
685 1384 712 1411 et
732 1382 884 1420 qitaesitus
902 1385 929 1411 et
952 1382 1095 1416 inventus,

244 1431 389 1459 adoratus
411 1434 438 1459 et
459 1429 621 1458 honoratus
651 1438 701 1466 per
732 1430 919 1466 spiritualium
945 1437 1096 1457 munerum

244 1477 493 1515 praesentationem
515 1477 541 1505 in
565 1477 700 1513 templum
723 1476 758 1505 sit
770 1476 1023 1513 praesentandzw,
1043 1476 1097 1504 Do-

244 1525 320 1553 mino
341 1524 499 1553 offerendus
510 1524 530 1558 ⁵,
553 1526 580 1552 et
602 1524 654 1552 hoc
675 1532 724 1560 per
742 1523 909 1552 debitarum
923 1523 1097 1560 qratiarum

244 1571 376 1600 devotam
397 1574 421 1599 et
442 1570 580 1599 humilem
602 1571 752 1599 actionem.

325 1619 411 1656 Igitur
434 1621 579 1655 postquam
602 1618 669 1646 felix
690 1618 775 1646 Maria
785 1618 806 1651 ⁶,
828 1620 917 1646 mater
932 1617 993 1646 lesu
1015 1617 1096 1653 spiri-

244 1666 342 1700 tualis,
372 1669 413 1695 est
443 1674 493 1703 per
524 1665 605 1694 istius
636 1665 772 1694 benedicti
804 1665 853 1693 filii
885 1664 1096 1701 conceptionem

243 1716 362 1750 purgata
383 1721 433 1750 per
455 1712 666 1749 poenitentiam,
689 1715 835 1749 postquam
861 1711 1019 1749 aliqualiter
1041 1711 1095 1739 iam

243 1768 294 1797 per
314 1760 497 1788 nativitatem
519 1759 672 1788 confortata
703 1767 753 1796 per
782 1759 916 1796 gratiam,
948 1761 1095 1795 postquam

243 1808 329 1843 etiam,
348 1810 390 1836 est
411 1807 464 1836 iam
486 1815 536 1844 per
566 1806 778 1844 impositionem
807 1806 946 1835 benedieti
966 1805 1095 1834 nominis

244 1855 383 1883 consolata
404 1854 582 1888 medullitus,
604 1856 631 1883 et
652 1853 762 1882 tandem
785 1853 811 1881 in
834 1853 1008 1881 adoratione
1031 1861 1094 1881 cum

243 1902 357 1939 regibus
378 1904 420 1931 est
450 1901 599 1930 informata
629 1901 777 1935 divinitus3
800 1900 868 1938 quid
895 1899 971 1929 aliud
993 1902 1094 1934 restat,

243 1949 296 1978 nisi
317 1952 349 1978 ut
370 1949 398 1978 111
420 1948 567 1978 caelestem
582 1948 742 1977 Ierusalem
756 1950 901 1984 portetur,
917 1947 945 1975 in
960 1947 1094 1984 templum

244 1996 401 2025 Divinitatis
431 2000 459 2025 et
490 1998 683 2033 praesentetur
714 1995 805 2030 Deus,
837 1994 885 2023 Dei
918 1997 945 2023 et
976 1994 1096 2031 Virginis

244 2043 350 2072 Filius?

1234 1241 1259 1269 2.
1280 1240 1400 1269 Ascende
1421 1240 1516 1277 igitur,
1538 1239 1691 1277 spiritualis
1712 1240 1809 1275 Maria,
1831 1248 1885 1269 non
1908 1241 2005 1269 iamin

1153 1290 1284 1315 montana
1297 1287 1316 1321 ⁷,
1339 1287 1386 1315 sed
1408 1286 1436 1315 in
1457 1287 1582 1316 caelestis
1604 1287 1752 1316 Ierusalem
1782 1287 1953 1322 habitacula,
1975 1287 2002 1316 in

1154 1342 1291 1371 supernae
1313 1334 1431 1362 civitatis
1453 1334 1561 1370 palatia.
1584 1334 1621 1362 Ibi
1643 1337 1706 1362 ante
1722 1334 1855 1362 thronum
1875 1336 2004 1363 aeternae

1154 1381 1295 1409 Trinitatis
1317 1384 1344 1410 et
1365 1381 1523 1409 individuae
1544 1381 1660 1410 Unitatis
1675 1381 1755 1410 flecte
1769 1381 1913 1410 humiliter
1927 1389 2005 1410 men-

1154 1428 1189 1456 tis
1209 1436 1315 1465 genua;
1346 1428 1382 1456 ibi
1414 1428 1470 1456 Deo
1498 1428 1570 1456 Patri
1599 1428 1688 1456 filium
1719 1430 1799 1456 tuum
1828 1430 2006 1465 repraesenta

1154 1475 1300 1509 laudando,
1312 1474 1491 1512 glorificando
1502 1478 1529 1503 et
1544 1475 1730 1504 benedicendo
1745 1475 1853 1503 Patrem
1865 1478 1892 1504 et
1906 1475 2005 1503 Filium

1154 1531 1218 1551 cum
1240 1526 1334 1551 sancto
1356 1522 1469 1558 Spiritu.
1485 1522 1578 1551 Lauda
1593 1530 1657 1551 cum
1672 1522 1758 1551 iubilo
1772 1522 1861 1551 Deum
1883 1522 2004 1557 Patrem,

1154 1578 1203 1606 per
1225 1569 1306 1598 cuius
1334 1569 1543 1606 inspirationem
1571 1569 1675 1598 bonum
1709 1569 1883 1606 propositum
1911 1576 2006 1598 conce—

1154 1616 1226 1653 pisti.
1249 1616 1378 1644 Glorifica
1398 1616 1427 1644 111
1448 1615 1528 1644 laude
1540 1615 1551 1632 8
1572 1616 1661 1644 Deum
1676 1616 1788 1650 Filium,
1804 1624 1854 1652 per
1869 1616 1950 1644 cuius
1964 1616 2003 1644 in-

1154 1663 1346 1691 formationem
1369 1666 1535 1700 conceptum
1557 1663 1730 1700 propositum
1752 1671 1836 1700 opere
1857 1663 2004 1700 perfecisti.

1154 1710 1270 1739 Benedic
1291 1713 1318 1738 et
1346 1710 1486 1739 sanctifica
1515 1710 1604 1739 Deum
1633 1710 1767 1747 Spiritum
1789 1712 1932 1744 sanctum,
1954 1718 2004 1746 per

1154 1757 1235 1786 cuius
1256 1757 1469 1786 consolationem
1492 1757 1519 1785 111
1541 1757 1614 1786 110110
1635 1757 1769 1786 exercitio
1786 1757 1921 1786 hactenus
1941 1764 2005 1794 per-

1154 1804 1255 1833 stitistt.

1233 1852 1259 1880 3.
1282 1851 1304 1880 O
1325 1851 1432 1885 anima,
1454 1851 1543 1880 Deum
1565 1852 1687 1880 Patrem
1715 1851 1743 1880 in
1771 1851 1900 1880 omnibus
1927 1850 2006 1880 donis
2023 1861 2124 1905 Qum}

1154 1899 1211 1928 suis
1233 1902 1260 1927 et
1280 1899 1360 1927 bonis
1386 1899 1440 1927 tuis
1468 1898 1608 1935 glorifica,
1637 1898 1703 1935 quia
1731 1898 1788 1936 ipse
1817 1901 1873 1933 est,
1903 1898 1951 1935 qui
1979 1901 2006 1927 te

1153 1946 1187 1975 de
1208 1946 1319 1975 saeculo
1340 1954 1389 1983 per
1412 1946 1549 1974 occultam
1578 1945 1787 1983 inspirationem
1818 1945 1943 1974 evocavit
1964 1945 2005 1974 di-

1154 2001 1218 2022 cens
1230 1993 1257 2021 ⁹:
1280 1994 1443 2027 Revertere,
1459 1996 1610 2027 reuertere,
1627 1993 1792 2021 Sunanzitis
1808 2009 1844 2013 -—
1860 1993 1940 2021 cuius
1955 2000 2005 2021 ex-

1153 2040 1316 2077 positionem
1332 2047 1435 2077 quaere
1457 2047 1543 2076 supra
1564 2040 1591 2068 in
1612 2040 1665 2068 alio
1687 2042 1807 2068 tractatu
1829 2039 2005 2068 meditatione

308 2281 316 2293 ¹
334 2281 456 2308 Beruard.,
474 2281 548 2303 Scrm.
566 2281 602 2303 32.
621 2281 644 2302 111
661 2280 724 2303 Cant.
742 2287 765 2302 n.
783 2281 812 2303 3:
830 2280 924 2309 Quoties
947 2286 984 2302 me
1006 2280 1094 2307 oratio,

244 2327 315 2350 quem
332 2327 393 2348 pene
405 2320 566 2348 desperantem
579 2320 692 2347 suscepit,
710 2319 811 2342 reddidit
826 2320 976 2342 exsultantem
995 2322 1017 2341 et
1032 2325 1095 2347 prae-

244 2362 375 2383 sumentem
393 2360 422 2382 de
440 2359 520 2382 venia!
538 2358 584 2382 Cfr.
602 2365 671 2387 supra
689 2365 743 2387 pag.
762 2359 804 2386 50,
821 2361 873 2381 nota
893 2358 914 2380 4.
935 2359 957 2381 in
974 2358 1027 2380 fine.

308 2398 317 2412 2
334 2400 411 2421 illattli.
430 2400 454 2428 2,
481 2399 521 2421 ll:
547 2399 694 2421 Prouidentes
720 2398 877 2421 adoraverunt
894 2404 947 2420 eum
972 2400 993 2420 et
1010 2398 1095 2426 apertis

244 2438 358 2461 thesauris
375 2438 434 2465 suis,
446 2437 579 2460 obtulerunt
596 2438 616 2459 ei
629 2444 724 2459 munera
733 2455 738 2464 ,
755 2444 851 2466 aurum,
869 2439 921 2460 thus
933 2440 955 2459 et
967 2438 1095 2465 myrrham.

243 2491 275 2495 —
293 2479 344 2500 Vat.
361 2484 414 2500 cum
436 2478 478 2500 FG
501 2476 589 2506 (contra
615 2476 748 2505 ABCDE)
773 2477 840 2505 legit:
860 2477 929 2499 «Sed
952 2476 1095 2503 notandum,

244 2518 308 2546 quod
326 2518 388 2540 Iesus
405 2517 524 2546 quaesitus
541 2516 625 2544 legitur
648 2522 660 2538 a
677 2515 786 2545 reyibas,
799 2518 821 2538 et
839 2517 882 2538 1100
899 2519 924 2538 ut
945 2516 1022 2544 ipsum
1041 2522 1095 2538 cum

244 2557 308 2579 0111111
325 2556 453 2579 reverentia
471 2556 604 2583 adorareut;
623 2562 635 2577 a
659 2554 806 2583 doctoribus,
830 2558 854 2577 ut
871 2554 901 2577 ab
924 2555 975 2582 ipso
993 2555 1096 2577 veritatis

244 2596 384 2618 documenta
402 2601 455 2618 cum
473 2601 566 2617 summa
584 2594 699 2622 diligentia
713 2594 819 2616 audirent
837 2593 910 2623 [Ioan.
923 2594 947 2620 3,
967 2594 988 2616 1.
1005 2593 1095 2623 seqq.];

244 2640 256 2656 a
274 2640 374 2664 sponsa,
393 2636 418 2656 ut
434 2640 490 2657 suae
507 2634 626 2656 suavitatis
649 2633 796 2656 dulcedinem
814 2639 856 2661 per
878 2636 964 2655 secreta
982 2633 1095 2661 colloquia

245 2674 378 2702 degustaret
396 2673 469 2702 [Cant.
486 2674 512 2701 3,
531 2674 552 2695 ¹l.
569 2672 660 2702 seqq.];
678 2679 691 2695 a
708 2672 788 2696 Maria
805 2675 889 2700 matre,
908 2675 932 2694 ut
951 2672 1028 2700 ipsum
1045 2678 1096 2700 per-

245 2713 318 2736 ditum
336 2713 446 2741 reperiret
464 2715 486 2735 et
503 2712 532 2734 ab
550 2719 575 2734 ea
594 2718 618 2735 se
630 2712 730 2740 amplius
746 2718 793 2734 non
805 2712 914 2734 alienaret
931 2710 996 2740 [Luc.
1014 2712 1039 2739 2,
1058 2711 1094 2733 43.

245 2752 330 2781 seqq.].
348 2753 384 2775 Sic
402 2758 457 2779 vos,
483 2758 496 2774 0
517 2758 598 2780 reges,
616 2753 660 2774 hoc
680 2754 713 2774 est
738 2751 837 2773 devotae
858 2751 972 2773 animae...
998 2756 1094 2773 munera

245 2792 344 2814 offeratis
356 2800 378 2813 n.
403 2791 507 2814 Subinde
532 2797 574 2819 pro
598 2797 653 2814 cum
677 2790 811 2814 reverentia
835 2789 959 2813 ABCDE
984 2789 1009 2812 in
1033 2796 1096 2813 reee-

245 2830 331 2853 rentt'a.

308 2869 317 2882 ⁵
335 2869 512 2897 Resragantibus
529 2870 547 2892 A
557 2870 573 2891 13
582 2869 599 2892 C
609 2870 627 2891 D
637 2870 664 2896 E,
676 2869 728 2891 Vat.
741 2874 794 2891 011111
812 2869 827 2890 F
837 2868 855 2890 G
868 2868 945 2890 addit:
962 2876 973 2888 ot
984 2868 1094 2895 Adorate,

245 2908 353 2937 inquam,
371 2908 510 2935 gaudenter,
527 2908 581 2936 quia
599 2910 633 2930 est
650 2908 696 2930 dux
713 2907 845 2936 aequitatis3
863 2907 958 2929 adorate
975 2906 1095 2933 decenter,

246 2947 301 2976 quia
319 2949 353 2969 est
369 2947 407 2969 lux
432 2947 550 2974 veritatis;
568 2947 662 2969 adorate
688 2948 815 2974 ferventer,
838 2946 893 2975 quia
911 2949 945 2968 est
965 2946 1001 2968 fax
1017 2945 1095 2968 carita-

246 2987 274 3009 tis
284 2994 307 3008 2).
326 2985 429 3008 Subinde
447 2992 489 3014 pro
507 2985 616 3009 adoratio
635 2986 687 3008 Vat.
703 2985 780 3013 ratio,
799 2988 821 3008 et
836 2991 879 3013 pro
891 2984 1095 3014 contemplationis

246 3026 365 3049 substituit
381 3025 557 3049 consolationis.

1216 2279 1226 2291 ⁴
1245 2280 1294 2301 Vnt.
1312 2285 1365 2301 cum
1387 2279 1441 2305 FG,
1467 2278 1677 2301 contradicentibus
1702 2277 1840 2305 ABCDE,
1865 2278 1948 2300 omittit
1964 2277 2004 2301 Sic

1152 2325 1208 2348 erqo
1227 2318 1344 2348 quaerite,
1362 2317 1473 2346 adorate,
1493 2323 1534 2341 eos
1550 2317 1658 2345 animae,
1676 2318 1698 2340 et
1714 2317 1795 2347 offerte
1811 2320 1833 2340 et
1844 2317 1908 2340 addit
1920 2318 2003 2345 multa,

1151 2364 1212 2386 quae
1228 2358 1322 2379 inferius
1338 2357 1360 2379 in
1377 2357 1539 2379 Additamento
1557 2357 1580 2379 ll.
1599 2356 1720 2379 habentur.

1215 2396 1224 2409 ⁵
1242 2396 1285 2419 Ct'r.
1303 2397 1359 2419 Luc.
1377 2398 1398 2425 2,
1416 2397 1453 2418 22.
1471 2402 1536 2425 seqq.
1553 2408 1585 2412 —
1603 2396 1714 2424 Superius
1735 2401 1777 2423 pro
1800 2394 1937 2418 diuinorum
1954 2401 2003 2425 ope-

1152 2442 1208 2459 ram
1226 2436 1275 2458 Vat.
1294 2435 1445 2459 diversorum
1464 2441 1573 2465 operum.

1215 2474 1225 2487 ⁶
1242 2477 1272 2498 lta
1290 2476 1308 2497 A
1319 2475 1360 2498 BC
1371 2475 1451 2503 DEF,
1471 2475 1520 2497 Vat.
1538 2474 1597 2504 felia:
1613 2474 1705 2497 anima.
1722 2475 1818 2497 interius
1836 2481 1878 2502 pro
1887 2480 1932 2504 per
1943 2474 2003 2498 nati-

1152 2514 1248 2538 uitatem
1266 2515 1316 2537 Vat.
1334 2517 1413 2537 contra
1430 2515 1448 2536 A
1458 2515 1475 2536 B
1485 2514 1501 2536 C
1512 2515 1529 2536 D
1538 2515 1555 2536 E
1569 2515 1624 2543 post
1637 2513 1782 2537 nativitatem
1790 2533 1797 2542 ,
1809 2516 1831 2536 et
1842 2520 1884 2542 pro
1896 2513 1921 2537 in
1933 2513 2003 2537 caele-

1152 2555 1212 2577 stem
1231 2553 1361 2576 Ierusalem
1379 2554 1428 2581 ipsa
1446 2553 1564 2575 substituit
1581 2552 1605 2575 in
1622 2552 1682 2576 caeli
1697 2552 1775 2576 sancti
1791 2552 1929 2576 Ierusalem.

1218 2592 1226 2605 ⁷
1244 2593 1373 2620 Respicitur
1391 2594 1445 2615 Luc.
1464 2593 1484 2620 ¹¹l,
1503 2592 1545 2614 39:
1564 2593 1693 2620 Exsurgeus
1710 2594 1787 2614 autem
1800 2591 1869 2613 Maria
1882 2591 1905 2613 iu
1918 2590 2002 2614 diebus

1153 2632 1195 2654 illis
1212 2631 1268 2654 abiit
1285 2633 1307 2654 in
1326 2635 1441 2654 montana.
1459 2645 1488 2647 —
1507 2631 1601 2654 inferius
1619 2634 1671 2659 post
1692 2630 1829 2654 habitacula
1853 2631 1913 2657 Vnt,
1934 2631 2002 2652 refra-

1153 2670 1262 2699 gantibus
1280 2671 1297 2693 A
1308 2671 1324 2693 Β
1334 2670 1350 2693 C
1361 2671 1378 2693 D
1388 2671 1403 2693 E
1413 2671 1436 2699 F,
1446 2671 1594 2699 prosequitur
1607 2669 1687 2693 beatae
1700 2669 1822 2693 Trinitatis
1834 2671 1855 2693 et
1867 2669 2003 2692 individuae

1154 2709 1263 2733 Unitatis.
1282 2709 1359 2733 Flecte
1376 2709 1497 2733 humiliter
1515 2709 1589 2732 menti
1605 2708 1660 2738 [sic]
1677 2714 1756 2738 yenua
1772 2708 1797 2731 in
1813 2714 1932 2738 supernae
1950 2707 2002 2731 eiri-

1153 2749 1207 2772 tatis
1221 2749 1326 2779 palatia,
1347 2748 1378 2772 ibi
1394 2750 1448 2772 ante
1464 2748 1580 2772 thronum
1596 2747 1743 2771 aeternitatis
1764 2748 1812 2771 Deo
1834 2746 1904 2770 Patri
1924 2746 2002 2777 filium

1152 2790 1221 2811 tuum
1239 2788 1267 2817 [B
1285 2788 1368 2811 omittit
1385 2787 1462 2817 titum]
1479 2789 1633 2817 repraesenta
1650 2790 1692 2810 etc.

1215 2826 1225 2839 ⁸
1243 2828 1273 2849 lta
1290 2829 1307 2850 Α
1318 2827 1422 2854 BCDE,
1442 2827 1492 2849 Vat.
1509 2833 1564 2850 eum
1581 2825 1677 2856 yattdio.

1215 2866 1225 2879 ⁹
1242 2866 1305 2889 Cant.
1323 2867 1350 2894 6,
1373 2868 1407 2889 12.
1423 2879 1455 2883 —
1472 2867 1502 2889 Ex
1519 2865 1589 2889 ABC
1600 2866 1644 2888 DE
1660 2865 1823 2894 supplevimus
1839 2864 1907 2888 euius
1932 2870 2002 2894 θευμο-

1152 2905 1261 2929 sitionem
1279 2912 1367 2935 quaere
1383 2912 1460 2935 supra
1486 2905 1510 2928 in
1536 2905 1583 2928 alio
1603 2906 1708 2928 tractatu
1733 2904 1883 2928 meditatione
1905 2903 2000 2933 prima,

1152 2946 1238 2967 scilicet
1254 2946 1371 2973 Opusculo
1388 2946 1413 2967 11.
1431 2945 1522 2973 Soliloq.
1535 2945 1588 2967 0.1.
1605 2951 1628 2967 n.
1647 2945 1683 2967 37.
1702 2950 1750 2973 seq.
1768 2944 1808 2966 His
1825 2942 1903 2966 verbis
1920 2942 2002 2965 confir-

1152 2987 1241 3012 matur,
1259 2987 1385 3013 utrumque
1401 2985 1540 3012 opusculum
1559 2989 1609 3006 esse
1626 2984 1731 3006 eiusdem
1749 2982 1861 3010 auctoris,
1876 2988 1929 3004 cum
1940 2982 2001 3004 nulla

1153 3024 1240 3046 ratione
1257 3023 1381 3052 probetur,
1398 3024 1440 3046 ista
1457 3023 1529 3046 verba
1548 3029 1599 3046 esse
1615 3022 1768 3051 supposititia.

2042 1250 2123 1270 Ascende

2022 1273 2066 1292 dum
2078 1274 2097 1293 in
2105 1279 2124 1293 ca

2021 1297 2088 1316 lestem
2098 1297 2123 1317 lei·
2132 1306 2133 1309 ¹

2022 1321 2086 1340 salem.

2022 2049 2036 2068 Ν
2041 2049 2123 2068 utendum
