2133 3317
359 259 412 281 ΕΒΗ

157 533 265 554 Eumens
275 544 306 547 —
318 531 412 559 spiritus
425 534 458 553 est
475 534 571 560 quartus
589 531 675 559 gradus

108 571 208 594 caritatis
224 574 246 593 et
262 571 334 593 oritur
345 577 372 593 ex
383 570 500 593 saturitate
523 571 547 592 10
565 571 589 592 10
602 583 632 587 —
645 571 674 593 Ex

109 610 220 633 ebrietate
237 610 309 632 oritur
326 609 438 632 securitas
455 609 484 632 ib.
506 610 526 631 11
543 622 574 626 —
591 610 673 632 Anima

110 650 198 672 anhelat
217 649 245 672 ad
271 648 405 671 ebrietatem
431 649 573 676 spiritualem
597 649 622 670 51
649 649 674 670 19

108 701 140 705 -
151 688 270 717 quomodo
281 688 414 717 quaerenda
427 688 455 710 sit
467 688 496 710 52
510 688 538 710 20
550 700 578 703 -
591 687 674 710 Ebrius

109 733 133 751 se
150 727 226 755 ipsum
253 727 355 749 denudat
379 726 428 749 sine
453 727 543 755 pudore
564 730 586 749 et
609 727 674 749 susti-

109 769 148 789 net
164 767 245 794 plagas
261 766 310 788 sine
327 766 406 788 dolore
428 766 453 788 10
475 767 501 788 10

157 806 259 828 Ecetesm
277 818 307 821 —-
324 808 358 827 est
378 811 462 833 sponsa
488 804 570 827 Christi
589 805 618 827 84
637 805 673 827 44.

113 845 154 867 176
173 845 186 866 2
203 856 234 861 -
251 847 285 866 051
301 850 386 872 sponsa
403 843 486 867 Christi
498 847 520 866 et
533 847 606 866 mater
618 844 674 866 fide-

109 883 166 906 lium
184 884 224 905 311
248 884 261 905 2
280 896 309 898 -
326 886 360 905 051
376 889 461 911 corpus
486 882 570 905 Christi
587 883 616 905 83
636 883 674 905 40.

113 922 154 945 176
172 923 185 945 2
198 934 228 939 -
240 925 274 945 051
291 928 376 950 corpus
393 922 474 944 Christi
493 922 615 950 mysticum
629 922 672 944 100

109 962 131 984 2.
152 961 194 984 103
213 961 241 983 13
258 974 289 976 -
306 963 339 983 051
355 967 441 988 corpus
458 960 540 983 Christi
553 961 673 988 spirituale

113 1000 154 1022 184
172 1001 186 1022 2
203 1012 234 1016 -
249 1000 334 1022 11101101
351 999 458 1022 columba
471 1000 516 1022 309
530 999 557 1021 14
569 1012 600 1016 -
612 999 673 1022 Chri-

109 1042 158 1062 stus
174 1042 208 1061 est
225 1042 295 1067 caput
311 1039 425 1061 Ecclesiae
446 1039 490 1060 103
513 1039 538 1060 13
556 1051 587 1054 -
603 1045 673 1066 rege-

109 1080 169 1101 tatur
187 1083 199 1100 a
216 1078 291 1106 capite
303 1077 356 1100 ibid.
370 1090 398 1093 -
412 1077 555 1105 significatur
567 1077 671 1100 navicula

109 1117 168 1140 Petri
185 1117 229 1139 377
253 1117 274 1138 11
296 1130 324 1133 —
343 1116 485 1144 significatur
501 1117 593 1144 populis
610 1116 674 1139 Chri-

109 1146 144 1179 sto
163 1159 272 1185 tanquam
290 1156 340 1184 regi
357 1155 531 1178 occurrentibus
548 1155 578 1177 74
597 1155 625 1177 15
641 1168 673 1172 -

108 1194 212 1218 Christus
229 1196 251 1217 in
277 1201 346 1218 cruce
370 1201 413 1223 pro
431 1195 530 1217 Ecclesia
552 1201 576 1217 se
594 1195 673 1218 dereli-

109 1238 171 1258 ctum
188 1234 295 1257 clamavit
313 1234 356 1256 176
375 1235 388 1256 2
401 1246 431 1250 -
448 1235 543 1257 formata
557 1237 591 1257 est
602 1234 631 1256 de
645 1235 672 1256 la-

108 1277 156 1297 tere
172 1273 254 1296 Christi
272 1273 301 1295 79
319 1273 349 1295 30
366 1285 397 1290 —-
414 1273 506 1296 collecta
524 1276 558 1295 est
574 1279 602 1295 ex
619 1273 672 1296 fide-

108 1313 169 1335 libus
186 1315 295 1341 tanquam
313 1319 338 1335 ex
357 1312 434 1340 granis
451 1314 474 1334 et
490 1313 588 1335 racemis
604 1313 645 1334 100
658 1313 671 1334 2

108 1364 139 1368 ·-
156 1351 234 1374 fideles
250 1355 378 1379 congregat
395 1351 465 1374 instar
483 1357 549 1374 arcae
566 1351 614 1374 Noe
626 1352 670 1374 322

112 1391 137 1413 19
153 1403 185 1407 -
201 1394 342 1419 congregata
361 1394 395 1413 est
412 1396 453 1418 per
471 1391 581 1418 Spiritum
595 1392 618 1413 S.
630 1392 643 1413 8
658 1391 670 1413 3

107 1441 138 1446 -
155 1429 254 1452 militans
271 1431 428 1452 conformatur
440 1429 591 1458 triumphanti
610 1430 633 1451 11
658 1430 665 1452 1

106 1471 138 1486 ’-
154 1469 246 1497 gemina
263 1469 319 1491 stola
337 1469 430 1497 vestita,
448 1469 469 1491 111
488 1469 576 1491 03010111
595 1469 670 1491 tradu-

107 1512 171 1531 cetur
195 1508 224 1531 ad
247 1508 339 1536 nuptias
356 1508 415 1536 Agni
439 1508 468 1530 84
493 1508 521 1530 44
543 1520 574 1525 —-
599 1509 671 1531 Eccle-

106 1547 154 1570 siae
171 1547 332 1576 triumphantis
348 1547 479 1570 subsidium
499 1548 670 1576 implorandum

111 1587 136 1608 12
154 1587 168 1609 2

153 1626 287 1654 —incepit
311 1632 323 1648 a
349 1626 502 1654 piscatoribus
526 1626 671 1654 simplicibus

107 1668 129 1687 et
147 1665 246 1693 profecit
261 1665 291 1687 ad
308 1665 415 1687 doctores
432 1665 571 1687 clarissimos
584 1665 628 1687 336
646 1666 670 1688 13

105 1716 136 1720 —-—
152 1703 255 1726 Christus
272 1710 411 1726 ascensurus
423 1704 544 1726 Ecclesiam
557 1705 671 1732 Apostolis

105 1743 291 1771 commendavit,
316 1743 471 1771 principaliter
500 1744 565 1766 Petro
589 1743 633 1766 375
656 1744 670 1766 2

105 1795 135 1799 -
153 1783 254 1811 plantata
270 1782 300 1805 ab
325 1783 453 1811 Apostolis‚
471 1783 494 1805 S.
510 1783 609 1811 spiritus
626 1783 670 1805 vir-

105 1824 153 1844 tute
177 1825 288 1850 purgata,
314 1822 439 1844 illuminata
464 1825 533 1851 atque
557 1823 669 1850 perfecta,

104 1860 210 1884 amabilis
227 1862 284 1884 facta
297 1864 331 1883 est
348 1861 437 1889 Sponso
455 1867 509 1890 suo,
521 1864 613 1884 satanae
626 1863 672 1883 ter-v

104 1899 176 1923 ribilis
197 1900 226 1922 82
243 1900 273 1922 39
285 1912 316 1917 —
333 1903 358 1922 ut
379 1900 506 1922 ordinatius
527 1900 670 1928 gubernare-

104 1942 151 1967 tur,
169 1939 322 1967 multipliciter
334 1945 384 1962 03111
402 1939 553 1962 distinxerunt
566 1939 668 1967 Apostoli

105 1978 150 2000 375
168 1979 181 2000 2
200 1990 228 1994 —-
248 1978 309 2000 Haec
325 1978 439 2001 distinctio
463 1979 475 2000 3
499 1978 528 2001 (le
546 1979 622 2001 causis
639 1979 670 2000 in-

104 2017 181 2040 stituta
191 2020 226 2040 est
237 2016 291 2040 ibid.
301 2029 333 2034 —
345 2018 460 2040 Distinctio
472 2024 580 2040 curarum
593 2020 615 2040 et
627 2018 669 2040 col-

105 2057 158 2079 latio
178 2056 361 2079 iurisdictionum
386 2057 497 2084 processit
517 2056 547 2079 ab
571 2057 668 2080 Ecclesia

104 2096 207 2118 Romana
227 2095 270 2117 429
289 2096 302 2117 6
320 2108 351 2111 -
368 2096 482 2118 Ecclesiae
493 2099 594 2118 rectores
610 2103 669 2119 onus

104 2134 262 2158 sollicitudinis
278 2137 300 2157 et
312 2135 361 2157 aliis
373 2135 484 2163 impartiri
497 2134 582 2157 debent
595 2135 640 2157 377
655 2136 667 2157 8

103 2186 134 2190 —-
150 2174 185 2196 Ad
203 2175 246 2196 1100
262 2174 312 2202 ipse
329 2174 391 2196 Deus
407 2174 446 2196 dat
462 2175 594 2202 exemplum
613 2174 666 2197 ibid.

104 2225 135 2229 —
151 2213 241 2241 Moyses
265 2213 287 2235 in
309 2216 365 2241 typo
382 2213 538 2241 dIspositionis
555 2213 668 2236 Ecclesiae

104 2251 148 2274 sibi
165 2252 257 2274 retinuit
274 2252 439 2279 plenitudinem
456 2252 574 2280 potestatis
591 2253 636 2275 375
653 2252 666 2275 4

104 2303 136 2307 -
152 2290 336 2313 Τ311011130010111
353 2291 466 2313 Ecclesiae
483 2291 621 2319 erigendum
633 2295 667 2314 est

103 2330 133 2352 ad
159 2330 308 2352 imitationem
326 2329 408 2352 Christi
431 2329 474 2352 243
500 2330 527 2352 12
550 2342 581 2346 -
599 2330 668 2352 1131101

104 2369 209 2391 diversos
226 2369 313 2397 gradus
329 2371 352 2392 et
367 2372 439 2392 status
457 2368 496 2391 241
514 2370 537 2391 8.
549 2369 593 2391 297
612 2370 625 2391 9
637 2382 667 2385 -

103 2408 193 2430 Diversi
205 2411 277 2430 status
290 2408 402 2430 Ecclesiae
419 2408 611 2431 commendantur
623 2409 668 2430 lau-

104 2447 173 2470 dibus
190 2447 302 2475 propi-iis,
319 2453 363 2469 non
381 2450 456 2469 tamen
474 2447 574 2469 dissonis
591 2448 635 2470 236
653 2448 666 2469 3

103 2498 135 2503 -
158 2486 258 2515 Quilibet
282 2489 354 2509 status
379 2486 464 2515 aliquid
490 2486 667 2514 praerogativae

104 2525 209 2553 specialis
232 2524 319 2548 obtinet
342 2525 386 2547 250
405 2526 433 2547 20
451 2538 481 2541 —-
499 2525 667 2554 praerogativis

104 2565 250 2587 diversorum
269 2567 368 2587 statuum
387 2564 450 2586 varic
473 2564 596 2587 decoratur
613 2564 665 2587 ibid.

105 2603 148 2626 277
170 2604 195 2626 16
208 2615 239 2620 -
251 2603 339 2626 Diversi
356 2606 428 2626 status
444 2606 467 2626 et
478 2603 571 2626 ordines
591 2610 667 2626 exem-

103 2642 196 2671 plariter
219 2642 353 2665 der1vantur
378 2649 389 2664 a
413 2642 503 2665 Christo
527 2642 570 2664 243
591 2643 619 2664 12
637 2656 665 2659 —-

104 2681 186 2704 Christi
204 2682 313 2709 perfectio
331 2681 444 2709 reperitur
462 2682 483 2703 in
507 2681 541 2703 his
559 2681 667 2704 omnibus

105 2721 233 2743 secundum
246 2720 298 2749 plus
315 2723 336 2743 et
352 2721 426 2742 minus
439 2721 467 2742 83
481 2720 509 2742 40
521 2733 552 2737 —
563 2720 668 2743 Christus

105 2760 222 2788 dispensat
239 2760 260 2782 in
278 2766 303 2781 ea
321 2760 460 2787 dignitatum
478 2760 551 2782 ossicia
569 2763 591 2782 ct
616 2761 666 2782 cha-

105 2799 196 2821 rismata
220 2798 275 2821 ibid.
296 2811 327 2815 —
349 2799 517 2821 multiformiter
540 2802 574 2821 cst
591 2799 667 2821 distin·

104 2840 139 2860 cta
161 2840 184 2860 et
205 2837 348 2860 uniformiter
368 2837 488 2860 coniuncta
506 2837 560 2861 ibid.
576 2850 608 2854 —
631 2839 668 2860 Pe·

105 2879 153 2899 trus
178 2879 211 2898 cst
236 2876 348 2899 Ecclesiae
373 2876 547 2899 fundamentum
575 2877 620 2899 375
645 2878 667 2899 2.

105 2916 150 2938 392
169 2916 181 2937 2
199 2928 228 2931 -
246 2915 372 2938 Necessitas
394 2916 462 2938 unius
484 2916 565 2944 capitis
591 2917 635 2938 392
653 2917 666 2938 2

105 2967 135 2970 -
153 2954 263 2976 Summus
281 2955 379 2977 Pontifex
397 2954 447 2977 vice
459 2954 540 2977 Christi
553 2958 587 2977 051
598 2958 668 2983 caput

105 2993 218 3016 Ecclesiae
239 2993 280 3015 132
299 2993 312 3015 3

802 219 901 247 INDEX
923 219 1169 247 ALPHABETICUs.

966 382 1006 428 E

755 543 786 548 —-
802 531 921 554 Plenitudo
939 531 1057 559 potestatis
1073 535 1107 554 est
1123 531 1187 559 apud
1200 532 1271 554 Eccle-

708 570 765 592 siam
783 571 911 593 Romanam
929 571 974 593 375
992 571 1006 592 2
1018 583 1048 587 -
1060 571 1103 598 ipsi
1117 571 1195 593 Petrus
1208 576 1271 598 prae·

707 609 765 631 sedit
782 612 804 632 et
821 609 994 632 successoribus
1019 610 1116 632 eandem
1135 612 1269 637 potestatem

707 648 800 677 reliquit
824 647 879 671 ibid.
901 661 932 665 —
958 650 1006 676 lpsa
1029 648 1164 671 immediate
1191 648 1271 671 subest

707 687 798 710 caelesti
823 688 914 714 curiae,
939 694 952 710 a
975 688 1071 710 Domino
1097 688 1198 710 instituta
1216 690 1238 710 et
1255 694 1267 710 a

707 726 742 749 Ss.
759 726 864 749 Patribus
882 726 1010 754 gubernata
1030 727 1071 749 fuit
1089 727 1133 749 407
1146 728 1159 749 2
1175 740 1204 743 -
1223 727 1270 749 Tri-

707 766 758 793 plex
776 766 894 793 plenitudo
912 766 1008 788 Romani
1028 766 1142 788 Pontificis
1154 766 1200 788 375
1212 766 1225 788 3
1239 778 1269 782 -

707 805 750 832 lpsi
762 804 876 827 incumbit
888 805 1017 828 sollicitudo
1030 805 1141 828 Ecclesiae
1155 805 1270 828 universa-

707 844 733 866 lis
752 844 795 865 407
814 845 827 866 2
839 856 869 860 —
881 844 969 866 elevata
985 847 1019 866 est
1036 847 1060 866 ut
1072 844 1175 866 omnium
1189 847 1270 871 mater,

706 882 784 910 regina
797 886 819 905 et
832 883 940 910 magistra
953 883 998 905 315
1015 883 1039 905 16
1052 896 1082 899 —
1100 883 1170 905 utitur
1181 883 1269 911 prolixo

706 921 787 944 Officio
803 925 825 944 et
843 922 936 950 propria
955 922 1100 945 translatione
1113 922 1211 950 psalterii
1225 921 1268 944 407

707 962 720 983 2
738 973 768 977 -
785 961 906 988 distinguit
923 961 944 983 in
963 961 1032 984 modo
1053 961 1180 989 accipiendi
1199 962 1269 983 Evan-

706 1000 792 1027 gelium
810 1001 887 1028 quoad
906 1001 1019 1028 perfectos
1031 1005 1052 1023 et
1064 1000 1212 1028 imperfectos
1224 1000 1269 1022 305

706 1039 720 1060 5
737 1051 768 1055 -
791 1038 880 1061 Christo
905 1039 1019 1061 bonorum
1046 1045 1144 1067 operum
1165 1039 1268 1062 sobolem

706 1081 802 1106 generat
821 1078 864 1100 164
882 1079 895 1100 5
913 1091 944 1094 -
960 1080 995 1100 051
1012 1080 1092 1101 hortus
1109 1081 1131 1100 et
1149 1078 1270 1106 paradisus

706 1117 783 1139 virens
799 1117 981 1140 multiformitate
1007 1118 1118 1139 virtutum
1145 1117 1189 1139 317
1208 1118 1220 1139 3
1240 1130 1269 1133 -

705 1156 772 1179 Modo
789 1157 867 1184 plures
883 1160 936 1179 sunt
953 1157 1027 1179 Sancti
1046 1157 1068 1178 in
1086 1157 1183 1179 Ecclesia
1197 1163 1268 1185 quam

706 1198 772 1218 antea
789 1195 833 1218 349
852 1195 867 1218 b
884 1208 915 1212 —
931 1195 977 1218 Cur
994 1196 1131 1218 universalis
1143 1198 1215 1218 status
1232 1196 1270 1218 Ec·

705 1235 787 1257 clesiae
804 1237 849 1257 tam
868 1235 931 1258 facile
956 1235 1048 1258 deficiat
1068 1234 1122 1258 ibid.
1140 1247 1170 1251 —
1188 1236 1211 1257 ln
1229 1236 1270 1257 Ec-

705 1274 772 1296 clesia
791 1274 950 1297 rectItudinem
977 1275 1090 1297 iustorum
1116 1274 1210 1297 decorat
1232 1274 1269 1297 de-

705 1313 807 1336 formitas
824 1313 957 1342 iniquorum
976 1313 1016 1336 351
1039 1320 1051 1335 3

753 1365 781 1369 —
798 1353 916 1375 Rationale
938 1353 1051 1375 Ecclesiae
1074 1353 1118 1375 292
1141 1353 1165 1375 18
1183 1365 1214 1370 ——
1232 1354 1268 1375 Ec⁴

704 1392 786 1415 clesiae
803 1392 877 1420 partui
890 1391 995 1414 diabolus
1013 1392 1107 1415 insidias
1119 1395 1184 1420 parat
1195 1393 1241 1414 316
1256 1393 1263 1414 1

704 1442 735 1446 -
752 1433 785 1452 051
810 1430 876 1459 quasi
902 1430 968 1452 navis
994 1433 1129 1458 tempestate
1155 1436 1267 1453 concussa

705 1469 749 1491 378
766 1469 791 1490 13
803 1482 834 1485 —
846 1469 875 1491 ad
893 1469 1055 1497 probationem
1067 1472 1089 1492 et
1106 1469 1266 1497 purgationem

705 1508 807 1530 tribulari
824 1509 963 1536 permittitur
990 1509 1018 1531 83
1046 1508 1074 1531 40
1099 1521 1129 1524 —
1154 1509 1267 1536 sanguine

705 1548 828 1575 Manu-uni
846 1551 894 1570 erat
914 1547 1053 1571 rubricanda
1073 1547 1116 1570 184
1135 1550 1148 1570 2
1171 1560 1201 1564 -
1220 1548 1268 1570 Ηο0

703 1587 808 1614 signatur
824 1587 909 1609 sudore
925 1587 1054 1615 sanguineo
1071 1586 1153 1610 Christi
1171 1586 1225 1610 ibid.
1237 1600 1268 1604 —

703 1626 744 1648 Hic
761 1626 855 1654 sanguis
880 1626 966 1648 effusus
992 1629 1025 1648 est
1042 1626 1071 1649 ad
1091 1626 1211 1649 sanitatem
1230 1627 1267 1649 Ec-

703 1665 786 1687 clesiae
802 1664 855 1687 ibid.
873 1678 903 1681 —
919 1665 1012 1688 iuvatur
1030 1671 1071 1693 per
1082 1672 1101 1687 s.
1118 1666 1209 1688 Missam
1226 1666 1267 1688 105

705 1705 733 1726 19
751 1717 780 1720 ——
798 1704 938 1727 Eucharistia
960 1707 994 1727 est
1011 1704 1177 1727 nutrimentum
1195 1705 1268 1727 Eccle·

703 1744 750 1766 siae
769 1744 812 1765 103
832 1744 860 1765 13
877 1756 908 1760 —
925 1744 1023 1766 Effectus
1048 1743 1117 1766 huius
1134 1744 1267 1766 nutrimenti

703 1782 756 1806 ibid.
774 1795 805 1798 —
820 1782 856 1805 Ab
883 1783 969 1805 unitate
994 1783 1107 1805 Ecclesiae
1130 1789 1175 1805 non
1193 1783 1267 1806 ‹lisce-

702 1822 806 1845 dendum
824 1822 867 1844 309
888 1821 916 1844 ’14
933 1834 964 1838 -
983 1822 1004 1844 111
1026 1822 1071 1844 fide
1088 1825 1110 1844 et
1127 1823 1213 1845 unitate
1229 1823 1267 1845 Ec-

702 1860 784 1882 clesiae
802 1861 932 1882 relaxantur
950 1863 1045 1887 peccata
1064 1861 1092 1882 83
1111 1860 1140 1882 40
1157 1873 1188 1877 —
1200 1861 1267 1883 Prae-

701 1902 767 1927 cepta
785 1899 897 1921 Ecclesiae
915 1902 968 1921 sunt
986 1899 1127 1921 inviolabilia
1147 1899 1190 1922 134
1210 1900 1223 1921 9
1236 1912 1266 1916 -

702 1944 789 1966 paucos
805 1937 875 1961 habet
891 1944 960 1960 veros
976 1938 1100 1966 episcopos
1123 1941 1145 1961 et
1162 1942 1266 1967 pastores

703 1978 747 2000 339
765 1984 778 2000 3
794 1990 824 1994 -
842 1977 986 2006 temporibus
1009 1977 1164 2006 poenitentiae
1185 1984 1198 2000 a
1220 1984 1267 2000 car-

701 2016 769 2039 nibus
791 2016 890 2039 abstinet
916 2017 960 2039 406
988 2017 1016 2039 26
1034 2030 1065 2033 -—
1082 2020 1158 2045 potest
1181 2016 1266 2039 habere

701 2056 858 2084 possessiones
884 2056 928 2078 284
956 2056 984 2078 36
1007 2069 1037 2071 -
1062 2057 1123 2079 Bona
1152 2057 1265 2079 Ecclesiae

701 2095 841 2123 dispensari,
859 2102 904 2117 non
922 2095 1044 2123 dilapidari
1061 2098 1159 2123 possunt
1177 2096 1221 2118 322
1236 2096 1263 2118 19

702 2147 729 2150 -
752 2134 806 2157 Vide
822 2141 842 2157 v.
860 2133 1090 2158 Bona-eclesiastica.
1107 2147 1136 2151 —
1154 2135 1264 2162 Dignitati

701 2173 813 2196 Ecclesiae
830 2179 877 2195 11011
899 2174 1036 2196 adversatur
1056 2174 1105 2196 1305
1123 2175 1265 2202 paupertatis

700 2212 746 2235 235
768 2213 780 2234 3
807 2226 835 2229 —
861 2213 940 2235 Nullus
963 2213 1061 2236 clericus
1082 2214 1140 2236 duas
1157 2214 1265 2236 ecclesias

700 2251 785 2274 habere
803 2254 877 2280 potest
894 2252 939 2274 358
957 2258 969 2274 3
987 2264 1018 2269 -—
1040 2253 1096 2281 Quis
1122 2259 1167 2275 non
1192 2253 1265 2281 possit

699 2291 801 2319 legitime
817 2291 936 2320 acquirere
953 2292 1074 2314 ecclesiam
1092 2291 1145 2315 ibid.

747 2343 776 2345 —
794 2330 927 2357 collegiatae
944 2329 1030 2352 habent
1051 2330 1113 2352 bona
1131 2332 1262 2353 communia

701 2368 746 2390 297
763 2369 777 2390 9
794 2380 825 2385 --
842 2369 921 2397 Qualis
932 2368 961 2391 sit
974 2370 1030 2391 haec
1047 2369 1201 2392 communitas
1219 2370 1263 2392 309

704 2407 730 2429 16
743 2420 771 2423 -
783 2407 906 2430 excludunt
923 2408 1068 2435 personalem
1087 2409 1263 2436 proprietatem,

700 2453 747 2468 non
764 2447 905 2475 collegialem
931 2447 976 2469 310
996 2447 1023 2468 16
1045 2459 1076 2464 -
1098 2447 1193 2470 Difficile
1217 2451 1263 2475 est,

699 2486 747 2508 sola
764 2486 916 2508 ecclesiastica
933 2486 1098 2509 communitate
1110 2493 1160 2509 esse
1172 2489 1264 2509 conten-

701 2527 749 2546 tum
766 2524 795 2547 ib.
817 2525 842 2546 17
860 2537 890 2540 -
908 2525 968 2546 nulla
990 2525 1111 2547 dedicatur
1132 2528 1185 2548 ante
1202 2526 1263 2548 dota-

699 2563 785 2585 tionem
803 2564 848 2585 328
865 2563 892 2585 31
912 2576 942 2580 -
963 2564 984 2585 111
1002 2564 1097 2586 00010513
1113 2567 1147 2587 051
1164 2565 1264 2592 genufle-

699 2603 807 2625 ctendum
825 2602 869 2624 485
888 2604 901 2625 2

747 2642 820 2664 Ειιῑοτι
837 2654 868 2658 -
884 2648 911 2664 ex
929 2642 1014 2664 Ordine
1033 2642 1076 2664 458
1094 2649 1106 2664 3

747 2682 843 2703 Ειεοτυ5
860 2693 890 2697 -
907 2681 1021 2703 Numerus
1033 2681 1157 2704 electorum
1171 2684 1205 2704 est
1218 2683 1263 2704 inc-

700 2719 819 2742 narrabilis
845 2720 874 2741 60
897 2720 921 2741 13
939 2732 970 2736 -
987 2720 1088 2748 Reprobi
1111 2724 1165 2743 sunt
1185 2721 1263 2744 electis

699 2759 790 2781 virtutis
806 2759 947 2781 exercendae
965 2759 1058 2781 materia
1076 2759 1120 2781 3:50
1139 2759 1154 2781 b

748 2798 892 2820 Eusenosvm
909 2810 939 2814 —
956 2801 989 2820 est
1009 2797 1096 2820 bonum
1110 2798 1131 2820 in
1145 2804 1230 2826 genere
1242 2801 1264 2821 et

700 2843 726 2859 ex
743 2837 914 2860 circumstantia
932 2837 977 2859 237
995 2837 1017 2859 7.
1035 2837 1080 2859 233
1099 2837 1112 2859 9
1130 2849 1160 2854 -
1178 2838 1202 2859 fit
1219 2837 1262 2860 im-

701 2877 799 2903 perfecte
816 2882 843 2898 cx
855 2876 1025 2899 circumstantia
1042 2875 1095 2899 ibid.
1110 2889 1138 2892 —
1151 2876 1172 2898 111
1185 2876 1263 2899 dando

699 2915 869 2942 eleemosynam
895 2918 947 2937 sunt
975 2914 1052 2937 variae
1080 2914 1264 2938 circumstantiae

699 2953 859 2976 observandae
883 2953 926 2976 237
950 2953 972 2975 7.
995 2954 1039 2976 356
1058 2953 1073 2976 b
1090 2966 1119 2970 -
1137 2954 1211 2976 danda
1230 2957 1264 2977 051

701 2992 795 3015 libenter
814 2993 858 3015 tie
870 2999 881 3015 a
894 3006 924 3009 —
937 2993 1061 3016 Perfertins
1073 2996 1107 3015 est
1119 2993 1174 3016 dare
1186 2994 1263 3016 omnia

1563 259 1617 281 ΕΒΗ

1305 531 1373 553 simul
1390 537 1461 560 quam
1487 532 1597 560 paulatim
1625 532 1669 554 249
1691 532 1716 554 17
1735 545 1764 548 ——
1783 532 1822 554 ubi
1839 532 1868 555 sit

1304 571 1386 593 melius
1403 571 1449 593 356
1467 570 1481 593 b
1498 584 1528 586 —
1546 577 1591 593 11011
1613 571 1689 593 danda
1716 574 1749 594 est
1773 571 1806 593 cis
1827 571 1868 600 qui

1304 609 1346 631 sibi
1364 610 1479 632 sufficiunt
1496 610 1525 632 de
1542 616 1584 632 suo
1602 610 1647 632 285
1664 611 1693 632 38
1711 623 1741 627 —
1758 611 1807 633 lieri
1820 614 1868 638 pot-

1304 651 1338 671 est
1355 655 1396 676 per
1413 656 1437 671 se
1454 649 1531 677 ipsum
1549 650 1585 672 vel
1603 656 1644 677 per
1660 650 1756 672 alterum
1775 649 1819 672 314
1839 650 1867 671 12

1303 699 1334 704 —
1351 688 1460 716 recipitur
1477 688 1526 710 sine
1543 689 1666 711 violatione
1682 689 1730 711 voti
1747 692 1868 717 pauperta-

1304 726 1332 749 tis
1349 727 1393 749 332
1412 728 1425 749 3
1443 740 1473 744 -
1489 728 1584 756 qnando
1601 728 1681 757 quaeri
1699 728 1782 750 debeat
1794 728 1838 750 342
1852 727 1867 750 b

1303 778 1334 782 —
1350 767 1468 794 superflua
1486 773 1531 789 11011
1550 767 1681 796 quaerenda
1700 767 1729 790 ib.
1746 774 1757 789 a
1776 780 1806 783 —
1825 768 1868 790 Re-

1303 805 1379 832 ceptio
1407 806 1576 833 stipendiorum
1604 806 1720 834 Apostolis
1752 813 1797 829 non
1826 807 1867 829 fuit

1304 847 1437 872 praecepta,
1459 845 1500 867 sed
1523 845 1633 872 permissa
1659 846 1703 867 279
1722 846 1750 867 20
1768 858 1799 861 -
1815 851 1865 873 per-

1303 886 1385 910 petuae
1398 883 1477 905 Ordini
1488 884 1600 906 Minorum
1614 884 1721 906 inhibitae
1733 888 1785 906 sunt
1798 884 1841 906 466
1854 890 1867 906 a

1351 923 1466 945 ELEMENTA
1476 935 1505 938 —
1515 922 1656 945 accusabunt
1667 926 1799 951 peccatores
1811 924 1839 946 53
1853 923 1866 945 5

1351 961 1459 983 Ειενᾼτιο
1478 974 1506 977 -
1524 962 1606 984 mentis
1617 965 1651 984 est
1663 962 1785 984 abstractio
1797 962 1866 984 animi

1303 1005 1315 1021 a
1333 1001 1429 1021 terrenis
1447 1000 1476 1022 50
1499 1001 1523 1021 16
1541 1013 1572 1017 -
1588 1004 1622 1023 051
1643 1007 1684 1028 per
1709 1001 1866 1023 excedentiam

1303 1042 1398 1066 propter
1415 1039 1499 1066 Sponsi
1517 1039 1675 1062 celsitudinem
1694 1040 1721 1062 14
1740 1041 1753 1062 6
1771 1053 1802 1056 -
1819 1047 1867 1062 1110-

1303 1081 1366 1100 retur
1383 1081 1520 1106 paupertate
1542 1079 1587 1101 293
1605 1080 1634 1101 20
1652 1091 1682 1095 -
1700 1079 1753 1101 Eius
1774 1080 1867 1102 effectus

1303 1117 1333 1139 50
1352 1117 1380 1138 16
1397 1129 1428 1134 -
1445 1118 1539 1140 molesta
1558 1121 1592 1140 est
1608 1118 1736 1146 desperatis
1759 1119 1803 1141 326
1822 1119 1850 1140 28

1350 1156 1413 1179 Euas
1429 1169 1460 1172 —
1478 1156 1506 1178 40
1524 1157 1607 1179 diebus
1626 1157 1733 1179 ieiunarit
1748 1157 1790 1179 409
1809 1157 1822 1179 7
1835 1170 1866 1174 —·

1303 1195 1363 1223 Quid
1375 1195 1488 1223 significet
1500 1195 1549 1218 eius
1561 1196 1672 1218 ieiunium
1691 1195 1744 1219 ibid.
1757 1208 1788 1213 —-
1805 1197 1866 1219 Eliae

1302 1233 1440 1256 abstinentia
1463 1235 1509 1257 262
1533 1235 1561 1257 17
1579 1248 1608 1251 -
1635 1235 1719 1257 10101110
1744 1236 1866 1264 acquisivit

1302 1273 1411 1295 virtutem
1434 1274 1464 1295 ad
1487 1273 1559 1296 ardua
1585 1274 1626 1296 271
1661 1275 1685 1296 18
1708 1287 1740 1291 -
1759 1281 1771 1296 3
1790 1275 1866 1297 corvis

1302 1312 1404 1340 pascitur
1421 1313 1466 1334 324
1485 1312 1514 1335 24
1525 1325 1556 1329 —
1568 1319 1649 1335 carnes
1665 1314 1766 1336 comedit
1778 1314 1823 1336 265
1836 1314 1865 1336 25

1349 1352 1444 1374 Etmssruz
1460 1364 1492 1368 —
1509 1352 1576 1380 Quod
1599 1352 1679 1374 melior
1702 1352 1765 1380 eligit
1790 1353 1865 1381 magis

1301 1393 1335 1412 est
1351 1390 1484 1418 eligendum
1503 1391 1547 1413 423
1566 1391 1594 1413 18

1348 1430 1469 1452 11115Αο17111
1486 1442 1516 1446 -
1533 1430 1647 1458 significat
1663 1430 1742 1453 divina
1755 1431 1864 1459 sapientia

1301 1468 1440 1491 illuminatos
1457 1471 1479 1491 et
1495 1469 1616 1491 dilectione
1633 1469 1787 1492 inflammatos
1805 1471 1832 1492 89
1852 1471 1864 1493 2

1348 1508 1418 1530 Etism
1435 1520 1466 1524 —
1482 1508 1617 1531 abstinentia
1637 1509 1681 1531 262
1701 1509 1729 1531 17

1347 1547 1441 1573 Etooum
1459 1559 1489 1563 —
1506 1547 1546 1569 Dei
1563 1550 1617 1570 sunt
1633 1548 1714 1570 suavia
1727 1548 1822 1571 auribus
1835 1549 1863 1571 34

1302 1586 1331 1608 15
1346 1599 1376 1602 -—
1394 1585 1490 1608 Castitas
1507 1587 1592 1615 eloquii
1611 1587 1655 1609 430
1674 1587 1698 1608 11

1349 1626 1440 1648 Emeum
1458 1637 1488 1642 -—
1506 1626 1642 1653 praestanda
1665 1626 1746 1654 spiritu
1773 1627 1863 1649 virtutis

1305 1664 1345 1686 129
1365 1664 1377 1686 4

1347 1704 1438 1726 Enpron
1456 1717 1484 1720 —
1503 1704 1616 1727 solutione
1633 1705 1704 1732 sacta,
1717 1705 1815 1733 acquirit
1827 1705 1862 1727 ius

1301 1742 1322 1764 in
1340 1748 1365 1764 re
1383 1742 1427 1765 424
1445 1744 1475 1765 25

1347 1782 1444 1804 exomni
1461 1795 1492 1798 -—
1510 1783 1597 1805 Vineae
1619 1783 1723 1810 Engaddi
1745 1786 1810 1806 nocte
1827 1789 1864 1806 na·

1301 1821 1393 1843 tivItatis
1409 1821 1492 1844 Christi
1511 1822 1615 1844 floruisse
1632 1822 1741 1844 dicuntur
1760 1823 1789 1845 95
1805 1822 1821 1844 b

1347 1861 1442 1883 Eriscort
1459 1873 1491 1878 —
1507 1864 1561 1884 sunt
1578 1861 1658 1884 vicarii
1683 1862 1772 1884 Summi
1790 1862 1863 1884 Ponti-

1300 1899 1348 1921 ficis
1366 1899 1410 1922 377
1423 1900 1436 1922 9
1449 1912 1479 1917 -
1491 1900 1611 1929 quomodo
1627 1901 1752 1923 succedant
1768 1902 1863 1929 Aposto-

1299 1939 1325 1961 lis
1343 1938 1387 1961 416
1407 1939 1434 1961 13
1452 1951 1483 1955 -
1500 1939 1587 1961 11311010
1603 1943 1700 1967 possunt
1712 1939 1770 1962 bona
1790 1941 1861 1963 Eccle-

1298 1978 1345 2000 siae
1367 1977 1421 2001 ibid.
1446 1990 1478 1994 —
1498 1978 1650 2001 dioecesanus
1675 1982 1709 2001 051
1732 1979 1862 2002 ordinarius

1298 2019 1376 2045 pastor
1394 2017 1542 2040 ecclesiarum
1559 2017 1604 2040 sub
1622 2018 1671 2045 ipso
1683 2018 1859 2041 constitutarum

1299 2056 1342 2078 376
1361 2057 1374 2078 8
1391 2068 1422 2073 ——
1439 2056 1558 2079 lnferiores
1576 2057 1670 2085 praelati
1683 2063 1762 2079 curam
1775 2058 1862 2080 anima-

1298 2101 1349 2117 rum
1367 2095 1397 2118 ab
1413 2095 1465 2124 ipso
1483 2095 1568 2118 habent
1590 2095 1644 2119 ibid.
1661 2108 1692 2113 —
1708 2102 1774 2118 suam
1800 2099 1861 2124 pote-

1286 2137 1377 2168 Xstatem
1396 2135 1444 2157 aliis
1460 2135 1605 2158 committere
1622 2138 1697 2163 potest
1708 2134 1762 2158 ibid.
1773 2148 1803 2152 —
1815 2141 1862 2158 non

1297 2169 1417 2196 iniuriatur
1434 2174 1548 2196 sacerdoti
1571 2174 1682 2197 mittendo
1700 2174 1742 2202 ipsi
1764 2175 1820 2197 alios
1837 2175 1859 2197 in

1297 2213 1471 2241 opitulationem
1491 2213 1534 2235 377
1558 2213 1580 2235 9.
1601 2213 1645 2235 429
1663 2214 1677 2236 5
1694 2225 1724 2230 -
1742 2214 1789 2235 veri
1807 2217 1861 2236 sunt

1297 2252 1365 2280 pauci
1377 2252 1422 2274 339
1436 2258 1449 2274 a
1459 2264 1491 2268 —
1502 2258 1573 2281 saepe
1581 2252 1725 2275 dissimulant
1736 2255 1861 2280 transgres-

1296 2292 1372 2314 siones
1388 2292 1442 2314 cleri
1460 2291 1504 2314 378
1523 2292 1551 2313 13
1569 2304 1599 2308 -
1616 2298 1657 2314 cur
1674 2294 1706 2314 tot
1723 2292 1767 2313 sint
1788 2291 1859 2314 sancti

1300 2331 1341 2353 139
1360 2331 1372 2352 6
1391 2343 1421 2348 —
1438 2331 1460 2353 in
1477 2330 1563 2353 iudicio
1580 2330 1691 2352 rationem
1709 2330 1807 2353 reddere
1824 2331 1861 2353 de-

1297 2369 1351 2391 bent
1367 2369 1396 2392 de
1413 2369 1526 2397 regimine
1544 2369 1588 2391 365
1607 2369 1621 2391 b

1344 2408 1461 2434 EQmTATto
1480 2420 1508 2423 —
1520 2407 1623 2430 Christus
1636 2414 1679 2430 non
1692 2408 1803 2437 equitavit
1816 2408 1860 2430 444

1297 2447 1325 2468 23
1343 2458 1373 2463 -·
1391 2446 1495 2474 Disponit
1519 2447 1549 2469 ad
1575 2447 1693 2469 lasciviam
1719 2447 1759 2468 411
1786 2447 1811 2469 14
1828 2459 1860 2463 -

1297 2485 1406 2514 Equitans
1423 2486 1474 2513 plus
1492 2486 1586 2514 vigilare
1603 2485 1673 2508 ‹lcbct
1684 2486 1809 2513 extensive,
1829 2486 1861 2508 iti-

1296 2531 1380 2547 nerans
1397 2525 1448 2553 plus
1465 2525 1577 2547 intensive
1593 2524 1646 2547 ibid.
1666 2537 1697 2541 —
1713 2524 1860 2548 Constitutio-

1296 2570 1336 2586 nes
1353 2563 1431 2592 quoad
1448 2564 1611 2592 equitationem
1629 2563 1674 2586 455
1692 2563 1706 2585 b

1344 2603 1439 2625 Euserio
1456 2615 1487 2619 —
1504 2609 1573 2630 supra
1592 2609 1633 2625 nos
1645 2603 1669 2624 fit
1681 2608 1722 2630 per
1739 2606 1858 2631 aspectum

1298 2641 1398 2664 veritatis
1415 2642 1443 2663 16
1462 2642 1475 2663 9

1343 2681 1431 2703 Euenus
1446 2693 1478 2697 —
1495 2681 1517 2702 ln
1540 2686 1619 2703 eremo
1642 2681 1743 2703 vitantur
1760 2681 1858 2703 occasio-

1296 2726 1337 2742 nes
1354 2720 1466 2748 peccandi
1484 2720 1528 2742 249
1550 2720 1575 2742 17

1344 2759 1462 2781 Ennomon
1479 2770 1511 2775 --
1527 2761 1568 2787 est,
1586 2765 1612 2781 cx
1624 2765 1670 2787 quo
1690 2759 1742 2781 falsa
1760 2765 1858 2787 sequun-

1296 2801 1332 2821 tur
1350 2798 1393 2820 287
1412 2798 1424 2819 3

1344 2838 1418 2860 Ennon
1435 2849 1464 2853 -
1482 2837 1499 2859 Λ
1516 2840 1577 2860 10013
1601 2837 1637 2859 via
1660 2837 1762 2859 veritatis
1784 2837 1858 2859 disce-

1296 2877 1353 2899 dens
1370 2882 1411 2904 per
1428 2876 1495 2898 devia
1521 2879 1619 2903 vagatur
1641 2882 1746 2898 errorum
1764 2876 1809 2898 297
1829 2877 1856 2898 10

1296 2927 1327 2932 -
1341 2915 1412 2938 Etiam
1431 2915 1486 2938 inter
1503 2921 1594 2937 errores
1611 2915 1687 2937 lumen
1706 2915 1807 2938 veritatis
1825 2921 1858 2937 ra-

1295 2955 1343 2977 11131
1360 2954 1406 2976 265
1423 2955 1451 2976 29
1469 2967 1500 2970 -
1518 2955 1623 2977 Errantes
1646 2954 1780 2976 testimoniis
1797 2954 1857 2977 veri-

1297 2993 1347 3016 tatis
1373 2999 1481 3021 perverse
1503 2993 1620 3016 intellectis
1642 2993 1714 3021 ipsam
1738 2993 1856 3015 veritatem
