2133 3317
124 1000 198 1019 Gradus
210 1000 247 1025 pri-

160 1029 209 1042 mus.

139 1332 242 1351 Secundus.

160 1849 241 1868 Tertius.

261 215 296 243 10

258 292 426 330 impendam
440 295 466 320 et
482 291 728 329 superimpendar
742 291 802 328 ipse
814 299 870 328 pro
885 290 1045 319 animabus
1063 299 1108 319 ve—

258 340 338 368 stris.
368 339 405 367 Ad
433 339 505 367 hanc
533 338 683 375 perfectam
711 337 885 366 dilectionem
908 337 1031 374 proximi
1054 345 1108 366 non

258 386 431 423 pervenitur,
452 385 504 414 nisi
526 385 605 422 prius
626 384 805 421 perveniatur
837 383 871 412 ad
896 384 1047 420 perfectam
1068 384 1109 412 di-

259 433 402 462 lectionem
424 432 489 466 Dei,
511 435 625 468 propter
640 439 724 468 quem
739 430 864 467 diligitur
879 430 1044 468 proximus,
1060 431 1108 468 qui

258 488 313 508 non
335 482 376 509 est
396 478 522 508 amabilis
543 478 595 507 nisi
617 480 732 514 propter
754 477 873 506 Denm1.

648 579 714 614 §a

468 672 498 696 De
515 679 555 695 sex
572 671 682 702 gradibus
700 671 831 695 dilectionis
847 671 895 695 Dei.

338 762 364 789 9.
387 760 418 788 Et
440 762 587 796 propterea
608 758 642 787 ad
664 758 871 796 intelligendum
887 758 1042 796 profectum
1056 759 1066 776 ‘2
1082 759 1110 788 in

258 807 403 836 dilectione
424 806 472 835 Dei
495 806 638 835 sciendum
659 808 716 840 est,
739 805 813 843 quod
835 813 886 834 sex
908 808 974 834 sunt
996 806 1109 843 gradus,

258 854 362 892 quibus
382 853 516 891 paulatim
537 856 565 882 et
584 852 710 881 ordinate
732 852 908 890 proceditur,
931 855 963 881 ut
990 852 1024 881 ad
1046 861 1109 890 per-

258 902 361 931 fectum
383 900 571 938 perveniatur.

339 948 448 977 Primus
479 950 520 977 est
547 947 699 981 suavitas,
720 950 752 976 ut
783 947 887 976 scilicet
918 947 1001 975 homo
1022 946 1110 976 discat

260 999 395 1034 yziscare,
418 1003 509 1033 quam
529 994 632 1023 suauis
653 998 695 1023 est
723 994 866 1023 Dominus
878 994 897 1022 ³.
922 995 953 1023 Et
974 995 1026 1023 hoc
1048 994 1110 1031 qui-

261 1043 323 1072 dem
344 1042 375 1070 fit
396 1041 518 1070 vacando
539 1044 566 1070 et
587 1040 781 1069 sabbatizando
802 1041 825 1069 ei
848 1048 898 1078 per
923 1044 1032 1069 sanctas
1052 1048 1110 1070 me-

258 1090 419 1123 ditationes,
441 1088 589 1126 quoniam,
612 1087 765 1117 secundum
780 1088 855 1125 quod
876 1087 979 1116 dicitur
994 1088 1021 1116 in
1036 1088 1111 1116 Psal-

260 1145 320 1171 mo,
342 1136 484 1173 reliquiae
505 1134 690 1173 copitationis
712 1134 787 1163 diem
808 1133 916 1171 festum
938 1138 1025 1171 (190111
1040 1134 1109 1167 tibi,-

259 1182 333 1219 quod
354 1182 466 1219 quidem
489 1182 534 1215 fit,
557 1181 668 1218 quando
690 1181 882 1209 meditationes
897 1180 971 1209 circa
985 1188 1109 1209 amorem

260 1229 306 1258 Dei
329 1229 493 1258 suavitatem
509 1228 622 1265 pariunt
643 1227 671 1256 in
693 1227 784 1256 corde.

338 1276 481 1305 Secundus
502 1275 606 1312 gradus
627 1278 669 1303 est
694 1274 841 1308 aviditas,
870 1273 981 1311 quando
1006 1274 1111 1303 seilicet

260 1324 352 1351 anima
379 1322 523 1351 assuefieri
551 1322 696 1358 coeperit*
717 1321 791 1350 circa
821 1321 896 1349 illam
929 1321 1109 1355 suavitatem,

261 1370 383 1399 nascitur
405 1370 432 1398 in
454 1377 485 1398 ea
506 1371 582 1397 tanta
603 1368 726 1403 esuries,
747 1370 778 1397 ut
799 1368 869 1397 nihil
884 1368 970 1405 possit
991 1376 1051 1397 eam
1066 1376 1110 1397 re-

261 1417 359 1451 licere,
392 1417 443 1445 nisi
475 1424 540 1445 011111
565 1424 649 1453 0110111
680 1418 768 1449 amat,
800 1415 938 1452 possideat
970 1415 1107 1452 persecte;

259 1464 334 1502 quod
355 1464 421 1501 quia
442 1472 495 1492 non
528 1466 618 1500 potest
649 1463 677 1490 in
709 1462 847 1499 praesenti
869 1462 1018 1499 attingere,
1044 1462 1110 1499 quia

260 1512 339 1549 longe
360 1514 414 1544 est,
437 1510 567 1539 continue
598 1509 708 1538 excedit
739 1513 767 1538 et
788 1508 931 1546 egreditur
953 1511 1035 1537 extra
1060 1516 1109 1545 per

259 1566 381 1587 amorem
403 1558 578 1591 ecstaticum,
600 1557 722 1585 clamans
752 1559 779 1585 et
809 1556 904 1584 dicens
935 1556 1003 1584 illud
1034 1555 1107 1584 beati

261 1605 344 1634 lob⁵:
375 1604 571 1641 Suspeudt'um
600 1604 682 1641 clepit
712 1604 816 1632 (11111110
844 1611 909 1631 mett
936 1606 962 1631 et
988 1606 1110 1631 mortem

260 1660 327 1680 ossa
357 1660 439 1685 mea,
472 1651 619 1688 quoniam,
651 1651 728 1679 sieut
762 1650 908 1678 desiderat
936 1658 1039 1678 cereus
1070 1650 1110 1678 ud

259 1698 352 1737 fontes
374 1707 542 1737 aquarum,
564 1699 607 1727 im
628 1698 775 1727 desiderat
796 1698 900 1726 (iniunt
927 1705 993 1726 mea
1014 1697 1054 1725 ud
1075 1700 1109 1730 te,

261 1747 346 1775 Deus.

341 1794 385 1821 10.
408 1792 519 1821 Tertius
540 1792 644 1830 gradus
659 1794 701 1820 est
721 1791 878 1824 saturitas,
902 1798 974 1827 quae
995 1790 1109 1819 oritur⁶

260 1849 295 1869 ex
317 1841 376 1877 ipsa
404 1840 542 1869 aviditate.
566 1840 635 1876 Quia
656 1839 729 1868 enim
751 1838 995 1868 vehementissime
1021 1838 1109 1867 Deum

260 1887 397 1916 desiderat
417 1891 444 1916 et
465 1895 578 1916 sursum
600 1886 705 1920 fertur,
727 1886 781 1914 iam
809 1893 904 1919 omne,
926 1885 1001 1922 quod
1028 1884 1109 1913 deor-

260 1943 321 1964 smn
343 1937 434 1969 tenet,
457 1934 576 1963 vertitur
598 1934 621 1962 01
644 1934 672 1962 111
692 1933 842 1962 fastidium.
869 1932 945 1962 Unde
966 1932 1045 1969 quasi
1068 1939 1110 1960 sa-

860 212 1057 242 OPUSCULUM
1079 213 1096 241 Ι.
1119 213 1163 242 DE
1185 213 1323 242 TRlPLlCl
1345 214 1407 243 VIA.

1167 293 1260 319 turata
1290 300 1346 320 non
1376 295 1466 329 potest
1498 293 1674 322 resectionem
1706 293 1832 323 invenire
1862 295 1890 324 in
1921 294 2015 331 aliquo

1167 337 1236 366 citra
1257 338 1349 375 ipsum
1370 338 1516 374 (111001111ος
1538 342 1566 368 01
1588 340 1659 369 510111
1691 343 1846 376 saturatus,
1868 342 1890 370 si
1922 343 2014 372 cibum

1166 388 1270 419 sumat⁷
1292 385 1385 422 potius
1399 386 1526 415 sumendi
1540 387 1660 416 incurrit
1680 387 1911 417 abominationem
1927 397 2011 426 quam

1166 431 1360 466 resectionem;
1382 432 1421 461 sic
1442 433 1470 461 in
1492 433 1545 462 hoc
1575 433 1664 470 gradu
1695 434 1818 463 caritatis
1839 434 1903 464 facit
1924 436 2014 465 anima

1166 478 1240 507 circa
1260 487 1342 508 omne
1364 481 1509 508 terrenum
1521 480 1541 508 ⁷.

1245 526 1369 562 Quartus
1399 526 1503 563 gradus
1534 530 1576 556 est
1595 527 1735 562 ebrietas,
1761 536 1832 565 quae
1863 529 1953 558 oritur
1978 537 2015 558 ex

1167 573 1321 601 saturitate.
1345 572 1469 602 Ebrietas
1489 576 1582 602 autem
1597 574 1625 602 in
1640 574 1692 603 hoc
1708 575 1848 609 consistit,
1862 576 1937 612 quod
1951 576 2014 613 quis

1167 622 1243 648 tanto
1264 627 1359 648 amore
1379 619 1474 656 diligat
1494 620 1599 655 Deum,
1620 623 1653 649 ut
1673 621 1728 649 iam
1749 629 1803 650 non
1825 622 1915 651 solum
1940 622 2016 652 sasti-

1166 666 1223 695 diat
1244 666 1372 695 solatium
1384 666 1404 701 Β,
1427 666 1475 695 sed
1496 667 1578 696 etiam
1599 667 1752 697 delectetur
1773 671 1800 697 et
1821 672 1938 706 quaerat
1959 673 2016 698 tor-

1166 715 1292 741 mentum
1314 721 1365 749 pro
1387 713 1497 747 solatio,
1512 716 1539 742 et
1553 722 1649 742 amore
1669 714 1730 743 eius
1751 722 1834 751 quem
1856 715 1952 752 diligit,
1968 715 2015 745 de-

1166 759 1284 788 lectetur
1306 759 1333 788 in
1348 759 1457 797 poenis,
1473 760 1630 797 opprobriis
1652 764 1679 789 et
1700 761 1831 798 flagellis,
1853 762 1925 791 sicut
1946 763 2016 799 Apo-

1167 806 1255 835 stolus
1266 806 1286 834 9.
1313 806 1388 835 Unde
1409 807 1481 835 sicut
1513 807 1609 836 ebrius
1634 815 1663 836 se
1691 808 1782 845 ipsum
1804 808 1925 837 denudat
1957 809 2015 838 sine

1166 852 1273 889 pudore
1294 855 1321 882 et
1341 853 1460 882 sustinet
1480 853 1574 891 plagas
1595 854 1655 883 sine
1682 854 1792 889 dolore,
1815 855 1854 884 sic
1878 855 1907 884 in
1928 856 1981 885 1510
1993 856 2016 873 ¹⁰

1166 899 1377 936 intelligendum
1398 903 1448 929 est.

1248 947 1292 975 11.
1315 947 1435 983 Quintus
1455 947 1559 984 gradus
1589 951 1630 977 est
1650 949 1809 983 securitas,
1832 957 1903 987 quae
1924 949 2015 978 oritur

1166 1001 1203 1022 ex
1224 993 1365 1022 ebrietate.
1390 994 1430 1022 Ex
1461 994 1513 1023 hoc
1545 994 1627 1029 enim,
1650 995 1724 1032 quod
1753 996 1844 1024 anima
1865 996 1964 1031 sentit,
1987 1004 2015 1025 se

1167 1043 1274 1068 tantum
1289 1048 1382 1069 amare
1398 1041 1499 1075 Deum,
1514 1041 1589 1078 quod
1604 1042 1722 1071 libenter
1737 1043 1887 1072 sustineret
1903 1046 2016 1080 propter

1166 1087 1259 1123 ipsum
1280 1095 1361 1116 omne
1382 1087 1514 1116 damnum
1536 1091 1563 1117 et
1584 1096 1665 1118 omne
1686 1089 1886 1126 oppr0b1·ium;
1908 1090 1962 1119 iam
1977 1090 2017 1119 fo-

1167 1142 1213 1163 ras
1234 1134 1355 1162 mittitur
1377 1134 1506 1169 11010111,
1522 1138 1549 1164 01
1565 1138 1667 1164 tantam
1687 1136 1806 1173 concipit
1826 1136 1918 1165 anima
1939 1144 2017 1174 spem

1166 1180 1200 1210 de
1221 1181 1359 1209 adiutorio
1374 1181 1479 1216 divino,
1501 1185 1533 1210 nt
1547 1182 1624 1211 nullo
1644 1182 1726 1211 modo
1740 1183 1881 1212 existimet
1895 1191 1923 1212 se
1938 1191 2018 1221 posse

1168 1228 1290 1264 separari
1306 1236 1322 1256 a
1342 1228 1407 1257 De0.
1423 1228 1455 1257 Et
1476 1229 1504 1257 in
1519 1229 1572 1258 hoc
1592 1229 1681 1266 gradu
1695 1233 1755 1258 erat
1776 1230 1934 1267 Apostolus,
1953 1238 2017 1259 cum

1167 1273 1276 1302 dicebat
1288 1274 1324 1302 12;
1342 1274 1415 1310 Quis
1430 1283 1482 1303 nos
1497 1275 1646 1312 separabit
1660 1284 1680 1304 (ι
1701 1276 1825 1304 caritate
1842 1275 1952 1305 Cltristi
1965 1280 2016 1306 ete.

1170 1320 1272 1349 Certus
1286 1330 1354 1349 sum
1372 1321 1463 1355 enim,
1478 1322 1551 1360 quia
1568 1331 1657 1360 neque
1671 1331 1751 1351 mors
1771 1332 1861 1361 neque
1885 1324 1947 1352 vita
1965 1326 2016 1353 etc.

1164 1368 1273 1404 poterit
1292 1376 1345 1396 iios
1373 1377 1515 1406 separare
1543 1378 1563 1397 α
1584 1369 1708 1398 caritate
1729 1370 1795 1404 Dei,
1824 1379 1898 1408 quae
1919 1375 1959 1399 est
1986 1371 2018 1399 111

1169 1414 1284 1443 Christo
1305 1416 1372 1444 Iesu
1394 1416 1518 1444 Domino
1539 1420 1647 1445 nostro.

1247 1462 1349 1491 Sextus
1370 1462 1473 1499 gradus
1495 1466 1536 1492 est
1557 1471 1623 1492 vera
1644 1466 1672 1492 et
1699 1464 1780 1500 plena
1801 1464 2015 1502 tranquillitas,

1167 1509 1194 1537 111
1217 1517 1273 1546 qna
1294 1512 1335 1538 est
1356 1512 1432 1538 tanta
1452 1517 1509 1546 pax
1530 1513 1557 1538 et
1578 1510 1705 1547 requies,
1727 1513 1759 1538 ut
1779 1511 1870 1539 anima
1898 1511 2018 1548 quodam

1167 1556 1284 1584 modo13
1306 1556 1341 1585 sit
1362 1556 1390 1584 in
1412 1557 1521 1585 silentio
1541 1560 1568 1585 et
1590 1556 1616 1585 in
1639 1564 1735 1585 somno
1757 1560 1784 1586 et
1804 1557 1883 1594 quasi
1905 1557 1932 1586 in
1954 1566 2018 1587 arca

1166 1603 1222 1631 Noe
1237 1603 1380 1637 collocata,
1399 1603 1448 1632 ubi
1463 1603 1540 1632 nullo
1555 1604 1636 1632 modo
1651 1604 1843 1640 perturbatur.
1862 1605 1930 1641 Quis
1944 1605 2018 1634 0111111

1167 1653 1257 1686 potest
1278 1650 1446 1687 perturbare
1466 1654 1601 1685 mentem,
1629 1659 1712 1688 quam
1736 1652 1831 1681 nullus
1859 1652 2018 1689 cupiditatis

1167 1697 1298 1726 stimulus
1323 1697 1472 1734 inquietat,
1494 1698 1588 1727 nullus
1610 1698 1717 1727 timoris
1737 1698 1852 1727 aculeus
1871 1699 2018 1736 exagitat?

1167 1744 1195 1772 111
1218 1744 1265 1772 tali
1287 1747 1379 1773 mente
1400 1753 1457 1781 pax
1478 1747 1520 1774 est
1540 1747 1567 1774 et
1585 1748 1674 1774 status
1694 1745 1811 1775 ultimus
1832 1748 1858 1774 et
1880 1746 1971 1783 quies,
1991 1748 2019 1775 et

1167 1791 1204 1820 ibi
1219 1791 1370 1828 requiescit
1384 1799 1469 1821 verus
1484 1792 1624 1826 Salomon,
1640 1793 1770 1829 quoniam
1787 1793 1818 1821 iii
1829 1801 1904 1830 paee
1917 1791 2018 1830 faetus

1167 1841 1208 1866 est
1229 1837 1309 1866 loeus
1330 1838 1393 1866 eius
1406 1839 1437 1866 14.
1464 1855 1501 1859 —
1528 1839 1559 1867 Et
1579 1838 1639 1868 ideo
1660 1839 1738 1868 valde
1757 1839 1951 1868 convenienter
1972 1839 2017 1868 isti

1167 1884 1270 1921 gradus
1301 1885 1492 1922 significantur
1524 1894 1574 1923 per
1606 1886 1667 1915 illos
1689 1894 1739 1915 sex
1770 1886 1889 1923 gradus,
1915 1886 2017 1923 quibus

1166 1932 1368 1961 ascendebatur
1389 1932 1423 1961 ad
1445 1932 1578 1962 thronum
1595 1933 1746 1962 Salomonis
1762 1933 1794 1961 15.
1818 1933 1848 1962 Et
1869 1936 2017 1970 propterea

323 2069 331 2081 ¹
349 2068 468 2095 Bernard„
485 2068 515 2091 de
532 2068 654 2095 Diligendo
671 2068 732 2094 Deo,
749 2073 769 2089 c.
788 2068 809 2089 8.
827 2073 849 2089 n.
867 2067 909 2089 ⁴25:
927 2067 955 2089 Ut
968 2069 1043 2088 tomen
1061 2072 1110 2094 per-

261 2109 318 2131 fecta
335 2108 420 2130 iustitia
438 2108 466 2129 sit
483 2107 578 2135 diligere
596 2107 740 2135 proximum,
759 2106 832 2128 Deum
850 2106 872 2128 in
889 2112 959 2128 causa
976 2105 1056 2127 haberi
1074 2111 1110 2127 ne-

260 2153 324 2170 cesse
341 2149 382 2169 est.
400 2147 508 2175 Alioquin
527 2146 659 2174 proximum
686 2151 745 2173 pure
769 2145 865 2173 diligere
891 2144 1011 2174 quomodo
1035 2147 1110 2172 potest

260 2187 300 2215 qui
318 2186 340 2208 in
358 2186 405 2208 Deo
423 2192 469 2208 non
486 2185 575 2213 diligit?
594 2186 664 2207 Porro
683 2185 704 2206 in
722 2185 769 2206 Deo
787 2184 883 2212 diligere
904 2190 949 2206 non
973 2186 1049 2211 potest
1070 2183 1110 2211 qui

261 2226 334 2248 Deum
353 2231 399 2247 11011
417 2225 498 2252 diligit.
516 2224 611 2253 Oportet
629 2230 693 2251 ergo,
712 2224 785 2246 Deum
803 2224 866 2251 diligi
884 2224 962 2251 prius,
980 2226 1005 2245 ut
1022 2223 1045 2245 in
1062 2223 1110 2245 Deo

260 2264 325 2292 diligi
342 2264 416 2292 possit
427 2266 449 2285 et
461 2263 580 2291 proximus
592 2266 635 2285 etc.
649 2262 694 2285 Cir.
708 2263 740 2285 lll.
754 2263 815 2285 Sent.
828 2262 851 2284 d.
863 2262 900 2284 27.
913 2268 933 2284 a.
946 2263 967 2284 2.
980 2268 1003 2290 q.
1019 2262 1040 2284 3.
1055 2265 1077 2283 et
1090 2261 1110 2283 4.

323 2302 332 2315 ²
350 2304 381 2325 lta
398 2303 481 2330 BLU;
499 2303 577 2330 plures
593 2302 661 2325 codd.
678 2302 822 2331 perfeclum,
842 2303 860 2324 G
881 2301 913 2324 ud
932 2300 1109 2330 iutelligyenclam

257 2342 388 2372 perfectum
405 2341 552 2365 dilectionem
568 2341 611 2364 Dei
635 2345 686 2369 0th
712 2341 763 2363 Yat.
781 2347 834 2363 cum
852 2341 967 2363 nonnullis
987 2340 1056 2363 codd.
1080 2339 1112 2363 ud

261 2381 438 2411 Intelligendum
449 2381 629 2411 perfhctionem,
648 2383 669 2403 ct
687 2381 781 2403 inferius
792 2379 824 2403 ud
832 2379 1003 2410 perfectionem
1020 2386 1062 2408 pro
1079 2378 1112 2402 ud

258 2421 402 2451 perfectum,
420 2420 484 2449 quod
502 2419 656 2447 vocabulum,
673 2422 730 2442 teste
748 2420 878 2446 Porcellini‚
901 2422 1027 2447 usurpatur
1044 2419 1111 2441 inter-

260 2460 317 2482 dum
335 2466 378 2487 pro
392 2458 514 2489 perfectio.

324 2497 332 2510 ³
350 2499 432 2521 Psalm.
451 2499 493 2525 33,
510 2499 538 2520 9:
563 2498 657 2520 Gustare
683 2500 705 2520 et
730 2497 820 2523 videte.
846 2497 957 2526 quoniam
981 2497 1060 2519 suavis
1078 2499 1112 2518 est

262 2538 380 2560 Dominus.
397 2537 470 2560 Codd.
489 2538 530 2560 LZ
549 2538 609 2560 nune
627 2537 703 2559 locum
724 2537 855 2565 praefigunt
880 2536 984 2565 sequenti
1010 2537 1046 2559 Ps.
1068 2536 1110 2564 75,

262 2578 270 2599 l
282 2578 286 2599 l
299 2585 304 2599 ε
322 2577 441 2606 Reliquiae
457 2579 501 2599 etc.

324 2615 333 2628 4
351 2615 424 2639 Codd.
441 2616 532 2639 AIOU
555 2615 644 2645 coepit;
669 2616 687 2637 l<
700 2616 717 2638 R
740 2614 859 2638 assuetius
885 2614 987 2644 coeperit
1010 2613 1111 2638 versari.

261 2655 356 2678 Inferius
372 2661 415 2683 pro
433 2654 496 2685 quod
513 2655 568 2684 quin
588 2655 630 2677 LO
649 2661 717 2684 quem
735 2654 798 2684 quin,
817 2657 838 2677 et
856 2657 908 2682 post
924 2655 994 2677 Μῖνα
1008 2655 1025 2677 U
1036 2655 1055 2677 V
1072 2654 1112 2677 ad-

262 2694 320 2716 dunt
336 2700 368 2717 se.

325 2732 334 2745 5
351 2733 408 2761 Cap.
424 2734 452 2761 7,
471 2734 512 2761 115,
530 2733 566 2756 cui
585 2732 686 2755 LOU&v
704 2732 849 2760 subiungunt
866 2738 889 2754 v.
916 2733 957 2755 Ἰ161
975 2732 1111 2762 Desperare}

261 2778 414 2802 nequaquam
431 2772 479 2795 ium
496 2772 564 2795 ultra
582 2772 668 2795 rit-um.
687 2771 790 2794 Subinde
807 2772 919 2799 allegatur
936 2772 972 2794 Ps.
990 2771 1032 2798 41,
1050 2773 1072 2794 2.

325 2810 334 2823 ὃ
352 2811 426 2834 Codd.
442 2811 487 2834 AU
499 2811 518 2832 V
540 2810 661 2840 eyredilui·
686 2810 734 2834 sire
759 2810 846 2833 oritur.
872 2811 967 2833 Inferius
992 2817 1034 2838 pro
1052 2811 1112 2833 tenet

263 2851 279 2872 E
289 2850 308 2872 M
318 2850 334 2872 N
345 2850 360 2872 Ρ
378 2849 462 2878 tendit,
482 2850 499 2872 B
509 2850 524 2872 L
543 2852 589 2878 est,
608 2851 658 2872 Vnt.
670 2849 744 2878 ridet,
762 2853 784 2872 et
801 2856 844 2878 pro
856 2850 927 2879 quusi
937 2851 1048 2873 saturata
1060 2850 1112 2872 Vat.

262 2896 316 2912 euin
333 2888 440 2917 pluribus
456 2889 525 2912 codd.
542 2889 613 2918 quusi
628 2891 765 2916 saturatus,
777 2890 796 2911 M
810 2889 881 2918 quasi
896 2890 975 2912 satur.
988 2889 1065 2911 Simile
1077 2895 1112 2911 oc·

262 2929 334 2951 currit
350 2927 463 2955 subinde,
480 2927 521 2950 ubi
538 2934 580 2956 pro
598 2930 620 2951 et
635 2928 697 2951 sicut
713 2929 838 2951 sulm-utus
856 2929 873 2950 G
883 2928 900 2950 N
910 2928 926 2950 P
937 2928 951 2950 S
961 2929 978 2950 T
990 2928 1009 2950 V
1031 2927 1112 2950 substi-

263 2970 331 2990 tuunt
347 2966 409 2990 unde
426 2966 583 2997 [quodetiam
600 2967 679 2995 plures
690 2967 728 2989 alii
739 2967 809 2989 codd.
823 2966 942 2996 exhibent]
958 2967 1021 2990 sient
1033 2968 1111 2995 satur,

263 3009 285 3029 et
297 3013 340 3035 pro
351 3006 467 3034 sumendi,
480 3006 543 3035 quod
553 2993 607 3029 *Vae
620 3006 710 3034 omittit,
722 3006 800 3034 plures
812 3006 880 3029 codd.
890 3009 978 3034 ponunt
989 3005 1112 3029 sumendo.

1231 2065 1239 2078 ⁷
1257 2066 1330 2089 Codd.
1347 2067 1363 2089 L
1374 2067 1393 2088 M
1404 2067 1419 2088 N
1430 2066 1447 2089 O
1458 2066 1472 2088 P
1490 2065 1524 2089 sic
1542 2065 1564 2089 2⁴11
1583 2066 1626 2089 hoc
1646 2066 1725 2096 gradu
1750 2066 1839 2090 cui-ilus
1865 2066 2017 2090 contrarium

1166 2104 1223 2134 [(1011
1240 2110 1308 2128 omne
1326 2106 1461 2133 terrenum,
1480 2105 1532 2127 Vnt.
1549 2105 1582 2128 sic
1596 2105 1618 2128 in
1631 2105 1675 2128 lzoc
1687 2105 1765 2135 yruclu
1782 2105 1871 2129 raritas
1882 2105 1940 2135 fucit
1952 2105 2017 2129 circa

1167 2149 1235 2166 omne
1252 2146 1368 2167 creatum.
1387 2144 1451 2167 Unde
1468 2144 1525 2168 dicit
1541 2144 1641 2174 Sapiens
1660 2144 1741 2174 [Pi-ov.
1758 2145 1795 2172 27,
1814 2144 1859 2174 7.]:
1877 2144 1963 2168 Anima
1981 2151 2017 2168 sa-

1167 2184 1250 2206 turata
1267 2183 1367 2207 calcabit
1384 2184 1475 2213 surum.

1230 2221 1239 2235 s
1258 2223 1308 2245 Vat.
1325 2223 1390 2245 addit
1407 2225 1541 2251 terrenum,
1559 2224 1607 2245 lin
1625 2224 1704 2252 legunt
1721 2225 1747 2246 ut
1759 2223 1806 2246 iam
1819 2229 1867 2246 uon
1878 2223 1957 2246 solum
1969 2229 2017 2246 11011

1168 2263 1270 2291 quaerat
1280 2261 1470 2285 [tlibisolutium.
1484 2261 1587 2284 Subinde
1605 2263 1620 2284 E
1630 2263 1650 2284 K
1660 2262 1677 2284 N
1687 2262 1702 2284 P
1720 2262 1829 2284 omittunt
1845 2261 1971 2285 delectetur
1988 2263 2016 2285 et.

1231 2299 1241 2312 ⁹
1259 2300 1332 2323 Codd.
1349 2301 1393 2323 LO
1412 2301 1501 2323 addunt
1517 2300 1559 2330 qui
1575 2300 1631 2324 dicit
1656 2300 1689 2330 [ll.
1714 2301 1766 2324 Cor.
1791 2302 1827 2328 Ἰ12,
1845 2300 1891 2331 9.]:
1909 2300 2016 2324 Libenter

1168 2339 1291 2369 =(sloriulior
1303 2339 1328 2362 in
1345 2339 1525 2370 infirmititibus
1538 2339 1595 2363 meis
1607 2342 1662 2367 ete.;
1679 2340 1699 2362 Κ
1710 2340 1728 2362 R
1746 2341 1826 2368 legunt
1838 2345 1893 2363 cum
1904 2339 2016 2369 Apostolo

1169 2380 1197 2401 Il.
1217 2379 1271 2402 Cor.
1289 2378 1330 2403 12.

1231 2417 1251 2430 ¹⁰
1268 2417 1341 2440 Codd.
1359 2418 1401 2440 LN
1412 2417 1429 2440 O
1440 2417 1461 2439 V
1479 2418 1588 2446 supplent
1613 2417 1701 2447 prada.
1718 2418 1760 2440 Pro
1785 2417 1886 2441 sustinet
1903 2417 1991 2447 plagas
2008 2418 2016 2440 I

1168 2456 1267 2486 suscipit
1285 2456 1312 2486 [G
1323 2457 1369 2479 MN
1379 2457 1394 2479 P
1411 2456 1504 2486 portat]
1526 2456 1622 2486 pluyus.
1649 2457 1743 2479 luserius
1768 2460 1820 2485 post
1837 2455 2017 2485 intelligendum

1168 2498 1201 2519 est
1219 2496 1264 2518 fide
1287 2496 1413 2518 ADFIIK
1425 2496 1525 2519 LORT
1537 2496 1555 2518 V
1581 2496 1718 2518 omisimus:
1736 2495 1801 2518 Unde
1827 2495 1884 2524 [Act.
1903 2495 1924 2522 5,
1953 2494 2015 2524 4l.]:

1168 2535 1238 2558 Ibant
1253 2534 1362 2565 Apostoli
1377 2535 1506 2564 pandentes
1523 2542 1537 2558 [ι
1555 2537 1680 2565 conspectu
1698 2534 1799 2563 concilii,
1820 2534 1933 2564 quoniam
1951 2533 2018 2564 diyni

1168 2573 1244 2597 habiti
1258 2576 1316 2597 sunt
1328 2580 1375 2603 pro
1393 2574 1489 2597 nomine
1507 2575 1558 2597 lesu
1576 2573 1744 2598 contumeliam
1758 2573 1819 2603 pati.

1232 2613 1250 2626 ¹¹
1268 2614 1339 2641 Epist.
1356 2615 1371 2636 l.
1389 2614 1449 2636 loun.
1468 2613 1493 2641 4,
1512 2614 1554 2636 -182
1571 2614 1671 2636 Perfecta
1689 2614 1771 2636 caritas
1788 2615 1849 2636 sorus
1865 2614 1933 2636 mittit
1949 2613 2017 2636 timo-

1167 2659 1226 2676 rem.
1245 2666 1276 2669 —
1293 2653 1405 2681 Superius
1423 2652 1520 2676 vocibus
1537 2659 1605 2676 omne
1617 2652 1734 2676 (lupinum
1746 2653 1792 2675 ΥΖ
1805 2653 1936 2681 praefigunt
1948 2658 2017 2676 omne

1168 2692 1268 2715 vitulum.

1231 2730 1250 2744 ¹²
1269 2732 1335 2754 Rom.
1353 2732 1380 2760 S,
1397 2731 1477 2754 35-39.

1231 2769 1251 2782 ¹⁸
1268 2770 1320 2793 Yat.
1333 2776 1378 2800 per
1396 2777 1469 2800 quum
1485 2771 1520 2793 est
1536 2771 1603 2793 tanta
1617 2775 1670 2799 puer
1687 2771 1709 2793 et
1724 2769 1816 2799 requies
1833 2769 1858 2792 in
1874 2768 1968 2796 anima,
1992 2769 2017 2791 ut

1169 2809 1272 2839 quodum
1289 2809 1367 2833 1110010.

1232 2848 1251 2861 ¹⁴
1269 2849 1351 2871 Psalm.
1369 2849 1411 2876 75,
1429 2849 1451 2871 3.
1467 2861 1499 2865 —
1516 2848 1629 2877 Superius
1645 2849 1664 2870 R
1675 2849 1694 2870 V
1711 2848 1818 2870 omittunt
1835 2849 1858 2870 et
1874 2846 1946 2877 qules.

1232 2887 1252 2900 ¹⁵
1268 2887 1312 2911 Cir.
1330 2889 1364 2910 lll.
1383 2888 1442 2916 Reg.
1462 2888 1498 2915 lO,
1516 2888 1549 2909 18.
1561 2894 1610 2916 seq.
1622 2890 1644 2910 et
1656 2887 1680 2909 ll.
1692 2887 1789 2914 Paralip.
1802 2887 1827 2915 9,
1841 2886 1878 2909 17.
1891 2892 1950 2914 500.;
1962 2885 2016 2908 ride

1169 2927 1237 2950 etiam
1255 2928 1330 2950 ltiner.
1347 2927 1430 2950 mentis
1448 2927 1471 2949 in
1487 2927 1573 2953 Deum,
1591 2933 1611 2949 c.
1629 2927 1650 2948 l.
1667 2933 1691 2949 11.
1708 2926 1730 2949 5.
1746 2938 1778 2943 -—
1792 2925 1895 2948 Subinde
1907 2925 2016 2953 allegatur

1169 2966 1232 2989 Cant.
1250 2967 1275 2994 3,
1294 2967 1332 2989 lo.
1347 2979 1378 2983 —
1395 2967 1506 2995 Superius
1523 2972 1566 2994 pro
1583 2966 1613 2989 Et
1630 2965 1680 2989 ideo
1698 2966 1746 2988 KR
1764 2965 1795 2988 Et
1810 2966 1878 2992 nota,
1896 2964 1966 2994 qttod.
1985 2964 2018 2986 ln-

1169 3006 1238 3028 1011115
1255 3011 1298 3034 pro
1314 3005 1449 3035 perlinam-e
1465 3005 1484 3027 D
1494 3006 1508 3027 F
1518 3006 1537 3028 H
1547 3005 1564 3027 O
1579 3004 1716 3034 pervenire,
1734 3005 1750 3027 E
1760 3005 1775 3027 P
1792 3003 1880 3027 venire.

2031 539 2112 562 Quartus.

2031 959 2114 983 Quintus.

2033 1474 2105 1494 Sextus.

2036 1848 2119 1868 Notandu
