2133 3317
359 263 417 287 CHR

110 305 186 327 anima
205 304 306 326 elevatur
324 303 354 326 ad
371 302 572 331 contemplandam
590 301 678 330 passio-

109 349 162 366 nem
180 346 202 365 et
218 342 335 365 caritatem
353 342 436 365 Christi
462 341 506 364 187
525 341 545 363 l.
570 347 621 369 sqq.
646 352 677 357 --

110 382 263 405 Considerans
287 387 381 404 causam
406 381 521 409 passionis
541 379 637 408 Christi,
655 382 676 402 te

109 421 185 449 ipsum
203 420 341 443 obliviscere
357 426 399 448 per
413 419 543 442 devotionis
554 424 674 441 excessum

111 460 139 482 13
157 460 170 481 3
187 471 218 476 -
234 459 316 482 Christi
334 458 453 487 angustiae
470 457 636 480 memorandae
652 457 675 480 in

110 498 262 521 amaritudine
278 498 329 520 viae
345 497 482 526 purgativae
500 497 529 520 15
544 498 557 519 9
575 509 606 513 -
622 497 676 519 Gra-

110 538 154 560 dus
171 537 345 560 illuminationis
369 537 393 558 in
418 536 601 559 consideratione
627 542 676 564 pas-

109 577 180 600 sionis
196 576 278 599 Christi
296 575 324 599 ib.
342 576 355 598 8

155 628 187 632 -
212 615 290 638 Solum
316 615 338 637 in
356 614 437 637 Christi
460 614 607 643 passionibus
633 615 675 637 lae·

109 655 205 677 tandum
222 657 256 677 est
273 654 364 676 animae
376 654 420 676 493
434 653 449 676 b
460 666 491 670 —
502 653 585 677 Christi
597 654 675 682 passio

109 696 174 722 grata
191 693 304 716 memoria
320 693 443 715 recolenda
460 696 494 715 est
512 693 556 715 122
573 693 587 715 7

155 745 185 749 —
203 733 301 755 Plurima
320 735 372 755 sunt
389 732 438 755 eius
462 732 587 760 praecipua
605 731 675 754 bene—

108 772 160 794 ficia
177 777 233 799 erga
250 772 369 794 hominem
387 772 431 794 418
450 772 462 793 3
480 784 511 788 —
528 774 562 793 est
581 777 674 799 semper

108 810 281 833 benedicendus
298 813 320 833 et
337 810 522 838 magnificandus
541 816 584 838 pro
605 810 675 832 bene-

109 849 166 872 ficiis
183 850 231 872 suis
249 850 278 872 40
296 850 325 872 35
341 862 373 866 —
384 849 498 872 Beneficia
514 849 596 872 Christi
614 855 674 872 sem-

108 895 150 917 per
167 889 235 911 certis
252 889 315 911 horis
331 889 432 911 recolere
448 888 561 911 debemus
579 888 622 910 149
641 889 654 910 6

155 940 187 945 —
204 928 296 956 Triplex
314 934 357 950 vae
374 928 488 955 profertur
505 930 583 949 contra
601 927 674 955 ingra-

108 970 144 989 tos
161 973 204 995 pro
221 967 302 990 Christi
320 967 427 994 passione
448 967 488 988 123
508 967 535 988 10
548 978 578 983 -
590 965 672 989 Christi

108 1007 185 1034 passio
201 1005 318 1029 accusabit
335 1008 467 1033 peccatores
479 1005 502 1027 in
516 1005 600 1028 iudicio
613 1005 673 1027 finali

109 1045 138 1067 53
155 1045 170 1067 5

154 1096 186 1101 —
201 1084 316 1112 Multiplex
333 1086 367 1106 est
379 1083 463 1106 utilitas
474 1083 673 1111 contemplationis

107 1123 222 1152 passionis
239 1122 321 1146 Christi
339 1123 384 1145 120
403 1123 424 1144 l.
441 1123 523 1144 12311
539 1135 570 1139 —-
581 1123 672 1150 Triplex

107 1165 142 1185 est
158 1164 245 1185 fructus
261 1162 388 1184 memoriae
402 1162 516 1190 passionis
532 1161 614 1185 Christi
627 1162 672 1184 222

108 1201 162 1225 454.
178 1208 213 1230 sq.
230 1214 260 1218 —
277 1201 386 1224 Memoria
403 1201 515 1229 passionis
532 1201 615 1224 Christi
633 1207 672 1223 nu-

107 1241 145 1264 trit
161 1243 184 1263 et
195 1243 316 1264 conservat
328 1240 476 1263 devotionem
490 1240 534 1262 120
548 1241 556 1262 1
574 1253 603 1256 -
615 1240 673 1263 Con-

107 1280 246 1303 sideratione
262 1279 376 1308 passionis
392 1279 474 1302 Christi
499 1281 626 1302 formamur
643 1279 672 1302 ad

106 1319 176 1342 fidem
185 1337 190 1346 ‚
207 1319 319 1347 erigimur
331 1319 360 1341 ad
373 1325 439 1347 spem
452 1319 474 1340 in
486 1318 672 1341 tribulationibus

107 1361 130 1381 et
145 1358 291 1381 stimulamur
308 1358 338 1380 ad
355 1364 458 1380 amorem
474 1358 504 1380 75
526 1358 551 1379 18

153 1411 186 1414 -
199 1397 351 1421 Considerans
362 1396 477 1420 Christum
489 1397 623 1420 crucifixum
635 1397 672 1420 de-

107 1437 192 1460 siderat
209 1439 270 1459 totus
287 1439 364 1459 mente
381 1439 403 1459 et
419 1442 487 1459 carne
512 1436 622 1459 transfodi
651 1439 673 1458 et

107 1476 170 1499 cruci
186 1476 248 1504 affigi
266 1482 320 1498 cum
338 1476 420 1498 dilecto
437 1476 466 1497 78
479 1476 508 1498 26
521 1488 551 1491 -
563 1476 671 1498 Memoria

106 1515 221 1543 passionis
237 1515 320 1537 Christi
339 1515 473 1538 deflendum
498 1518 631 1543 peccatum,
649 1518 673 1538 ut

106 1554 198 1577 nentem
215 1554 322 1582 respiciat
338 1554 401 1576 velut
418 1555 511 1576 Petrum
528 1554 557 1576 76
580 1555 605 1576 21

154 1606 186 1610 -
202 1593 347 1616 meditatione
364 1594 478 1621 passionis
502 1593 585 1617 Christi
611 1600 673 1616 exer-

107 1633 166 1655 citus
183 1633 324 1655 daemonum
341 1633 456 1661 effugatur
473 1632 517 1655 483
536 1633 544 1654 1
567 1645 597 1649 —-
617 1633 672 1655 Dae-

106 1672 170 1695 moni
187 1672 342 1695 resistendum
359 1675 393 1695 est
409 1672 550 1695 recurrendo
567 1672 597 1695 ad
612 1671 674 1695 Chri-

106 1713 168 1734 stum
186 1711 231 1733 486
250 1712 270 1733 1.
288 1718 341 1740 sqq.
364 1724 396 1727 —
420 1711 537 1734 Debemus
558 1711 673 1739 respicere

106 1750 129 1773 in
146 1750 227 1773 faciem
245 1750 365 1777 Crucifixi‚
382 1750 401 1773 si
419 1751 527 1773 volumus
547 1757 560 1773 a
582 1751 674 1773 daemo-

106 1796 162 1812 num
180 1789 369 1818 suggestionibus
392 1789 546 1812 11001011223
573 1790 617 1812 159
643 1802 674 1806 -

106 1829 185 1851 Passio
202 1829 364 1856 Reclemptoris
381 1831 414 1851 est
430 1831 546 1851 armatura
564 1832 586 1851 et
603 1829 674 1852 medi-

107 1868 156 1890 cina
174 1869 253 1891 effieax
270 1867 314 1890 486
336 1869 349 1890 2
372 1881 401 1884 -
424 1869 447 1890 111
469 1868 593 1891 tentatione
610 1868 675 1891 Chri-

107 1910 155 1930 stus
180 1907 303 1930 crucifixus
325 1910 376 1930 ante
397 1908 477 1930 oculos
498 1908 621 1935 ponendus
644 1907 672 1931 ib.

106 1947 120 1969 3
143 1959 174 1963 —
196 1947 293 1969 Unicum
318 1947 448 1969 remedium
472 1950 550 1970 contra
572 1947 674 1970 tentatio-

106 1992 147 2009 nes
165 1986 280 2008 invenitur
297 1986 321 2008 in
338 1986 386 2008 solo
402 1985 492 2009 Christo
518 1987 562 2008 199
587 1986 618 2008 75
642 1999 673 2002 -

106 2025 244 2047 Recordatio
262 2025 375 2053 passionis
391 2024 473 2048 Christi
491 2025 568 2048 omnia
590 2032 672 2054 aspera

106 2064 160 2086 facit
176 2064 236 2086 levia
253 2064 298 2086 483
317 2065 330 2086 3
347 2077 376 2080 -
393 2064 512 2087 doloribus
524 2065 571 2087 suis
583 2068 673 2087 nostros

106 2103 198 2126 dolores
215 2104 329 2125 consolari
345 2106 367 2126 et
378 2104 426 2126 suis
438 2103 574 2126 vulneribus
585 2104 672 2126 eisdem

106 2142 195 2165 mederi
213 2142 285 2165 voluit
303 2142 347 2164 160
367 2142 374 2164 1

153 2194 184 2197 -
200 2181 224 2204 10
241 2181 353 2210 sanguine
378 2188 420 2204 suo
443 2182 532 2205 vinctos
557 2182 635 2205 eduxit
659 2188 672 2204 e

106 2220 178 2243 limbo
196 2221 219 2242 81
243 2221 271 2243 33
297 2232 328 2237 -
354 2221 376 2243 10
395 2220 507 2243 descensu
532 2220 617 2244 Christi
642 2222 672 2244 ad

106 2259 205 2282 limbum
222 2259 262 2282 diu
279 2262 406 2288 exspectata
424 2266 499 2282 novae
516 2261 672 2283 1001501011105

107 2299 206 2321 radiavit
223 2297 277 2321 ibid.
294 2310 321 2314 --
342 2298 468 2321 Divinitatis
480 2299 580 2326 potentia
593 2302 618 2322 ut
626 2301 672 2322 Leo

108 2338 246 2361 fortissimus
262 2344 275 2360 a
292 2337 343 2360 sorti
368 2340 456 2360 armato
481 2338 593 2365 praedam
619 2338 673 2360 diri-

106 2378 157 2406 puit
174 2376 229 2400 ibid.
245 2390 276 2393 —
294 2376 387 2399 diabolo
409 2376 501 2399 abstulit
522 2377 587 2406 quod
610 2377 672 2400 vide-

107 2416 174 2439 batur
193 2416 278 2438 habere
299 2416 321 2438 in
347 2421 444 2444 corpore
469 2415 523 2439 ibid.
548 2428 579 2433 —
603 2422 673 2438 verus

107 2456 205 2478 Samson
223 2456 323 2478 moriens
341 2455 444 2478 hostilem
462 2455 586 2483 prostravit
611 2461 671 2478 exer-

107 2495 178 2518 citum
195 2494 250 2518 ibid.
266 2507 297 2511 —
317 2494 407 2523 Corpus
431 2494 514 2517 Christi
540 2495 671 2522 depositum

107 2534 137 2557 de
153 2540 234 2562 cruce,
246 2534 365 2556 conditum
378 2533 532 2561 aromatibus,
544 2534 672 2556 involutum

107 2573 216 2600 sindone,
234 2573 256 2595 in
273 2575 423 2595 monumento
444 2579 506 2595 novo
531 2579 585 2595 cum
610 2572 672 2595 omni

107 2612 236 2635 reverentia
262 2612 371 2640 sepelitur
392 2613 421 2634 80
446 2613 475 2634 82
500 2624 532 2628 -
555 2611 671 2634 Christum

108 2651 242 2674 crucifixum
267 2654 289 2673 et
314 2654 431 2674 mortuum
454 2651 602 2673 considerans
619 2657 673 2673 eun-

107 2690 161 2713 dem
179 2690 346 2718 compassionis
357 2691 463 2713 allectum
476 2690 584 2718 percipit,
601 2696 672 2718 quem

108 2729 177 2752 Maria
194 2732 215 2752 et
232 2729 364 2757 Magdalena
381 2731 503 2751 senserunt
524 2728 578 2751 ibid.

156 2780 188 2785 —-
210 2768 276 2791 tertio
302 2768 339 2791 die
363 2768 447 2797 quietis
471 2769 495 2790 in
519 2768 625 2796 sepulcro
651 2770 673 2790 et

108 2807 184 2835 primo
202 2807 367 2834 hebdomadis,
392 2807 473 2830 mortis
496 2810 610 2835 prostrato
635 2812 672 2829 au-

108 2849 184 2873 ctore,
201 2846 270 2868 etiam
289 2846 362 2874 ipsam
379 2849 477 2869 mortem
495 2846 592 2873 devicit,
616 2846 672 2868 dum

107 2884 244 2914 resurgendo
261 2891 286 2907 se
303 2891 315 2907 a
328 2885 424 2908 mortuis
435 2885 513 2908 divina
526 2885 625 2913 potentia
638 2891 674 2907 su-

109 2924 199 2946 scitavit
224 2924 249 2945 81
280 2923 308 2946 34
331 2937 362 2940 -
385 2924 507 2947 5050110105
532 2924 673 2947 aeternitatis

109 2963 196 2985 aditum
215 2962 282 2985 nobis
306 2963 396 2991 aperuit
412 2966 434 2985 et
458 2965 523 2985 notas
549 2963 600 2985 10011
624 2963 673 2986 vias

109 3001 169 3023 vitae
187 3000 240 3024 ibid.
257 3014 287 3018 —
305 3002 327 3024 ln
353 3002 520 3024 resurrectione
542 3003 615 3024 sactus
639 3005 673 3025 est

202 3048 229 3072 S.
239 3049 329 3072 Bonav.
340 3061 370 3065 —
382 3049 450 3072 Toni.
462 3050 517 3072 Vlll.

804 223 905 251 INDEX
926 223 1172 252 ALPHABETICUS.

711 304 873 328 terraemotus,
888 304 910 324 et
921 301 1023 329 Angelus
1038 300 1158 324 descendit
1170 300 1199 323 de
1211 302 1274 323 caelo

711 339 763 363 ibid.
782 353 812 356 —-
828 347 952 368 resurgens
973 340 1075 368 primum
1097 340 1205 368 apparuit
1225 346 1274 362 mu-

710 379 804 402 lieribus
821 380 911 402 devotis
928 379 982 402 ibid.
999 392 1030 395 —
1046 379 1215 401 multiformiter
1236 385 1274 407 ap-

709 419 787 447 paruit
803 419 921 447 discipulis
937 417 992 441 ibid.

756 470 786 474 --
802 458 986 480 Resurrectionis
1002 457 1091 480 novitas
1103 457 1167 480 miris
1180 456 1274 479 dotibus

708 497 834 520 adornatur
851 497 880 519 69
900 496 913 519 4
930 509 961 513 -—
983 499 1017 519 est
1033 497 1075 519 flos
1092 496 1273 524 pulcherrimus,

708 536 749 565 qui
765 536 788 558 in
806 536 963 558 incarnatione
980 536 1068 562 floruit,
1081 536 1103 557 10
1115 536 1224 564 passione
1236 535 1273 558 de-

708 575 796 604 floruit,
813 575 836 597 in
852 575 1020 598 resurrectione
1037 575 1140 597 refloruit
1157 575 1181 596 81
1202 575 1231 597 35
1243 587 1274 591 —

708 615 805 637 eductus
822 614 852 637 ad
869 614 993 642 imperium
1010 614 1052 637 Dei
1068 614 1125 636 caeli
1142 614 1171 636 de
1182 619 1274 636 carcere

708 653 789 676 mortis
805 656 828 676 et
849 653 987 681 inferorum,
1009 653 1162 676 commutavit
1185 656 1273 675 vestem

708 693 783 715 carnis
800 693 822 715 in
840 693 1017 715 immortalitatis
1033 693 1142 715 decorem
1160 693 1189 714 82
1202 692 1231 714 36
1244 704 1274 709 -

707 732 789 755 Christi
801 738 886 760 eorpus
898 731 1089 759 gloriosissimum
1101 731 1195 760 subtile,
1205 731 1273 759 agile,

708 771 837 793 immortale
854 774 876 793 et
892 771 999 793 claritatis
1010 771 1189 799 supervestitum
1202 770 1273 798 gloria

708 813 742 833 est
759 810 874 838 exemplar
891 810 1077 832 suscitandorum
1089 816 1214 838 corporum
1234 810 1274 832 hu-

707 855 829 872 manorum
848 849 873 871 81
895 849 925 871 35

754 901 784 905 -
801 891 853 916 post
869 888 1061 910 resurrectionem
1074 888 1219 916 argumentis
1231 894 1273 910 nos

706 927 844 949 illumiiiavit
860 927 888 949 ad
907 927 991 955 sidem,
1009 927 1130 955 promissis
1152 927 1222 949 erexit
1242 927 1272 950 ad

707 972 786 994 spem,
814 966 881 988 donis
905 966 1000 988 caelitus
1030 966 1089 988 datis
1114 966 1218 988 accendit
1242 966 1272 988 ad

706 1011 810 1027 amorem
828 1005 852 1026 81
875 1005 904 1027 34

752 1056 784 1060 -
800 1044 980 1073 quadragesimo
997 1044 1035 1066 die
1053 1046 1105 1072 post
1125 1044 1273 1066 resurrectio-

706 1089 759 1105 nem
777 1089 854 1105 coram
872 1083 991 1110 discipulis
1008 1082 1112 1105 ascendit
1135 1083 1158 1105 in
1181 1083 1270 1105 caelum

706 1123 736 1145 82
754 1122 783 1144 37
800 1134 831 1139 -
848 1122 976 1144 ascendens
992 1122 1081 1145 exsules
1106 1122 1232 1144 introduxit
1248 1122 1270 1144 in

706 1167 804 1190 regnum
823 1160 876 1184 ibid.
893 1174 924 1178 —
941 1161 1089 1184 introducens
1107 1161 1177 1184 iustos
1195 1161 1217 1183 in
1240 1167 1272 1183 re-

706 1207 779 1230 gnum
797 1201 879 1227 Patris,
891 1207 916 1223 se
928 1201 1119 1229 triumphatorem
1136 1200 1235 1223 ostendit
1250 1202 1272 1222 et

707 1240 830 1263 Dominum
855 1240 996 1263 exercituum
1022 1239 1075 1262 ibid.
1098 1252 1129 1256 —
1150 1240 1271 1268 Tanquam

706 1285 776 1302 verus
793 1280 882 1308 Moyses
898 1279 928 1302 de
945 1279 1012 1308 aquis
1029 1279 1172 1301 mortalitatis
1183 1285 1271 1301 assum-

706 1321 755 1346 tus,
773 1319 897 1341 Pharaonis
918 1318 1070 1341 subnervavit
1095 1318 1218 1346 imperium
1241 1317 1270 1340 ib.

706 1358 735 1380 36
752 1370 784 1375 --
800 1357 950 1386 psallentibus
967 1357 1060 1386 Angelis
1071 1360 1093 1380 et
1107 1356 1272 1380 exsultantibus

707 1398 806 1424 Sanctis,
824 1397 927 1420 ascendit
951 1403 1021 1425 super
1044 1397 1118 1419 caelos
1136 1397 1164 1418 82
1187 1397 1216 1418 38
1240 1408 1272 1412 -

706 1437 770 1459 sedet
786 1437 815 1459 ad
838 1437 956 1459 dexteram
980 1436 1053 1459 Patris
1077 1442 1148 1464 super
1172 1435 1272 1464 Angelos

706 1477 816 1499 exaltatus
832 1475 886 1499 ibid.
911 1487 943 1492 —
967 1475 1051 1503 iugiter
1077 1475 1207 1503 interpellat
1229 1481 1271 1503 pro

705 1515 774 1538 nobis
786 1518 810 1538 ut
823 1515 934 1541 Pontifex,
948 1514 1007 1537 Patri
1018 1515 1142 1537 vulnerum
1154 1514 1272 1536 cicatrices

706 1554 831 1577 ostendens
848 1553 902 1577 ibid.
919 1566 950 1571 --
967 1557 1001 1577 051
1012 1554 1086 1576 fidelis
1097 1553 1224 1576 advocatus
1236 1559 1272 1575 co-

706 1600 756 1616 ram
778 1594 843 1616 Patre
869 1592 922 1616 ibid.
945 1605 977 1610 —
998 1593 1107 1615 Ascensio
1132 1592 1214 1615 Christi
1239 1595 1273 1615 est

707 1639 776 1656 causa
793 1633 899 1661 specialis
916 1632 994 1660 gaudii
1012 1632 1057 1654 227
1076 1632 1120 1654 172

754 1685 785 1689 -
801 1671 939 1695 sublimatus
956 1672 1044 1694 bonore
1060 1671 1090 1693 ab
1108 1670 1217 1694 omnibus
1235 1671 1272 1694 ad-

706 1712 808 1734 orandus
825 1712 854 1733 82
872 1712 901 1733 36
919 1723 949 1727 ἠ
966 1710 1055 1733 Christo
1072 1717 1085 1732 a
1108 1711 1173 1733 Patre
1194 1711 1273 1733 collata

707 1753 741 1774 est
752 1751 827 1773 omnis
843 1753 944 1778 potestas
962 1750 986 1772 81
1009 1750 1038 1772 36

753 1803 784 1807 -
801 1792 836 1812 051
861 1789 998 1812 christianae
1014 1788 1133 1818 religionis
1149 1788 1273 1812 institutor

708 1829 753 1852 430
775 1829 804 1851 10
829 1841 860 1845 -
884 1831 907 1851 01
932 1829 1108 1851 fundamentum
1132 1828 1176 1850 272
1203 1829 1211 1850 1
1241 1841 1272 1844 -

707 1869 884 1891 fundamentum
900 1868 921 1890 in
934 1870 1012 1890 nostro
1024 1868 1138 1890 intellectu
1151 1868 1274 1890 collocatur

707 1914 749 1936 per
767 1907 848 1935 fidem,
866 1907 888 1929 in
907 1908 988 1930 affectu
1013 1913 1055 1935 per
1080 1907 1196 1929 caritatem
1219 1906 1273 1929 ib1'd.

708 1959 738 1963 —
763 1950 797 1969 est
821 1952 897 1969 novae
922 1946 1020 1969 civitatis
1045 1946 1167 1969 Ierusalem
1192 1946 1272 1968 sunda-

708 1989 811 2009 mentum
828 1989 850 2009 et
868 1986 975 2008 fundator
992 1984 1022 2008 ib.
1040 1986 1053 2008 2

755 2038 785 2042 -
802 2028 837 2048 051
853 2032 913 2048 0005
929 2025 1030 2048 Pontifex
1047 2025 1181 2053 praesidens
1198 2024 1221 2046 in
1233 2025 1273 2047 Ec-

707 2065 774 2088 clesia
791 2067 901 2094 tanquam
917 2070 1024 2087 summus
1049 2064 1168 2086 hierarcha
1191 2064 1220 2086 83
1243 2063 1272 2086 40

706 2117 737 2121 —
754 2107 788 2127 est
804 2110 911 2127 summus
928 2104 1035 2132 princeps
1050 2106 1170 2131 pastorum
1183 2102 1227 2125 146
1243 2102 1271 2125 17

707 2156 737 2159 —
753 2143 829 2171 primo
846 2143 908 2165 solus
927 2143 1019 2165 vocavit
1035 2145 1058 2165 et
1083 2142 1215 2165 informavit
1240 2141 1271 2164 di-

706 2183 820 2210 scipulos,
837 2182 939 2204 secundo
957 2188 998 2210 per
1015 2182 1071 2204 alios
1093 2181 1216 2204 Ecclesiam
1241 2181 1272 2203 di-

706 2222 785 2244 latavit
802 2221 846 2244 430
865 2222 893 2243 10
914 2233 946 2237 -
968 2226 1106 2243 0500050105
1129 2220 1151 2242 10
1169 2220 1271 2248 caelum,

706 2261 829 2284 Ecclesiam
845 2260 962 2288 Apostolis
979 2259 1107 2288 regendam
1127 2262 1150 2281 et
1175 2259 1269 2281 dilatan-

706 2300 760 2323 dam
778 2299 950 2322 commendavit
967 2299 1012 2321 375
1029 2300 1042 2321 2
1061 2311 1090 2315 -—
1107 2301 1220 2326 potestate
1235 2304 1272 2321 su-

706 2345 786 2367 prema
804 2338 866 2360 misit
882 2338 1008 2366 discipulos
1026 2338 1050 2359 81
1073 2338 1102 2359 36

753 2390 784 2394 -
800 2377 972 2400 commendavit
987 2377 1098 2399 unitatem
1110 2379 1132 2398 et
1144 2376 1270 2404 caritatem,

706 2423 777 2446 quam
789 2417 819 2439 ad
831 2416 953 2439 Ecclesiam
961 2433 966 2443 ‚
978 2422 1045 2438 suam
1057 2421 1165 2443 sponsam
1174 2433 1179 2443 ,
1192 2414 1272 2437 habuit

708 2456 751 2478 176
770 2456 783 2478 2
801 2468 832 2472 -
849 2456 952 2483 Sponsus
977 2454 1090 2477 Ecclesiae
1115 2456 1177 2477 tanto
1200 2460 1272 2482 copu-

706 2495 764 2517 latur
781 2495 885 2523 foedere,
903 2497 927 2516 ut
943 2494 972 2516 sit
996 2500 1056 2516 unus
1078 2493 1173 2521 spiritus
1195 2493 1224 2515 84
1243 2492 1271 2515 44

705 2546 737 2550 —
754 2534 777 2556 in
794 2540 862 2556 cruce
879 2533 970 2560 nuptias
987 2539 1041 2555 suas
1057 2532 1183 2555 celebravit
1200 2532 1244 2554 175
1257 2532 1270 2553 2

706 2586 737 2589 -
760 2573 834 2595 Valde
858 2572 982 2594 munificus
1008 2571 1049 2593 1011
1077 2571 1097 2593 10
1123 2571 1158 2593 1115
1183 2570 1270 2598 nuptiis

706 2611 760 2635 ibid.
777 2625 807 2627 —
824 2611 899 2639 Opera
917 2610 999 2633 Christi
1018 2616 1064 2633 non
1089 2609 1209 2636 deficiunt,
1226 2609 1267 2632 sed

706 2651 830 2679 proficiunt
846 2650 889 2672 336
912 2650 938 2672 13

753 2702 783 2705 -
799 2689 995 2718 quinquagesimo
1013 2688 1050 2711 die
1067 2694 1080 2710 a
1101 2687 1269 2710 resurrectione

707 2729 768 2751 misit
785 2727 896 2758 Spiritum
914 2727 937 2750 S.
956 2728 985 2749 82
1005 2727 1033 2749 39

754 2779 784 2784 —
801 2770 836 2790 est
846 2767 957 2795 originale
968 2765 1109 2794 principium
1119 2765 1210 2795 gratiae
1222 2765 1266 2788 243

711 2807 736 2829 12
753 2819 784 2823 -
800 2809 834 2829 051
851 2805 983 2828 uberrimus
996 2807 1046 2828 sons
1058 2805 1184 2833 gratiarum
1197 2804 1226 2826 85
1240 2804 1268 2826 48

706 2858 737 2862 -—
754 2845 832 2868 tribuit
849 2845 946 2873 gratiam
964 2846 986 2867 et
1002 2847 1095 2872 peccata
1113 2843 1205 2866 dimittit
1228 2850 1269 2871 per

707 2885 854 2907 Sacramenta
871 2884 900 2906 83
919 2883 947 2906 40
966 2896 996 2899 —
1012 2886 1100 2911 septem
1118 2882 1212 2905 instituit
1229 2883 1269 2904 Sa-

707 2926 823 2946 cramenta
842 2922 895 2945 ibid.

753 2975 784 2979 —
800 2964 835 2985 est
851 2964 939 2984 torrens
955 2961 1082 2984 refocillans
1099 2961 1186 2983 arentia
1198 2960 1268 2983 corda

708 3002 737 3024 85
755 3001 784 3024 47
809 3013 840 3018 —
864 3004 898 3024 est
916 3002 965 3023 sons
981 3003 1004 3023 et
1020 3000 1086 3028 origo
1109 2999 1213 3023 omnium
1230 2999 1269 3022 bo-

1815 226 1871 254 697

1565 263 1622 286 cna

1307 307 1390 324 norum
1409 301 1439 325 ib.
1459 302 1495 324 48.
1513 302 1558 324 272
1576 303 1589 324 2
1604 314 1635 319 -
1648 303 1671 325 10
1689 302 1778 325 Christo
1795 304 1870 326 anima

1307 340 1394 363 invenit
1411 341 1488 363 omnia
1505 341 1566 364 bona
1585 341 1629 364 492
1649 341 1662 364 4

1354 392 1385 396 —
1402 383 1436 402 est
1452 383 1541 403 creator
1557 381 1580 403 10
1597 381 1705 403 naturalis
1717 381 1778 403 vitae
1790 382 1872 404 sorma-

1307 418 1379 446 tione,
1396 419 1530 447 redemptor
1547 420 1570 442 in
1587 420 1710 448 spiritualis
1726 420 1786 442 vitae
1797 421 1871 442 resor-

1307 458 1417 485 matione,
1445 461 1605 481 remunerator
1630 459 1654 481 in
1678 461 1785 482 aeternae
1809 460 1871 482 vitae

1307 497 1426 519 collatione
1448 496 1477 519 94
1503 497 1516 519 4
1542 510 1572 513 —
1596 500 1630 520 est
1654 497 1746 521 libertas
1771 498 1873 526 captivo-

1306 542 1370 563 rum,
1399 536 1471 564 gloria
1496 536 1645 564 Angelorum,
1669 537 1716 559 vita
1747 537 1868 560 hominum

1308 575 1347 597 121
1371 574 1384 597 4
1401 588 1432 591 -
1454 578 1488 597 est
1513 576 1607 598 humani
1633 576 1723 603 generis
1747 576 1870 598 Recreator

1307 614 1353 636 267
1371 614 1384 636 4
1400 626 1432 631 —-
1449 620 1504 637 vere
1521 615 1596 637 dictus
1613 617 1647 637 est
1668 616 1743 642 lesus,
1768 615 1822 644 quia
1847 615 1870 637 in

1307 653 1357 676 eius
1374 654 1467 676 nomine
1484 653 1601 676 obtinetur
1618 654 1679 677 salus
1697 655 1726 677 85
1744 654 1772 676 48
1798 667 1829 670 —
1846 657 1871 676 ut

1307 698 1378 715 verus
1395 693 1498 715 Salvator
1515 692 1602 721 ubique
1620 693 1734 715 dominari
1751 693 1871 721 cognosci-

1307 734 1354 760 tur,
1371 738 1426 754 cum
1444 731 1466 754 in
1482 732 1567 754 virtute
1583 732 1682 754 nominis
1698 732 1748 755 eius
1768 732 1823 754 siant
1842 733 1870 755 si-

1307 777 1352 798 gna
1370 771 1394 793 81
1417 771 1446 793 36

1353 823 1385 827 -
1401 813 1435 833 051
1451 810 1585 838 redemptor
1601 810 1758 839 perditorum,
1770 810 1870 832 salvator

1306 850 1495 878 redemptorum,
1511 856 1565 878 spes
1581 850 1697 877 exsulum,
1715 849 1868 871 laborantium

1307 889 1428 916 fortitudo,
1444 889 1587 911 anxiatorum
1606 889 1712 911 solatium
1729 888 1759 910 85
1785 888 1813 910 48
1838 900 1870 904 -

1306 930 1331 950 111
1348 934 1417 950 verus
1434 928 1542 950 Salomon
1558 927 1681 956 requiescit
1698 927 1720 949 in
1741 929 1829 954 mente,
1846 927 1868 948 in

1305 973 1351 995 qua
1369 969 1402 989 est
1419 973 1463 995 pax
1480 972 1522 994 per
1539 967 1724 994 tranquillitatem
1740 965 1869 988 dilectionis

1310 1006 1335 1027 10
1354 1006 1378 1027 11
1399 1018 1431 1022 -
1447 1008 1482 1028 051
1498 1011 1568 1028 verus
1585 1006 1650 1028 10500
1668 1005 1712 1027 393
1731 1006 1739 1026 1

1351 1057 1382 1060 -
1399 1047 1433 1067 051
1450 1044 1643 1072 triumphantium
1660 1050 1758 1071 corona,
1780 1049 1869 1066 merces

1305 1086 1327 1106 et
1343 1083 1426 1106 laetitia
1444 1084 1566 1106 Beatorum
1584 1083 1613 1105 85
1627 1082 1655 1105 48
1669 1096 1697 1098 —
1709 1085 1742 1105 est
1751 1089 1869 1105 summum

1305 1122 1393 1145 honum
1413 1123 1456 1145 126
1475 1123 1488 1144 6
1505 1135 1536 1139 -
1548 1125 1582 1145 est
1599 1122 1648 1150 ipse
1666 1123 1716 1144 sons
1733 1121 1801 1144 totius
1815 1121 1869 1143 boni

1305 1162 1327 1184 in
1343 1162 1419 1190 caelo,
1437 1168 1450 1184 a
1467 1168 1514 1190 quo
1532 1162 1582 1184 lluit
1597 1161 1673 1184 omnis
1690 1161 1761 1189 gloria
1779 1161 1869 1183 Sancto-

1305 1207 1356 1223 rum
1375 1201 1420 1223 375
1439 1202 1452 1223 3
1469 1213 1500 1217 —
1517 1203 1550 1223 est
1575 1202 1624 1223 1005
1649 1201 1710 1222 vitae
1735 1202 1757 1222 et
1778 1200 1870 1222 luminis

1305 1241 1334 1263 85
1353 1240 1381 1262 47
1404 1253 1435 1257 -
1452 1241 1483 1262 Ex
1505 1241 1549 1262 hoc
1575 1240 1635 1262 sonte
1660 1239 1764 1267 procedit
1785 1239 1870 1261 fluvius

1305 1280 1347 1302 0101
1365 1280 1464 1302 laetitiae
1481 1282 1502 1301 et
1520 1282 1608 1301 torrens
1624 1278 1777 1301 laetabundae
1798 1277 1871 1300 ebrie-

1305 1319 1356 1341 tatis
1374 1318 1428 1341 ibid.

1352 1371 1382 1375 —
1399 1358 1441 1380 Per
1457 1357 1573 1380 Christum
1591 1357 1669 1379 omnia
1691 1357 1752 1379 dona
1774 1356 1866 1378 descen-

1305 1397 1363 1420 dunt
1380 1397 1403 1419 in
1415 1396 1529 1419 affluentia
1547 1396 1577 1418 85
1595 1396 1623 1418 47
1640 1409 1671 1412 —
1689 1396 1741 1418 Eius
1758 1395 1871 1418 candidis-

1305 1437 1362 1459 sima
1381 1436 1511 1458 humanitas
1523 1437 1545 1458 et
1556 1435 1744 1458 excellentissima
1758 1434 1869 1456 Divinitas

1305 1474 1418 1503 praebent
1434 1475 1508 1497 Beatis
1526 1474 1609 1496 fercula
1626 1473 1768 1496 nobilissima
1786 1473 1814 1495 59
1837 1474 1870 1495 11.

1305 1515 1334 1536 66
1352 1514 1382 1536 27
1394 1514 1497 1537 -Visio
1514 1513 1622 1536 claritatis
1638 1512 1720 1536 Christi
1737 1512 1831 1535 interius
1848 1515 1870 1534 et

1305 1553 1403 1576 exterius
1421 1553 1534 1576 beatificat
1551 1554 1577 1574 81
1600 1552 1630 1574 35
1655 1565 1686 1568 —
1711 1554 1744 1574 est
1761 1552 1869 1580 pincerna

1305 1593 1390 1616 summi
1408 1592 1478 1620 Regis
1495 1592 1524 1614 59
1545 1593 1570 1614 12

1352 1644 1383 1649 —-
1400 1634 1435 1654 est
1450 1632 1501 1660 ipse
1517 1632 1550 1654 sol
1572 1631 1670 1653 iustitiae
1687 1631 1711 1652 81
1735 1630 1764 1652 35
1781 1643 1812 1645 -
1837 1632 1870 1651 est

1306 1677 1376 1694 verus
1396 1671 1429 1693 sol
1454 1670 1552 1693 iustitiae
1576 1670 1606 1693 79
1632 1671 1661 1692 29
1686 1681 1718 1686 —
1742 1672 1776 1691 est
1801 1669 1870 1691 decor

1307 1711 1446 1739 praecipuus
1463 1711 1488 1732 81
1511 1709 1540 1732 35
1564 1722 1592 1725 ——
1612 1709 1723 1731 vestietur
1740 1708 1803 1731 omni
1820 1708 1870 1736 pul-

1307 1750 1420 1772 critudine
1437 1750 1561 1772 electorum
1581 1748 1609 1771 84
1628 1748 1657 1770 44

1354 1802 1384 1805 -
1402 1791 1436 1811 051
1452 1789 1515 1811 105115
1532 1788 1634 1810 veritatis
1651 1788 1673 1809 in
1691 1787 1775 1809 iudicio
1793 1787 1822 1808 83
1841 1786 1864 1808 41

1306 1841 1337 1844 —
1354 1828 1423 1850 iudex
1440 1828 1600 1850 universorum
1618 1825 1724 1854 reprobis
1744 1825 1814 1848 iratus
1838 1825 1871 1847 vi-

1307 1867 1399 1890 debitur
1416 1866 1446 1890 ib.
1463 1867 1492 1889 42
1517 1879 1548 1882 -
1573 1866 1649 1888 vincet
1665 1871 1747 1887 omnes
1766 1864 1870 1886 inimicos

1307 1913 1362 1929 suos
1379 1905 1409 1928 84
1427 1906 1455 1928 43
1472 1918 1503 1922 ·—
1520 1906 1576 1934 Quis
1588 1907 1610 1927 et
1621 1905 1695 1933 qualis
1707 1904 1736 1926 sit
1747 1904 1796 1926 dies
1808 1903 1870 1926 Chri-

1306 1946 1334 1968 sti
1352 1946 1396 1968 178
1414 1946 1428 1968 2
1445 1957 1476 1962 -
1493 1948 1527 1967 051
1543 1951 1582 1967 rex
1606 1950 1702 1972 regum,
1726 1943 1792 1965 cuius
1809 1945 1870 1970 pote-

1306 1988 1352 2008 stas
1369 1987 1392 2007 et
1407 1990 1505 2013 regnum
1523 1986 1557 2006 est
1573 1985 1692 2006 aeternum
1710 1982 1739 2004 84
1753 1982 1781 2004 45
1794 1994 1823 1998 —
1835 1984 1870 2004 est

1306 2031 1344 2047 rex
1362 2024 1472 2052 pacificus
1488 2022 1543 2046 ibid.

1353 2076 1384 2080 —
1401 2064 1443 2085 Per
1460 2062 1575 2086 Christum
1593 2065 1618 2084 ut
1630 2061 1734 2084 Verbum
1746 2060 1808 2083 carni
1821 2060 1867 2082 uni-

1305 2106 1354 2125 tum
1380 2103 1458 2125 omnia
1479 2104 1626 2130 reparantur,
1652 2102 1820 2128 promoventur
1846 2102 1868 2120 et

1305 2142 1414 2165 finiuntur
1432 2142 1461 2164 85
1480 2141 1507 2163 48
1526 2153 1556 2157 —
1573 2143 1608 2163 est
1624 2140 1687 2167 finis,
1706 2139 1728 2161 in
1745 2145 1792 2167 quo
1812 2137 1869 2160 obti-

1305 2184 1372 2204 netur
1388 2181 1449 2203 50105
1466 2179 1520 2203 ibid.
1537 2192 1568 2196 —
1584 2178 1752 2202 desiderandus
1772 2180 1794 2200 01
1818 2176 1870 2198 finis

1305 2220 1410 2243 omnium
1427 2222 1449 2242 et
1466 2219 1489 2241 in
1510 2225 1563 2241 eum
1589 2224 1631 2246 per
1649 2218 1730 2244 tidem,
1755 2222 1821 2245 spem
1847 2219 1869 2237 et

1305 2265 1408 2282 amorem
1426 2258 1568 2281 tendendum
1585 2256 1641 2280 ibid.
1658 2269 1687 2272 —
1699 2257 1762 2279 solus
1778 2255 1869 2282 sufficit,

1305 2299 1367 2321 solus
1384 2298 1458 2320 salvat
1474 2297 1528 2320 ibid.
1541 2309 1572 2313 —
1584 2297 1646 2319 solus
1664 2295 1739 2318 bonus
1755 2297 1777 2317 et
1788 2294 1868 2317 suavis

1305 2340 1339 2360 est
1355 2336 1526 2365 requirentibus
1542 2338 1564 2358 et
1581 2334 1730 2362 diligentibus
1747 2332 1801 2356 ibid.

1351 2388 1382 2392 -
1398 2376 1456 2398 Tota
1472 2375 1518 2397 vita
1536 2374 1617 2397 Christi
1639 2371 1763 2402 exemplum
1787 2372 1827 2394 suit
1847 2374 1869 2394 et

1306 2415 1442 2442 martyrium
1459 2414 1503 2436 169
1522 2414 1535 2436 2
1551 2425 1583 2429 -
1594 2418 1686 2440 semper
1703 2411 1808 2439 exemplo
1822 2417 1865 2433 suo

1304 2460 1346 2476 nos
1357 2453 1458 2476 erudivit
1470 2452 1509 2474 141
1527 2453 1540 2474 2
1552 2465 1583 2468 -
1595 2454 1629 2474 est
1641 2451 1750 2479 magister
1761 2450 1864 2473 omnium

1305 2493 1349 2515 244
1368 2493 1381 2514 2
1398 2504 1428 2508 -
1445 2494 1480 2514 est
1491 2491 1652 2514 universorum
1666 2490 1775 2518 magister
1792 2489 1866 2511 01110-

1304 2532 1381 2554 minus
1398 2532 1442 2553 298
1457 2531 1484 2553 12
1496 2543 1527 2547 -
1538 2532 1573 2552 est
1593 2529 1702 2557 magister
1720 2528 1866 2557 perfectiouis

1305 2571 1348 2593 239
1367 2571 1404 2592 11.
1422 2569 1467 2592 245
1480 2570 1501 2592 5,
1515 2568 1560 2592 294
1576 2569 1581 2591 1
1598 2581 1627 2585 -
1640 2571 1674 2590 051
1691 2568 1800 2595 magister
1816 2573 1866 2594 per-

1305 2609 1407 2632 fectionis
1429 2609 1576 2632 omnimodae.
1597 2610 1619 2630 et
1641 2609 1790 2635 supportator
1807 2606 1865 2628 intir-

1304 2649 1388 2671 mitatis
1404 2650 1494 2670 nostrae
1508 2647 1552 2669 259
1570 2647 1584 2669 5
1595 2659 1626 2663 -
1638 2649 1672 2669 051
1683 2646 1804 2669 universae
1817 2651 1866 2672 per·

1304 2687 1407 2710 sectionis
1425 2687 1541 2714 exemplar
1560 2686 1603 2708 420
1622 2686 1635 2708 3
1652 2697 1683 2702 -
1700 2686 1734 2707 051
1748 2684 1816 2707 totius
1829 2690 1866 2706 no-

1303 2729 1363 2749 strae
1379 2726 1458 2749 salutis
1475 2726 1591 2754 exemplar
1609 2728 1631 2747 et
1647 2724 1758 2752 originale
1780 2723 1865 2751 princi-

1303 2766 1367 2793 pium
1385 2765 1430 2787 242
1448 2765 1477 2787 13
1494 2777 1525 2781 -
1541 2767 1575 2786 051
1586 2764 1702 2791 exemplar
1717 2762 1866 2785 omnimodae

1303 2804 1448 2833 pei-rectionis
1465 2804 1509 2826 236
1528 2803 1549 2826 5.
1572 2803 1616 2825 242
1636 2803 1663 2824 12
1685 2814 1717 2818 -
1738 2804 1771 2824 051
1793 2802 1866 2829 perse-

1302 2846 1352 2866 ctae
1368 2843 1458 2866 virtutis
1474 2843 1591 2870 exemplar
1608 2844 1630 2864 et
1647 2841 1697 2863 linis
1720 2841 1765 2862 247
1787 2840 1812 2862 10
1835 2852 1866 2856 —

1302 2885 1336 2905 est
1352 2882 1427 2905 omnis
1445 2881 1534 2904 virtutis
1551 2881 1667 2908 exemplar
1685 2880 1729 2902 266
1747 2880 1760 2901 2

1348 2933 1380 2938 ·—-
1396 2923 1430 2943 est
1441 2921 1510 2943 totius
1521 2919 1666 2948 perfectionis
1680 2919 1799 2947 splendor,
1817 2924 1866 2945 spe-

1301 2961 1379 2983 culum
1390 2962 1412 2983 et
1423 2960 1540 2988 exemplar
1552 2959 1596 2981 246
1611 2959 1624 2981 8
1638 2971 1669 2975 -
1681 2960 1715 2980 051
1729 2958 1863 2986 speculum,

1302 2999 1325 3022 in
1338 3005 1385 3028 quo
1398 3001 1443 3022 eta
1456 3006 1502 3028 quo
1515 2998 1590 3021 omnis
1602 2998 1709 3021 sanctitas
1720 3000 1742 3020 et
1753 2996 1863 3025 sapientia

1741 3045 1769 3067 88
