2133 3317
135 597 252 616 Exhortatio.

137 784 252 804 Notandum.

135 1366 258 1384 Commenda-

123 1391 155 1408 tur
163 1389 210 1416 haee
220 1395 259 1408 me-

123 1418 191 1432 moria.

137 2211 255 2231 Exhortatio.

272 232 325 260 >120

269 312 343 339 statu
371 312 450 346 rapta
478 307 754 336 transformatur1».
780 306 811 334 Et
838 308 905 334 tunc
933 305 1042 342 cogitur
1069 312 1119 333 ex-

270 357 389 385 clamare
411 358 438 384 et
459 354 551 383 dicere
573 353 639 381 illud
660 353 827 389 Prophetae:
845 352 940 388 Quam
956 351 1060 380 dilecta
1076 355 1119 380 ta-

270 402 430 431 bernacula
445 405 507 434 tua,
525 400 644 428 Domine
663 399 825 428 virtutum!
841 398 1020 435 concupiscit
1033 401 1058 426 et
1072 399 1118 427 de-

269 449 331 486 ficit
352 449 455 477 anima
485 456 552 475 mea
582 447 613 475 ia
645 446 727 475 atria
749 445 875 474 Domini.
900 445 956 474 Cor
977 453 1074 473 meum
1095 448 1120 473 et

270 504 341 525 caro
361 504 427 524 mea
447 494 667 523 exsultaverunt
688 493 720 521 in
742 493 835 521 Deam
855 492 964 521 vivum.

351 544 394 571 10.
420 542 461 570 Sic
483 549 550 578 ergo
568 541 650 569 debet
664 540 767 569 famula
781 539 829 568 Dei
845 547 979 568 exercere
993 539 1119 568 animum

270 597 353 618 suum
375 589 402 617 in
425 588 548 617 studium
570 587 702 617 orationis
729 587 844 616 devotae
875 590 903 615 et
933 586 1038 616 discere
1070 594 1119 623 per

270 636 443 673 frequentem
459 635 591 664 orationis
605 642 688 663 usum
701 635 721 669 2,
737 642 786 671 per
800 633 924 662 mundati
940 637 967 662 et
981 633 1119 670 purificati

270 683 361 712 cordis
375 682 504 716 oculum,
527 690 575 719 per
597 681 792 718 infatigabilem
808 680 961 710 devotionis
975 680 1119 717 spiritum,

270 730 389 767 qualiter
410 729 548 758 efficiatur
571 729 667 757 idonea
688 728 721 757 ad
743 727 953 765 contemplanda
974 727 1067 756 divina
1094 729 1121 756 et

270 776 470 814 degustandam
492 776 601 804 divinae
617 775 770 804 dulcedinis
785 775 958 804 suavitatem.
974 775 1031 803 Non
1047 774 1120 803 enim

270 824 348 853 decet
369 823 489 852 animam
511 823 668 860 insignitam
684 822 732 851 Dei
751 822 885 859 imagine,
900 821 1056 851 decoratam
1071 821 1120 850 Dei

270 870 465 905 similitudine,
488 870 658 906 redemptam
680 869 728 898 Dei
750 868 897 906 sanguine,
914 876 1042 905 capacem
1057 868 1121 897 bea-

270 918 418 946 titudinis³
440 917 555 946 volitare
577 917 651 945 circa
671 916 724 945 ista
745 915 922 953 temporalia,
949 915 996 944 sed
1022 923 1120 943 ascea-

270 965 337 994 dere
356 964 438 994 debet
458 973 548 1002 super
572 963 727 992 Cherubim
748 966 772 992 et
792 963 892 991 volare
906 971 995 1000 super
1007 970 1121 999 pennas

602 228 799 257 OPUSCULUM
820 227 862 255 VI.
884 227 928 255 DE
952 226 1174 255 PERFECTIONE
1196 226 1293 255 VITAE
1315 227 1358 255 AD
1380 226 1536 255 SORORES.
1559 226 1627 255 CAP.
1650 226 1691 254 Vl.

1176 309 1344 339 ventorum,
1367 305 1393 333 id
1421 308 1463 334 est
1493 305 1604 333 ordines
1625 304 1807 341 Angelorum,
1839 304 1872 333 ad
1903 307 2024 334 contem-

1176 351 1304 388 plandam
1326 351 1413 388 ipsam
1435 351 1597 380 Trinitatem
1626 353 1654 379 et
1680 350 1782 379 Christi
1808 351 2024 386 humanitatem,

1176 401 1203 428 et
1224 399 1349 427 meditari
1371 398 1486 436 gloriam
1509 401 1536 427 et
1557 397 1688 426 laetitiam
1703 405 1890 434 supernorum
1905 398 2023 432 civium,

1176 446 1280 474 seilicet
1300 446 1465 482 Angelorum
1481 448 1508 474 et
1524 445 1687 473 Sanctorum
1708 444 1841 473 omnium.
1857 461 1896 466 —
1910 445 1961 473 Sed
1976 445 2024 482 qui
2047 451 2129 479 nemora,-

1177 495 1243 521 sunt
1256 492 1353 526 hodie,
1369 492 1417 529 qui
1433 491 1591 520 huiusmodi
1608 491 1833 520 meditationibus
1847 494 1961 525 vacent,
1977 491 2025 528 qui
2036 476 2133 527 rssfiggiisgsffi

1177 539 1231 568 sint
1253 539 1445 576 exploratores
1466 538 1557 575 gaudii
1577 537 1717 571 caelestis,
1733 537 1781 575 qui
1796 538 1879 567 corde
1893 541 1920 567 et
1934 538 2026 567 animo
2044 525 2128 565 ''iassssiii'

1177 588 1378 614 conversentur
1400 585 1426 613 in
1449 585 1531 613 caelis
1542 585 1574 612 4?
1596 584 1658 612 Rari
1674 587 1747 613 sunt.
1763 584 1839 613 Unde
1853 584 1923 613 bene
1937 588 2027 621 potest

1177 632 1229 661 dici
1251 633 1285 661 de
1306 632 1472 669 quibusdam
1494 631 1630 668 religiosis
1644 631 1711 660 illud
1727 631 1858 666 verbum,
1874 632 1946 669 quod
1962 632 2026 661 bea-

1177 682 1224 708 tus
1254 679 1435 708 Bernardus⁵
1462 678 1546 707 dicit:
1573 679 1727 715 «Quorum
1758 678 1881 707 studium
1913 678 2026 707 deberet

1178 734 1238 755 esse
1258 726 1403 754 devotione
1424 725 1514 754 caelos
1535 728 1697 762 penetrare,
1718 728 1810 754 mente
1835 725 1954 754 circuire
1979 733 2026 755 su-

1177 781 1279 811 pernas
1301 772 1472 807 mansiones,
1494 773 1615 801 salutare
1636 772 1778 809 Apostolos
1799 774 1826 801 et
1847 772 1947 801 choros
1961 773 2027 801 Pro—

1178 821 1326 857 phetarum
1342 820 1552 856 Martyrumque
1566 819 1697 847 admirari
1713 819 1880 856 triumphos,
1898 819 2028 849 omnibus

1178 867 1222 895 his
1243 866 1417 903 postpositis,
1440 866 1514 902 turpi
1538 874 1567 894 se
1587 865 1745 902 mancipant
1759 866 1884 902 eorporis
1899 865 2027 895 servituti

1178 914 1212 942 ad
1233 913 1416 943 obediendum
1449 913 1541 947 carni,
1569 913 1604 941 ad
1635 912 1857 942 satisfaciendum
1889 913 1970 950 gulae
2000 915 2028 942 et

1178 962 1268 991 ventri
1284 974 1310 989 ».

1038 1085 1199 1113 CAPrrULUM
1221 1084 1243 1112 V
1245 1084 1263 1112 Ι.

894 1197 933 1225 De
953 1196 1101 1233 passionis
1124 1194 1234 1224 Christi
1253 1195 1404 1223 memoria.

353 1311 376 1338 l.
399 1309 534 1346 Quoniam
566 1308 719 1338 devotionis
749 1308 843 1337 fervor
866 1316 916 1345 per
946 1308 1121 1344 frequentem

270 1357 371 1386 Christi
394 1356 528 1394 passionis
548 1356 710 1384 memoriam
733 1355 859 1384 nutritur
887 1358 914 1383 et
939 1357 1121 1383 conservatur

270 1404 298 1433 in
320 1404 447 1438 homine,
469 1403 530 1432 ideo
550 1410 662 1431 necesse
683 1405 739 1436 est,
761 1406 792 1431 ut
814 1402 988 1439 frequenter,
1004 1404 1035 1429 ut
1050 1408 1121 1429 sem-

270 1452 342 1489 per⁶
364 1451 452 1480 oculis
473 1450 564 1479 cordis
586 1450 628 1479 sui
650 1450 792 1478 Christum
820 1450 848 1478 in
877 1457 960 1478 cruce
989 1452 1120 1485 tanquam

270 1498 433 1527 morientem
456 1498 546 1527 videat
566 1497 614 1535 qui
635 1497 809 1526 devotionem
825 1496 853 1524 iu
868 1504 897 1525 se
912 1496 972 1524 vult
986 1495 1121 1524 inexstin-

270 1546 403 1582 guibilem
425 1552 599 1574 conservare.
622 1544 737 1581 Propter
759 1544 811 1572 hoc
839 1543 973 1571 Dominus
1001 1542 1067 1570 dicit
1094 1542 1122 1570 in

270 1593 427 1621 Levitico⁷:
456 1592 538 1629 qu‘s
569 1591 600 1620 ia
632 1590 725 1619 scitari
755 1599 816 1619 meo
847 1598 959 1627 semper
990 1588 1121 1623 ardebit,

270 1648 353 1679 quem
375 1639 486 1668 nutriet
505 1638 643 1667 sacerdos
663 1637 821 1666 subiiciens
843 1637 924 1674 liqna
942 1645 996 1674 per
1020 1636 1122 1673 sinqu-

271 1686 312 1715 los
334 1687 403 1715 ates.
427 1686 512 1720 Audi,
539 1689 627 1714 mater
655 1684 850 1714 devotissima:
872 1683 974 1712 Altare
1002 1683 1054 1711 Dei
1081 1685 1122 1711 est

270 1742 317 1763 cor
339 1737 439 1767 tuum;
461 1733 488 1761 in
512 1733 563 1761 hoc
584 1732 664 1761 altari
686 1732 767 1761 debet
789 1739 898 1768 semper
924 1730 1023 1759 ardere
1044 1730 1122 1768 iyais

269 1780 392 1810 fervidae
412 1780 582 1814 devotionis,
605 1787 689 1817 quem
710 1779 826 1816 singulis
847 1778 945 1807 diebus
963 1778 1046 1806 debes
1066 1786 1122 1805 aa-

271 1829 343 1857 trire
365 1836 414 1865 per
436 1828 517 1865 liqna
539 1826 630 1856 crucis
645 1826 747 1855 Christi
762 1829 789 1855 et
803 1825 965 1854 memoriam
987 1824 1122 1862 passionis

269 1875 365 1913 ipsius.
389 1875 420 1903 Et
441 1875 494 1903 hoo
516 1876 557 1903 est
574 1873 649 1911 quod
663 1873 729 1902 dicit
744 1872 825 1902 Isaias
840 1873 977 1910 propheta
989 1872 1015 1900 ὃς
1037 1872 1121 1900 Hau-

270 1923 352 1951 rietis
373 1931 468 1960 aquas
489 1922 521 1950 in
540 1921 652 1959 gaudio
680 1921 714 1949 cle
733 1919 865 1957 fontibus
887 1920 1069 1953 Sctlocttoris;
1090 1927 1122 1947 ac

270 1970 292 1998 si
314 1970 432 1998 diceret:
455 1968 626 2006 quicumque
640 1967 778 1997 desiderat
798 1975 814 1996 a
835 1967 891 1996 Deo
912 1974 1000 2004 aquas
1020 1966 1122 2004 gratia-

271 2024 351 2050 rum,
366 2024 453 2053 aquas
474 2015 642 2049 devotionis,
664 2022 751 2052 aquas
772 2015 976 2051 lacrymarum,
992 2013 1037 2042 ille
1051 2013 1122 2041 hau-

271 2064 324 2092 riat
345 2063 378 2092 de
399 2063 521 2091 fontibus
542 2062 706 2096 Salvatoris,
733 2062 760 2090 id
791 2064 833 2090 est
860 2061 893 2090 de
915 2061 1040 2098 quinque
1062 2061 1122 2089 vul-

270 2110 386 2139 neribus
407 2110 467 2138 Iesu
488 2109 599 2138 Christi.

351 2158 377 2185 ⁶2.
400 2156 502 2186 Accede
524 2164 590 2193 ergo
611 2158 658 2190 tu,
680 2164 696 2184 0
717 2155 836 2189 famula,
857 2154 975 2192 pedibus
1001 2154 1122 2183 affectio-

272 2211 340 2232 num
362 2206 475 2232 tuarum
496 2203 529 2231 ad
551 2203 639 2231 Iesum
662 2202 857 2236 vulneratum,
876 2201 910 2230 ad
925 2201 1014 2230 lesum
1036 2201 1122 2238 spinis

272 2253 451 2284 coronatum,
467 2250 500 2278 ad
515 2250 604 2278 Iesum
620 2249 744 2286 patibulo
759 2248 851 2278 crucis
865 2248 999 2282 affixum,
1015 2250 1042 2276 et
1058 2255 1120 2276 oum

1179 1306 1259 1334 beato
1280 1306 1386 1334 Thoma
1407 1306 1534 1342 Apostolo
1549 1314 1603 1334 non
1619 1306 1708 1335 solum
1723 1306 1833 1335 intuere
1848 1307 1875 1335 iu
1890 1307 2029 1336 manibus

1179 1353 1242 1381 eius
1263 1352 1397 1388 se'aearam
1418 1353 1588 1387 clavorum,
1609 1361 1663 1382 non
1686 1353 1775 1382 solum
1798 1354 1877 1383 mitte
1902 1354 2029 1392 diyitum

1180 1404 1264 1429 tuum
1286 1400 1317 1428 in
1338 1400 1434 1428 locum
1448 1400 1619 1434 clavorum,
1638 1409 1693 1429 non
1708 1401 1798 1429 solum
1812 1401 1890 1430 mitte
1904 1410 2029 1431 martum

1180 1451 1263 1476 taam
1285 1447 1316 1475 in
1338 1447 1416 1476 latus
1437 1447 1500 1475 eius
1511 1447 1536 1481 9,
1559 1447 1606 1476 sed
1628 1447 1748 1476 totaliter
1770 1456 1819 1484 per
1840 1448 1942 1477 ostium
1963 1449 2030 1478 late-

1180 1494 1218 1523 ris
1239 1494 1385 1531 ingredere
1406 1502 1497 1531 usque
1518 1494 1552 1523 ad
1579 1503 1627 1523 cor
1654 1495 1742 1532 ipsius
1771 1496 1846 1530 lesu,
1868 1495 1963 1533 ibique
1984 1504 2029 1525 ar-

1179 1541 1340 1569 dentissimo
1361 1540 1495 1569 Crucifixi
1510 1549 1605 1570 amore
1620 1541 1647 1570 in
1663 1541 1805 1570 Christum
1820 1542 2029 1578 transformata,

1180 1588 1264 1616 clavis
1285 1588 1369 1616 divini
1393 1588 1499 1617 timoris
1521 1588 1644 1623 confixa,
1667 1589 1761 1618 lancea
1779 1589 1976 1626 praecordialis
1989 1590 2030 1619 di-

1180 1634 1304 1663 lectionis
1326 1635 1475 1669 transfixa,
1490 1635 1580 1672 gladio
1595 1635 1707 1665 intimae
1726 1637 1923 1674 compassionis
1940 1639 2030 1666 trans-

1180 1682 1341 1716 verberata,
1363 1682 1433 1710 nihil
1453 1682 1529 1711 aliud
1543 1691 1678 1720 quaeras,
1694 1683 1762 1711 nihil
1783 1683 1859 1712 aliud
1873 1683 2028 1719 desideres,

1180 1729 1207 1757 in
1229 1729 1306 1757 nullo
1327 1729 1380 1757 alio
1402 1729 1470 1758 velis
1491 1730 1641 1764 consolari,
1664 1738 1748 1767 quam
1776 1733 1808 1759 ut
1835 1738 1898 1759 cum
1921 1730 2030 1760 Christo

1180 1778 1211 1804 tu
1232 1776 1321 1813 possis
1342 1776 1369 1804 in
1391 1784 1475 1805 cruce
1497 1776 1576 1805 mori.
1602 1777 1634 1805 Et
1662 1780 1729 1806 tuno
1757 1785 1821 1806 cum
1849 1777 1933 1806 Paulo
1961 1777 2030 1815 Apo-

1180 1824 1250 1852 stolo
1262 1823 1285 1840 ¹⁰
1310 1824 1450 1852 exclames
1481 1826 1508 1852 et
1538 1824 1631 1853 dicas:
1663 1823 1778 1853 Christo
1809 1824 1943 1862 confixus
1963 1834 2030 1854 sum

1180 1870 1271 1899 eruci.
1302 1870 1367 1899 Vivo
1388 1871 1450 1899 iam
1472 1880 1530 1900 noa
1551 1880 1617 1909 eqo,
1642 1871 1712 1900 vivit
1732 1880 1799 1900 vero
1827 1872 1859 1900 ia
1880 1880 1924 1901 me
1947 1871 2031 1901 Chri-

1179 1921 1251 1946 stas.

1259 1965 1285 1994 3.
1307 1965 1397 1994 Debes
1417 1968 1510 1994 autem
1542 1973 1592 2003 per
1623 1966 1699 1995 hunc
1732 1966 1845 1995 modum
1874 1967 2030 2004 passionem
2057 1972 2123 1992 Medii-¹³

1179 2011 1281 2041 Christi
1303 2012 1330 2040 in
1359 2012 1492 2041 memoria
1523 2013 1642 2047 habere,
1664 2017 1696 2041 ut
1723 2013 1841 2050 cogites,
1863 2013 1994 2050 quoniam
2007 2014 2028 2031 ¹1
2057 1998 2132 2040 ⁹332?

1179 2059 1270 2096 passio
1285 2059 1345 2088 eius
1366 2059 1419 2087 fuit
1439 2059 1738 2097 iqnominiosissima,
1759 2060 1967 2095 acerbissima,
1981 2069 2029 2098 ye-
2042 2049 2100 2086 {gs-ms
2121 2048 2132 2059 '¹

1179 2106 1369 2135 aeratissima
1389 2109 1416 2135 et
1438 2106 1677 2135 (liutmnissima.
1700 2123 1739 2127 —-
1760 2107 1851 2135 Primo
1872 2108 2029 2143 considera,
2047 2114 2075 2133 De
2087 2113 2124 2138 pri:

1179 2153 1235 2181 Deo
1256 2152 1338 2189 digna
1358 2152 1476 2187 famula,
1499 2161 1583 2190 quam
1614 2161 1689 2182 mors
1717 2154 1778 2183 Iesu
1806 2153 1908 2183 Christi
1937 2155 2031 2191 sponsi

1180 2200 1219 2228 tui
1241 2200 1293 2228 fuit
1314 2200 1604 2237 ignominiosissima..
1621 2200 1681 2229 Fuit
1696 2201 1769 2229 enim
1784 2200 1948 2238 craeisiaeus
1971 2205 2031 2230 tau-

1179 2255 1263 2284 quam
1285 2246 1331 2275 fur
1353 2250 1380 2275 et
1401 2247 1480 2275 latro.
1502 2247 1575 2276 Nulli
1599 2248 1673 2276 euim
1697 2248 1725 2276 in
1753 2248 1812 2285 lege
1840 2248 1927 2277 veteri
1939 2249 1962 2265 ¹2
1983 2249 2031 2277 tali

2046 1503 2064 1522 N
2065 1503 2124 1522 otantli

334 2402 342 2415 ¹
360 2403 469 2426 Richard.
486 2410 499 2426 a
517 2404 539 2426 S.
557 2403 628 2430 Vict,
646 2403 690 2425 loc.
710 2403 747 2425 cit.
764 2403 849 2426 Textus
866 2403 985 2431 originalis
998 2406 1050 2431 post
1068 2402 1122 2426 obii-

271 2442 370 2466 viscitur
388 2443 452 2466 addit
469 2444 491 2466 et
507 2443 532 2466 in
549 2442 731 2466 abalienationis
753 2449 879 2466 arcessam
905 2442 1006 2472 tripudii
1027 2442 1067 2465 sui
1086 2442 1122 2465 ai-

271 2482 364 2505 mietate
389 2481 527 2506 traducitur
552 2485 574 2505 et
598 2489 641 2510 pro
665 2484 737 2512 rapta
763 2482 789 2511 [F
813 2483 900 2511 rapta,
918 2482 990 2505 BCD
1012 2482 1120 2511 raptum]

271 2522 463 2551 transformatur
488 2521 606 2544 substituit
630 2521 720 2551 raptim
746 2521 945 2551 transformatur.
963 2533 994 2538 —
1016 2520 1123 2543 Subinde

271 2561 382 2589 allegatur
399 2562 434 2584 Ps.
453 2562 494 2590 83,
513 2562 534 2583 2.
551 2568 600 2590 seq.

334 2600 343 2613 ‘¹‘
362 2602 392 2623 lta
410 2601 426 2623 B
437 2600 452 2623 C
462 2601 490 2629 F,
508 2601 562 2623 Vat.
578 2599 688 2623 animum
705 2606 778 2623 saum
794 2606 825 2623 ex
842 2599 962 2623 devotam
975 2600 1050 2623 Deum
1066 2606 1123 2623 ora-

271 2639 332 2662 tione
350 2641 372 2663 et
388 2639 473 2663 ducere
494 2646 540 2669 per
563 2639 710 2669 frequentem
732 2638 824 2662 ordinis
845 2645 956 2667 versam,
974 2645 1034 2668 quae
1051 2639 1121 2661 etiam

271 2678 367 2701 inferius
384 2685 426 2706 pro
443 2678 546 2708 qualiter
562 2678 677 2708 efficiatur
695 2678 735 2707 (ita
752 2677 794 2701 BC
805 2678 856 2707 DF)
875 2677 992 2701 substituit
1004 2679 1122 2708 quatenns

271 2717 394 2747 efficiatur.

334 2756 343 2769 ³
360 2757 524 2785 Respiciuntur
540 2757 613 2780 verba
629 2757 740 2780 Bernardi
762 2763 833 2785 supra
855 2763 910 2785 pag.
928 2757 971 2784 30,
988 2760 1043 2779 nola
1061 2757 1083 2779 8.
1100 2759 1122 2779 et

271 2801 325 2824 pag.
344 2796 384 2823 36,
402 2798 455 2818 nota
473 2797 494 2818 3.
513 2797 586 2819 allata.
603 2808 634 2813 —-
651 2796 760 2825 Sequitur
772 2797 808 2819 Ps.
820 2795 860 2824 ll'7,
875 2798 883 2819 l
894 2797 910 2819 l.
923 2809 954 2813 —
966 2797 1009 2819 Pro
1020 2795 1121 2819 volitare

272 2834 311 2863 (ita
329 2834 381 2863 DF)
401 2836 451 2857 Vat.
469 2835 580 2859 volutari.

334 2873 344 2886 ⁴
362 2874 417 2896 Phil.
438 2874 464 2901 3,
482 2875 527 2897 20:
544 2875 625 2897 Nostra
642 2877 719 2897 autem
738 2875 881 2897 conversatio
899 2875 921 2897 in
938 2874 1007 2897 caelis
1024 2876 1066 2898 est.

334 2911 344 2925 ⁵
362 2913 434 2935 Serm.
452 2913 489 2935 35.
507 2913 529 2935 in
547 2913 610 2936 Cant.
624 2920 646 2936 n.
660 2914 682 2936 3.
695 2914 781 2936 Textus
792 2914 912 2942 originalis
924 2914 976 2936 hinc
988 2913 1043 2936 inde
1054 2913 1121 2941 plura

272 2951 392 2974 interserit.

335 2989 345 3002 ὃ
361 2991 391 3012 lta
405 2990 475 3018 BCF,
486 2991 537 3013 Vat.
551 2990 602 3014 ideo
613 2993 646 3015 est
658 2990 784 3014 dicendum
796 2993 971 3021 cousequenter,
985 2993 1011 3015 ul
1021 2997 1121 3021 semper.

335 3028 344 3042 ⁷
361 3029 417 3058 Cap.
435 3030 461 3058 6,
481 3030 518 3052 42,
534 3030 633 3059 Vulgata
650 3031 734 3053 omittit
750 3037 808 3054 meo.
826 3031 935 3059 Gregor.,
952 3031 1028 3053 XXV.
1044 3031 1122 3053 Moral.

1179 2409 1199 2425 c.
1216 2402 1238 2425 7.
1256 2409 1280 2425 n.
1298 2402 1338 2429 15,
1356 2403 1417 2425 hunc
1434 2402 1511 2425 locum
1529 2402 1645 2430 explicans
1662 2402 1731 2425 dicit:
1748 2401 1831 2426 Altare
1842 2402 1931 2431 quippe
1945 2402 1984 2425 Dei
1996 2405 2031 2425 est

1179 2448 1219 2465 cor
1235 2445 1353 2469 nostrum,
1371 2442 1394 2464 in
1411 2448 1458 2471 quo
1477 2441 1568 2464 iubetur
1581 2441 1642 2471 ionis
1653 2447 1745 2471 semper
1758 2441 1855 2470 ardere,
1869 2441 1922 2470 quia
1935 2447 2030 2464 necesse

1180 2484 1226 2509 est,
1243 2487 1269 2504 ex
1286 2482 1323 2504 illo
1341 2481 1371 2503 ad
1389 2481 1514 2504 Dominum
1531 2481 1632 2504 caritatis
1649 2481 1768 2503 flammam
1786 2481 1941 2503 indesinenter
1952 2486 2030 2503 ascen-

1180 2521 1243 2543 dere.
1260 2520 1301 2543 Cui
1316 2527 1361 2550 per
1377 2520 1486 2550 sinyulos
1504 2519 1552 2543 [lies
1569 2519 1680 2544 sacerdos
1693 2519 1758 2550 liqna
1770 2519 1891 2549 subiiciat,
1907 2526 1935 2543 ne
1947 2520 2030 2543 exstin-

1179 2562 1264 2588 guatur
1280 2562 1322 2582 etc.

1242 2597 1252 2611 ⁸
1269 2598 1324 2627 Cap.
1347 2599 1385 2627 12,
1397 2599 1419 2621 3.
1437 2611 1467 2615 -
1484 2599 1579 2621 Inferius
1596 2605 1622 2621 ex
1639 2598 1762 2621 BCDEF
1779 2598 1940 2627 supplevimus
1952 2604 2029 2628 aquas

1179 2637 1316 2661 devotionis.

1242 2675 1252 2689 ⁹
1269 2678 1330 2699 loan.
1350 2677 1391 2704 20,
1410 2677 1447 2699 25.
1464 2679 1486 2699 et
1504 2676 1541 2699 27.
1554 2677 1618 2704 Vat.,
1632 2676 1803 2705 refragantibus
1820 2676 1863 2700 BC
1874 2677 1928 2706 DF,
1945 2676 2030 2700 omittit

1178 2722 1228 2739 ‘non
1244 2715 1324 2739 solam
1340 2716 1405 2739 mitte
1422 2715 1523 2746 diqitum
1540 2717 1609 2739 tuum
1631 2715 1656 2739 in
1678 2715 1757 2739 locam
1774 2715 1907 2739 clavorum.
1926 2728 1957 2733 —
1975 2716 2030 2738 lnfe-

1178 2755 1227 2778 rius
1244 2761 1287 2783 pro
1305 2755 1378 2778 clavis
1395 2755 1470 2778 divini
1485 2754 1576 2778 amoris
1593 2755 1690 2784 confixa
1707 2755 1738 2785 [D
1755 2754 1846 2785 infima,
1869 2755 1922 2777 Vat.
1943 2754 2029 2785 affixa]

1179 2801 1206 2818 ex
1223 2795 1291 2818 BCF
1308 2794 1471 2817 substituimus
1488 2794 1561 2818 clavis
1579 2794 1653 2817 divini
1669 2793 1762 2818 timoris
1779 2793 1891 2824 confioeffl
1908 2794 1959 2816 Vat.
1977 2793 2030 2816 sub-

1179 2834 1233 2857 inde
1249 2837 1329 2857 contra
1346 2835 1363 2856 B
1373 2834 1389 2857 C
1400 2834 1442 2856 DF
1460 2834 1544 2856 omittit
1559 2833 1648 2863 qladz'o.

1242 2873 1263 2886 ¹⁰
1279 2874 1328 2896 Gal.
1346 2875 1371 2902 2,
1390 2874 1426 2896 49.
1444 2876 1466 2895 et
1483 2873 1519 2896 20.
1537 2873 1580 2895 Pro
1598 2872 1708 2903 confioeus
1725 2879 1780 2896 sum
1796 2872 1840 2895 BC
1857 2871 1954 2903 conflata
1966 2877 2029 2895 sam.

1242 2912 1261 2925 ¹¹
1279 2912 1337 2936 Cod.
1354 2914 1370 2935 B
1387 2912 1513 2942 quomodo.

1242 2951 1262 2965 ¹2
1280 2952 1324 2975 Csr.
1342 2953 1410 2975 Num.
1427 2952 1468 2979 25,
1487 2952 1515 2980 4;
1534 2952 1599 2974 Deut.
1617 2952 1659 2980 21,
1676 2952 1713 2974 22.
1736 2957 1785 2980 seq.
1809 2950 1865 2980 (Gal.
1883 2951 1909 2979 3,
1928 2949 1987 2979 ⁴3.);
2004 2950 2029 2972 11.

1179 2991 1236 3019 Reg.
1254 2991 1278 3013 ‘tt
1290 3008 1296 3018 ,
1315 2991 1366 3019 t-9;
1384 2992 1464 3014 Esther
1480 2990 1509 3018 7,
1528 2991 1564 3013 iO.
1589 2993 1612 3013 et
1634 2991 1660 3019 9,
1685 2990 1721 3012 13.
1743 2996 1792 3019 seq.
1808 3002 1841 3006 —
1857 2989 1968 3018 Superius
1985 2995 2029 3017 pro

1179 3030 1236 3054 Fuit
1251 3030 1314 3054 enim
1331 3030 1464 3060 crucificcus
1481 3031 1498 3053 B
1508 3030 1524 3053 C
1542 3030 1599 3053 Fuit
1614 3029 1676 3053 enim
1693 3029 1761 3053 cruci
1776 3029 1874 3059 affioeas.
