2133 3317
259 221 312 249 108
600 220 797 248 OPUSCULUM
819 219 860 248 VI.
883 219 925 247 DE
947 218 1170 247 PERFECTiONE
1192 219 1288 248 VITAE
1310 220 1353 248 AD
1375 220 1532 250 SORORES.
1555 222 1623 250 CAP.
1647 223 1663 251 1.

256 306 299 327 me
320 299 412 335 potius
433 298 570 335 indigere,
599 298 762 334 praesertim
791 305 854 325 cum
882 296 955 333 apud
981 304 1025 325 me
1053 304 1104 325 nec

256 346 312 374 vita
332 346 399 374 foris
422 345 608 382 resplendeat,
630 352 680 372 nec
701 344 810 372 devotio
830 344 906 372 intus
920 343 1031 377 ardeat,
1053 351 1103 372 nec

255 392 368 421 scientia
389 392 572 428 suffragetur;
601 394 665 419 tuae
697 393 787 419 tamen
819 390 972 424 devotionis
1003 398 1104 427 provo-

255 442 333 467 catus
353 438 501 472 desiderio,
523 438 562 465 sic
590 437 697 466 obedivi
730 437 872 465 humiliter
885 438 905 471 ¹,
937 437 1009 465 sicut
1037 445 1103 474 sup-

256 485 362 521 pliciter
384 484 538 520 postulasti.
564 485 637 521 Rogo
661 487 754 512 autem
780 484 977 513 beatitudinem
1010 488 1102 518 tuam,

255 534 344 560 mater
365 531 550 565 sanctissima,
576 533 714 567 quatenus
741 530 828 567 magis
856 538 954 567 penses
975 531 1103 559 intentio-

255 578 297 606 nis
318 578 445 606 asfcctum
468 586 550 614 quam
576 578 668 614 operis
688 578 833 612 effectum,
856 577 943 614 magis
964 578 1101 607 dictorum

255 624 398 653 veritatem
426 632 509 661 quam
542 624 676 653 sermonis
708 627 897 657 venustatem
929 628 956 653 et
984 625 1032 653 ubi
1055 629 1102 653 tuo

253 671 346 700 minus
367 671 484 699 satisfeci
503 671 639 700 desiderio
655 675 768 708 propter
789 671 953 700 brevitatem
972 676 999 700 et
1020 680 1102 701 occu-

254 718 390 754 pationem
406 718 546 755 temporis,
559 718 625 746 milii
638 718 755 755 benigne
770 718 912 755 indulgeas
926 722 953 747 et
968 718 1100 755 ignoscas.

1239 298 1273 326 Ut
1294 301 1386 327 autem
1409 299 1515 328 facilius
1536 301 1624 336 possis
1645 301 1769 330 invenire
1784 302 1858 338 quod
1880 303 2007 339 quaeris,
2025 310 2120 335 Cupitum

1160 343 1221 372 ideo
1242 344 1415 381 singulorum
1438 346 1623 382 capitulorum
1646 348 1774 384 praemisi
1800 349 1903 378 titulos.
2043 337 2124 379 pumu'·

1231 421 1265 446 Et
1284 423 1363 453 primo
1381 423 1467 454 agitur
1485 423 1514 448 de
1533 431 1592 448 vera
1611 425 1649 449 sui
1666 425 1746 456 ipsius
1765 426 1911 457 cognitione.
2122 413 2123 423 ἵ

1232 464 1353 494 Secundo,
1373 465 1402 489 de
1422 473 1481 490 vera
1499 466 1649 492 humilitate.

1232 508 1327 537 Tertio,
1347 508 1376 533 de
1397 509 1506 540 perfecta
1525 510 1683 541 paupertate.

1232 551 1337 581 Quarto,
1358 552 1387 576 de
1406 552 1504 577 silentio
1524 552 1548 577 et
1568 553 1749 579 taciturnitate.

1231 594 1335 623 Quinto,
1355 595 1384 619 de
1404 595 1486 621 studio
1505 596 1633 621 orationis.

1231 637 1315 667 Sexto,
1335 638 1363 662 de
1384 639 1507 669 passionis
1527 639 1621 664 Christi
1640 641 1765 665 memoria.

1230 680 1350 711 Septimo,
1371 681 1400 705 de
1420 682 1529 712 perfecta
1548 682 1594 707 Dei
1612 683 1725 708 caritate.

1230 723 1337 754 Octavo,
1358 724 1386 749 de
1406 724 1476 749 finali
1495 726 1689 757 perseverantia.

1029 865 1190 894 CArrrULUM
1217 866 1234 894 l.

878 1000 916 1028 De
936 1008 1007 1028 vera
1027 1000 1078 1028 sui
1097 1000 1192 1037 ipsius
1218 1001 1386 1038 coyititione.

336 1137 360 1164 1.
383 1136 419 1163 Ad
436 1135 612 1172 perfectionis
623 1135 633 1151 2
649 1135 720 1164 vitae
736 1135 874 1172 fastigium
897 1143 1013 1172 sponsae
1028 1135 1103 1163 Chri-

110 1194 205 1221 quipso
216 1194 242 1212 jn.
255 1183 289 1212 sti
311 1182 432 1219 cupienti
454 1182 638 1210 conscendere
666 1182 788 1219 primuni
810 1189 921 1210 necesse
950 1185 1006 1215 est,
1028 1185 1060 1210 ut
1088 1190 1103 1209 a

119 1218 233 1241 mmmmm
256 1238 285 1258 se
306 1229 365 1266 ipsa
385 1229 511 1266 incipiat,
532 1229 569 1257 ita
590 1231 637 1262 ut,
662 1228 785 1257 omnium
807 1228 980 1257 exteriorum
1003 1228 1102 1263 oblita,

255 1276 427 1314 ingrediatur
459 1276 485 1304 in
519 1278 657 1304 secretum
683 1275 864 1304 conscientiae
896 1283 977 1310 suae,
1010 1275 1103 1312 ibique

254 1331 349 1352 omnes
375 1323 498 1352 defectus
519 1331 599 1357 suos,
631 1330 726 1351 omnes
748 1322 976 1357 consuetudines,
1008 1330 1103 1351 omnes

254 1370 426 1404 affectiones,
449 1378 544 1398 omnes
572 1370 761 1407 operationes,
789 1369 882 1398 omnia
909 1372 1020 1406 peccata
1048 1372 1102 1397 tam

254 1417 403 1454 praeterita
429 1425 513 1454 quam
545 1417 700 1453 praesentia
731 1416 853 1453 diligenti
885 1416 1103 1445 consideratione

254 1464 397 1499 discutiat,
420 1464 561 1492 examinet
591 1466 618 1492 et
640 1463 781 1500 inspiciat;
814 1466 841 1492 et
862 1463 883 1492 si
916 1463 983 1500 quid
1010 1463 1103 1492 minus

254 1513 361 1539 rectum
374 1511 384 1527 ³
406 1510 479 1548 apud
502 1518 531 1539 se
552 1510 703 1544 invenerit,
726 1510 817 1539 statim
833 1510 932 1539 defleat
953 1510 979 1538 in
1002 1510 1102 1539 amari-

255 1558 349 1587 tudine
370 1558 461 1587 cordis
481 1558 533 1586 sui.
558 1557 588 1586 Et
609 1561 640 1586 ut
661 1557 694 1586 ad
716 1558 787 1586 hanc
809 1557 1007 1594 cognitionem,
1036 1557 1102 1586 dile-

254 1608 295 1633 cta
319 1609 423 1639 mater,
447 1605 546 1634 melius
568 1605 656 1642 possis
678 1605 788 1639 venire,
810 1605 881 1633 scire
906 1605 1005 1639 debes,
1028 1605 1102 1642 quod

116 1663 195 1690 peecata
209 1652 345 1682 iri-omnia
365 1655 477 1689 peccata
498 1655 593 1680 nostra
617 1655 645 1681 et
666 1652 737 1680 mala
762 1655 810 1680 aut
832 1652 1031 1680 committimus
1052 1659 1102 1688 per

109 1687 240 1729 ffiiiffltfssm'
253 1699 474 1737 ueyliyeutium,
507 1702 556 1727 aut
576 1707 625 1736 per
658 1698 939 1736 concupiscentiam,
971 1701 1019 1727 aut
1052 1706 1101 1735 per

252 1746 411 1784 nequitiam
423 1747 443 1774 4.
467 1746 498 1774 Et
523 1746 597 1775 circa
618 1746 669 1774 ista
695 1746 747 1774 tria
767 1745 849 1774 debet
869 1745 994 1774 omnium
1016 1745 1101 1773 malo—

251 1801 315 1821 rum
332 1796 445 1822 tuorum
461 1793 565 1822 versari
586 1793 753 1827 recordatio;
772 1792 894 1830 alioquin
910 1792 943 1820 ad
959 1792 999 1820 tui
1014 1792 1101 1829 ipsius

252 1840 434 1877 cognitionem
456 1839 607 1877 perfectam
629 1848 772 1876 nunquam
794 1839 898 1876 poteris
919 1839 1074 1876 pervenire.

330 1888 355 1915 2.
378 1887 404 1915 Si
427 1886 513 1924 igitur
535 1889 561 1915 te
589 1887 675 1923 ipsam
697 1886 776 1923 cupis
801 1894 979 1923 cognoscere,
1002 1894 1101 1923 cogno-

107 1945 239 1972 De-negljgen-
251 1933 351 1962 scendo
372 1934 443 1962 mala
466 1933 613 1962 commissa
627 1933 793 1970 deplangere
804 1932 828 1967 5;
850 1933 941 1969 primo
959 1932 1042 1961 debes
1058 1939 1102 1960 re—

126 1971 222 2016 ntssigiicussa
252 1979 384 2018 cogitare,
400 1981 421 2009 si
438 1980 532 2018 aliqua
546 1980 573 2008 in
589 1983 615 2009 te
630 1980 665 2009 sit
681 1980 724 2009 vel
745 1979 829 2008 suerit
849 1979 1037 2017 ueyliyeutict:
1053 1979 1101 2008 de-

251 2027 314 2062 bes,
329 2027 460 2064 inquam,
476 2027 644 2064 recogitare,
666 2035 750 2064 quam
766 2027 935 2064 negligenter
951 2035 1002 2055 cor
1017 2030 1101 2055 tuum

251 2075 393 2109 custodis,
416 2083 499 2112 quam
522 2075 693 2111 negligenter
712 2078 824 2111 tempus
845 2078 929 2103 tuum
950 2074 1100 2111 carpendis,

251 2130 334 2159 quam
356 2122 470 2150 matum
490 2121 577 2158 linem
603 2121 679 2158 operi
702 2125 750 2150 tuo
773 2121 906 2158 imponis.
929 2122 999 2150 Haec
1027 2121 1099 2149 enim

251 2169 303 2197 tria
325 2177 388 2197 cum
411 2177 519 2197 summa
540 2168 681 2205 diligentia
701 2171 767 2197 sunt
787 2168 971 2202 observanda,
994 2171 1025 2196 ut
1050 2168 1101 2196 sci-

250 2216 313 2244 licet
334 2224 382 2244 cor
404 2216 473 2245 hene
495 2215 680 2249 custodiatur,
703 2218 814 2252 tempus
835 2215 940 2243 utiliter
961 2214 1101 2251 expenda-

251 2266 307 2297 tur,
328 2265 356 2291 et
377 2263 439 2291 finis
460 2263 550 2291 bonus
564 2266 592 2291 et
611 2262 721 2291 debitus
743 2262 770 2290 in
791 2262 865 2290 omni
894 2269 978 2298 opere
1000 2261 1100 2298 praefi-

115 2320 142 2338 ne
155 2320 237 2347 κομι-1111
251 2313 341 2346 gatur.
359 2326 395 2330 -—
412 2310 478 2338 ltem
492 2309 576 2338 debes
594 2309 762 2346 recogitare,
784 2317 868 2346 quam
889 2308 1030 2345 negligens
1044 2308 1101 2337 fue-

138 2344 214 2368 mfflm*
251 2356 290 2385 ris
305 2356 331 2384 in
347 2356 492 2390 oratioue,
515 2363 599 2393 quam
613 2356 754 2393 negligens
775 2355 803 2383 in
818 2355 934 2383 tectione
960 2357 988 2384 et
1017 2363 1100 2392 quam

252 2403 391 2440 negligens
413 2403 440 2431 in
469 2403 565 2440 operis
586 2403 773 2431 exsecutione.
800 2402 827 2430 ln
850 2402 893 2430 his
914 2402 986 2430 enim
1010 2402 1100 2431 tribus

252 2450 334 2479 debes
361 2450 569 2488 diligentissime
590 2453 617 2479 te
638 2450 725 2487 ipsam
747 2457 881 2478 exercere
909 2452 936 2478 et
956 2449 1098 2484 excolere,

1160 1135 1181 1164 si
1204 1135 1245 1164 vis
1266 1135 1389 1164 fructum
1422 1136 1524 1165 bonum
1556 1137 1646 1166 facere
1677 1140 1705 1166 et
1725 1137 1792 1166 dare
1823 1137 1849 1166 in
1882 1141 2008 1175 tempore

1160 1182 1242 1216 sno⁶,
1265 1183 1302 1210 ita
1330 1183 1404 1219 quod
1430 1191 1606 1220 nequaquam
1636 1192 1724 1212 unum
1746 1184 1849 1213 sufficit
1876 1185 1935 1214 sine
1955 1186 2008 1214 alio

1160 1229 1286 1258 istorum.
1313 1246 1349 1250 —
1375 1230 1440 1258 Item
1462 1230 1546 1258 debes
1567 1231 1735 1267 recogitare,
1757 1239 1840 1268 quam
1867 1232 2007 1269 negligens
2021 1243 2123 1271 netem-u

1160 1276 1197 1305 sis
1219 1276 1261 1305 vel
1282 1276 1369 1305 fueris
1390 1277 1430 1305 act
1446 1277 1670 1314 poenitendum,
1693 1286 1776 1315 quam
1798 1278 1940 1316 negligens
1968 1280 2008 1308 ad
2059 1267 2109 1291 ”¹¹⁰⁸

1160 1323 1353 1352 resistendum
1374 1327 1401 1352 et
1432 1332 1515 1361 quam
1542 1324 1682 1361 negligens
1714 1325 1754 1353 ad
1781 1324 2005 1362 proficiendum.

1160 1370 1248 1399 Debes
1269 1370 1341 1399 6111111
1361 1379 1424 1399 611111
1441 1378 1550 1399 summa
1571 1371 1711 1408 diligentia
1726 1372 1829 1408 deflere
1849 1372 1922 1401 mala
1936 1381 2009 1401 com-

1161 1417 1259 1452 missa,
1281 1417 1415 1454 repellere
1436 1417 1570 1446 diabolica
1585 1421 1754 1447 tentamenta
1774 1422 1801 1447 et
1819 1418 1962 1456 proficere
1975 1419 2009 1448 de

1160 1472 1216 1492 una
1237 1464 1340 1493 virtute
1362 1465 1389 1493 in
1418 1465 1498 1493 aliam
1511 1465 1531 1498 ⁷,
1554 1467 1585 1493 ut
1606 1466 1694 1502 possis
1723 1466 1870 1503 pervenire
1891 1466 1924 1495 ad
1953 1469 2008 1495 ter-

1160 1520 1219 1540 ram
1242 1512 1413 1548 promissam.
1436 1512 1479 1540 Sic
1507 1511 1589 1540 dehet
1610 1512 1683 1541 circa
1710 1513 1905 1550 negligentiam
1933 1516 2009 1542 tuam

1160 1558 1264 1587 versari
1288 1559 1415 1596 cognitio.

1239 1605 1265 1634 3.
1289 1606 1314 1634 Si
1337 1609 1429 1634 autem
1452 1606 1552 1635 melius
1574 1608 1599 1634 te
1620 1606 1707 1643 ipsam
1730 1607 1809 1643 cupis
1830 1615 2008 1644 cognoscere,
2022 1617 2049 1636 ne
2067 1622 2120 1645 φηςι]

1159 1652 1242 1681 debes
1263 1653 1385 1681 secundo
1411 1653 1580 1690 recogitare,
1602 1653 1623 1682 si
1646 1653 1672 1681 in
1696 1657 1722 1682 te
1740 1654 1829 1691 vigeat
1850 1654 1894 1683 vel
1914 1654 2009 1691 vigue—
2029 1643 2100 1688 {ifgifm
2117 1643 2123 1660 ²

1160 1700 1196 1728 rit
1217 1700 1451 1736 concupiscentia
1479 1700 1654 1737 voluptatis,
1683 1700 1865 1729 curiositatis
1886 1704 1935 1729 aut
1954 1710 2006 1730 vct—

1158 1746 1261 1774 uitatis
1276 1746 1295 1774 ⁸.
1324 1763 1363 1767 ——
1391 1746 1470 1775 Certe
1502 1748 1568 1775 tunc
1600 1746 1672 1783 viget
1707 1746 1930 1783 concupiscentia
1960 1756 2008 1775 vo-
2038 1743 2132 1791 nepam}

1160 1792 1281 1829 luptatis
1302 1793 1330 1821 in
1352 1793 1480 1830 religioso
1502 1792 1625 1827 homine,
1642 1793 1752 1830 quando
1772 1793 1877 1830 appetit
1897 1793 2007 1829 dulcia,
2021 1785 2133 1835 ⁰32⁰ffiffi⁰153

1159 1839 1286 1869 videlicet
1307 1840 1410 1869 cibaria
1425 1848 1568 1877 saporosa,
1584 1840 1695 1877 quando
1709 1840 1813 1877 appetit
1833 1840 1943 1875 mollia,
1959 1840 2009 1870 sci·
2132 1838 2133 1878 1

1159 1887 1222 1915 licet
1242 1887 1407 1916 vestimenta
1428 1886 1569 1921 deliciosa,
1591 1887 1702 1924 quando
1723 1887 1827 1924 appetit
1852 1887 2007 1923 carnalia,
2104 1882 2106 1886 ’

1159 1934 1286 1963 videlicet
1306 1934 1507 1963 oblectamenta
1528 1934 1683 1963 luxuriosa.
1699 1951 1736 1955 —
1752 1934 1831 1963 Certe
1853 1937 1920 1963 tunc
1934 1935 2008 1972 viget
2024 1946 2052 1964 ne
2063 1925 2133 1974 ,εκ-ειμι,

1159 1981 1382 2019 concupiscentia
1403 1981 1586 2010 curiositatis
1616 1981 1644 2010 in
1669 1982 1717 2010 Dei
1748 1981 1865 2016 famula,
1897 1982 2007 2019 quando
2044 1969 2133 2013 much]

1159 2028 1263 2065 appetit
1283 2028 1358 2056 scire
1390 2028 1519 2062 occulta,
1542 2028 1653 2065 quando
1684 2028 1788 2065 appetit
1818 2028 1915 2057 videre
1940 2028 2006 2065 pul-

1159 2082 1229 2107 cra,
1251 2074 1362 2111 quando
1383 2074 1487 2111 appetit
1502 2073 1606 2103 luthere
1628 2083 1711 2103 rara.
1728 2092 1766 2095 —
1781 2075 1861 2103 Certe
1882 2079 1948 2104 tunc
1966 2075 2007 2104 vi-
2020 2086 2125 2113 ostentat

1158 2123 1203 2157 get
1218 2120 1439 2156 concupiscentia
1453 2121 1595 2149 vanitatis
1610 2121 1635 2149 in
1651 2129 1751 2157 sponsa
1765 2121 1881 2155 Christi,
1897 2121 2007 2158 quando
2060 2110 2109 2134 ΡΜ·

1158 2168 1263 2204 appetit
1283 2168 1428 2196 hominum
1449 2167 1600 2205 favorem,
1622 2168 1732 2205 quando
1754 2168 1885 2205 quaerit⁹
1908 2169 2006 2197 huma-

1159 2222 1223 2242 nam
1246 2214 1377 2248 taudem,
1399 2214 1509 2251 quando
1524 2215 1661 2243 desiderat
1683 2215 1837 2243 humanum
1858 2214 2005 2244 honorem.

1158 2261 1211 2290 Ista
1231 2261 1324 2290 onmia
1355 2261 1437 2290 debet
1457 2262 1556 2290 ancilla
1586 2262 1688 2291 Christi
1713 2265 1844 2299 tanquam
1866 2270 2004 2291 venenum

1157 2308 1266 2345 fugere,
1289 2308 1354 2345 quia
1376 2309 1443 2337 istae
1465 2312 1530 2337 sunt
1552 2309 1657 2337 radices
1678 2309 1767 2337 omnis
1788 2309 1862 2337 mali.

1236 2355 1263 2383 4.
1287 2355 1367 2389 Item,
1389 2355 1410 2383 si
1434 2359 1537 2384 certam
1560 2356 1599 2384 tui
1622 2355 1709 2392 ipsius
1723 2356 1764 2384 vis
1777 2356 1800 2372 ¹⁰
1818 2355 1921 2384 hahere
1934 2356 2005 2384 noti-
2022 2366 2126 2394 Deaequju

1158 2401 1239 2435 tiam,
1271 2401 1354 2430 debes
1386 2402 1467 2431 tertio
1499 2402 1651 2439 recogitare
1682 2402 1840 2439 diligenter,
1872 2402 1895 2431 si
1925 2402 1953 2431 in
1978 2405 2005 2431 te
2045 2391 2118 2415 ²¹¹⁰¹¹⁰¹'

1157 2449 1247 2486 vigeat
1285 2449 1328 2477 vel
1356 2448 1476 2485 viguerit
1504 2449 1634 2487 nequitia
1662 2449 1852 2483 iracundiae,
1881 2449 2005 2486 nequitia

314 2662 322 2675 ¹
340 2663 395 2686 Fide
412 2664 428 2685 B
441 2663 457 2686 C
474 2664 636 2692 supplevimus
652 2663 686 2687 sic
703 2663 793 2687 obedivi
803 2663 936 2692 humiliter,
948 2666 1027 2687 contra
1040 2670 1099 2692 quos

252 2702 302 2724 Vat.
321 2703 468 2731 prosequitur
486 2704 508 2726 et
523 2702 586 2726 sicut
601 2709 656 2726 cum
673 2703 807 2726 humilitate
823 2702 960 2733 suppliciter
978 2706 1020 2726 etc.
1044 2704 1099 2725 11116-

251 2741 299 2763 rius
316 2747 358 2768 pro
375 2741 455 2764 neotus
471 2741 577 2771 satisfeci
593 2742 632 2771 (iia
649 2743 666 2764 Β
679 2742 704 2772 C)
724 2743 774 2765 Vat.
791 2748 839 2765 uon
861 2742 975 2772 satisfeci,
994 2745 1016 2765 et
1033 2748 1099 2766 occu-

248 2780 382 2809 pationem,
400 2780 477 2809 ipsum
495 2781 554 2804 milii
570 2788 612 2809 pro
632 2781 809 2811 occupationem
827 2781 952 2811 temporis,
969 2781 1034 2804 mihi.

314 2818 323 2832 2
340 2819 413 2842 Codd.
425 2820 443 2841 D
454 2821 470 2842 F
480 2820 635 2850 perfectioris.
649 2821 704 2843 Dein
717 2827 759 2848 pro
771 2820 926 2844 conscendere
937 2820 954 2843 C
966 2819 1098 2844 ascendere.

314 2857 323 2870 ³
340 2858 370 2880 lta
388 2859 404 2880 B
414 2858 430 2881 C
440 2859 467 2887 F,
487 2860 537 2882 Vat.
552 2859 574 2883 si
590 2859 653 2889 quod
667 2859 796 2883 minimum
809 2861 942 2889 peccatum.

313 2896 323 2909 4
340 2898 400 2920 Vide
416 2904 486 2926 supra
504 2898 646 2926 Opusculum
664 2900 678 2922 Ι,
696 2900 726 2922 de
742 2899 836 2927 Triplici
853 2899 908 2928 Via,
926 2905 947 2921 c.
965 2899 987 2921 1.
1003 2905 1027 2921 n.
1045 2898 1097 2926 4-6,

252 2936 291 2959 ubi
309 2937 390 2959 iisdem
407 2938 453 2960 sere
470 2938 549 2960 verbis
565 2945 591 2961 ea
609 2942 745 2967 occurrunt,
762 2945 823 2968 quae
839 2939 876 2961 1116
895 2945 918 2961 11.
935 2938 975 2961 2-4
992 2937 1098 2961 exhihen-

251 2978 295 2998 tur.
312 2988 343 2992 —
359 2976 462 2998 Subinde
479 2982 505 2999 ex
522 2977 566 2999 CD
576 2977 616 2999 EF
633 2978 794 3005 supplevimus
810 2977 940 3001 malorum.

314 3014 323 3027 ὖ
341 3015 370 3037 lta
389 3016 404 3037 Β
413 3015 430 3038 C
440 3015 458 3037 D
467 3016 494 3044 F,
513 3015 564 3038 Vat.
576 3016 642 3045 cupis
654 3022 807 3045 cognoscere,
821 3016 945 3040 considera
957 3016 1023 3040 mala
1036 3022 1097 3040 com·

1155 2663 1230 2687 missa
1246 2664 1268 2686 et
1284 2669 1311 2686 ea
1328 2662 1454 2692 deplauye,
1474 2669 1534 2691 quae
1552 2663 1620 2685 etiam
1639 2662 1733 2685 inferius
1749 2668 1791 2690 pro
1804 2668 1876 2691 quam
1887 2661 2004 2691 0691111011-

1156 2704 1191 2726 ter
1208 2708 1249 2725 cor
1267 2702 1306 2730 (ita
1323 2701 1365 2724 BC
1376 2702 1427 2730 DF)
1446 2701 1562 2724 substituit
1579 2701 1681 2731 qualiter
1698 2707 1747 2724 cor.

1218 2740 1227 2753 ‘⁵
1243 2741 1375 2769 Respicitur
1391 2741 1426 2763 ΡΞ.
1444 2741 1469 2769 11,
1487 2741 1509 2763 3.
1526 2746 1597 2768 supra
1614 2747 1668 2769 pag.
1687 2740 1712 2769 4,
1728 2743 1782 2762 nota
1800 2740 1822 2762 5.
1839 2740 1957 2768 allegatus.
1972 2751 2004 2756 —

1155 2781 1267 2809 Superlus
1284 2786 1327 2808 pro
1344 2786 1455 2803 eoeercere
1472 2780 1522 2802 Vat.
1541 2786 1594 2802 cum
1612 2780 1726 2802 nonnullis
1743 2779 1811 2802 codd.
1829 2778 1968 2802 eoemvz'tare.

1219 2820 1227 2833 '¹
1247 2821 1305 2843 Vide
1327 2826 1398 2849 supra
1415 2826 1469 2848 pag.
1488 2819 1513 2848 4,
1530 2822 1582 2842 nota
1600 2820 1623 2842 7.
1640 2819 1711 2842 verba
1729 2820 1764 2841 Ps.
1782 2819 1824 2846 83,
1843 2819 1864 2840 S.
1881 2818 1955 2840 allata.
1972 2830 2003 2834 —

1155 2860 1249 2882 Inferius
1266 2866 1308 2888 pro
1323 2859 1471 2890 promissam
1489 2860 1528 2887 (ita
1545 2858 1622 2888 BCF)
1640 2859 1692 2881 vat.
1707 2858 1881 2888 promissionis.

1218 2898 1227 2911 ⁵
1244 2898 1317 2921 Codd.
1335 2898 1378 2922 BC
1388 2899 1431 2921 DF
1448 2898 1557 2921 omittunt
1572 2897 1713 2927 voluptatis,
1736 2896 1881 2921 curiositatis
1903 2898 1946 2920 aut
1962 2902 2003 2919 va-

1154 2937 1243 2961 nitatis.

1217 2975 1227 2988 9
1244 2976 1316 2999 Codd.
1334 2977 1351 2998 B
1361 2976 1377 2999 C
1387 2977 1402 2998 F
1419 2975 1513 3005 appetit.

1217 3014 1236 3027 ¹⁰
1253 3016 1285 3038 Ita
1302 3016 1320 3038 D
1331 3015 1359 3042 F,
1379 3015 1428 3038 Va«.
1445 3014 1468 3038 si
1483 3016 1573 3038 certam
1589 3016 1610 3037 et
1623 3014 1755 3044 perfectam
1771 3013 1813 3037 vis.
