2133 3317
0 538 12 557 u
20 534 64 555 wis
71 538 101 552 ve-

19 558 68 578 ibus.

0 1862 10 1905 11
19 1876 93 1896 ieiunio.

456 218 651 247 OPUSCULUM
672 219 758 247 XVIII.
781 219 1063 249 CONSTITUTIONES
1083 222 1323 252 NARBONENSES.
1347 225 1440 253 RUBR.
1462 226 1503 254 IV.

112 296 187 326 chori
211 296 304 324 haberi
328 299 442 332 possunt
464 296 594 332 imagines
614 296 763 330 crucifixi,
786 296 879 325 beatae
895 297 955 325 Vir-

112 342 196 380 ginis,
220 342 289 370 beati
313 342 432 375 loannis,
455 342 524 370 beati
550 342 684 370 Francisci
707 345 734 370 et
755 342 825 370 beati
849 343 955 371 Antonii

112 392 226 418 tantum.
256 388 287 416 Et
314 389 336 416 si
364 388 397 416 de
418 391 510 416 cetero
537 388 622 416 factae
651 388 768 422 fuerint,
790 397 839 425 per
861 389 956 417 Visita-

112 439 185 465 tores
205 438 384 463 amoveantur
397 435 414 462 ¹.

188 482 297 509 Fratres
311 481 497 517 aurifrigiatos
508 481 518 497 2
538 482 579 509 vel
595 481 697 509 sericos
718 489 822 517 pannos
840 490 894 509 non
911 482 955 509 lia-

111 529 192 557 beant
213 526 340 564 [cingulis
355 530 382 555 et
399 527 476 555 stolis
497 527 636 563 exceptis,
658 535 708 555 nec
723 528 824 555 talibus
844 527 955 555 aliunde

111 573 287 604 commodatis
302 576 417 601 utantur
429 573 460 611 3].
484 574 514 601 Ε1
529 574 697 610 ubicumque
712 574 814 602 inventi
836 574 954 607 fuerint,

110 629 160 659 per
180 621 340 650 visitatores
361 620 472 649 Ordinis
499 621 670 649 auferantur.
699 621 808 649 Fratres
836 621 862 648 in
890 621 955 649 locis

111 667 275 696 habentibus
299 667 456 703 parochiale
477 667 672 695 coemeterium
693 670 742 695 aut
762 667 953 703 baptisterium

111 722 164 743 non
186 716 346 747 morentur,
368 713 390 741 si
411 721 458 741 eos
485 716 611 749 oporteat
633 717 757 741 mortuos
785 713 901 749 sepellre
928 716 955 741 et

111 768 211 798 pueros
232 760 380 796 baptizare.

189 807 213 835 Si
236 810 328 835 autem
351 807 459 835 Fratres
480 806 507 834 in
530 807 595 834 locis
617 806 783 834 habentibus
802 806 954 842 proprieta-

111 857 165 882 tem
186 854 288 881 morari
310 853 471 889 contigerit,
492 860 542 881 nec
561 860 609 889 per
631 860 659 881 se
688 860 736 880 nec
759 860 807 889 per
833 853 954 889 interpo-

111 900 188 929 sitam
211 907 356 936 personam
384 899 417 927 de
439 899 510 927 11Ιο4
532 899 699 935 proprietate
727 906 755 927 se
780 899 954 935 aliquatenus

111 946 310 979 intromittant,
331 953 382 974 1100
396 954 431 974 ex
455 949 532 982 pacto
548 945 656 973 fructus
673 945 795 973 eiusdem
811 945 952 981 recipiant.

190 992 270 1024 item,
286 992 430 1028 sepultura
444 992 470 1019 in
487 991 552 1019 locis
567 992 692 1019 Fratrum
708 991 802 1019 stricte
817 995 953 1025 servetur,

112 1042 144 1068 ut
165 1039 271 1067 nullum
293 1038 453 1071 admittant,
475 1046 558 1075 quem
573 1038 677 1075 absque
692 1038 803 1066 notabili
827 1038 954 1066 scandalo

112 1085 252 1122 potuerint
272 1085 417 1113 declinare.
442 1085 472 1113 Et
486 1085 655 1121 quicumque
671 1085 787 1113 scienter
806 1088 902 1113 contra
916 1085 954 1113 se-

111 1131 195 1165 cerit,
217 1131 326 1159 duobus
347 1131 444 1159 diebus
460 1133 565 1159 tantum
582 1131 607 1158 in
626 1138 693 1167 pane
714 1134 741 1159 et
755 1139 827 1167 aqua
842 1131 952 1159 ieiunet.

190 1178 272 1211 Item,
294 1186 343 1206 nec
365 1186 415 1214 pro
436 1178 530 1205 Fratre
551 1178 644 1214 aliquo
671 1185 720 1205 nec
743 1186 792 1214 pro
814 1177 872 1206 loco
896 1178 953 1205 ani-

111 1225 165 1253 mal
185 1224 295 1261 aliquod
317 1224 352 1252 ab
372 1224 491 1257 Ordine,
513 1224 555 1252 vel
584 1224 618 1252 ab
646 1224 739 1260 aliquo
767 1224 877 1252 nomine
902 1224 954 1252 Or-

111 1271 182 1300 dinis
202 1274 344 1305 teneatur,
366 1271 490 1307 exceptis
512 1271 654 1307 murilegis
669 1274 696 1299 et
717 1271 882 1307 quibusdam
897 1271 954 1299 avi-

110 1318 163 1347 bus
184 1326 235 1354 pro
255 1317 437 1346 immunditiis
457 1317 623 1345 amovendis.
655 1318 735 1351 item,
764 1326 827 1345 cum
857 1325 954 1346 secun-

109 1365 175 1394 dum
194 1364 322 1401 Regulam
338 1365 446 1392 Fratres
461 1364 529 1392 nihil
550 1364 601 1392 sibi
623 1364 803 1400 appropriare
821 1364 953 1398 debeant,

110 1411 287 1444 ordinamus,
309 1410 383 1447 quod
403 1410 513 1438 Fratres
534 1418 584 1438 nec
606 1418 654 1446 per
676 1418 705 1438 se
726 1418 776 1438 nec
798 1418 847 1446 per
868 1410 952 1438 alium

110 1457 274 1486 conveniant
294 1457 413 1493 aliquem
436 1457 462 1485 in
484 1457 584 1485 iudicio
605 1465 656 1493 pro
677 1464 707 1485 re
727 1457 834 1493 aliqua,
856 1457 899 1485 vel
914 1457 954 1485 in-

111 1504 184 1532 iuria
204 1503 361 1540 temporali,
383 1506 414 1531 ut
435 1503 461 1531 in
483 1503 613 1531 omnibus
634 1506 761 1531 servetur
788 1503 894 1539 puritas
916 1503 954 1532 al-

112 1551 232 1579 tissimae
255 1550 431 1587 paupertatis.

274 1644 314 1672 DE
335 1651 427 1672 ronna
449 1652 575 1672 1111011105
595 1651 796 1672 couvnflsanni.

432 1735 564 1777 Rubrieas
585 1736 600 1764 J
608 1736 635 1764 V.

188 1830 255 1858 Cum
277 1829 431 1858 secundum
462 1830 592 1866 Regulam
618 1832 761 1858 teneamur
788 1829 857 1857 duas
882 1830 952 1866 Qua-

111 1876 279 1913 dragesimas
310 1876 449 1910 ieiunare,
480 1879 508 1905 et
538 1876 699 1912 intermedia
720 1875 869 1904 suadeatur
890 1883 952 1904 cum

109 1923 298 1952 benedictione
325 1923 431 1956 divina;
463 1930 499 1951 ex
531 1922 687 1951 huiusmodi
720 1930 813 1951 amore
843 1922 954 1951 benedi—

109 1970 206 1999 ctionis
227 1970 391 2003 statuimus,
412 1969 486 2006 quod
508 1970 553 1998 tali
576 1969 645 1998 hora
665 1969 809 1997 comedant
828 1970 953 2003 Fratres,

109 2020 141 2045 ut
161 2024 273 2050 omnes,
295 2016 341 2053 qui
364 2016 488 2045 ieiunare
509 2016 621 2050 volunt,
644 2024 697 2044 non
719 2019 886 2052 graventur,
902 2016 954 2044 sci-

109 2063 173 2092 licet
201 2063 270 2092 hora
295 2066 375 2092 sexta
389 2063 408 2091 ⁵.
438 2063 628 2099 Apostolorum
654 2062 767 2099 Vigiliae
794 2062 953 2091 ieiunentur

109 2110 185 2139 intus
205 2113 232 2138 et
253 2113 349 2143 extra,
364 2109 508 2138 beatorum
525 2109 640 2146 Philippi
655 2113 682 2138 et
697 2109 783 2138 Iacobi
799 2112 826 2137 et
848 2109 953 2137 Ioannis

110 2157 295 2193 Evangelistae
309 2159 336 2185 et
350 2156 489 2184 Barnabae
504 2159 609 2184 tantum
625 2155 757 2192 exceptis.
770 2155 867 2192 Vigilia
882 2155 952 2183 beati

110 2203 309 2232 Bartholomaei
331 2204 485 2237 ieiunetur,
506 2206 533 2231 et
553 2203 652 2231 festum
675 2202 825 2231 secundum
848 2210 952 2230 morem

109 2249 214 2286 patriae
235 2249 282 2277 fiat
296 2249 315 2277 ⁶.
337 2249 434 2285 Vigilia
452 2249 523 2277 beati
538 2248 672 2277 Francisci
688 2248 835 2276 ieiunetur.
852 2248 953 2276 Ieiunia

110 2296 228 2332 Regulae
249 2296 276 2324 in
299 2296 359 2324 cibo
380 2295 609 2332 quadragesimali
638 2298 801 2328 serventur;
829 2297 856 2323 et
884 2302 953 2331 quo-

1799 229 1855 257 453

1013 298 1184 336 tiescumque
1205 301 1268 336 quis
1282 305 1377 330 contra
1391 303 1501 337 fecerit,
1524 304 1603 332 toties
1617 304 1644 332 111
1660 312 1728 341 pane
1748 307 1855 333 tantum

1011 347 1038 372 et
1059 352 1131 381 aqua
1152 345 1269 379 ieiunet,
1292 347 1342 375 nisi
1358 348 1384 375 in
1401 348 1498 377 itinere
1520 350 1625 385 positus
1644 350 1731 386 pisces
1753 350 1855 379 habere

1012 398 1065 418 non
1088 392 1189 426 poterit
1211 393 1253 420 vel
1275 395 1458 429 pulmentum.
1481 395 1729 432 Quadragesimalis
1760 397 1854 425 ieiunii

1011 437 1185 466 observantia
1206 447 1221 466 a
1242 440 1473 477 Quinquagesima
1494 442 1648 471 inchoetur.

1091 484 1117 512 ln
1140 485 1205 513 locis
1226 486 1352 515 Fratrum
1373 488 1480 516 Fratres
1501 497 1598 517 carnes
1630 498 1683 518 non
1711 490 1855 519 comedant

1011 530 1068 557 ullo
1090 533 1228 567 tempore,
1250 534 1374 570 exceptis
1394 534 1531 563 debilibus
1552 539 1578 564 et
1600 536 1724 564 infirmis.
1755 537 1785 564 Et
1807 545 1854 565 no-

1012 576 1084 605 mine
1099 577 1235 606 debilium
1257 579 1386 608 nolumus
1401 581 1512 618 intelligi
1530 582 1651 618 hospites
1671 586 1768 611 euntes
1783 583 1854 611 intra

1011 629 1090 650 suam
1111 623 1292 658 provinciam,
1322 626 1372 653 11151
1402 635 1452 662 pro
1477 628 1638 656 necessitate
1669 629 1712 657 vel
1737 629 1854 657 utilitate

1011 669 1150 697 communi
1173 671 1317 707 contigerit
1338 680 1384 700 eos
1406 673 1542 709 prolixam
1564 675 1635 703 viam
1658 675 1713 708 ire;
1736 683 1785 704 1100
1805 675 1854 703 1111-

1012 718 1093 743 1111105
1115 716 1219 744 ratione
1242 717 1417 753 minutionis3
1445 723 1472 747 et
1496 721 1666 757 quicumque
1693 725 1789 749 contra
1816 721 1854 750 fe-

1011 761 1095 795 cerit,
1119 771 1173 790 uno
1194 763 1237 791 die
1258 764 1315 792 sine
1337 764 1538 801 dispensatione
1559 767 1585 794 in
1610 775 1677 803 pane
1700 770 1806 796 tantum
1828 771 1855 796 et

1011 816 1083 844 aqua
1109 809 1219 838 ieiunet.
1250 811 1335 839 Possit
1362 815 1450 840 tamen
1480 813 1654 842 Guardianus
1682 814 1734 842 11115
1763 814 1854 851 provi-

1011 855 1092 889 dere,
1121 864 1190 892 quos
1222 865 1271 893 pro
1298 858 1437 887 debilitate
1463 859 1625 888 iudicaverit
1653 861 1852 889 rationabiliter

1010 900 1140 937 indigere.
1163 902 1264 938 Quodsi
1294 911 1392 932 manus
1413 905 1530 933 scienter
1560 906 1695 934 laxaverit
1716 906 1748 934 ad
1770 907 1853 940 alios,

1010 947 1044 975 ad
1065 948 1233 977 consimilem
1255 950 1449 985 poenitentiam
1477 951 1512 979 sit
1535 952 1673 980 astrictus.
1706 953 1853 981 Comestio-

1010 1001 1059 1021 nes
1080 994 1160 1022 etiam
1184 996 1307 1024 carnium
1329 1000 1410 1025 extra
1430 997 1541 1026 domum
1563 999 1690 1027 Fratrum
1714 1007 1762 1035 per
1790 999 1854 1027 Fra-

1011 1042 1067 1068 tres
1088 1041 1247 1070 nullatenus
1275 1047 1476 1078 procurentur;
1505 1047 1531 1072 et
1559 1045 1729 1082 quicumque
1757 1049 1852 1074 contra

1010 1086 1138 1121 feceriut,
1162 1088 1252 1116 tribus
1272 1089 1369 1118 diebus
1390 1090 1415 1118 in
1439 1098 1508 1126 pane
1530 1094 1635 1119 tantum
1658 1094 1685 1119 et
1716 1100 1788 1128 aqua
1816 1092 1853 1120 ie-

1011 1132 1107 1161 iunent
1122 1134 1140 1161 ⁷.

1090 1179 1179 1216 sstem,
1201 1185 1296 1209 contra
1314 1183 1533 1218 superfluitatem
1549 1184 1674 1212 ciborum
1689 1185 1852 1219 statuimus,

1010 1225 1084 1262 quod
1105 1226 1213 1255 Fratres
1235 1230 1289 1256 tam
1312 1228 1337 1256 111
1359 1230 1478 1265 generali
1497 1230 1621 1266 Capitulo
1642 1239 1725 1267 quam
1747 1232 1772 1259 in
1789 1240 1852 1268 pro-

1011 1272 1118 1300 vinciali
1140 1281 1223 1309 quam
1246 1275 1326 1302 etiam
1343 1275 1369 1302 in
1385 1275 1542 1309 Conventu,
1564 1277 1621 1305 sive
1643 1277 1670 1305 in
1692 1277 1851 1312 refectorio,

1011 1319 1068 1347 sive
1090 1319 1116 1346 iu
1137 1320 1265 1348 ostalaria
1280 1320 1300 1354 Β,
1322 1321 1379 1350 51νο
1401 1322 1566 1356 infirmeria‚
1589 1331 1644 1351 uuo
1666 1327 1772 1352 tantum
1798 1324 1852 1353 ser-

1011 1365 1073 1393 culo
1095 1374 1145 1401 pro
1166 1366 1295 1402 pietantia
1317 1368 1371 1396 sint
1392 1369 1510 1397 contenti
1532 1373 1559 1397 et
1580 1373 1693 1398 caveant
1708 1379 1757 1407 pro
1773 1379 1852 1407 posse

1010 1420 1025 1440 a
1057 1413 1226 1448 sumptuosis
1257 1413 1374 1442 cibariis.
1407 1415 1459 1443 Nec
1489 1415 1583 1444 bibant
1614 1416 1641 1444 in
1673 1417 1781 1446 civitate
1809 1418 1853 1446 vel

1011 1458 1090 1493 villa,
1113 1459 1158 1487 ubi
1181 1460 1289 1488 Fratres
1310 1464 1469 1495 morantur,
1494 1470 1544 1490 nec
1565 1463 1708 1491 comedant
1722 1464 1772 1492 nisi
1788 1472 1851 1492 cum

1011 1505 1139 1541 praelatis
1153 1509 1179 1534 01
1193 1506 1309 1535 dominis
1325 1510 1462 1536 terrarum
1475 1512 1501 1536 et
1513 1509 1578 1537 viris
1590 1509 1738 1546 religiosis3
1753 1513 1780 1539 et
1791 1511 1852 1547 qui*

1011 1559 1131 1588 cumque
1153 1552 1269 1581 scienter
1291 1556 1386 1581 contra
1406 1554 1516 1588 fecerit,
1537 1555 1570 1583 ad
1586 1555 1729 1584 bibendam
1751 1565 1851 1593 aquam

1011 1597 1038 1625 in
1060 1605 1116 1625 uno
1138 1598 1251 1634 prandio
1272 1599 1344 1627 iutra
1359 1599 1370 1615 ⁹
1392 1600 1589 1629 hebdomadam
1610 1602 1756 1638 obligetur.
1773 1603 1851 1637 Item,

1011 1643 1038 1672 in
1069 1643 1167 1673 diebus
1198 1645 1379 1673 Sabbatorum
1408 1647 1539 1682 sagimine
1571 1648 1613 1676 vel
1643 1648 1696 1676 alia
1726 1649 1851 1677 carnium

1011 1690 1175 1727 pinguedine
1200 1691 1341 1727 pulmenta
1357 1692 1379 1708 ¹⁰
1408 1701 1460 1720 11011
1483 1693 1625 1728 condiant,
1654 1697 1681 1723 et
1708 1703 1850 1732 nunquam

1011 1738 1144 1774 coquinae
1165 1738 1321 1767 Conventus
1342 1740 1537 1768 commisceant
1558 1748 1654 1770 carnes
1675 1741 1774 1779 tritas].

1089 1784 1170 1817 Item,
1192 1792 1255 1812 cum
1277 1785 1385 1813 dicatur
1413 1786 1438 1813 in
1468 1787 1585 1823 Regula,
1614 1787 1687 1824 quod
1713 1788 1851 1817 «Fratres

1010 1830 1166 1858 desiderare
1187 1830 1286 1859 debent
1314 1831 1415 1860 habere
1443 1832 1570 1868 spiritum
1596 1833 1703 1862 Domini
1735 1838 1762 1863 et
1790 1843 1852 1863 san—

1010 1880 1081 1905 ctam
1102 1876 1162 1905 eius
1182 1877 1384 1913 operationem,
1399 1886 1479 1907 orare
1500 1886 1608 1915 semper
1622 1880 1656 1908 ad
1677 1880 1763 1909 Deum
1781 1889 1851 1917 puro

1010 1923 1092 1952 corde
1105 1934 1137 1957 »;
1159 1931 1193 1952 110
1211 1924 1362 1952 devotionis
1376 1924 1467 1953 fervor
1482 1933 1531 1961 per
1546 1925 1764 1962 inquietudinem
1780 1928 1851 1956 mul-

1010 1970 1116 2007 tiloquii
1142 1970 1353 2007 exstinguatur,
1375 1971 1547 2005 ordinamus,
1576 1972 1649 2008 quod
1670 1972 1809 2002 silentium
1835 1982 1852 2002 a

1009 2016 1081 2045 dicto
1101 2016 1283 2052 Completorio
1310 2025 1399 2054 usque
1427 2020 1488 2054 post
1509 2018 1642 2046 Pretiosa
1658 2020 1679 2035 ¹¹
1707 2022 1850 2055 servetur,

1009 2063 1133 2099 exceptis
1154 2063 1309 2099 hospitibus
1329 2063 1362 2092 de
1383 2072 1453 2092 novo
1475 2064 1648 2093 venientibus
1675 2068 1702 2094 et
1732 2066 1850 2096 infirmis

1009 2113 1036 2138 et
1057 2109 1157 2138 eisdem
1181 2109 1400 2138 ministrantibus
1422 2111 1463 2138 vel
1484 2111 1688 2145 assistentibus,
1707 2121 1796 2149 usque
1816 2113 1850 2142 ad

1009 2154 1106 2183 horam
1135 2163 1283 2191 congruam
1312 2155 1345 2184 de
1367 2155 1513 2184 Guardiani
1538 2157 1580 2185 sui
1602 2157 1710 2186 licentia
1730 2159 1848 2195 speciali.

1087 2201 1204 2229 Sileatur
1235 2201 1315 2230 etiam
1338 2202 1364 2229 iu
1387 2202 1522 2237 claustro,
1544 2203 1722 2238 dormitorio,
1748 2205 1849 2240 choro,

1009 2247 1100 2276 studio
1127 2250 1154 2275 et
1179 2247 1338 2282 refectorio,
1359 2248 1424 2276 dum
1447 2249 1615 2284 comeditur;
1637 2252 1664 2279 et
1685 2251 1736 2279 hoc
1757 2254 1811 2280 tam
1833 2260 1849 2280 a

1008 2294 1163 2322 forensibus
1184 2302 1267 2330 quam
1288 2302 1304 2322 a
1325 2294 1508 2323 residentibus
1528 2296 1699 2325 observetur.
1720 2297 1849 2327 Similiter

172 2491 179 2504 ¹
197 2490 274 2514 Codex
292 2494 368 2513 noster
384 2490 565 2514 admoveantur.

171 2528 180 2542 ²
198 2530 214 2552 E
230 2529 395 2560 aurifiyiatos,
415 2530 469 2552 etin
486 2530 530 2552 alio
542 2529 594 2551 cod.
610 2529 633 2551 iu
651 2532 703 2551 nota
726 2529 793 2551 citato
810 2528 950 2558 aurifrigia-

110 2569 160 2596 tos‚·
178 2568 200 2590 in
222 2567 377 2591 Fit-mamam.
399 2567 473 2591 trium
495 2567 551 2591 Ord.
569 2574 591 2596 p.
617 2569 632 2590 1.
657 2568 695 2590 sol.
712 2568 741 2590 25
766 2568 810 2590 001.
827 2568 849 2589 2.
868 2568 950 2595 legitur

110 2607 166 2629 salso
182 2608 224 2629 aut
240 2606 343 2636 sliyiatos
356 2607 380 2635 (1)
398 2606 435 2629 vel
450 2606 545 2630 sericos.
558 2607 663 2629 Ceterum
676 2608 718 2629 hoc
735 2606 866 2634 intelligitur
877 2606 906 2628 de
917 2612 950 2628 sa-

110 2645 155 2667 cris
171 2645 283 2668 vestibus.

172 2682 181 2695 ³
198 2684 222 2705 In
238 2684 318 2706 codice
335 2686 369 2706 est
385 2684 443 2706 inter
460 2683 627 2711 parenthesim;
644 2684 774 2705 conseratur
791 2683 806 2705 E
825 2688 878 2710 pag.
897 2682 934 2704 93.

175 2721 184 2734 ⁴
202 2723 218 2744 E
234 2721 286 2745 ista.

173 2759 182 2772 ⁵
199 2760 254 2783 Cod.
273 2761 354 2783 Trev.:
375 2769 387 2780 ιι
399 2760 531 2789 Quaeritur,
548 2766 608 2789 quae
625 2760 653 2782 sit
670 2761 725 2782 hora
743 2763 817 2786 sexta,
834 2762 856 2782 et
873 2762 950 2782 utrum

110 2798 199 2821 Fratres
216 2802 270 2821 tunc
286 2799 411 2821 cantabunt
427 2800 513 2821 Nonam
531 2802 583 2821 ante
599 2799 635 2821 vel
652 2801 704 2826 post
712 2798 893 2820 comestionem?
910 2799 951 2820 Re-

111 2838 249 2865 spondetur,
266 2838 329 2867 quod
347 2839 401 2860 hora
424 2841 485 2860 sexta
502 2841 597 2860 vocatur
614 2838 669 2860 hora
687 2837 762 2859 media
784 2837 841 2859 inter
858 2838 950 2865 horam,

111 2882 157 2904 qua
169 2877 296 2899 comeditur
307 2879 368 2899 sexta
382 2877 435 2899 seria
443 2893 448 2903 ,
461 2880 483 2899 et
494 2876 550 2899 inter
563 2877 642 2898 horam
651 2894 656 2904 ,
667 2882 713 2904 qua
724 2875 853 2898 comeditur
864 2875 901 2898 die
913 2876 951 2898 do-

112 2914 206 2943 minica;
223 2921 265 2937 nec
283 2917 386 2943 oportet,
398 2918 451 2937 tunc
463 2915 549 2937 Nonam
561 2918 612 2937 ante
625 2914 787 2937 comestionem
799 2914 896 2941 cantari,
909 2914 951 2936 nisi

111 2953 240 2981 contigerit,
249 2959 329 2975 omnes
338 2954 426 2976 Fratres
435 2953 463 2976 de
472 2952 590 2976 Conventu
600 2953 712 2979 ieiunare,
725 2956 778 2975 tuuc
789 2953 849 2974 0111111
860 2953 882 2974 in
891 2958 951 2975 com-

111 2992 198 3014 estione
214 2995 236 3014 et
253 2992 275 3014 in
292 2992 355 3014 Nona
367 2995 441 3020 potest
451 2992 537 3014 servari
550 2993 604 3014 hora
617 2994 725 3014 consueta
737 2991 759 3013 in
771 2991 808 3014 die
826 2991 920 3014 Veneris
930 3000 951 3013 ιι.

1069 2489 1078 2502 ⁶
1095 2490 1184 2512 Scilicet
1201 2490 1236 2511 vel
1255 2489 1297 2517 24,
1315 2490 1350 2511 1·οΙ
1368 2490 1397 2511 ’25
1414 2490 1452 2512 die
1469 2490 1574 2518 Augusti.

1069 2528 1077 2541 ⁷
1095 2529 1123 2550 Ea
1141 2535 1201 2557 quae
1218 2528 1291 2556 posita
1309 2531 1361 2550 sunt
1379 2529 1435 2550 iutra
1453 2529 1608 2556 parenthesim
1626 2529 1646 2552 in
1665 2530 1743 2553 codice
1762 2531 1848 2554 habeu-

1007 2570 1042 2589 tur
1059 2567 1087 2589 ad
1105 2567 1203 2594 calcem,
1220 2567 1261 2589 sed
1280 2567 1323 2589 hoc
1340 2567 1389 2589 loeo
1408 2567 1536 2590 inserenda.
1558 2568 1644 2591 Deinde
1661 2575 1703 2596 pro
1720 2570 1847 2599 superflui-

1006 2607 1077 2629 tatem
1095 2606 1110 2627 Ε
1126 2605 1308 2634 superfluitates.

1068 2642 1077 2656 ⁸
1096 2645 1118 2666 ln
1136 2644 1179 2666 alio
1196 2644 1276 2666 codice
1293 2644 1356 2672 apud
1375 2645 1441 2666 Ehrle
1458 2644 1597 2674 hospitat-ia.

1069 2681 1079 2694 ⁹
1096 2683 1112 2704 E
1129 2682 1202 2712 infra.

1069 2720 1089 2733 ¹⁰
1105 2722 1121 2743 E
1135 2721 1293 2750 pulmentum.

1069 2758 1087 2771 ¹¹
1100 2758 1157 2781 Cod.
1167 2759 1235 2781 Trev.
1245 2766 1250 2780 :
1266 2768 1276 2779 «
1286 2759 1414 2787 Quaeritur,
1424 2762 1500 2782 utrum
1510 2761 1565 2783 haec
1577 2761 1707 2784 constitutio
1718 2762 1748 2784 ita
1760 2761 1847 2791 obliget

1008 2798 1064 2820 toris
1080 2797 1138 2820 sicut
1154 2797 1232 2820 intus?
1249 2798 1420 2825 Respondetur,
1436 2800 1498 2828 quod
1512 2805 1569 2826 non;
1582 2799 1669 2822 bonum
1683 2803 1758 2823 tamen
1775 2804 1798 2823 et
1809 2802 1846 2824 ho-

1007 2839 1096 2859 nestum
1114 2839 1147 2858 est
1163 2836 1229 2858 silere
1247 2836 1312 2864 soris,
1330 2841 1442 2866 quantum
1459 2838 1507 2860 fleri
1525 2840 1608 2866 potest.
1619 2851 1649 2854 —
1661 2839 1766 2862 Secundo
1778 2846 1846 2869 quae-

1007 2875 1076 2902 ritur,
1094 2878 1170 2898 utrum
1188 2878 1282 2903 propter
1299 2876 1389 2903 negotia
1407 2877 1550 2899 occurrentia
1568 2878 1633 2900 liceat
1649 2878 1725 2907 loqui,
1747 2879 1845 2901 maxime

1007 2914 1120 2942 praelato,
1136 2915 1199 2936 salva
1217 2915 1259 2936 hac
1275 2914 1451 2937 constitutione?
1469 2915 1640 2945 Respondetur,
1658 2917 1740 2945 quodsi
1753 2918 1845 2945 negotia

1007 2953 1052 2975 sint
1068 2952 1131 2980 talia,
1148 2958 1208 2981 quae
1225 2959 1269 2975 non
1288 2955 1383 2981 possunt
1404 2953 1464 2976 bono
1481 2954 1551 2977 modo
1574 2955 1671 2982 differri,
1689 2955 1748 2978 licite
1771 2958 1845 2984 potest

1007 2991 1068 3018 fleri;
1086 2991 1104 3013 si
1121 2994 1197 3014 autem
1214 2990 1276 3013 bono
1293 2991 1362 3014 modo
1380 2994 1476 3020 possunt
1492 2992 1589 3022 differri,
1606 2999 1650 3016 non
1667 2993 1718 3016 licet
1733 2994 1813 3017 fleri».

1873 496 1899 515 De
1911 496 2000 515 carnibus

1891 519 1978 538 vitandis.

1867 1190 1893 1208 De
1908 1190 1998 1213 parcitate

1883 1213 1974 1232 ciborum.

1869 1792 1896 1811 De
1908 1791 1990 1811 silentio.
