<?xml version="1.0" encoding="UTF-8"?>
<!DOCTYPE html PUBLIC "-//W3C//DTD XHTML 1.0 Transitional//EN"
    "http://www.w3.org/TR/xhtml1/DTD/xhtml1-transitional.dtd">
<html xmlns="http://www.w3.org/1999/xhtml" xml:lang="en" lang="en">
 <head>
  <title>
</title>
<meta http-equiv="Content-Type" content="text/html;charset=utf-8" />
  <meta name='ocr-system' content='tesseract 3.04.00' />
  <meta name='ocr-capabilities' content='ocr_page ocr_carea ocr_par ocr_line ocrx_word'/>
</head>
<body>
  <div class='ocr_page' id='page_1' title='image "./doctorisseraphic08bona/doctorisseraphic08bona_0138.png"; bbox 0 0 2133 3317; ppageno 0'>
   <div class='ocr_carea' id='block_1_1' title="bbox 129 1770 262 1836">
    <p class='ocr_par' dir='ltr' id='par_1_1' title="bbox 129 1770 262 1836">
     <span class='ocr_line' id='line_1_1' title="bbox 129 1770 261 1797; baseline 0 -9"><span class='ocrx_word' id='word_1_1' title='bbox 129 1770 187 1797; x_wconf 70' lang='lat' dir='ltr'>Dolor</span> <span class='ocrx_word' id='word_1_2' title='bbox 194 1775 216 1788; x_wconf 82' lang='lat' dir='ltr'>ex</span> <span class='ocrx_word' id='word_1_3' title='bbox 224 1775 261 1789; x_wconf 86' lang='lat' dir='ltr'>me-</span> 
     </span>
     <span class='ocr_line' id='line_1_2' title="bbox 141 1799 262 1820; baseline 0.008 -9"><span class='ocrx_word' id='word_1_4' title='bbox 141 1799 201 1820; x_wconf 75' lang='lat' dir='ltr'>moria</span> <span class='ocrx_word' id='word_1_5' title='bbox 209 1799 262 1817; x_wconf 65' lang='lat' dir='ltr'>prae⁴</span> 
     </span>
     <span class='ocr_line' id='line_1_3' title="bbox 140 1819 246 1836; baseline -0.009 0"><span class='ocrx_word' id='word_1_6' title='bbox 140 1819 246 1836; x_wconf 78' lang='lat' dir='ltr'>teritorum.</span> 
     </span>
    </p>
   </div>
   <div class='ocr_carea' id='block_1_2' title="bbox 128 2005 262 2166">
    <p class='ocr_par' dir='ltr' id='par_1_2' title="bbox 128 2005 262 2079">
     <span class='ocr_line' id='line_1_4' title="bbox 128 2005 262 2025; baseline 0 -1"><span class='ocrx_word' id='word_1_7' title='bbox 128 2006 193 2025; x_wconf 79' lang='lat' dir='ltr'>Pudor</span> <span class='ocrx_word' id='word_1_8' title='bbox 202 2011 223 2025; x_wconf 86' lang='lat' dir='ltr'>ex</span> <span class='ocrx_word' id='word_1_9' title='bbox 234 2005 262 2024; x_wconf 85' lang='lat' dir='ltr'>in-</span> 
     </span>
     <span class='ocr_line' id='line_1_5' title="bbox 145 2030 249 2052; baseline 0 -4"><span class='ocrx_word' id='word_1_10' title='bbox 145 2030 249 2052; x_wconf 66' lang='lat' dir='ltr'>mitigantia</span> 
     </span>
     <span class='ocr_line' id='line_1_6' title="bbox 152 2058 241 2079; baseline 0.011 -8"><span class='ocrx_word' id='word_1_11' title='bbox 152 2058 241 2079; x_wconf 63' lang='lat' dir='ltr'>praesen-</span> 
     </span>
    </p>

    <p class='ocr_par' dir='ltr' id='par_1_3' title="bbox 169 2079 222 2095">
     <span class='ocr_line' id='line_1_7' title="bbox 169 2079 222 2095; baseline 0.019 -1"><span class='ocrx_word' id='word_1_12' title='bbox 169 2079 222 2095; x_wconf 79' lang='lat' dir='ltr'>tium.</span> 
     </span>
    </p>

    <p class='ocr_par' dir='ltr' id='par_1_4' title="bbox 138 2101 257 2166">
     <span class='ocr_line' id='line_1_8' title="bbox 158 2101 257 2119; baseline 0 -1"><span class='ocrx_word' id='word_1_13' title='bbox 158 2101 222 2119; x_wconf 84' lang='lat' dir='ltr'>Timor</span> <span class='ocrx_word' id='word_1_14' title='bbox 235 2105 257 2119; x_wconf 86' lang='lat' dir='ltr'>ex</span> 
     </span>
     <span class='ocr_line' id='line_1_9' title="bbox 138 2124 257 2147; baseline 0 -5"><span class='ocrx_word' id='word_1_15' title='bbox 138 2124 257 2147; x_wconf 81' lang='lat' dir='ltr'>providentia</span> 
     </span>
     <span class='ocr_line' id='line_1_10' title="bbox 139 2148 251 2166; baseline 0 0"><span class='ocrx_word' id='word_1_16' title='bbox 139 2148 251 2166; x_wconf 75' lang='lat' dir='ltr'>futurorum.</span> 
     </span>
    </p>
   </div>
   <div class='ocr_carea' id='block_1_3' title="bbox 273 217 1425 248">
    <p class='ocr_par' dir='ltr' id='par_1_5' title="bbox 273 217 1425 248">
     <span class='ocr_line' id='line_1_11' title="bbox 273 217 1425 248; baseline 0.002 -2"><span class='ocrx_word' id='word_1_17' title='bbox 273 218 291 246; x_wconf 88' lang='lat'>8</span> <span class='ocrx_word' id='word_1_18' title='bbox 880 217 1077 247; x_wconf 80' lang='lat' dir='ltr'>OPUSCULUM</span> <span class='ocrx_word' id='word_1_19' title='bbox 1098 218 1116 246; x_wconf 91' lang='grc'>1.</span> <span class='ocrx_word' id='word_1_20' title='bbox 1138 218 1181 246; x_wconf 86' lang='lat' dir='ltr'>DE</span> <span class='ocrx_word' id='word_1_21' title='bbox 1204 218 1341 247; x_wconf 87' lang='lat' dir='ltr'>TRIPLICI</span> <span class='ocrx_word' id='word_1_22' title='bbox 1362 219 1425 248; x_wconf 71' lang='lat' dir='ltr'>VIA.</span> 
     </span>
    </p>
   </div>
   <div class='ocr_carea' id='block_1_4' title="bbox 1047 359 1259 389">
    <p class='ocr_par' dir='ltr' id='par_1_6' title="bbox 1047 359 1259 389">
     <span class='ocr_line' id='line_1_12' title="bbox 1047 359 1259 389; baseline 0 -1"><span class='ocrx_word' id='word_1_23' title='bbox 1047 359 1209 389; x_wconf 78' lang='lat' dir='ltr'>CAPITULUM</span> <span class='ocrx_word' id='word_1_24' title='bbox 1230 360 1259 388; x_wconf 92' lang='grc' dir='ltr'>ΙΙ.</span> 
     </span>
    </p>
   </div>
   <div class='ocr_carea' id='block_1_5' title="bbox 463 468 1842 507">
    <p class='ocr_par' dir='ltr' id='par_1_7' title="bbox 463 468 1842 507">
     <span class='ocr_line' id='line_1_13' title="bbox 463 468 1842 507; baseline 0.003 -11"><span class='ocrx_word' id='word_1_25' title='bbox 463 469 503 497; x_wconf 87' lang='lat' dir='ltr'>De</span> <span class='ocrx_word' id='word_1_26' title='bbox 524 468 669 503; x_wconf 79' lang='lat' dir='ltr'>oratioue,</span> <span class='ocrx_word' id='word_1_27' title='bbox 691 477 751 507; x_wconf 82' lang='lat' dir='ltr'>qua</span> <span class='ocrx_word' id='word_1_28' title='bbox 772 468 945 506; x_wconf 71' lang='lat' dir='ltr'><em>deploratur</em></span> <span class='ocrx_word' id='word_1_29' title='bbox 970 469 1106 504; x_wconf 78' lang='lat' dir='ltr'>miseria,</span> <span class='ocrx_word' id='word_1_30' title='bbox 1128 469 1307 507; x_wconf 85' lang='lat' dir='ltr'>imploratur</span> <span class='ocrx_word' id='word_1_31' title='bbox 1331 470 1548 505; x_wconf 72' lang='lat' dir='ltr'>misericordia,</span> <span class='ocrx_word' id='word_1_32' title='bbox 1570 470 1720 500; x_wconf 75' lang='lat' dir='ltr'>exhibetur</span> <span class='ocrx_word' id='word_1_33' title='bbox 1743 471 1842 501; x_wconf 85' lang='lat' dir='ltr'>latria.</span> 
     </span>
    </p>
   </div>
   <div class='ocr_carea' id='block_1_6' title="bbox 272 580 1124 665">
    <p class='ocr_par' dir='ltr' id='par_1_8' title="bbox 272 580 1124 665">
     <span class='ocr_line' id='line_1_14' title="bbox 355 580 1124 618; baseline 0 -9"><span class='ocrx_word' id='word_1_34' title='bbox 355 582 379 610; x_wconf 81' lang='lat'>1.</span> <span class='ocrx_word' id='word_1_35' title='bbox 409 581 558 618; x_wconf 85' lang='lat' dir='ltr'>Postquam</span> <span class='ocrx_word' id='word_1_36' title='bbox 582 580 721 615; x_wconf 80' lang='lat' dir='ltr'>diximus,</span> <span class='ocrx_word' id='word_1_37' title='bbox 750 581 870 618; x_wconf 77' lang='lat' dir='ltr'>qualiter</span> <span class='ocrx_word' id='word_1_38' title='bbox 898 580 933 609; x_wconf 83' lang='lat' dir='ltr'>ad</span> <span class='ocrx_word' id='word_1_39' title='bbox 961 580 1124 617; x_wconf 77' lang='lat' dir='ltr'>sapientiam</span> 
     </span>
     <span class='ocr_line' id='line_1_15' title="bbox 272 627 1124 665; baseline -0.001 -8"><span class='ocrx_word' id='word_1_40' title='bbox 272 636 369 658; x_wconf 86' lang='lat' dir='ltr'>veram</span> <span class='ocrx_word' id='word_1_41' title='bbox 401 628 565 665; x_wconf 86' lang='lat' dir='ltr'>pervenitur</span> <span class='ocrx_word' id='word_1_42' title='bbox 596 628 712 665; x_wconf 79' lang='lat' dir='ltr'>legendo</span> <span class='ocrx_word' id='word_1_43' title='bbox 743 629 792 657; x_wconf 80' lang='lat' dir='ltr'>et1</span> <span class='ocrx_word' id='word_1_44' title='bbox 825 627 1002 663; x_wconf 89' lang='lat' dir='ltr'>meditando,</span> <span class='ocrx_word' id='word_1_45' title='bbox 1031 628 1124 657; x_wconf 87' lang='lat' dir='ltr'>dicen-</span> 
     </span>
    </p>
   </div>
   <div class='ocr_carea' id='block_1_7' title="bbox 127 674 1124 728">
    <p class='ocr_par' dir='ltr' id='par_1_9' title="bbox 127 674 1124 728">
     <span class='ocr_line' id='line_1_16' title="bbox 127 674 1124 728; baseline -0.002 -23"><span class='ocrx_word' id='word_1_46' title='bbox 127 687 257 728; x_wconf 53' lang='lat' dir='ltr'>Tssffiussffiffl</span> <span class='ocrx_word' id='word_1_47' title='bbox 273 675 356 710; x_wconf 88' lang='lat' dir='ltr'>dum,</span> <span class='ocrx_word' id='word_1_48' title='bbox 379 675 499 712; x_wconf 78' lang='lat' dir='ltr'>qualiter</span> <span class='ocrx_word' id='word_1_49' title='bbox 523 675 557 703; x_wconf 89' lang='lat' dir='ltr'>ad</span> <span class='ocrx_word' id='word_1_50' title='bbox 582 675 669 712; x_wconf 81' lang='lat' dir='ltr'>ipsam</span> <span class='ocrx_word' id='word_1_51' title='bbox 695 675 858 712; x_wconf 84' lang='lat' dir='ltr'>pervenitur</span> <span class='ocrx_word' id='word_1_52' title='bbox 881 674 1003 703; x_wconf 73' lang='lat' dir='ltr'>orando.</span> <span class='ocrx_word' id='word_1_53' title='bbox 1032 675 1124 703; x_wconf 87' lang='lat' dir='ltr'>Scien-</span> 
     </span>
    </p>
   </div>
   <div class='ocr_carea' id='block_1_8' title="bbox 272 722 1126 1230">
    <p class='ocr_par' dir='ltr' id='par_1_10' title="bbox 272 722 1126 1230">
     <span class='ocr_line' id='line_1_17' title="bbox 274 722 1125 759; baseline 0 -9"><span class='ocrx_word' id='word_1_54' title='bbox 274 722 341 751; x_wconf 86' lang='lat' dir='ltr'>dum</span> <span class='ocrx_word' id='word_1_55' title='bbox 363 724 457 751; x_wconf 89' lang='lat' dir='ltr'>autem</span> <span class='ocrx_word' id='word_1_56' title='bbox 476 724 533 756; x_wconf 80' lang='lat' dir='ltr'>est,</span> <span class='ocrx_word' id='word_1_57' title='bbox 555 722 630 759; x_wconf 84' lang='lat' dir='ltr'>quod</span> <span class='ocrx_word' id='word_1_58' title='bbox 655 722 682 750; x_wconf 95' lang='lat' dir='ltr'>in</span> <span class='ocrx_word' id='word_1_59' title='bbox 705 722 829 750; x_wconf 88' lang='lat' dir='ltr'>oratione</span> <span class='ocrx_word' id='word_1_60' title='bbox 851 724 917 750; x_wconf 84' lang='lat' dir='ltr'>sunt</span> <span class='ocrx_word' id='word_1_61' title='bbox 942 724 999 750; x_wconf 88' lang='lat' dir='ltr'>tres</span> <span class='ocrx_word' id='word_1_62' title='bbox 1021 722 1125 759; x_wconf 82' lang='lat' dir='ltr'>gradus</span> 
     </span>
     <span class='ocr_line' id='line_1_18' title="bbox 274 769 1125 806; baseline -0.001 -8"><span class='ocrx_word' id='word_1_63' title='bbox 274 770 331 798; x_wconf 81' lang='lat' dir='ltr'>sive</span> <span class='ocrx_word' id='word_1_64' title='bbox 353 771 454 806; x_wconf 85' lang='lat' dir='ltr'>partes.</span> <span class='ocrx_word' id='word_1_65' title='bbox 478 769 587 798; x_wconf 84' lang='lat' dir='ltr'>Primus</span> <span class='ocrx_word' id='word_1_66' title='bbox 609 772 650 798; x_wconf 87' lang='lat' dir='ltr'>est</span> <span class='ocrx_word' id='word_1_67' title='bbox 671 769 832 806; x_wconf 72' lang='lat' dir='ltr'>deploratio</span> <span class='ocrx_word' id='word_1_68' title='bbox 853 769 1011 802; x_wconf 82' lang='lat' dir='ltr'>miseriae;</span> <span class='ocrx_word' id='word_1_69' title='bbox 1026 777 1125 798; x_wconf 87' lang='lat' dir='ltr'>secun—</span> 
     </span>
     <span class='ocr_line' id='line_1_19' title="bbox 273 815 1124 853; baseline -0.001 -8"><span class='ocrx_word' id='word_1_70' title='bbox 273 816 342 851; x_wconf 91' lang='lat' dir='ltr'>dus,</span> <span class='ocrx_word' id='word_1_71' title='bbox 371 816 541 853; x_wconf 75' lang='lat' dir='ltr'>imploratio</span> <span class='ocrx_word' id='word_1_72' title='bbox 572 816 812 850; x_wconf 78' lang='lat' dir='ltr'>misericordiae;</span> <span class='ocrx_word' id='word_1_73' title='bbox 842 816 957 851; x_wconf 89' lang='lat' dir='ltr'>tertius,</span> <span class='ocrx_word' id='word_1_74' title='bbox 987 815 1124 845; x_wconf 72' lang='lat' dir='ltr'>exhibitio</span> 
     </span>
     <span class='ocr_line' id='line_1_20' title="bbox 274 862 1125 899; baseline 0 -8"><span class='ocrx_word' id='word_1_75' title='bbox 274 862 388 892; x_wconf 85' lang='lat' dir='ltr'>latriae.</span> <span class='ocrx_word' id='word_1_76' title='bbox 411 862 518 892; x_wconf 80' lang='lat' dir='ltr'>Latriae</span> <span class='ocrx_word' id='word_1_77' title='bbox 540 863 613 891; x_wconf 88' lang='lat' dir='ltr'>enim</span> <span class='ocrx_word' id='word_1_78' title='bbox 635 863 741 891; x_wconf 89' lang='lat' dir='ltr'>cultum</span> <span class='ocrx_word' id='word_1_79' title='bbox 763 863 820 892; x_wconf 90' lang='lat' dir='ltr'>Deo</span> <span class='ocrx_word' id='word_1_80' title='bbox 841 863 977 892; x_wconf 82' lang='lat' dir='ltr'>exhihere</span> <span class='ocrx_word' id='word_1_81' title='bbox 992 871 1046 891; x_wconf 90' lang='lat' dir='ltr'>non</span> <span class='ocrx_word' id='word_1_82' title='bbox 1062 870 1125 899; x_wconf 90' lang='lat' dir='ltr'>pos-</span> 
     </span>
     <span class='ocr_line' id='line_1_21' title="bbox 273 910 1125 947; baseline -0.001 -8"><span class='ocrx_word' id='word_1_83' title='bbox 273 918 385 945; x_wconf 89' lang='lat' dir='ltr'>sumus,</span> <span class='ocrx_word' id='word_1_84' title='bbox 407 910 459 939; x_wconf 88' lang='lat' dir='ltr'>nisi</span> <span class='ocrx_word' id='word_1_85' title='bbox 481 910 516 939; x_wconf 83' lang='lat' dir='ltr'>ab</span> <span class='ocrx_word' id='word_1_86' title='bbox 536 910 596 947; x_wconf 87' lang='lat' dir='ltr'>ipso</span> <span class='ocrx_word' id='word_1_87' title='bbox 617 910 734 947; x_wconf 79' lang='lat' dir='ltr'>gratiam</span> <span class='ocrx_word' id='word_1_88' title='bbox 756 918 955 947; x_wconf 86' lang='lat' dir='ltr'>assequamur;</span> <span class='ocrx_word' id='word_1_89' title='bbox 971 910 1125 939; x_wconf 84' lang='lat' dir='ltr'>misericor-</span> 
     </span>
     <span class='ocr_line' id='line_1_22' title="bbox 274 957 1125 994; baseline 0 -8"><span class='ocrx_word' id='word_1_90' title='bbox 274 957 347 986; x_wconf 88' lang='lat' dir='ltr'>diam</span> <span class='ocrx_word' id='word_1_91' title='bbox 368 960 462 986; x_wconf 89' lang='lat' dir='ltr'>autem</span> <span class='ocrx_word' id='word_1_92' title='bbox 484 957 533 986; x_wconf 85' lang='lat' dir='ltr'>Dei</span> <span class='ocrx_word' id='word_1_93' title='bbox 554 957 588 986; x_wconf 86' lang='lat' dir='ltr'>ad</span> <span class='ocrx_word' id='word_1_94' title='bbox 609 958 726 986; x_wconf 83' lang='lat' dir='ltr'>dandam</span> <span class='ocrx_word' id='word_1_95' title='bbox 759 958 876 994; x_wconf 80' lang='lat' dir='ltr'>gratiam</span> <span class='ocrx_word' id='word_1_96' title='bbox 898 966 953 986; x_wconf 93' lang='lat' dir='ltr'>non</span> <span class='ocrx_word' id='word_1_97' title='bbox 976 965 1125 994; x_wconf 87' lang='lat' dir='ltr'>possumus</span> 
     </span>
     <span class='ocr_line' id='line_1_23' title="bbox 272 1004 1125 1042; baseline -0.001 -9"><span class='ocrx_word' id='word_1_98' title='bbox 272 1004 415 1033; x_wconf 85' lang='lat' dir='ltr'>inflectere</span> <span class='ocrx_word' id='word_1_99' title='bbox 436 1004 488 1033; x_wconf 91' lang='lat' dir='ltr'>nisi</span> <span class='ocrx_word' id='word_1_100' title='bbox 510 1012 560 1042; x_wconf 88' lang='lat' dir='ltr'>per</span> <span class='ocrx_word' id='word_1_101' title='bbox 580 1004 796 1041; x_wconf 77' lang='lat' dir='ltr'>deplorationem</span> <span class='ocrx_word' id='word_1_102' title='bbox 819 1008 846 1033; x_wconf 86' lang='lat' dir='ltr'>et</span> <span class='ocrx_word' id='word_1_103' title='bbox 860 1004 1061 1041; x_wconf 76' lang='lat' dir='ltr'>expositionem</span> <span class='ocrx_word' id='word_1_104' title='bbox 1076 1012 1125 1032; x_wconf 91' lang='lat' dir='ltr'>no-</span> 
     </span>
     <span class='ocr_line' id='line_1_24' title="bbox 274 1051 1126 1089; baseline -0.001 -8"><span class='ocrx_word' id='word_1_105' title='bbox 274 1055 348 1081; x_wconf 87' lang='lat' dir='ltr'>strae</span> <span class='ocrx_word' id='word_1_106' title='bbox 368 1052 496 1081; x_wconf 76' lang='lat' dir='ltr'>miseriae</span> <span class='ocrx_word' id='word_1_107' title='bbox 527 1055 554 1081; x_wconf 89' lang='lat' dir='ltr'>et</span> <span class='ocrx_word' id='word_1_108' title='bbox 585 1052 760 1089; x_wconf 83' lang='lat' dir='ltr'>indigentiae.</span> <span class='ocrx_word' id='word_1_109' title='bbox 792 1052 859 1081; x_wconf 84' lang='lat' dir='ltr'>Nam</span> <span class='ocrx_word' id='word_1_110' title='bbox 891 1052 982 1081; x_wconf 89' lang='lat' dir='ltr'>omnis</span> <span class='ocrx_word' id='word_1_111' title='bbox 1003 1051 1126 1088; x_wconf 79' lang='lat' dir='ltr'>perfecta</span> 
     </span>
     <span class='ocr_line' id='line_1_25' title="bbox 274 1098 1126 1136; baseline -0.001 -8"><span class='ocrx_word' id='word_1_112' title='bbox 274 1099 362 1128; x_wconf 84' lang='lat' dir='ltr'>oratio</span> <span class='ocrx_word' id='word_1_113' title='bbox 383 1099 464 1128; x_wconf 83' lang='lat' dir='ltr'>debet</span> <span class='ocrx_word' id='word_1_114' title='bbox 485 1099 590 1128; x_wconf 82' lang='lat' dir='ltr'>habere</span> <span class='ocrx_word' id='word_1_115' title='bbox 611 1099 678 1128; x_wconf 85' lang='lat' dir='ltr'>istas</span> <span class='ocrx_word' id='word_1_116' title='bbox 699 1102 756 1128; x_wconf 88' lang='lat' dir='ltr'>tres</span> <span class='ocrx_word' id='word_1_117' title='bbox 777 1102 886 1136; x_wconf 87' lang='lat' dir='ltr'>partes;</span> <span class='ocrx_word' id='word_1_118' title='bbox 908 1107 964 1127; x_wconf 87' lang='lat' dir='ltr'>non</span> <span class='ocrx_word' id='word_1_119' title='bbox 979 1099 1051 1127; x_wconf 90' lang='lat' dir='ltr'>enim</span> <span class='ocrx_word' id='word_1_120' title='bbox 1069 1098 1126 1127; x_wconf 82' lang='lat' dir='ltr'>sus-</span> 
     </span>
     <span class='ocr_line' id='line_1_26' title="bbox 273 1146 1126 1183; baseline -0.001 -8"><span class='ocrx_word' id='word_1_121' title='bbox 273 1146 332 1175; x_wconf 81' lang='lat' dir='ltr'>ficit</span> <span class='ocrx_word' id='word_1_122' title='bbox 351 1154 407 1175; x_wconf 89' lang='lat' dir='ltr'>una</span> <span class='ocrx_word' id='word_1_123' title='bbox 429 1146 487 1175; x_wconf 89' lang='lat' dir='ltr'>sine</span> <span class='ocrx_word' id='word_1_124' title='bbox 508 1146 590 1175; x_wconf 76' lang='lat' dir='ltr'>aliis2</span> <span class='ocrx_word' id='word_1_125' title='bbox 612 1154 662 1175; x_wconf 88' lang='lat' dir='ltr'>nec</span> <span class='ocrx_word' id='word_1_126' title='bbox 683 1146 812 1183; x_wconf 82' lang='lat' dir='ltr'>perducit</span> <span class='ocrx_word' id='word_1_127' title='bbox 843 1146 877 1175; x_wconf 80' lang='lat' dir='ltr'>ad</span> <span class='ocrx_word' id='word_1_128' title='bbox 905 1149 1007 1175; x_wconf 88' lang='lat' dir='ltr'>metam</span> <span class='ocrx_word' id='word_1_129' title='bbox 1036 1146 1126 1182; x_wconf 80' lang='lat' dir='ltr'>perse-</span> 
     </span>
     <span class='ocr_line' id='line_1_27' title="bbox 274 1192 1098 1230; baseline -0.001 -8"><span class='ocrx_word' id='word_1_130' title='bbox 274 1196 362 1228; x_wconf 80' lang='lat' dir='ltr'>ctam,</span> <span class='ocrx_word' id='word_1_131' title='bbox 384 1196 411 1222; x_wconf 85' lang='lat' dir='ltr'>et</span> <span class='ocrx_word' id='word_1_132' title='bbox 432 1193 493 1222; x_wconf 86' lang='lat' dir='ltr'>ideo</span> <span class='ocrx_word' id='word_1_133' title='bbox 514 1193 583 1222; x_wconf 84' lang='lat' dir='ltr'>haec</span> <span class='ocrx_word' id='word_1_134' title='bbox 604 1193 658 1221; x_wconf 85' lang='lat' dir='ltr'>tria</span> <span class='ocrx_word' id='word_1_135' title='bbox 680 1201 790 1230; x_wconf 86' lang='lat' dir='ltr'>semper</span> <span class='ocrx_word' id='word_1_136' title='bbox 812 1196 877 1222; x_wconf 85' lang='lat' dir='ltr'>sunt</span> <span class='ocrx_word' id='word_1_137' title='bbox 899 1192 1098 1230; x_wconf 82' lang='lat' dir='ltr'>coniungenda.</span> 
     </span>
    </p>
   </div>
   <div class='ocr_carea' id='block_1_9' title="bbox 482 1281 920 1388">
    <p class='ocr_par' dir='ltr' id='par_1_11' title="bbox 482 1281 920 1388">
     <span class='ocr_line' id='line_1_28' title="bbox 669 1281 735 1315; baseline 0 -8"><span class='ocrx_word' id='word_1_138' title='bbox 669 1281 687 1315; x_wconf 55' lang='grc' dir='ltr'><strong>ἓ</strong></span> <span class='ocrx_word' id='word_1_139' title='bbox 711 1281 735 1307; x_wconf 84' lang='lat' dir='ltr'>l.</span> 
     </span>
     <span class='ocr_line' id='line_1_29' title="bbox 482 1357 920 1388; baseline 0 -7"><span class='ocrx_word' id='word_1_140' title='bbox 482 1358 512 1381; x_wconf 91' lang='lat' dir='ltr'>De</span> <span class='ocrx_word' id='word_1_141' title='bbox 529 1357 619 1388; x_wconf 65' lang='lat' dir='ltr'>tripiici</span> <span class='ocrx_word' id='word_1_142' title='bbox 637 1357 791 1388; x_wconf 70' lang='lat' dir='ltr'>deploratione</span> <span class='ocrx_word' id='word_1_143' title='bbox 807 1357 920 1381; x_wconf 77' lang='lat' dir='ltr'>miseriae.</span> 
     </span>
    </p>
   </div>
   <div class='ocr_carea' id='block_1_10' title="bbox 272 1429 1127 2177">
    <p class='ocr_par' dir='ltr' id='par_1_12' title="bbox 272 1429 1127 2177">
     <span class='ocr_line' id='line_1_30' title="bbox 355 1429 1126 1467; baseline -0.003 -8"><span class='ocrx_word' id='word_1_144' title='bbox 355 1431 381 1459; x_wconf 67' lang='grc' dir='ltr'>Ξ.</span> <span class='ocrx_word' id='word_1_145' title='bbox 406 1429 573 1467; x_wconf 84' lang='lat' dir='ltr'>Deploratio</span> <span class='ocrx_word' id='word_1_146' title='bbox 595 1432 687 1458; x_wconf 88' lang='lat' dir='ltr'>autem</span> <span class='ocrx_word' id='word_1_147' title='bbox 703 1429 856 1463; x_wconf 75' lang='lat' dir='ltr'>miseriae,</span> <span class='ocrx_word' id='word_1_148' title='bbox 874 1429 948 1458; x_wconf 88' lang='lat' dir='ltr'>circa</span> <span class='ocrx_word' id='word_1_149' title='bbox 962 1437 1126 1466; x_wconf 82' lang='lat' dir='ltr'>quamcum-</span> 
     </span>
     <span class='ocr_line' id='line_1_31' title="bbox 275 1476 1124 1514; baseline -0.002 -8"><span class='ocrx_word' id='word_1_150' title='bbox 275 1485 330 1514; x_wconf 88' lang='lat' dir='ltr'>que</span> <span class='ocrx_word' id='word_1_151' title='bbox 358 1477 520 1506; x_wconf 75' lang='lat' dir='ltr'>miseriam³</span> <span class='ocrx_word' id='word_1_152' title='bbox 542 1477 588 1511; x_wconf 84' lang='lat' dir='ltr'>fit,</span> <span class='ocrx_word' id='word_1_153' title='bbox 611 1476 668 1505; x_wconf 78' lang='lat' dir='ltr'>sive</span> <span class='ocrx_word' id='word_1_154' title='bbox 689 1485 740 1513; x_wconf 91' lang='lat' dir='ltr'>pro</span> <span class='ocrx_word' id='word_1_155' title='bbox 765 1476 979 1514; x_wconf 69' lang='lat' dir='ltr'>perpetratione</span> <span class='ocrx_word' id='word_1_156' title='bbox 1005 1476 1124 1513; x_wconf 78' lang='lat' dir='ltr'>eulpae,</span> 
     </span>
     <span class='ocr_line' id='line_1_32' title="bbox 275 1524 1126 1562; baseline -0.002 -8"><span class='ocrx_word' id='word_1_157' title='bbox 275 1526 332 1554; x_wconf 80' lang='lat' dir='ltr'>sive</span> <span class='ocrx_word' id='word_1_158' title='bbox 353 1533 405 1562; x_wconf 86' lang='lat' dir='ltr'>pro</span> <span class='ocrx_word' id='word_1_159' title='bbox 427 1524 584 1553; x_wconf 70' lang='lat' dir='ltr'>antis-sione</span> <span class='ocrx_word' id='word_1_160' title='bbox 604 1524 739 1561; x_wconf 72' lang='lat' dir='ltr'>gyratiae,</span> <span class='ocrx_word' id='word_1_161' title='bbox 762 1524 819 1553; x_wconf 79' lang='lat' dir='ltr'>sive</span> <span class='ocrx_word' id='word_1_162' title='bbox 841 1532 892 1561; x_wconf 85' lang='lat' dir='ltr'>pro</span> <span class='ocrx_word' id='word_1_163' title='bbox 914 1524 1052 1552; x_wconf 77' lang='lat' dir='ltr'>dilatione</span> <span class='ocrx_word' id='word_1_164' title='bbox 1065 1524 1126 1562; x_wconf 68' lang='lat' dir='ltr'>ylo-</span> 
     </span>
     <span class='ocr_line' id='line_1_33' title="bbox 274 1571 1126 1609; baseline -0.001 -8"><span class='ocrx_word' id='word_1_165' title='bbox 274 1573 355 1607; x_wconf 84' lang='lat' dir='ltr'>riae,</span> <span class='ocrx_word' id='word_1_166' title='bbox 377 1573 446 1601; x_wconf 85' lang='lat' dir='ltr'>haec</span> <span class='ocrx_word' id='word_1_167' title='bbox 467 1572 521 1601; x_wconf 84' lang='lat' dir='ltr'>tria</span> <span class='ocrx_word' id='word_1_168' title='bbox 541 1571 622 1601; x_wconf 78' lang='lat' dir='ltr'>dehet</span> <span class='ocrx_word' id='word_1_169' title='bbox 644 1572 763 1606; x_wconf 81' lang='lat' dir='ltr'>habere,</span> <span class='ocrx_word' id='word_1_170' title='bbox 786 1572 890 1601; x_wconf 82' lang='lat' dir='ltr'>scilieet</span> <span class='ocrx_word' id='word_1_171' title='bbox 910 1571 1049 1606; x_wconf 78' lang='lat' dir='ltr'>dolorem,</span> <span class='ocrx_word' id='word_1_172' title='bbox 1071 1581 1126 1609; x_wconf 89' lang='lat' dir='ltr'>pu-</span> 
     </span>
     <span class='ocr_line' id='line_1_34' title="bbox 274 1619 1126 1656; baseline 0 -7"><span class='ocrx_word' id='word_1_173' title='bbox 274 1621 374 1649; x_wconf 81' lang='lat' dir='ltr'>dorem</span> <span class='ocrx_word' id='word_1_174' title='bbox 396 1622 423 1649; x_wconf 89' lang='lat' dir='ltr'>et</span> <span class='ocrx_word' id='word_1_175' title='bbox 444 1620 594 1648; x_wconf 81' lang='lat' dir='ltr'>timorem:</span> <span class='ocrx_word' id='word_1_176' title='bbox 616 1619 761 1653; x_wconf 79' lang='lat' dir='ltr'>dolorem,</span> <span class='ocrx_word' id='word_1_177' title='bbox 783 1622 898 1656; x_wconf 84' lang='lat' dir='ltr'>propter</span> <span class='ocrx_word' id='word_1_178' title='bbox 920 1619 1051 1648; x_wconf 86' lang='lat' dir='ltr'>damnum</span> <span class='ocrx_word' id='word_1_179' title='bbox 1068 1619 1126 1649; x_wconf 86' lang='lat' dir='ltr'>sive</span> 
     </span>
     <span class='ocr_line' id='line_1_35' title="bbox 274 1666 1126 1704; baseline -0.002 -8"><span class='ocrx_word' id='word_1_180' title='bbox 274 1667 495 1701; x_wconf 89' lang='lat' dir='ltr'>incommodum;</span> <span class='ocrx_word' id='word_1_181' title='bbox 524 1667 687 1704; x_wconf 75' lang='lat' dir='ltr'>pudorem,</span> <span class='ocrx_word' id='word_1_182' title='bbox 717 1670 831 1703; x_wconf 87' lang='lat' dir='ltr'>propter</span> <span class='ocrx_word' id='word_1_183' title='bbox 862 1666 1045 1703; x_wconf 86' lang='lat' dir='ltr'>opprobrium</span> <span class='ocrx_word' id='word_1_184' title='bbox 1069 1666 1126 1695; x_wconf 86' lang='lat' dir='ltr'>sive</span> 
     </span>
     <span class='ocr_line' id='line_1_36' title="bbox 274 1713 1127 1750; baseline -0.001 -8"><span class='ocrx_word' id='word_1_185' title='bbox 274 1714 469 1748; x_wconf 74' lang='lat' dir='ltr'>inhonestum3</span> <span class='ocrx_word' id='word_1_186' title='bbox 492 1714 639 1747; x_wconf 84' lang='lat' dir='ltr'>timorem,</span> <span class='ocrx_word' id='word_1_187' title='bbox 660 1716 775 1750; x_wconf 88' lang='lat' dir='ltr'>propter</span> <span class='ocrx_word' id='word_1_188' title='bbox 796 1713 954 1750; x_wconf 85' lang='lat' dir='ltr'>periculum</span> <span class='ocrx_word' id='word_1_189' title='bbox 986 1713 1043 1742; x_wconf 81' lang='lat' dir='ltr'>sive</span> <span class='ocrx_word' id='word_1_190' title='bbox 1065 1721 1127 1742; x_wconf 88' lang='lat' dir='ltr'>rea-</span> 
     </span>
     <span class='ocr_line' id='line_1_37' title="bbox 274 1760 1126 1797; baseline -0.001 -8"><span class='ocrx_word' id='word_1_191' title='bbox 274 1764 343 1790; x_wconf 86' lang='lat' dir='ltr'>tum.</span> <span class='ocrx_word' id='word_1_192' title='bbox 367 1761 407 1789; x_wconf 87' lang='lat' dir='ltr'>Ex</span> <span class='ocrx_word' id='word_1_193' title='bbox 428 1761 572 1789; x_wconf 84' lang='lat' dir='ltr'>memoria</span> <span class='ocrx_word' id='word_1_194' title='bbox 587 1761 660 1789; x_wconf 91' lang='lat' dir='ltr'>enim</span> <span class='ocrx_word' id='word_1_195' title='bbox 673 1760 906 1797; x_wconf 82' lang='lat' dir='ltr'>praeteritorum.</span> <span class='ocrx_word' id='word_1_196' title='bbox 921 1760 1012 1789; x_wconf 88' lang='lat' dir='ltr'>oritur</span> <span class='ocrx_word' id='word_1_197' title='bbox 1033 1760 1126 1795; x_wconf 75' lang='lat' dir='ltr'>dolor,</span> 
     </span>
     <span class='ocr_line' id='line_1_38' title="bbox 274 1807 1125 1845; baseline -0.001 -8"><span class='ocrx_word' id='word_1_198' title='bbox 274 1808 365 1837; x_wconf 70' lang='lat' dir='ltr'>dum4</span> <span class='ocrx_word' id='word_1_199' title='bbox 385 1808 565 1842; x_wconf 80' lang='lat' dir='ltr'>recordatur,</span> <span class='ocrx_word' id='word_1_200' title='bbox 588 1808 655 1845; x_wconf 88' lang='lat' dir='ltr'>quid</span> <span class='ocrx_word' id='word_1_201' title='bbox 686 1808 800 1841; x_wconf 79' lang='lat' dir='ltr'>omisit,</span> <span class='ocrx_word' id='word_1_202' title='bbox 823 1807 889 1844; x_wconf 83' lang='lat' dir='ltr'>quia</span> <span class='ocrx_word' id='word_1_203' title='bbox 910 1810 1059 1844; x_wconf 85' lang='lat' dir='ltr'>praecepta</span> <span class='ocrx_word' id='word_1_204' title='bbox 1082 1808 1125 1836; x_wconf 90' lang='lat' dir='ltr'>iu-</span> 
     </span>
     <span class='ocr_line' id='line_1_39' title="bbox 275 1855 1126 1893; baseline 0 -10"><span class='ocrx_word' id='word_1_205' title='bbox 275 1855 379 1889; x_wconf 81' lang='lat' dir='ltr'>stitiae3</span> <span class='ocrx_word' id='word_1_206' title='bbox 402 1855 469 1892; x_wconf 85' lang='lat' dir='ltr'>quid</span> <span class='ocrx_word' id='word_1_207' title='bbox 490 1855 651 1889; x_wconf 79' lang='lat' dir='ltr'>commisit,</span> <span class='ocrx_word' id='word_1_208' title='bbox 674 1855 739 1892; x_wconf 85' lang='lat' dir='ltr'>quia</span> <span class='ocrx_word' id='word_1_209' title='bbox 760 1855 901 1892; x_wconf 80' lang='lat' dir='ltr'>prohibita</span> <span class='ocrx_word' id='word_1_210' title='bbox 920 1855 1036 1892; x_wconf 84' lang='lat' dir='ltr'>culpae;</span> <span class='ocrx_word' id='word_1_211' title='bbox 1059 1856 1126 1893; x_wconf 84' lang='lat' dir='ltr'>quid</span> 
     </span>
     <span class='ocr_line' id='line_1_40' title="bbox 275 1902 1126 1941; baseline 0.001 -10"><span class='ocrx_word' id='word_1_212' title='bbox 275 1902 389 1937; x_wconf 82' lang='lat' dir='ltr'>amisit,</span> <span class='ocrx_word' id='word_1_213' title='bbox 406 1902 471 1940; x_wconf 81' lang='lat' dir='ltr'>quia</span> <span class='ocrx_word' id='word_1_214' title='bbox 488 1902 610 1939; x_wconf 81' lang='lat' dir='ltr'>gratuita</span> <span class='ocrx_word' id='word_1_215' title='bbox 626 1902 705 1931; x_wconf 87' lang='lat' dir='ltr'>vitae.</span> <span class='ocrx_word' id='word_1_216' title='bbox 721 1918 758 1923; x_wconf 92' lang='lat'><strong>—</strong></span> <span class='ocrx_word' id='word_1_217' title='bbox 774 1903 815 1931; x_wconf 77' lang='lat' dir='ltr'>Ex</span> <span class='ocrx_word' id='word_1_218' title='bbox 830 1903 1019 1941; x_wconf 69' lang='lat' dir='ltr'>intetlz&#39;yena’a</span> <span class='ocrx_word' id='word_1_219' title='bbox 1039 1912 1126 1941; x_wconf 84' lang='lat' dir='ltr'>prae-</span> 
     </span>
     <span class='ocr_line' id='line_1_41' title="bbox 274 1950 1127 1988; baseline 0.002 -10"><span class='ocrx_word' id='word_1_220' title='bbox 274 1950 400 1978; x_wconf 75' lang='lat' dir='ltr'>sentium</span> <span class='ocrx_word' id='word_1_221' title='bbox 421 1950 512 1979; x_wconf 90' lang='lat' dir='ltr'>oritur</span> <span class='ocrx_word' id='word_1_222' title='bbox 530 1950 647 1987; x_wconf 78' lang='lat' dir='ltr'>puclor,</span> <span class='ocrx_word' id='word_1_223' title='bbox 669 1950 737 1979; x_wconf 89' lang='lat' dir='ltr'>dum</span> <span class='ocrx_word' id='word_1_224' title='bbox 765 1950 897 1985; x_wconf 84' lang='lat' dir='ltr'>attendit,</span> <span class='ocrx_word' id='word_1_225' title='bbox 918 1950 971 1979; x_wconf 87' lang='lat' dir='ltr'>ubi</span> <span class='ocrx_word' id='word_1_226' title='bbox 990 1951 1044 1986; x_wconf 85' lang='lat' dir='ltr'>sit,</span> <span class='ocrx_word' id='word_1_227' title='bbox 1061 1951 1127 1988; x_wconf 85' lang='lat' dir='ltr'>quia</span> 
     </span>
     <span class='ocr_line' id='line_1_42' title="bbox 274 1997 1126 2037; baseline 0.001 -11"><span class='ocrx_word' id='word_1_228' title='bbox 274 1997 355 2035; x_wconf 82' lang='lat' dir='ltr'>longe</span> <span class='ocrx_word' id='word_1_229' title='bbox 375 1997 404 2026; x_wconf 91' lang='lat' dir='ltr'>in</span> <span class='ocrx_word' id='word_1_230' title='bbox 424 1997 480 2026; x_wconf 88' lang='lat' dir='ltr'>imo</span> <span class='ocrx_word' id='word_1_231' title='bbox 501 2006 572 2034; x_wconf 86' lang='lat' dir='ltr'>quae</span> <span class='ocrx_word' id='word_1_232' title='bbox 594 1997 685 2026; x_wconf 85' lang='lat' dir='ltr'>fuerat</span> <span class='ocrx_word' id='word_1_233' title='bbox 706 2006 793 2034; x_wconf 84' lang='lat' dir='ltr'>prope</span> <span class='ocrx_word' id='word_1_234' title='bbox 824 1998 853 2026; x_wconf 91' lang='lat' dir='ltr'>in</span> <span class='ocrx_word' id='word_1_235' title='bbox 879 2006 1005 2033; x_wconf 86' lang='lat' dir='ltr'>summo;</span> <span class='ocrx_word' id='word_1_236' title='bbox 1028 1998 1126 2037; x_wconf 79' lang='lat' dir='ltr'>qualis</span> 
     </span>
     <span class='ocr_line' id='line_1_43' title="bbox 273 2044 1124 2083; baseline 0.001 -10"><span class='ocrx_word' id='word_1_237' title='bbox 273 2045 327 2079; x_wconf 85' lang='lat' dir='ltr'>sit,</span> <span class='ocrx_word' id='word_1_238' title='bbox 349 2045 415 2082; x_wconf 87' lang='lat' dir='ltr'>quia</span> <span class='ocrx_word' id='word_1_239' title='bbox 436 2044 515 2073; x_wconf 86' lang='lat' dir='ltr'>foeda</span> <span class='ocrx_word' id='word_1_240' title='bbox 535 2045 563 2073; x_wconf 92' lang='lat' dir='ltr'>in</span> <span class='ocrx_word' id='word_1_241' title='bbox 584 2045 644 2073; x_wconf 90' lang='lat' dir='ltr'>luto</span> <span class='ocrx_word' id='word_1_242' title='bbox 675 2053 747 2082; x_wconf 86' lang='lat' dir='ltr'>quae</span> <span class='ocrx_word' id='word_1_243' title='bbox 773 2045 864 2074; x_wconf 84' lang='lat' dir='ltr'>suerat</span> <span class='ocrx_word' id='word_1_244' title='bbox 895 2046 993 2082; x_wconf 87' lang='lat' dir='ltr'>pulcra</span> <span class='ocrx_word' id='word_1_245' title='bbox 1019 2045 1124 2083; x_wconf 78' lang='lat' dir='ltr'>imag0;</span> 
     </span>
     <span class='ocr_line' id='line_1_44' title="bbox 274 2091 1126 2130; baseline 0.001 -10"><span class='ocrx_word' id='word_1_246' title='bbox 274 2100 350 2130; x_wconf 86' lang='lat' dir='ltr'>quae</span> <span class='ocrx_word' id='word_1_247' title='bbox 380 2092 434 2126; x_wconf 83' lang='lat' dir='ltr'>sit,</span> <span class='ocrx_word' id='word_1_248' title='bbox 463 2091 529 2129; x_wconf 85' lang='lat' dir='ltr'>quia</span> <span class='ocrx_word' id='word_1_249' title='bbox 555 2092 653 2120; x_wconf 84' lang='lat' dir='ltr'>ancilla</span> <span class='ocrx_word' id='word_1_250' title='bbox 674 2100 746 2128; x_wconf 85' lang='lat' dir='ltr'>quae</span> <span class='ocrx_word' id='word_1_251' title='bbox 770 2092 863 2121; x_wconf 87' lang='lat' dir='ltr'>fuerat</span> <span class='ocrx_word' id='word_1_252' title='bbox 883 2092 971 2121; x_wconf 88' lang='lat' dir='ltr'>libera</span> <span class='ocrx_word' id='word_1_253' title='bbox 982 2092 1001 2120; x_wconf 88' lang='lat'>⁵.</span> <span class='ocrx_word' id='word_1_254' title='bbox 1023 2110 1062 2113; x_wconf 90' lang='lat'>——</span> <span class='ocrx_word' id='word_1_255' title='bbox 1084 2093 1126 2121; x_wconf 82' lang='lat' dir='ltr'>Ex</span> 
     </span>
     <span class='ocr_line' id='line_1_45' title="bbox 272 2137 1125 2177; baseline 0.002 -10"><span class='ocrx_word' id='word_1_256' title='bbox 272 2138 460 2176; x_wconf 78' lang='lat' dir='ltr'>providentia</span> <span class='ocrx_word' id='word_1_257' title='bbox 481 2137 657 2176; x_wconf 80' lang='lat' dir='ltr'>futurorum</span> <span class='ocrx_word' id='word_1_258' title='bbox 678 2139 770 2167; x_wconf 88' lang='lat' dir='ltr'>oritur</span> <span class='ocrx_word' id='word_1_259' title='bbox 796 2139 901 2173; x_wconf 86' lang='lat' dir='ltr'>timor,</span> <span class='ocrx_word' id='word_1_260' title='bbox 923 2139 989 2168; x_wconf 91' lang='lat' dir='ltr'>dum</span> <span class='ocrx_word' id='word_1_261' title='bbox 1011 2148 1125 2177; x_wconf 83' lang='lat' dir='ltr'>praeco-</span> 
     </span>
    </p>
   </div>
   <div class='ocr_carea' id='block_1_11' title="bbox 274 2275 1125 3054">
    <p class='ocr_par' dir='ltr' id='par_1_13' title="bbox 274 2275 1125 2385">
     <span class='ocr_line' id='line_1_46' title="bbox 338 2275 1124 2307; baseline 0.003 -9"><span class='ocrx_word' id='word_1_262' title='bbox 338 2275 346 2288; x_wconf 75' lang='lat'><em>1</em></span> <span class='ocrx_word' id='word_1_263' title='bbox 365 2275 438 2299; x_wconf 87' lang='lat' dir='ltr'>Codd.</span> <span class='ocrx_word' id='word_1_264' title='bbox 458 2277 532 2299; x_wconf 88' lang='lat' dir='ltr'>UVZ</span> <span class='ocrx_word' id='word_1_265' title='bbox 555 2276 663 2299; x_wconf 79' lang='lat' dir='ltr'>omittunt</span> <span class='ocrx_word' id='word_1_266' title='bbox 687 2276 783 2306; x_wconf 59' lang='lat' dir='ltr'>legendo</span> <span class='ocrx_word' id='word_1_267' title='bbox 806 2278 842 2305; x_wconf 59' lang='grc' dir='ltr'>εἰς</span> <span class='ocrx_word' id='word_1_268' title='bbox 864 2278 903 2299; x_wconf 75' lang='lat' dir='ltr'>cfr.</span> <span class='ocrx_word' id='word_1_269' title='bbox 926 2284 996 2306; x_wconf 83' lang='lat' dir='ltr'>supra</span> <span class='ocrx_word' id='word_1_270' title='bbox 1020 2284 1072 2307; x_wconf 78' lang='lat' dir='ltr'>pag.</span> <span class='ocrx_word' id='word_1_271' title='bbox 1098 2279 1124 2306; x_wconf 87' lang='lat'>3,</span> 
     </span>
     <span class='ocr_line' id='line_1_47' title="bbox 274 2315 1125 2345; baseline 0.004 -8"><span class='ocrx_word' id='word_1_272' title='bbox 274 2317 328 2338; x_wconf 84' lang='lat' dir='ltr'>noia</span> <span class='ocrx_word' id='word_1_273' title='bbox 345 2316 367 2337; x_wconf 74' lang='grc'>6,</span> <span class='ocrx_word' id='word_1_274' title='bbox 385 2315 481 2338; x_wconf 79' lang='lat' dir='ltr'>inferius</span> <span class='ocrx_word' id='word_1_275' title='bbox 498 2318 551 2343; x_wconf 88' lang='lat' dir='ltr'>post</span> <span class='ocrx_word' id='word_1_276' title='bbox 565 2317 648 2345; x_wconf 82' lang='lat' dir='ltr'>partes</span> <span class='ocrx_word' id='word_1_277' title='bbox 674 2316 725 2338; x_wconf 74' lang='lat' dir='ltr'>Vat.</span> <span class='ocrx_word' id='word_1_278' title='bbox 749 2322 802 2338; x_wconf 87' lang='lat' dir='ltr'>cum</span> <span class='ocrx_word' id='word_1_279' title='bbox 827 2317 943 2339; x_wconf 83' lang='lat' dir='ltr'>nonnullis</span> <span class='ocrx_word' id='word_1_280' title='bbox 966 2317 1034 2340; x_wconf 90' lang='lat' dir='ltr'>codd.</span> <span class='ocrx_word' id='word_1_281' title='bbox 1060 2317 1125 2340; x_wconf 79' lang='lat' dir='ltr'>addit</span> 
     </span>
     <span class='ocr_line' id='line_1_48' title="bbox 275 2354 653 2385; baseline 0.003 -8"><span class='ocrx_word' id='word_1_282' title='bbox 275 2354 353 2384; x_wconf 77' lang='lat' dir='ltr'>ipsam</span> <span class='ocrx_word' id='word_1_283' title='bbox 366 2354 522 2385; x_wconf 79' lang='lat' dir='ltr'>perficientes,</span> <span class='ocrx_word' id='word_1_284' title='bbox 541 2361 653 2385; x_wconf 70' lang='lat' dir='ltr'>(suorum.</span> 
     </span>
    </p>

    <p class='ocr_par' dir='ltr' id='par_1_14' title="bbox 338 2393 690 2422">
     <span class='ocr_line' id='line_1_49' title="bbox 338 2393 690 2422; baseline 0.006 -6"><span class='ocrx_word' id='word_1_285' title='bbox 338 2393 347 2406; x_wconf 74' lang='lat'>2</span> <span class='ocrx_word' id='word_1_286' title='bbox 364 2395 395 2416; x_wconf 80' lang='lat' dir='ltr'>lta</span> <span class='ocrx_word' id='word_1_287' title='bbox 413 2395 494 2422; x_wconf 81' lang='lat' dir='ltr'>DHS,</span> <span class='ocrx_word' id='word_1_288' title='bbox 512 2395 548 2417; x_wconf 81' lang='lat' dir='ltr'>alii</span> <span class='ocrx_word' id='word_1_289' title='bbox 565 2394 616 2418; x_wconf 78' lang='lat' dir='ltr'>siue</span> <span class='ocrx_word' id='word_1_290' title='bbox 632 2394 690 2418; x_wconf 81' lang='lat' dir='ltr'>alia.</span> 
     </span>
    </p>

    <p class='ocr_par' dir='ltr' id='par_1_15' title="bbox 338 2433 761 2457">
     <span class='ocr_line' id='line_1_50' title="bbox 338 2433 761 2457; baseline 0.002 -1"><span class='ocrx_word' id='word_1_291' title='bbox 338 2433 347 2445; x_wconf 73' lang='lat'>³</span> <span class='ocrx_word' id='word_1_292' title='bbox 364 2433 438 2456; x_wconf 83' lang='lat' dir='ltr'>Codd.</span> <span class='ocrx_word' id='word_1_293' title='bbox 456 2434 472 2455; x_wconf 89' lang='lat' dir='ltr'>E</span> <span class='ocrx_word' id='word_1_294' title='bbox 481 2434 501 2456; x_wconf 83' lang='lat' dir='ltr'>K</span> <span class='ocrx_word' id='word_1_295' title='bbox 511 2434 529 2456; x_wconf 96' lang='lat' dir='ltr'>N</span> <span class='ocrx_word' id='word_1_296' title='bbox 540 2435 555 2456; x_wconf 87' lang='grc'>1)</span> <span class='ocrx_word' id='word_1_297' title='bbox 565 2435 582 2456; x_wconf 87' lang='lat' dir='ltr'>R</span> <span class='ocrx_word' id='word_1_298' title='bbox 593 2435 608 2456; x_wconf 83' lang='lat' dir='ltr'>S</span> <span class='ocrx_word' id='word_1_299' title='bbox 625 2434 761 2457; x_wconf 82' lang='lat' dir='ltr'>materiam.</span> 
     </span>
    </p>

    <p class='ocr_par' dir='ltr' id='par_1_16' title="bbox 274 2472 1124 2574">
     <span class='ocr_line' id='line_1_51' title="bbox 338 2472 1123 2503; baseline 0.003 -8"><span class='ocrx_word' id='word_1_300' title='bbox 338 2472 347 2485; x_wconf 64' lang='lat'>4</span> <span class='ocrx_word' id='word_1_301' title='bbox 365 2472 438 2496; x_wconf 85' lang='lat' dir='ltr'>Codd.</span> <span class='ocrx_word' id='word_1_302' title='bbox 456 2474 472 2495; x_wconf 79' lang='grc' dir='ltr'><strong>Β</strong></span> <span class='ocrx_word' id='word_1_303' title='bbox 482 2474 500 2495; x_wconf 83' lang='grc' dir='ltr'><strong>Μ</strong></span> <span class='ocrx_word' id='word_1_304' title='bbox 512 2474 527 2495; x_wconf 70' lang='lat' dir='ltr'>l)</span> <span class='ocrx_word' id='word_1_305' title='bbox 537 2474 551 2495; x_wconf 85' lang='lat' dir='ltr'>S</span> <span class='ocrx_word' id='word_1_306' title='bbox 561 2473 579 2495; x_wconf 94' lang='lat' dir='ltr'>U</span> <span class='ocrx_word' id='word_1_307' title='bbox 588 2474 604 2495; x_wconf 91' lang='lat' dir='ltr'>Z</span> <span class='ocrx_word' id='word_1_308' title='bbox 622 2479 684 2496; x_wconf 81' lang='lat' dir='ltr'>oum.</span> <span class='ocrx_word' id='word_1_309' title='bbox 702 2474 781 2496; x_wconf 80' lang='lat' dir='ltr'>Plures</span> <span class='ocrx_word' id='word_1_310' title='bbox 804 2474 880 2503; x_wconf 69' lang='lat' dir='ltr'>codd,</span> <span class='ocrx_word' id='word_1_311' title='bbox 899 2476 924 2497; x_wconf 87' lang='lat' dir='ltr'>ut</span> <span class='ocrx_word' id='word_1_312' title='bbox 941 2474 957 2496; x_wconf 77' lang='lat' dir='ltr'>A</span> <span class='ocrx_word' id='word_1_313' title='bbox 969 2475 986 2497; x_wconf 92' lang='lat' dir='ltr'><strong>D</strong></span> <span class='ocrx_word' id='word_1_314' title='bbox 995 2475 1011 2497; x_wconf 89' lang='lat' dir='ltr'>F</span> <span class='ocrx_word' id='word_1_315' title='bbox 1021 2475 1037 2497; x_wconf 88' lang='lat' dir='ltr'><strong>H</strong></span> <span class='ocrx_word' id='word_1_316' title='bbox 1048 2475 1068 2497; x_wconf 77' lang='lat' dir='ltr'><strong>K</strong></span> <span class='ocrx_word' id='word_1_317' title='bbox 1079 2476 1095 2497; x_wconf 93' lang='lat' dir='ltr'>L</span> <span class='ocrx_word' id='word_1_318' title='bbox 1106 2475 1123 2497; x_wconf 96' lang='lat' dir='ltr'>O</span> 
     </span>
     <span class='ocr_line' id='line_1_52' title="bbox 275 2512 1124 2541; baseline 0.004 -7"><span class='ocrx_word' id='word_1_319' title='bbox 275 2512 364 2540; x_wconf 82' lang='lat' dir='ltr'>QRT,</span> <span class='ocrx_word' id='word_1_320' title='bbox 382 2512 489 2535; x_wconf 86' lang='lat' dir='ltr'>omittunt</span> <span class='ocrx_word' id='word_1_321' title='bbox 514 2512 554 2535; x_wconf 59' lang='lat' dir='ltr'>Eoo</span> <span class='ocrx_word' id='word_1_322' title='bbox 579 2512 695 2536; x_wconf 83' lang='lat' dir='ltr'>memoria</span> <span class='ocrx_word' id='word_1_323' title='bbox 721 2512 783 2536; x_wconf 60' lang='lat' dir='ltr'>enim.</span> <span class='ocrx_word' id='word_1_324' title='bbox 807 2513 1021 2541; x_wconf 77' lang='lat' dir='ltr'>praeteritorimz...</span> <span class='ocrx_word' id='word_1_325' title='bbox 1039 2514 1124 2538; x_wconf 74' lang='lat' dir='ltr'>mortis</span> 
     </span>
     <span class='ocr_line' id='line_1_53' title="bbox 274 2552 393 2574; baseline 0 0"><span class='ocrx_word' id='word_1_326' title='bbox 274 2552 393 2574; x_wconf 78' lang='lat' dir='ltr'>aeternae.</span> 
     </span>
    </p>

    <p class='ocr_par' dir='ltr' id='par_1_17' title="bbox 274 2590 1124 2661">
     <span class='ocr_line' id='line_1_54' title="bbox 338 2590 1124 2621; baseline 0 -7"><span class='ocrx_word' id='word_1_327' title='bbox 338 2590 347 2603; x_wconf 61' lang='grc' dir='ltr'>ὅ</span> <span class='ocrx_word' id='word_1_328' title='bbox 365 2591 438 2614; x_wconf 88' lang='lat' dir='ltr'>Codd.</span> <span class='ocrx_word' id='word_1_329' title='bbox 456 2592 472 2613; x_wconf 90' lang='lat' dir='ltr'>B</span> <span class='ocrx_word' id='word_1_330' title='bbox 483 2591 499 2614; x_wconf 95' lang='lat' dir='ltr'>C</span> <span class='ocrx_word' id='word_1_331' title='bbox 508 2592 524 2614; x_wconf 88' lang='lat' dir='ltr'>E</span> <span class='ocrx_word' id='word_1_332' title='bbox 534 2592 552 2614; x_wconf 91' lang='lat' dir='ltr'>G</span> <span class='ocrx_word' id='word_1_333' title='bbox 562 2592 568 2614; x_wconf 95' lang='grc'>1</span> <span class='ocrx_word' id='word_1_334' title='bbox 579 2592 598 2614; x_wconf 84' lang='grc' dir='ltr'>Μ</span> <span class='ocrx_word' id='word_1_335' title='bbox 609 2592 625 2613; x_wconf 84' lang='lat' dir='ltr'>N</span> <span class='ocrx_word' id='word_1_336' title='bbox 637 2592 652 2613; x_wconf 85' lang='lat' dir='ltr'>P</span> <span class='ocrx_word' id='word_1_337' title='bbox 663 2592 677 2613; x_wconf 80' lang='lat' dir='ltr'>S</span> <span class='ocrx_word' id='word_1_338' title='bbox 687 2592 704 2614; x_wconf 94' lang='lat' dir='ltr'><strong>U</strong></span> <span class='ocrx_word' id='word_1_339' title='bbox 714 2592 730 2613; x_wconf 95' lang='lat' dir='ltr'>Z</span> <span class='ocrx_word' id='word_1_340' title='bbox 748 2591 806 2621; x_wconf 75' lang='lat' dir='ltr'>quid</span> <span class='ocrx_word' id='word_1_341' title='bbox 822 2593 886 2621; x_wconf 65' lang='lat' dir='ltr'>teglat,</span> <span class='ocrx_word' id='word_1_342' title='bbox 906 2591 963 2621; x_wconf 78' lang='lat' dir='ltr'>quia-</span> <span class='ocrx_word' id='word_1_343' title='bbox 979 2591 1052 2615; x_wconf 74' lang='lat' dir='ltr'>servu</span> <span class='ocrx_word' id='word_1_344' title='bbox 1069 2591 1124 2621; x_wconf 77' lang='lat' dir='ltr'>infe-</span> 
     </span>
     <span class='ocr_line' id='line_1_55' title="bbox 274 2630 668 2661; baseline 0.003 -8"><span class='ocrx_word' id='word_1_345' title='bbox 274 2630 338 2654; x_wconf 81' lang='lat' dir='ltr'>riori</span> <span class='ocrx_word' id='word_1_346' title='bbox 353 2637 414 2660; x_wconf 81' lang='lat' dir='ltr'>quae</span> <span class='ocrx_word' id='word_1_347' title='bbox 430 2632 483 2654; x_wconf 79' lang='lat' dir='ltr'>erat</span> <span class='ocrx_word' id='word_1_348' title='bbox 496 2630 568 2661; x_wconf 81' lang='lat' dir='ltr'>prius</span> <span class='ocrx_word' id='word_1_349' title='bbox 586 2630 668 2654; x_wconf 82' lang='lat' dir='ltr'>libera.</span> 
     </span>
    </p>

    <p class='ocr_par' dir='ltr' id='par_1_18' title="bbox 274 2669 1125 2936">
     <span class='ocr_line' id='line_1_56' title="bbox 338 2669 1124 2697; baseline 0.001 -5"><span class='ocrx_word' id='word_1_350' title='bbox 338 2669 347 2682; x_wconf 68' lang='grc' dir='ltr'>ὓ</span> <span class='ocrx_word' id='word_1_351' title='bbox 364 2671 431 2693; x_wconf 82' lang='lat' dir='ltr'>Prov.</span> <span class='ocrx_word' id='word_1_352' title='bbox 449 2671 474 2697; x_wconf 86' lang='lat'>5,</span> <span class='ocrx_word' id='word_1_353' title='bbox 493 2670 522 2692; x_wconf 86' lang='lat'>5:</span> <span class='ocrx_word' id='word_1_354' title='bbox 536 2671 610 2693; x_wconf 81' lang='lat' dir='ltr'>Pedes</span> <span class='ocrx_word' id='word_1_355' title='bbox 635 2671 685 2693; x_wconf 90' lang='lat' dir='ltr'>eius</span> <span class='ocrx_word' id='word_1_356' title='bbox 711 2670 855 2693; x_wconf 82' lang='lat' dir='ltr'>descendunt</span> <span class='ocrx_word' id='word_1_357' title='bbox 879 2671 901 2693; x_wconf 90' lang='lat' dir='ltr'>in</span> <span class='ocrx_word' id='word_1_358' title='bbox 928 2673 1026 2693; x_wconf 86' lang='lat' dir='ltr'>mortem</span> <span class='ocrx_word' id='word_1_359' title='bbox 1050 2673 1072 2693; x_wconf 85' lang='lat' dir='ltr'>et</span> <span class='ocrx_word' id='word_1_360' title='bbox 1094 2670 1124 2693; x_wconf 87' lang='lat' dir='ltr'>ad</span> 
     </span>
     <span class='ocr_line' id='line_1_57' title="bbox 274 2709 1124 2739; baseline 0 -7"><span class='ocrx_word' id='word_1_361' title='bbox 274 2709 360 2732; x_wconf 78' lang='lat' dir='ltr'>inferos</span> <span class='ocrx_word' id='word_1_362' title='bbox 378 2716 472 2738; x_wconf 76' lang='lat' dir='ltr'>gressus</span> <span class='ocrx_word' id='word_1_363' title='bbox 489 2710 548 2732; x_wconf 83' lang='lat' dir='ltr'>iltius</span> <span class='ocrx_word' id='word_1_364' title='bbox 565 2712 693 2738; x_wconf 81' lang='lat' dir='ltr'>penetrant.</span> <span class='ocrx_word' id='word_1_365' title='bbox 710 2709 755 2733; x_wconf 81' lang='lat' dir='ltr'>Csr.</span> <span class='ocrx_word' id='word_1_366' title='bbox 773 2711 844 2733; x_wconf 87' lang='lat' dir='ltr'>Eccle.</span> <span class='ocrx_word' id='word_1_367' title='bbox 858 2710 885 2737; x_wconf 80' lang='lat'>9,</span> <span class='ocrx_word' id='word_1_368' title='bbox 898 2710 940 2732; x_wconf 47' lang='lat'><strong>1¹0:</strong></span> <span class='ocrx_word' id='word_1_369' title='bbox 953 2710 1124 2739; x_wconf 84' lang='lat' dir='ltr'>Quodcumque</span> 
     </span>
     <span class='ocr_line' id='line_1_58' title="bbox 274 2749 1125 2778; baseline 0.001 -7"><span class='ocrx_word' id='word_1_370' title='bbox 274 2750 349 2771; x_wconf 76' lang='lat' dir='ltr'>facere</span> <span class='ocrx_word' id='word_1_371' title='bbox 366 2752 441 2777; x_wconf 83' lang='lat' dir='ltr'>potest</span> <span class='ocrx_word' id='word_1_372' title='bbox 459 2755 542 2772; x_wconf 79' lang='lat' dir='ltr'>manus</span> <span class='ocrx_word' id='word_1_373' title='bbox 559 2752 597 2772; x_wconf 80' lang='lat' dir='ltr'>tua</span> <span class='ocrx_word' id='word_1_374' title='bbox 615 2749 725 2772; x_wconf 82' lang='lat' dir='ltr'>instanter</span> <span class='ocrx_word' id='word_1_375' title='bbox 743 2756 852 2777; x_wconf 76' lang='lat' dir='ltr'>operare,</span> <span class='ocrx_word' id='word_1_376' title='bbox 865 2749 919 2778; x_wconf 80' lang='lat' dir='ltr'>quin</span> <span class='ocrx_word' id='word_1_377' title='bbox 931 2756 973 2772; x_wconf 87' lang='lat' dir='ltr'>nec</span> <span class='ocrx_word' id='word_1_378' title='bbox 986 2756 1069 2778; x_wconf 86' lang='lat' dir='ltr'>opus...</span> <span class='ocrx_word' id='word_1_379' title='bbox 1081 2755 1125 2771; x_wconf 76' lang='lat' dir='ltr'>nec</span> 
     </span>
     <span class='ocr_line' id='line_1_59' title="bbox 274 2788 1125 2818; baseline 0.001 -8"><span class='ocrx_word' id='word_1_380' title='bbox 274 2788 369 2811; x_wconf 82' lang='lat' dir='ltr'>scientia</span> <span class='ocrx_word' id='word_1_381' title='bbox 386 2791 453 2811; x_wconf 86' lang='lat' dir='ltr'>erunt</span> <span class='ocrx_word' id='word_1_382' title='bbox 470 2789 532 2817; x_wconf 82' lang='lat' dir='ltr'>apud</span> <span class='ocrx_word' id='word_1_383' title='bbox 551 2789 643 2816; x_wconf 49' lang='lat' dir='ltr'>interos</span> <span class='ocrx_word' id='word_1_384' title='bbox 661 2795 708 2818; x_wconf 84' lang='lat' dir='ltr'>quo</span> <span class='ocrx_word' id='word_1_385' title='bbox 726 2791 749 2811; x_wconf 89' lang='lat' dir='ltr'>tu</span> <span class='ocrx_word' id='word_1_386' title='bbox 771 2795 891 2817; x_wconf 79' lang='lat' dir='ltr'>properas.</span> <span class='ocrx_word' id='word_1_387' title='bbox 910 2789 987 2812; x_wconf 79' lang='lat' dir='ltr'>Plures</span> <span class='ocrx_word' id='word_1_388' title='bbox 1003 2789 1073 2811; x_wconf 86' lang='lat' dir='ltr'>codd.</span> <span class='ocrx_word' id='word_1_389' title='bbox 1093 2789 1125 2811; x_wconf 87' lang='lat' dir='ltr'>le-</span> 
     </span>
     <span class='ocr_line' id='line_1_60' title="bbox 274 2827 1124 2858; baseline 0.001 -8"><span class='ocrx_word' id='word_1_390' title='bbox 274 2830 344 2856; x_wconf 80' lang='lat' dir='ltr'>gunt:</span> <span class='ocrx_word' id='word_1_391' title='bbox 361 2827 417 2857; x_wconf 74' lang='lat' dir='ltr'>quia</span> <span class='ocrx_word' id='word_1_392' title='bbox 434 2827 466 2850; x_wconf 77' lang='lat' dir='ltr'>ad</span> <span class='ocrx_word' id='word_1_393' title='bbox 482 2827 570 2857; x_wconf 75' lang='lat' dir='ltr'>inferos</span> <span class='ocrx_word' id='word_1_394' title='bbox 589 2827 617 2857; x_wconf 85' lang='grc' dir='ltr'>[Β</span> <span class='ocrx_word' id='word_1_395' title='bbox 635 2828 699 2851; x_wconf 80' lang='lat' dir='ltr'>addit</span> <span class='ocrx_word' id='word_1_396' title='bbox 716 2827 774 2858; x_wconf 80' lang='lat' dir='ltr'>quo]</span> <span class='ocrx_word' id='word_1_397' title='bbox 788 2834 849 2857; x_wconf 80' lang='lat' dir='ltr'>pene</span> <span class='ocrx_word' id='word_1_398' title='bbox 859 2829 916 2851; x_wconf 77' lang='lat' dir='ltr'>suut</span> <span class='ocrx_word' id='word_1_399' title='bbox 928 2834 1009 2851; x_wconf 80' lang='lat' dir='ltr'>omnes</span> <span class='ocrx_word' id='word_1_400' title='bbox 1026 2834 1124 2858; x_wconf 60' lang='lat' dir='ltr'>pressus</span> 
     </span>
     <span class='ocr_line' id='line_1_61' title="bbox 274 2866 1125 2897; baseline 0 -7"><span class='ocrx_word' id='word_1_401' title='bbox 274 2866 332 2890; x_wconf 75' lang='lat' dir='ltr'>eius.</span> <span class='ocrx_word' id='word_1_402' title='bbox 350 2867 462 2895; x_wconf 81' lang='lat' dir='ltr'>Superius</span> <span class='ocrx_word' id='word_1_403' title='bbox 485 2873 527 2895; x_wconf 89' lang='lat' dir='ltr'>pro</span> <span class='ocrx_word' id='word_1_404' title='bbox 553 2867 610 2890; x_wconf 82' lang='lat' dir='ltr'>dum</span> <span class='ocrx_word' id='word_1_405' title='bbox 632 2867 782 2897; x_wconf 44' lang='lat' dir='ltr'>praeco-(litat</span> <span class='ocrx_word' id='word_1_406' title='bbox 799 2867 870 2890; x_wconf 94' lang='lat' dir='ltr'>GUZ</span> <span class='ocrx_word' id='word_1_407' title='bbox 896 2873 953 2890; x_wconf 75' lang='lat' dir='ltr'>cum</span> <span class='ocrx_word' id='word_1_408' title='bbox 977 2867 1125 2897; x_wconf 68' lang='lat' dir='ltr'>praecogyitat</span> 
     </span>
     <span class='ocr_line' id='line_1_62' title="bbox 276 2905 426 2936; baseline 0.007 -8"><span class='ocrx_word' id='word_1_409' title='bbox 276 2906 305 2936; x_wconf 90' lang='lat' dir='ltr'>(G</span> <span class='ocrx_word' id='word_1_410' title='bbox 321 2905 426 2936; x_wconf 63' lang='lat' dir='ltr'>coquat).</span> 
     </span>
    </p>

    <p class='ocr_par' dir='ltr' id='par_1_19' title="bbox 274 2944 1124 3054">
     <span class='ocr_line' id='line_1_63' title="bbox 339 2944 1124 2974; baseline 0.001 -7"><span class='ocrx_word' id='word_1_411' title='bbox 339 2944 347 2957; x_wconf 81' lang='lat'>⁷</span> <span class='ocrx_word' id='word_1_412' title='bbox 365 2946 431 2968; x_wconf 86' lang='lat' dir='ltr'>Rom.</span> <span class='ocrx_word' id='word_1_413' title='bbox 444 2946 469 2972; x_wconf 88' lang='lat' dir='ltr'>S,</span> <span class='ocrx_word' id='word_1_414' title='bbox 482 2946 520 2968; x_wconf 77' lang='lat'>26.</span> <span class='ocrx_word' id='word_1_415' title='bbox 538 2959 563 2961; x_wconf 97' lang='lat'><strong>—</strong></span> <span class='ocrx_word' id='word_1_416' title='bbox 578 2946 591 2968; x_wconf 90' lang='lat'>1.</span> <span class='ocrx_word' id='word_1_417' title='bbox 604 2946 663 2968; x_wconf 77' lang='lat' dir='ltr'>Deir.</span> <span class='ocrx_word' id='word_1_418' title='bbox 678 2947 699 2973; x_wconf 70' lang='grc' dir='ltr'>Ξ,</span> <span class='ocrx_word' id='word_1_419' title='bbox 712 2946 736 2968; x_wconf 76' lang='lat'>21</span> <span class='ocrx_word' id='word_1_420' title='bbox 749 2954 753 2968; x_wconf 92' lang='lat'>:</span> <span class='ocrx_word' id='word_1_421' title='bbox 767 2945 871 2969; x_wconf 83' lang='lat' dir='ltr'>Christus</span> <span class='ocrx_word' id='word_1_422' title='bbox 888 2952 971 2974; x_wconf 80' lang='lat' dir='ltr'>passus</span> <span class='ocrx_word' id='word_1_423' title='bbox 982 2948 1017 2969; x_wconf 83' lang='lat' dir='ltr'>est</span> <span class='ocrx_word' id='word_1_424' title='bbox 1029 2952 1072 2974; x_wconf 88' lang='lat' dir='ltr'>pro</span> <span class='ocrx_word' id='word_1_425' title='bbox 1086 2952 1124 2968; x_wconf 92' lang='lat' dir='ltr'>no-</span> 
     </span>
     <span class='ocr_line' id='line_1_64' title="bbox 274 2984 1123 3015; baseline 0.002 -9"><span class='ocrx_word' id='word_1_426' title='bbox 274 2984 318 3006; x_wconf 85' lang='lat' dir='ltr'>bis.</span> <span class='ocrx_word' id='word_1_427' title='bbox 335 2997 364 3000; x_wconf 89' lang='lat'>—-</span> <span class='ocrx_word' id='word_1_428' title='bbox 383 2984 495 3012; x_wconf 83' lang='lat' dir='ltr'>Superius</span> <span class='ocrx_word' id='word_1_429' title='bbox 512 2991 555 3012; x_wconf 86' lang='lat' dir='ltr'>pro</span> <span class='ocrx_word' id='word_1_430' title='bbox 581 2984 646 3008; x_wconf 78' lang='lat' dir='ltr'>circa</span> <span class='ocrx_word' id='word_1_431' title='bbox 671 2991 846 3015; x_wconf 77' lang='lat' dir='ltr'>quamcumque</span> <span class='ocrx_word' id='word_1_432' title='bbox 867 2985 973 3015; x_wconf 62' lang='lat' dir='ltr'>qratiam</span> <span class='ocrx_word' id='word_1_433' title='bbox 990 2986 1033 3007; x_wconf 93' lang='lat' dir='ltr'>DF</span> <span class='ocrx_word' id='word_1_434' title='bbox 1044 2986 1061 3007; x_wconf 89' lang='lat' dir='ltr'><strong>H</strong></span> <span class='ocrx_word' id='word_1_435' title='bbox 1075 2990 1123 3015; x_wconf 81' lang='lat' dir='ltr'>pro</span> 
     </span>
     <span class='ocr_line' id='line_1_65' title="bbox 274 3023 1123 3054; baseline 0 -8"><span class='ocrx_word' id='word_1_436' title='bbox 274 3029 425 3053; x_wconf 77' lang='lat' dir='ltr'>quacumque</span> <span class='ocrx_word' id='word_1_437' title='bbox 442 3023 534 3053; x_wconf 67' lang='lat' dir='ltr'>qratia,</span> <span class='ocrx_word' id='word_1_438' title='bbox 553 3024 595 3046; x_wconf 87' lang='lat' dir='ltr'>EN</span> <span class='ocrx_word' id='word_1_439' title='bbox 605 3024 620 3046; x_wconf 82' lang='grc' dir='ltr'>Ρ</span> <span class='ocrx_word' id='word_1_440' title='bbox 638 3023 703 3047; x_wconf 77' lang='lat' dir='ltr'>circa</span> <span class='ocrx_word' id='word_1_441' title='bbox 728 3030 904 3054; x_wconf 75' lang='lat' dir='ltr'>quamcumque</span> <span class='ocrx_word' id='word_1_442' title='bbox 927 3024 1055 3048; x_wconf 76' lang='lat' dir='ltr'>materiam</span> <span class='ocrx_word' id='word_1_443' title='bbox 1073 3024 1123 3053; x_wconf 84' lang='lat' dir='ltr'>(cfr.</span> 
     </span>
    </p>
   </div>
   <div class='ocr_carea' id='block_1_12' title="bbox 1153 2397 1155 3049">
    <p class='ocr_par' dir='ltr' id='par_1_20' title="bbox 1153 2397 1155 3049">
     <span class='ocr_line' id='line_1_66' title="bbox 1153 2397 1155 3049; baseline 0 0"><span class='ocrx_word' id='word_1_444' title='bbox 1153 2397 1155 3049; x_wconf 95' lang='lat' dir='ltr'> </span> 
     </span>
    </p>
   </div>
   <div class='ocr_carea' id='block_1_13' title="bbox 1181 580 2033 751">
    <p class='ocr_par' dir='ltr' id='par_1_21' title="bbox 1181 580 2033 751">
     <span class='ocr_line' id='line_1_67' title="bbox 1181 580 2032 621; baseline 0.007 -13"><span class='ocrx_word' id='word_1_445' title='bbox 1181 580 1261 617; x_wconf 78' lang='lat' dir='ltr'>gitat,</span> <span class='ocrx_word' id='word_1_446' title='bbox 1284 589 1339 618; x_wconf 88' lang='lat' dir='ltr'>quo</span> <span class='ocrx_word' id='word_1_447' title='bbox 1362 581 1466 615; x_wconf 72' lang='lat' dir='ltr'>tetulit,</span> <span class='ocrx_word' id='word_1_448' title='bbox 1489 581 1555 618; x_wconf 88' lang='lat' dir='ltr'>quia</span> <span class='ocrx_word' id='word_1_449' title='bbox 1576 582 1616 611; x_wconf 82' lang='lat' dir='ltr'>cul</span> <span class='ocrx_word' id='word_1_450' title='bbox 1631 581 1743 619; x_wconf 75' lang='lat' dir='ltr'>inferos</span> <span class='ocrx_word' id='word_1_451' title='bbox 1755 586 1899 620; x_wconf 76' lang='lat' dir='ltr'>properat</span> <span class='ocrx_word' id='word_1_452' title='bbox 1910 593 2032 621; x_wconf 72' lang='lat' dir='ltr'>yresszis</span> 
     </span>
     <span class='ocr_line' id='line_1_68' title="bbox 1181 627 2031 666; baseline 0.006 -11"><span class='ocrx_word' id='word_1_453' title='bbox 1181 627 1282 662; x_wconf 78' lang='lat' dir='ltr'>eius⁶;</span> <span class='ocrx_word' id='word_1_454' title='bbox 1303 628 1371 665; x_wconf 88' lang='lat' dir='ltr'>quid</span> <span class='ocrx_word' id='word_1_455' title='bbox 1393 632 1542 663; x_wconf 74' lang='lat' dir='ltr'>occurret,</span> <span class='ocrx_word' id='word_1_456' title='bbox 1565 629 1631 666; x_wconf 85' lang='lat' dir='ltr'>quia</span> <span class='ocrx_word' id='word_1_457' title='bbox 1651 630 1786 659; x_wconf 88' lang='lat' dir='ltr'>iudicium</span> <span class='ocrx_word' id='word_1_458' title='bbox 1807 630 1973 666; x_wconf 82' lang='lat' dir='ltr'>inevitabile,</span> <span class='ocrx_word' id='word_1_459' title='bbox 1989 632 2031 661; x_wconf 88' lang='lat' dir='ltr'>iu-</span> 
     </span>
     <span class='ocr_line' id='line_1_69' title="bbox 1182 675 2033 714; baseline 0.005 -11"><span class='ocrx_word' id='word_1_460' title='bbox 1182 678 1255 703; x_wconf 90' lang='lat' dir='ltr'>stum</span> <span class='ocrx_word' id='word_1_461' title='bbox 1278 678 1383 709; x_wconf 78' lang='lat' dir='ltr'>tamen3</span> <span class='ocrx_word' id='word_1_462' title='bbox 1406 675 1473 712; x_wconf 87' lang='lat' dir='ltr'>quid</span> <span class='ocrx_word' id='word_1_463' title='bbox 1489 679 1678 714; x_wconf 75' lang='lat' dir='ltr'>assequetur,</span> <span class='ocrx_word' id='word_1_464' title='bbox 1694 676 1760 714; x_wconf 86' lang='lat' dir='ltr'>quia</span> <span class='ocrx_word' id='word_1_465' title='bbox 1775 677 1943 714; x_wconf 85' lang='lat' dir='ltr'>stipendium</span> <span class='ocrx_word' id='word_1_466' title='bbox 1959 686 2033 707; x_wconf 85' lang='lat' dir='ltr'>mor-</span> 
     </span>
     <span class='ocr_line' id='line_1_70' title="bbox 1182 721 1374 751; baseline 0 -1"><span class='ocrx_word' id='word_1_467' title='bbox 1182 721 1216 750; x_wconf 87' lang='lat' dir='ltr'>tis</span> <span class='ocrx_word' id='word_1_468' title='bbox 1237 725 1374 751; x_wconf 85' lang='lat' dir='ltr'>aeternae.</span> 
     </span>
    </p>
   </div>
   <div class='ocr_carea' id='block_1_14' title="bbox 1572 818 1637 852">
    <p class='ocr_par' dir='ltr' id='par_1_22' title="bbox 1572 818 1637 852">
     <span class='ocr_line' id='line_1_71' title="bbox 1572 818 1637 852; baseline -0.015 -6"><span class='ocrx_word' id='word_1_469' title='bbox 1572 818 1637 852; x_wconf 65' lang='lat'>§2</span> 
     </span>
    </p>
   </div>
   <div class='ocr_carea' id='block_1_15' title="bbox 1354 902 1859 933">
    <p class='ocr_par' dir='ltr' id='par_1_23' title="bbox 1354 902 1859 933">
     <span class='ocr_line' id='line_1_72' title="bbox 1354 902 1859 933; baseline 0.004 -8"><span class='ocrx_word' id='word_1_470' title='bbox 1354 902 1384 925; x_wconf 83' lang='lat' dir='ltr'>De</span> <span class='ocrx_word' id='word_1_471' title='bbox 1402 902 1491 933; x_wconf 74' lang='lat' dir='ltr'>tripiici</span> <span class='ocrx_word' id='word_1_472' title='bbox 1508 902 1666 933; x_wconf 70' lang='lat' dir='ltr'>imploratione</span> <span class='ocrx_word' id='word_1_473' title='bbox 1683 903 1859 927; x_wconf 78' lang='lat' dir='ltr'>misericordiae.</span> 
     </span>
    </p>
   </div>
   <div class='ocr_carea' id='block_1_16' title="bbox 1181 981 2133 1862">
    <p class='ocr_par' dir='ltr' id='par_1_24' title="bbox 1181 981 2133 1862">
     <span class='ocr_line' id='line_1_73' title="bbox 1262 981 2031 1020; baseline 0.004 -10"><span class='ocrx_word' id='word_1_474' title='bbox 1262 981 1287 1010; x_wconf 84' lang='lat'>3.</span> <span class='ocrx_word' id='word_1_475' title='bbox 1311 982 1484 1019; x_wconf 83' lang='lat' dir='ltr'>Imploratio</span> <span class='ocrx_word' id='word_1_476' title='bbox 1505 982 1743 1017; x_wconf 74' lang='lat' dir='ltr'>misericordiae,</span> <span class='ocrx_word' id='word_1_477' title='bbox 1773 983 1846 1012; x_wconf 85' lang='lat' dir='ltr'>circa</span> <span class='ocrx_word' id='word_1_478' title='bbox 1867 991 2031 1020; x_wconf 88' lang='lat' dir='ltr'>quamcum-</span> 
     </span>
     <span class='ocr_line' id='line_1_74' title="bbox 1182 1029 2031 1068; baseline 0.004 -12"><span class='ocrx_word' id='word_1_479' title='bbox 1182 1036 1237 1065; x_wconf 87' lang='lat' dir='ltr'>que</span> <span class='ocrx_word' id='word_1_480' title='bbox 1257 1029 1374 1066; x_wconf 78' lang='lat' dir='ltr'>gratiam</span> <span class='ocrx_word' id='word_1_481' title='bbox 1406 1029 1568 1064; x_wconf 86' lang='lat' dir='ltr'>invocetur,</span> <span class='ocrx_word' id='word_1_482' title='bbox 1590 1030 1671 1059; x_wconf 86' lang='lat' dir='ltr'>debet</span> <span class='ocrx_word' id='word_1_483' title='bbox 1703 1038 1762 1059; x_wconf 88' lang='lat' dir='ltr'>esse</span> <span class='ocrx_word' id='word_1_484' title='bbox 1790 1038 1854 1059; x_wconf 89' lang='lat' dir='ltr'>cum</span> <span class='ocrx_word' id='word_1_485' title='bbox 1876 1030 2031 1068; x_wconf 81' lang='lat' dir='ltr'>affluentia</span> 
     </span>
     <span class='ocr_line' id='line_1_75' title="bbox 1183 1075 2034 1116; baseline 0.005 -13"><span class='ocrx_word' id='word_1_486' title='bbox 1183 1075 1329 1109; x_wconf 82' lang='lat' dir='ltr'>desiderii,</span> <span class='ocrx_word' id='word_1_487' title='bbox 1351 1076 1426 1113; x_wconf 89' lang='lat' dir='ltr'>quod</span> <span class='ocrx_word' id='word_1_488' title='bbox 1447 1077 1583 1106; x_wconf 86' lang='lat' dir='ltr'>habemus</span> <span class='ocrx_word' id='word_1_489' title='bbox 1604 1085 1620 1106; x_wconf 88' lang='lat' dir='ltr'>a</span> <span class='ocrx_word' id='word_1_490' title='bbox 1642 1077 1757 1114; x_wconf 81' lang='lat' dir='ltr'>Spiritu</span> <span class='ocrx_word' id='word_1_491' title='bbox 1778 1081 1896 1112; x_wconf 75' lang='lat' dir='ltr'>saneto,</span> <span class='ocrx_word' id='word_1_492' title='bbox 1919 1078 1971 1116; x_wconf 86' lang='lat' dir='ltr'>qui</span> <span class='ocrx_word' id='word_1_493' title='bbox 1981 1087 2034 1116; x_wconf 86' lang='lat' dir='ltr'>po-</span> 
     </span>
     <span class='ocr_line' id='line_1_76' title="bbox 1182 1122 2031 1161; baseline 0.005 -11"><span class='ocrx_word' id='word_1_494' title='bbox 1182 1122 1275 1151; x_wconf 80' lang='lat' dir='ltr'>stulat</span> <span class='ocrx_word' id='word_1_495' title='bbox 1290 1132 1348 1160; x_wconf 85' lang='lat' dir='ltr'>pro</span> <span class='ocrx_word' id='word_1_496' title='bbox 1369 1123 1451 1152; x_wconf 78' lang='lat' dir='ltr'>uobis</span> <span class='ocrx_word' id='word_1_497' title='bbox 1472 1124 1627 1161; x_wconf 72' lang='lat' dir='ltr'>yemitibus</span> <span class='ocrx_word' id='word_1_498' title='bbox 1653 1124 1905 1153; x_wconf 75' lang='lat' dir='ltr'>inenarrabilibus</span> <span class='ocrx_word' id='word_1_499' title='bbox 1918 1125 1945 1159; x_wconf 88' lang='lat'>⁷;</span> <span class='ocrx_word' id='word_1_500' title='bbox 1967 1133 2031 1154; x_wconf 89' lang='lat' dir='ltr'>cum</span> 
     </span>
     <span class='ocr_line' id='line_1_77' title="bbox 1182 1169 2033 1209; baseline 0.005 -12"><span class='ocrx_word' id='word_1_501' title='bbox 1182 1169 1295 1206; x_wconf 72' lang='lat' dir='ltr'>fiducia</span> <span class='ocrx_word' id='word_1_502' title='bbox 1315 1170 1390 1207; x_wconf 81' lang='lat' dir='ltr'>spei,</span> <span class='ocrx_word' id='word_1_503' title='bbox 1414 1178 1497 1207; x_wconf 87' lang='lat' dir='ltr'>quam</span> <span class='ocrx_word' id='word_1_504' title='bbox 1528 1171 1665 1200; x_wconf 82' lang='lat' dir='ltr'>habemus</span> <span class='ocrx_word' id='word_1_505' title='bbox 1692 1180 1708 1200; x_wconf 90' lang='lat' dir='ltr'>a</span> <span class='ocrx_word' id='word_1_506' title='bbox 1730 1170 1861 1206; x_wconf 79' lang='lat' dir='ltr'>Cltristo,</span> <span class='ocrx_word' id='word_1_507' title='bbox 1884 1172 1933 1209; x_wconf 91' lang='lat' dir='ltr'>qui</span> <span class='ocrx_word' id='word_1_508' title='bbox 1953 1181 2033 1201; x_wconf 85' lang='lat' dir='ltr'>mor-</span> 
     </span>
     <span class='ocr_line' id='line_1_78' title="bbox 1184 1217 2034 1256; baseline 0.004 -11"><span class='ocrx_word' id='word_1_509' title='bbox 1184 1220 1252 1245; x_wconf 81' lang='lat' dir='ltr'>tuus</span> <span class='ocrx_word' id='word_1_510' title='bbox 1273 1220 1313 1245; x_wconf 82' lang='lat' dir='ltr'>est</span> <span class='ocrx_word' id='word_1_511' title='bbox 1331 1226 1388 1254; x_wconf 86' lang='lat' dir='ltr'>pro</span> <span class='ocrx_word' id='word_1_512' title='bbox 1410 1217 1492 1246; x_wconf 79' lang='lat' dir='ltr'>uobis</span> <span class='ocrx_word' id='word_1_513' title='bbox 1514 1218 1667 1252; x_wconf 79' lang='lat' dir='ltr'>omnibus‚·</span> <span class='ocrx_word' id='word_1_514' title='bbox 1689 1227 1752 1247; x_wconf 91' lang='lat' dir='ltr'>cum</span> <span class='ocrx_word' id='word_1_515' title='bbox 1768 1219 1920 1256; x_wconf 70' lang='lat' dir='ltr'>cliliyentia</span> <span class='ocrx_word' id='word_1_516' title='bbox 1934 1219 2034 1256; x_wconf 83' lang='lat' dir='ltr'>implo-</span> 
     </span>
     <span class='ocr_line' id='line_1_79' title="bbox 1183 1264 2034 1302; baseline 0.004 -10"><span class='ocrx_word' id='word_1_517' title='bbox 1183 1264 1275 1292; x_wconf 77' lang='lat' dir='ltr'>ruucli</span> <span class='ocrx_word' id='word_1_518' title='bbox 1295 1264 1434 1299; x_wconf 74' lang='lat' dir='ltr'>subsidii,</span> <span class='ocrx_word' id='word_1_519' title='bbox 1457 1265 1531 1302; x_wconf 88' lang='lat' dir='ltr'>quod</span> <span class='ocrx_word' id='word_1_520' title='bbox 1554 1266 1717 1302; x_wconf 80' lang='lat' dir='ltr'>quaerimus</span> <span class='ocrx_word' id='word_1_521' title='bbox 1738 1274 1754 1294; x_wconf 88' lang='lat' dir='ltr'>a</span> <span class='ocrx_word' id='word_1_522' title='bbox 1775 1266 1892 1295; x_wconf 76' lang='lat' dir='ltr'>Sanctis</span> <span class='ocrx_word' id='word_1_523' title='bbox 1906 1269 1932 1295; x_wconf 87' lang='lat' dir='ltr'>et</span> <span class='ocrx_word' id='word_1_524' title='bbox 1953 1266 2034 1295; x_wconf 79' lang='lat' dir='ltr'>bouis</span> 
     </span>
     <span class='ocr_line' id='line_1_80' title="bbox 1183 1310 2127 1352; baseline 0.004 -13"><span class='ocrx_word' id='word_1_525' title='bbox 1183 1311 1318 1340; x_wconf 75' lang='lat' dir='ltr'>omuibus</span> <span class='ocrx_word' id='word_1_526' title='bbox 1329 1311 1349 1340; x_wconf 69' lang='lat'>⁸.</span> <span class='ocrx_word' id='word_1_527' title='bbox 1372 1312 1494 1341; x_wconf 87' lang='lat' dir='ltr'>Primum</span> <span class='ocrx_word' id='word_1_528' title='bbox 1517 1321 1583 1350; x_wconf 80' lang='lat' dir='ltr'>ergo</span> <span class='ocrx_word' id='word_1_529' title='bbox 1605 1313 1740 1342; x_wconf 83' lang='lat' dir='ltr'>habemus</span> <span class='ocrx_word' id='word_1_530' title='bbox 1761 1322 1776 1342; x_wconf 87' lang='lat' dir='ltr'>a</span> <span class='ocrx_word' id='word_1_531' title='bbox 1792 1314 1907 1351; x_wconf 82' lang='lat' dir='ltr'>Spiritu</span> <span class='ocrx_word' id='word_1_532' title='bbox 1921 1317 2033 1348; x_wconf 72' lang='lat' dir='ltr'>saitem,</span> <span class='ocrx_word' id='word_1_533' title='bbox 2058 1310 2127 1352; x_wconf 66' lang='lat' dir='ltr'>Anium?</span> 
     </span>
     <span class='ocr_line' id='line_1_81' title="bbox 1183 1347 2126 1398; baseline 0.003 -11"><span class='ocrx_word' id='word_1_534' title='bbox 1183 1359 1249 1396; x_wconf 83' lang='lat' dir='ltr'>quia</span> <span class='ocrx_word' id='word_1_535' title='bbox 1270 1367 1319 1396; x_wconf 87' lang='lat' dir='ltr'>per</span> <span class='ocrx_word' id='word_1_536' title='bbox 1342 1359 1433 1396; x_wconf 86' lang='lat' dir='ltr'>ipsum</span> <span class='ocrx_word' id='word_1_537' title='bbox 1455 1368 1467 1388; x_wconf 81' lang='lat' dir='ltr'>a</span> <span class='ocrx_word' id='word_1_538' title='bbox 1492 1360 1571 1389; x_wconf 87' lang='lat' dir='ltr'>Patre</span> <span class='ocrx_word' id='word_1_539' title='bbox 1592 1360 1620 1389; x_wconf 90' lang='lat' dir='ltr'>in</span> <span class='ocrx_word' id='word_1_540' title='bbox 1652 1361 1739 1389; x_wconf 78' lang='lat' dir='ltr'>Filio⁰</span> <span class='ocrx_word' id='word_1_541' title='bbox 1760 1361 1974 1398; x_wconf 77' lang='lat' dir='ltr'>praedestinati</span> <span class='ocrx_word' id='word_1_542' title='bbox 1993 1369 2035 1390; x_wconf 90' lang='lat' dir='ltr'>ae·</span> <span class='ocrx_word' id='word_1_543' title='bbox 2058 1347 2126 1368; x_wconf 46' lang='lat'>“⁵¹³⁸</span> 
     </span>
     <span class='ocr_line' id='line_1_82' title="bbox 1183 1407 2034 1446; baseline 0.004 -12"><span class='ocrx_word' id='word_1_544' title='bbox 1183 1407 1342 1441; x_wconf 82' lang='lat' dir='ltr'>ternaliter,</span> <span class='ocrx_word' id='word_1_545' title='bbox 1365 1407 1463 1436; x_wconf 75' lang='lat' dir='ltr'>renati</span> <span class='ocrx_word' id='word_1_546' title='bbox 1482 1407 1509 1436; x_wconf 92' lang='lat' dir='ltr'>in</span> <span class='ocrx_word' id='word_1_547' title='bbox 1538 1408 1676 1445; x_wconf 85' lang='lat' dir='ltr'>baptismo</span> <span class='ocrx_word' id='word_1_548' title='bbox 1697 1408 1896 1445; x_wconf 83' lang='lat' dir='ltr'>spiritualiter,</span> <span class='ocrx_word' id='word_1_549' title='bbox 1915 1417 2034 1446; x_wconf 63' lang='lat' dir='ltr'>cougre-</span> 
     </span>
     <span class='ocr_line' id='line_1_83' title="bbox 1181 1453 2131 1490; baseline 0.003 -9"><span class='ocrx_word' id='word_1_550' title='bbox 1181 1453 1246 1490; x_wconf 79' lang='lat' dir='ltr'>9ati</span> <span class='ocrx_word' id='word_1_551' title='bbox 1260 1453 1287 1482; x_wconf 92' lang='lat' dir='ltr'>in</span> <span class='ocrx_word' id='word_1_552' title='bbox 1303 1454 1422 1483; x_wconf 84' lang='lat' dir='ltr'>Ecclesia</span> <span class='ocrx_word' id='word_1_553' title='bbox 1437 1454 1613 1484; x_wconf 86' lang='lat' dir='ltr'>unanimiter.</span> <span class='ocrx_word' id='word_1_554' title='bbox 1631 1472 1667 1475; x_wconf 97' lang='lat'><strong>—</strong></span> <span class='ocrx_word' id='word_1_555' title='bbox 1683 1455 1840 1484; x_wconf 86' lang='lat' dir='ltr'>Secundum</span> <span class='ocrx_word' id='word_1_556' title='bbox 1862 1456 1998 1485; x_wconf 83' lang='lat' dir='ltr'>hahemus</span> <span class='ocrx_word' id='word_1_557' title='bbox 2019 1464 2131 1485; x_wconf 51' lang='lat' dir='ltr'>{ti-*mucia¹</span> 
     </span>
     <span class='ocr_line' id='line_1_84' title="bbox 1185 1500 2033 1538; baseline 0.004 -9"><span class='ocrx_word' id='word_1_558' title='bbox 1185 1500 1316 1536; x_wconf 75' lang='lat' dir='ltr'>Christo,</span> <span class='ocrx_word' id='word_1_559' title='bbox 1338 1502 1386 1538; x_wconf 86' lang='lat' dir='ltr'>qui</span> <span class='ocrx_word' id='word_1_560' title='bbox 1401 1510 1452 1538; x_wconf 89' lang='lat' dir='ltr'>pro</span> <span class='ocrx_word' id='word_1_561' title='bbox 1474 1502 1554 1531; x_wconf 87' lang='lat' dir='ltr'>nobis</span> <span class='ocrx_word' id='word_1_562' title='bbox 1575 1502 1675 1531; x_wconf 80' lang='lat' dir='ltr'>obtulit</span> <span class='ocrx_word' id='word_1_563' title='bbox 1697 1511 1726 1531; x_wconf 83' lang='lat' dir='ltr'>se</span> <span class='ocrx_word' id='word_1_564' title='bbox 1747 1503 1774 1531; x_wconf 88' lang='lat' dir='ltr'>in</span> <span class='ocrx_word' id='word_1_565' title='bbox 1790 1511 1873 1532; x_wconf 88' lang='lat' dir='ltr'>cruce</span> <span class='ocrx_word' id='word_1_566' title='bbox 1895 1503 1923 1532; x_wconf 91' lang='lat' dir='ltr'>in</span> <span class='ocrx_word' id='word_1_567' title='bbox 1945 1506 2033 1538; x_wconf 84' lang='lat' dir='ltr'>terra,</span> 
     </span>
     <span class='ocr_line' id='line_1_85' title="bbox 1183 1549 2034 1587; baseline 0.002 -10"><span class='ocrx_word' id='word_1_568' title='bbox 1183 1551 1297 1585; x_wconf 84' lang='lat' dir='ltr'>apparet</span> <span class='ocrx_word' id='word_1_569' title='bbox 1312 1549 1403 1577; x_wconf 76' lang='lat' dir='ltr'>vultui</span> <span class='ocrx_word' id='word_1_570' title='bbox 1417 1549 1465 1578; x_wconf 89' lang='lat' dir='ltr'>Dei</span> <span class='ocrx_word' id='word_1_571' title='bbox 1482 1549 1569 1578; x_wconf 87' lang='lat' dir='ltr'>Patris</span> <span class='ocrx_word' id='word_1_572' title='bbox 1583 1549 1610 1578; x_wconf 90' lang='lat' dir='ltr'>in</span> <span class='ocrx_word' id='word_1_573' title='bbox 1633 1550 1707 1579; x_wconf 87' lang='lat' dir='ltr'>caelo</span> <span class='ocrx_word' id='word_1_574' title='bbox 1726 1550 1753 1578; x_wconf 91' lang='lat' dir='ltr'>in</span> <span class='ocrx_word' id='word_1_575' title='bbox 1769 1550 1856 1587; x_wconf 82' lang='lat' dir='ltr'>gloria</span> <span class='ocrx_word' id='word_1_576' title='bbox 1868 1550 1906 1585; x_wconf 58' lang='lat'>¹⁰,</span> <span class='ocrx_word' id='word_1_577' title='bbox 1916 1550 2034 1579; x_wconf 78' lang='lat' dir='ltr'>offertur</span> 
     </span>
     <span class='ocr_line' id='line_1_86' title="bbox 1183 1596 2133 1633; baseline 0.002 -9"><span class='ocrx_word' id='word_1_578' title='bbox 1183 1596 1209 1624; x_wconf 92' lang='lat' dir='ltr'>in</span> <span class='ocrx_word' id='word_1_579' title='bbox 1223 1596 1399 1624; x_wconf 71' lang='lat' dir='ltr'>sacramento</span> <span class='ocrx_word' id='word_1_580' title='bbox 1414 1604 1430 1624; x_wconf 87' lang='lat' dir='ltr'>a</span> <span class='ocrx_word' id='word_1_581' title='bbox 1444 1599 1533 1625; x_wconf 84' lang='lat' dir='ltr'>matre</span> <span class='ocrx_word' id='word_1_582' title='bbox 1549 1597 1675 1626; x_wconf 87' lang='lat' dir='ltr'>Ecclesia.</span> <span class='ocrx_word' id='word_1_583' title='bbox 1692 1613 1728 1618; x_wconf 91' lang='lat'>—</span> <span class='ocrx_word' id='word_1_584' title='bbox 1745 1597 1869 1626; x_wconf 90' lang='lat' dir='ltr'>Tertium</span> <span class='ocrx_word' id='word_1_585' title='bbox 1886 1605 1902 1626; x_wconf 87' lang='lat' dir='ltr'>a</span> <span class='ocrx_word' id='word_1_586' title='bbox 1914 1597 2034 1626; x_wconf 80' lang='lat' dir='ltr'>Saneto—</span> <span class='ocrx_word' id='word_1_587' title='bbox 2058 1606 2083 1625; x_wconf 79' lang='lat' dir='ltr'>im</span> <span class='ocrx_word' id='word_1_588' title='bbox 2097 1606 2133 1633; x_wconf 73' lang='lat' dir='ltr'>1qu</span> 
     </span>
     <span class='ocr_line' id='line_1_87' title="bbox 1183 1635 2122 1681; baseline 0.003 -10"><span class='ocrx_word' id='word_1_589' title='bbox 1183 1652 1253 1672; x_wconf 84' lang='lat' dir='ltr'>rum</span> <span class='ocrx_word' id='word_1_590' title='bbox 1274 1644 1432 1678; x_wconf 81' lang='lat' dir='ltr'>consortio,</span> <span class='ocrx_word' id='word_1_591' title='bbox 1449 1643 1552 1673; x_wconf 87' lang='lat' dir='ltr'>scilicet</span> <span class='ocrx_word' id='word_1_592' title='bbox 1572 1644 1607 1673; x_wconf 85' lang='lat' dir='ltr'>ab</span> <span class='ocrx_word' id='word_1_593' title='bbox 1628 1644 1794 1681; x_wconf 68' lang='lat' dir='ltr'>Angelorum</span> <span class='ocrx_word' id='word_1_594' title='bbox 1816 1644 2034 1674; x_wconf 86' lang='lat' dir='ltr'>ministrantium</span> <span class='ocrx_word' id='word_1_595' title='bbox 2067 1635 2087 1648; x_wconf 70' lang='lat'>⁵⁰</span> <span class='ocrx_word' id='word_1_596' title='bbox 2101 1635 2122 1649; x_wconf 56' lang='lat'>⁵¹(</span> 
     </span>
     <span class='ocr_line' id='line_1_88' title="bbox 1183 1691 2035 1729; baseline 0.002 -10"><span class='ocrx_word' id='word_1_597' title='bbox 1183 1691 1358 1728; x_wconf 85' lang='lat' dir='ltr'>patrociniis,</span> <span class='ocrx_word' id='word_1_598' title='bbox 1380 1699 1396 1719; x_wconf 88' lang='lat' dir='ltr'>a</span> <span class='ocrx_word' id='word_1_599' title='bbox 1416 1691 1563 1720; x_wconf 87' lang='lat' dir='ltr'>Beatorum</span> <span class='ocrx_word' id='word_1_600' title='bbox 1587 1691 1819 1728; x_wconf 81' lang='lat' dir='ltr'>triumphantium</span> <span class='ocrx_word' id='word_1_601' title='bbox 1849 1692 1987 1729; x_wconf 77' lang='lat' dir='ltr'>suffragiis</span> <span class='ocrx_word' id='word_1_602' title='bbox 2008 1694 2035 1721; x_wconf 82' lang='lat' dir='ltr'>et</span> 
     </span>
     <span class='ocr_line' id='line_1_89' title="bbox 1183 1738 2034 1777; baseline 0.001 -10"><span class='ocrx_word' id='word_1_603' title='bbox 1183 1747 1199 1767; x_wconf 85' lang='lat' dir='ltr'>a</span> <span class='ocrx_word' id='word_1_604' title='bbox 1213 1738 1352 1767; x_wconf 86' lang='lat' dir='ltr'>iustorum</span> <span class='ocrx_word' id='word_1_605' title='bbox 1374 1739 1551 1767; x_wconf 85' lang='lat' dir='ltr'>militantium</span> <span class='ocrx_word' id='word_1_606' title='bbox 1572 1739 1687 1768; x_wconf 87' lang='lat' dir='ltr'>meritis.</span> <span class='ocrx_word' id='word_1_607' title='bbox 1711 1739 1742 1768; x_wconf 80' lang='lat' dir='ltr'>Et</span> <span class='ocrx_word' id='word_1_608' title='bbox 1763 1739 1873 1777; x_wconf 84' lang='lat' dir='ltr'>quando</span> <span class='ocrx_word' id='word_1_609' title='bbox 1894 1740 1963 1768; x_wconf 86' lang='lat' dir='ltr'>haec</span> <span class='ocrx_word' id='word_1_610' title='bbox 1981 1739 2034 1768; x_wconf 92' lang='lat' dir='ltr'>tria</span> 
     </span>
     <span class='ocr_line' id='line_1_90' title="bbox 1183 1785 2032 1824; baseline 0.001 -10"><span class='ocrx_word' id='word_1_611' title='bbox 1183 1785 1324 1823; x_wconf 82' lang='lat' dir='ltr'>praedicta</span> <span class='ocrx_word' id='word_1_612' title='bbox 1345 1789 1534 1821; x_wconf 86' lang='lat' dir='ltr'>concurrunt,</span> <span class='ocrx_word' id='word_1_613' title='bbox 1556 1789 1623 1815; x_wconf 85' lang='lat' dir='ltr'>tunc</span> <span class='ocrx_word' id='word_1_614' title='bbox 1644 1786 1810 1824; x_wconf 86' lang='lat' dir='ltr'>imploratur</span> <span class='ocrx_word' id='word_1_615' title='bbox 1826 1786 1974 1816; x_wconf 83' lang='lat' dir='ltr'>efficaciter</span> <span class='ocrx_word' id='word_1_616' title='bbox 1992 1786 2032 1815; x_wconf 88' lang='lat' dir='ltr'>di-</span> 
     </span>
     <span class='ocr_line' id='line_1_91' title="bbox 1183 1832 1466 1862; baseline 0 -1"><span class='ocrx_word' id='word_1_617' title='bbox 1183 1833 1248 1862; x_wconf 81' lang='lat' dir='ltr'>vina</span> <span class='ocrx_word' id='word_1_618' title='bbox 1269 1832 1466 1862; x_wconf 86' lang='lat' dir='ltr'>misericordia.</span> 
     </span>
    </p>
   </div>
   <div class='ocr_carea' id='block_1_17' title="bbox 1573 1927 1638 1964">
    <p class='ocr_par' dir='ltr' id='par_1_25' title="bbox 1573 1927 1638 1964">
     <span class='ocr_line' id='line_1_92' title="bbox 1573 1927 1638 1964; baseline -0.015 -7"><span class='ocrx_word' id='word_1_619' title='bbox 1573 1927 1638 1964; x_wconf 51' lang='grc' dir='ltr'>ὃὸ.</span> 
     </span>
    </p>
   </div>
   <div class='ocr_carea' id='block_1_18' title="bbox 1403 2013 1808 2044">
    <p class='ocr_par' dir='ltr' id='par_1_26' title="bbox 1403 2013 1808 2044">
     <span class='ocr_line' id='line_1_93' title="bbox 1403 2013 1808 2044; baseline 0.002 -8"><span class='ocrx_word' id='word_1_620' title='bbox 1403 2013 1433 2036; x_wconf 84' lang='lat' dir='ltr'>De</span> <span class='ocrx_word' id='word_1_621' title='bbox 1450 2013 1540 2044; x_wconf 77' lang='lat' dir='ltr'>triplici</span> <span class='ocrx_word' id='word_1_622' title='bbox 1557 2013 1698 2037; x_wconf 72' lang='lat' dir='ltr'>exhibitione</span> <span class='ocrx_word' id='word_1_623' title='bbox 1715 2013 1808 2037; x_wconf 70' lang='lat' dir='ltr'>latriae.</span> 
     </span>
    </p>
   </div>
   <div class='ocr_carea' id='block_1_19' title="bbox 1182 2091 2033 2174">
    <p class='ocr_par' dir='ltr' id='par_1_27' title="bbox 1182 2091 2033 2174">
     <span class='ocr_line' id='line_1_94' title="bbox 1261 2091 2033 2130; baseline 0 -9"><span class='ocrx_word' id='word_1_624' title='bbox 1261 2093 1287 2121; x_wconf 71' lang='lat' dir='ltr'>li.</span> <span class='ocrx_word' id='word_1_625' title='bbox 1305 2091 1451 2121; x_wconf 64' lang='lat' dir='ltr'>Exhibitio</span> <span class='ocrx_word' id='word_1_626' title='bbox 1476 2092 1598 2127; x_wconf 85' lang='lat' dir='ltr'>latriae,</span> <span class='ocrx_word' id='word_1_627' title='bbox 1631 2101 1667 2122; x_wconf 83' lang='lat' dir='ltr'>ex</span> <span class='ocrx_word' id='word_1_628' title='bbox 1698 2100 1876 2130; x_wconf 86' lang='lat' dir='ltr'>quacumque</span> <span class='ocrx_word' id='word_1_629' title='bbox 1908 2092 1997 2129; x_wconf 84' lang='lat' dir='ltr'>gratia</span> <span class='ocrx_word' id='word_1_630' title='bbox 2009 2093 2033 2109; x_wconf 82' lang='lat'>¹¹</span> 
     </span>
     <span class='ocr_line' id='line_1_95' title="bbox 1182 2139 2033 2174; baseline 0 -6"><span class='ocrx_word' id='word_1_631' title='bbox 1182 2140 1256 2169; x_wconf 89' lang='lat' dir='ltr'>Deus</span> <span class='ocrx_word' id='word_1_632' title='bbox 1287 2140 1408 2174; x_wconf 83' lang='lat' dir='ltr'>colatur,</span> <span class='ocrx_word' id='word_1_633' title='bbox 1439 2139 1521 2168; x_wconf 85' lang='lat' dir='ltr'>debet</span> <span class='ocrx_word' id='word_1_634' title='bbox 1551 2140 1655 2169; x_wconf 82' lang='lat' dir='ltr'>habere</span> <span class='ocrx_word' id='word_1_635' title='bbox 1684 2140 1745 2168; x_wconf 87' lang='lat' dir='ltr'>tria.</span> <span class='ocrx_word' id='word_1_636' title='bbox 1776 2140 1866 2168; x_wconf 88' lang='lat' dir='ltr'>Primo</span> <span class='ocrx_word' id='word_1_637' title='bbox 1895 2140 1968 2168; x_wconf 87' lang='lat' dir='ltr'>enirn</span> <span class='ocrx_word' id='word_1_638' title='bbox 1997 2140 2033 2168; x_wconf 90' lang='lat' dir='ltr'>ob</span> 
     </span>
    </p>
   </div>
   <div class='ocr_carea' id='block_1_20' title="bbox 1181 2278 2033 3051">
    <p class='ocr_par' dir='ltr' id='par_1_28' title="bbox 1181 2278 2033 2502">
     <span class='ocr_line' id='line_1_96' title="bbox 1182 2278 2033 2308; baseline -0.001 -6"><span class='ocrx_word' id='word_1_639' title='bbox 1182 2286 1252 2307; x_wconf 81' lang='lat' dir='ltr'>supra</span> <span class='ocrx_word' id='word_1_640' title='bbox 1270 2283 1323 2302; x_wconf 81' lang='lat' dir='ltr'>noia</span> <span class='ocrx_word' id='word_1_641' title='bbox 1342 2279 1381 2307; x_wconf 81' lang='lat'>3.),</span> <span class='ocrx_word' id='word_1_642' title='bbox 1399 2278 1416 2301; x_wconf 93' lang='lat' dir='ltr'>O</span> <span class='ocrx_word' id='word_1_643' title='bbox 1435 2278 1498 2302; x_wconf 85' lang='lat' dir='ltr'>circa</span> <span class='ocrx_word' id='word_1_644' title='bbox 1512 2284 1674 2308; x_wconf 71' lang='lat' dir='ltr'>quaecumque</span> <span class='ocrx_word' id='word_1_645' title='bbox 1686 2284 1781 2308; x_wconf 63' lang='lat' dir='ltr'>aenei-a.</span> <span class='ocrx_word' id='word_1_646' title='bbox 1795 2278 1900 2301; x_wconf 85' lang='lat' dir='ltr'>Subinde</span> <span class='ocrx_word' id='word_1_647' title='bbox 1913 2281 1964 2307; x_wconf 83' lang='lat' dir='ltr'>post</span> <span class='ocrx_word' id='word_1_648' title='bbox 1979 2284 2033 2301; x_wconf 86' lang='lat' dir='ltr'>oum</span> 
     </span>
     <span class='ocr_line' id='line_1_97' title="bbox 1181 2317 2032 2348; baseline -0.001 -7"><span class='ocrx_word' id='word_1_649' title='bbox 1181 2318 1303 2348; x_wconf 82' lang='lat' dir='ltr'>affluentia</span> <span class='ocrx_word' id='word_1_650' title='bbox 1321 2318 1432 2341; x_wconf 75' lang='lat' dir='ltr'>desiderii</span> <span class='ocrx_word' id='word_1_651' title='bbox 1450 2318 1520 2340; x_wconf 87' lang='lat' dir='ltr'>DFH</span> <span class='ocrx_word' id='word_1_652' title='bbox 1538 2318 1581 2340; x_wconf 82' lang='lat' dir='ltr'>alia</span> <span class='ocrx_word' id='word_1_653' title='bbox 1607 2318 1654 2340; x_wconf 91' lang='lat' dir='ltr'>duo</span> <span class='ocrx_word' id='word_1_654' title='bbox 1680 2317 1786 2340; x_wconf 81' lang='lat' dir='ltr'>membra</span> <span class='ocrx_word' id='word_1_655' title='bbox 1811 2318 1964 2345; x_wconf 75' lang='lat' dir='ltr'>adiungentes</span> <span class='ocrx_word' id='word_1_656' title='bbox 1981 2324 2032 2346; x_wconf 87' lang='lat' dir='ltr'>pro-</span> 
     </span>
     <span class='ocr_line' id='line_1_98' title="bbox 1182 2355 2033 2387; baseline 0 -8"><span class='ocrx_word' id='word_1_657' title='bbox 1182 2360 1323 2386; x_wconf 86' lang='lat' dir='ltr'>sequuntur:</span> <span class='ocrx_word' id='word_1_658' title='bbox 1341 2356 1430 2387; x_wconf 76' lang='lat' dir='ltr'>fiducia</span> <span class='ocrx_word' id='word_1_659' title='bbox 1446 2357 1507 2386; x_wconf 82' lang='lat' dir='ltr'>spei,</span> <span class='ocrx_word' id='word_1_660' title='bbox 1525 2356 1647 2386; x_wconf 63' lang='lat' dir='ltr'>dilig‘seutia</span> <span class='ocrx_word' id='word_1_661' title='bbox 1665 2356 1813 2386; x_wconf 81' lang='lat' dir='ltr'>implorandi</span> <span class='ocrx_word' id='word_1_662' title='bbox 1832 2356 1860 2385; x_wconf 92' lang='lat' dir='ltr'>(D</span> <span class='ocrx_word' id='word_1_663' title='bbox 1878 2357 1942 2379; x_wconf 81' lang='lat' dir='ltr'>addit</span> <span class='ocrx_word' id='word_1_664' title='bbox 1958 2355 2033 2379; x_wconf 77' lang='lat' dir='ltr'>subsi-</span> 
     </span>
     <span class='ocr_line' id='line_1_99' title="bbox 1182 2394 2032 2425; baseline 0 -7"><span class='ocrx_word' id='word_1_665' title='bbox 1182 2395 1240 2425; x_wconf 80' lang='lat' dir='ltr'>dii);</span> <span class='ocrx_word' id='word_1_666' title='bbox 1258 2395 1380 2425; x_wconf 75' lang='lat' dir='ltr'>affluentia</span> <span class='ocrx_word' id='word_1_667' title='bbox 1398 2395 1520 2423; x_wconf 77' lang='lat' dir='ltr'>desiderii,</span> <span class='ocrx_word' id='word_1_668' title='bbox 1533 2394 1596 2424; x_wconf 81' lang='lat' dir='ltr'>quod</span> <span class='ocrx_word' id='word_1_669' title='bbox 1609 2395 1637 2423; x_wconf 90' lang='lat' dir='ltr'>(D</span> <span class='ocrx_word' id='word_1_670' title='bbox 1646 2396 1662 2417; x_wconf 88' lang='lat' dir='ltr'>F</span> <span class='ocrx_word' id='word_1_671' title='bbox 1674 2398 1696 2417; x_wconf 86' lang='lat' dir='ltr'>et</span> <span class='ocrx_word' id='word_1_672' title='bbox 1708 2395 1776 2418; x_wconf 79' lang='lat' dir='ltr'>etiarn</span> <span class='ocrx_word' id='word_1_673' title='bbox 1795 2396 1810 2417; x_wconf 88' lang='grc' dir='ltr'>Ε</span> <span class='ocrx_word' id='word_1_674' title='bbox 1820 2396 1838 2418; x_wconf 92' lang='lat' dir='ltr'>G</span> <span class='ocrx_word' id='word_1_675' title='bbox 1848 2396 1854 2417; x_wconf 89' lang='grc'>1</span> <span class='ocrx_word' id='word_1_676' title='bbox 1865 2396 1880 2417; x_wconf 83' lang='lat' dir='ltr'>S</span> <span class='ocrx_word' id='word_1_677' title='bbox 1897 2395 1979 2425; x_wconf 74' lang='lat' dir='ltr'>quam)</span> <span class='ocrx_word' id='word_1_678' title='bbox 1992 2394 2032 2418; x_wconf 79' lang='lat' dir='ltr'>Ita-</span> 
     </span>
     <span class='ocr_line' id='line_1_100' title="bbox 1182 2434 2032 2464; baseline -0.002 -6"><span class='ocrx_word' id='word_1_679' title='bbox 1182 2434 1262 2458; x_wconf 74' lang='lat' dir='ltr'>bemus</span> <span class='ocrx_word' id='word_1_680' title='bbox 1280 2438 1323 2458; x_wconf 85' lang='lat' dir='ltr'>etc.</span> <span class='ocrx_word' id='word_1_681' title='bbox 1343 2435 1437 2457; x_wconf 82' lang='lat' dir='ltr'>inferius</span> <span class='ocrx_word' id='word_1_682' title='bbox 1460 2435 1512 2457; x_wconf 66' lang='lat' dir='ltr'>Yat.</span> <span class='ocrx_word' id='word_1_683' title='bbox 1537 2435 1622 2457; x_wconf 87' lang='lat' dir='ltr'>omittit</span> <span class='ocrx_word' id='word_1_684' title='bbox 1646 2436 1668 2457; x_wconf 83' lang='lat' dir='ltr'>et</span> <span class='ocrx_word' id='word_1_685' title='bbox 1692 2434 1770 2462; x_wconf 82' lang='lat' dir='ltr'>bonis,</span> <span class='ocrx_word' id='word_1_686' title='bbox 1790 2441 1832 2462; x_wconf 87' lang='lat' dir='ltr'>pro</span> <span class='ocrx_word' id='word_1_687' title='bbox 1857 2441 1903 2464; x_wconf 79' lang='lat' dir='ltr'>quo</span> <span class='ocrx_word' id='word_1_688' title='bbox 1930 2434 2032 2457; x_wconf 87' lang='lat' dir='ltr'>nonnulli</span> 
     </span>
     <span class='ocr_line' id='line_1_101' title="bbox 1182 2472 1889 2502; baseline -0.001 -5"><span class='ocrx_word' id='word_1_689' title='bbox 1182 2474 1251 2497; x_wconf 85' lang='lat' dir='ltr'>codd.</span> <span class='ocrx_word' id='word_1_690' title='bbox 1268 2476 1288 2497; x_wconf 78' lang='lat' dir='ltr'>et</span> <span class='ocrx_word' id='word_1_691' title='bbox 1306 2474 1391 2502; x_wconf 72' lang='lat' dir='ltr'>Beati-s,</span> <span class='ocrx_word' id='word_1_692' title='bbox 1412 2474 1454 2496; x_wconf 89' lang='lat' dir='ltr'>DF</span> <span class='ocrx_word' id='word_1_693' title='bbox 1465 2474 1479 2496; x_wconf 84' lang='lat' dir='ltr'>S</span> <span class='ocrx_word' id='word_1_694' title='bbox 1492 2475 1508 2495; x_wconf 82' lang='lat' dir='ltr'>V</span> <span class='ocrx_word' id='word_1_695' title='bbox 1527 2474 1607 2501; x_wconf 77' lang='lat' dir='ltr'>legunt</span> <span class='ocrx_word' id='word_1_696' title='bbox 1623 2475 1646 2496; x_wconf 83' lang='lat' dir='ltr'>et</span> <span class='ocrx_word' id='word_1_697' title='bbox 1662 2473 1728 2497; x_wconf 78' lang='lat' dir='ltr'>bonis</span> <span class='ocrx_word' id='word_1_698' title='bbox 1745 2472 1889 2496; x_wconf 76' lang='lat' dir='ltr'>bominibus.</span> 
     </span>
    </p>

    <p class='ocr_par' dir='ltr' id='par_1_29' title="bbox 1181 2512 2032 2771">
     <span class='ocr_line' id='line_1_102' title="bbox 1245 2512 2032 2541; baseline -0.001 -6"><span class='ocrx_word' id='word_1_699' title='bbox 1245 2512 1254 2525; x_wconf 66' lang='grc' dir='ltr'>Β</span> <span class='ocrx_word' id='word_1_700' title='bbox 1273 2514 1323 2536; x_wconf 84' lang='lat' dir='ltr'>Vat.</span> <span class='ocrx_word' id='word_1_701' title='bbox 1341 2520 1393 2536; x_wconf 86' lang='lat' dir='ltr'>cnm</span> <span class='ocrx_word' id='word_1_702' title='bbox 1412 2512 1518 2541; x_wconf 78' lang='lat' dir='ltr'>plui-Ibus</span> <span class='ocrx_word' id='word_1_703' title='bbox 1535 2513 1612 2540; x_wconf 64' lang='lat' dir='ltr'>codd„</span> <span class='ocrx_word' id='word_1_704' title='bbox 1629 2516 1653 2535; x_wconf 90' lang='lat' dir='ltr'>ut</span> <span class='ocrx_word' id='word_1_705' title='bbox 1668 2513 1686 2535; x_wconf 83' lang='grc' dir='ltr'>Α</span> <span class='ocrx_word' id='word_1_706' title='bbox 1698 2513 1715 2535; x_wconf 92' lang='lat' dir='ltr'>D</span> <span class='ocrx_word' id='word_1_707' title='bbox 1725 2513 1769 2535; x_wconf 78' lang='lat' dir='ltr'>FK</span> <span class='ocrx_word' id='word_1_708' title='bbox 1779 2514 1795 2535; x_wconf 94' lang='lat' dir='ltr'>L</span> <span class='ocrx_word' id='word_1_709' title='bbox 1805 2512 1822 2535; x_wconf 94' lang='lat' dir='ltr'>O</span> <span class='ocrx_word' id='word_1_710' title='bbox 1833 2513 1851 2541; x_wconf 84' lang='lat' dir='ltr'><strong>Q</strong></span> <span class='ocrx_word' id='word_1_711' title='bbox 1861 2513 1921 2540; x_wconf 71' lang='grc' dir='ltr'>ΠΤ,</span> <span class='ocrx_word' id='word_1_712' title='bbox 1939 2512 2032 2535; x_wconf 83' lang='lat' dir='ltr'>subiun-</span> 
     </span>
     <span class='ocr_line' id='line_1_103' title="bbox 1183 2551 2030 2582; baseline -0.001 -7"><span class='ocrx_word' id='word_1_713' title='bbox 1183 2553 1215 2581; x_wconf 83' lang='lat' dir='ltr'>git</span> <span class='ocrx_word' id='word_1_714' title='bbox 1232 2553 1268 2575; x_wconf 78' lang='lat' dir='ltr'>liic</span> <span class='ocrx_word' id='word_1_715' title='bbox 1281 2553 1476 2581; x_wconf 85' lang='lat' dir='ltr'>propositionem,</span> <span class='ocrx_word' id='word_1_716' title='bbox 1488 2559 1559 2582; x_wconf 80' lang='lat' dir='ltr'>quam</span> <span class='ocrx_word' id='word_1_717' title='bbox 1571 2553 1594 2575; x_wconf 82' lang='lat' dir='ltr'>in</span> <span class='ocrx_word' id='word_1_718' title='bbox 1607 2553 1651 2575; x_wconf 82' lang='lat' dir='ltr'>fine</span> <span class='ocrx_word' id='word_1_719' title='bbox 1663 2559 1684 2574; x_wconf 88' lang='lat' dir='ltr'>n.</span> <span class='ocrx_word' id='word_1_720' title='bbox 1698 2553 1719 2574; x_wconf 87' lang='lat'>3.</span> <span class='ocrx_word' id='word_1_721' title='bbox 1732 2552 1881 2574; x_wconf 81' lang='lat' dir='ltr'>exhibemus:</span> <span class='ocrx_word' id='word_1_722' title='bbox 1894 2551 1925 2575; x_wconf 88' lang='lat' dir='ltr'>Et</span> <span class='ocrx_word' id='word_1_723' title='bbox 1936 2551 2030 2582; x_wconf 76' lang='lat' dir='ltr'>quaudo</span> 
     </span>
     <span class='ocr_line' id='line_1_104' title="bbox 1182 2591 2030 2619; baseline -0.002 -4"><span class='ocrx_word' id='word_1_724' title='bbox 1182 2592 1239 2615; x_wconf 79' lang='lat' dir='ltr'>liaeo</span> <span class='ocrx_word' id='word_1_725' title='bbox 1256 2591 1327 2615; x_wconf 78' lang='lat' dir='ltr'>tria...</span> <span class='ocrx_word' id='word_1_726' title='bbox 1345 2591 1517 2615; x_wconf 78' lang='lat' dir='ltr'>misericordia.</span> <span class='ocrx_word' id='word_1_727' title='bbox 1535 2592 1608 2615; x_wconf 89' lang='lat' dir='ltr'>Codd.</span> <span class='ocrx_word' id='word_1_728' title='bbox 1625 2592 1644 2613; x_wconf 93' lang='lat' dir='ltr'><em>H</em></span> <span class='ocrx_word' id='word_1_729' title='bbox 1655 2592 1674 2614; x_wconf 92' lang='lat' dir='ltr'>V</span> <span class='ocrx_word' id='word_1_730' title='bbox 1692 2597 1737 2613; x_wconf 89' lang='lat' dir='ltr'>non</span> <span class='ocrx_word' id='word_1_731' title='bbox 1754 2591 1829 2614; x_wconf 83' lang='lat' dir='ltr'>solum</span> <span class='ocrx_word' id='word_1_732' title='bbox 1848 2592 1907 2613; x_wconf 87' lang='lat' dir='ltr'>hanc</span> <span class='ocrx_word' id='word_1_733' title='bbox 1925 2591 2030 2619; x_wconf 85' lang='lat' dir='ltr'>proposi-</span> 
     </span>
     <span class='ocr_line' id='line_1_105' title="bbox 1182 2629 2032 2658; baseline -0.001 -6"><span class='ocrx_word' id='word_1_734' title='bbox 1182 2631 1267 2652; x_wconf 87' lang='lat' dir='ltr'>tionem</span> <span class='ocrx_word' id='word_1_735' title='bbox 1286 2630 1405 2657; x_wconf 81' lang='lat' dir='ltr'>omittunt,</span> <span class='ocrx_word' id='word_1_736' title='bbox 1423 2631 1463 2652; x_wconf 84' lang='lat' dir='ltr'>sed</span> <span class='ocrx_word' id='word_1_737' title='bbox 1482 2630 1551 2652; x_wconf 74' lang='lat' dir='ltr'>etiam</span> <span class='ocrx_word' id='word_1_738' title='bbox 1569 2633 1639 2652; x_wconf 82' lang='lat' dir='ltr'>lotam</span> <span class='ocrx_word' id='word_1_739' title='bbox 1657 2629 1832 2658; x_wconf 79' lang='lat' dir='ltr'>explicationem</span> <span class='ocrx_word' id='word_1_740' title='bbox 1850 2629 1946 2657; x_wconf 79' lang='lat' dir='ltr'>triplicis</span> <span class='ocrx_word' id='word_1_741' title='bbox 1962 2629 2032 2651; x_wconf 83' lang='lat' dir='ltr'>ratio-</span> 
     </span>
     <span class='ocr_line' id='line_1_106' title="bbox 1182 2668 2031 2698; baseline -0.001 -7"><span class='ocrx_word' id='word_1_742' title='bbox 1182 2669 1229 2691; x_wconf 93' lang='lat' dir='ltr'>nis:</span> <span class='ocrx_word' id='word_1_743' title='bbox 1247 2668 1357 2691; x_wconf 78' lang='lat' dir='ltr'>I’rimum</span> <span class='ocrx_word' id='word_1_744' title='bbox 1373 2675 1455 2698; x_wconf 68' lang='lat' dir='ltr'>erqo...</span> <span class='ocrx_word' id='word_1_745' title='bbox 1472 2668 1578 2697; x_wconf 79' lang='lat' dir='ltr'>meritis,·</span> <span class='ocrx_word' id='word_1_746' title='bbox 1595 2670 1652 2691; x_wconf 80' lang='lat' dir='ltr'>haec</span> <span class='ocrx_word' id='word_1_747' title='bbox 1669 2668 1788 2696; x_wconf 83' lang='lat' dir='ltr'>explicatio</span> <span class='ocrx_word' id='word_1_748' title='bbox 1801 2668 1945 2691; x_wconf 85' lang='lat' dir='ltr'>desideratur</span> <span class='ocrx_word' id='word_1_749' title='bbox 1962 2668 2031 2690; x_wconf 81' lang='lat' dir='ltr'>etiam</span> 
     </span>
     <span class='ocr_line' id='line_1_107' title="bbox 1181 2707 2031 2736; baseline -0.001 -6"><span class='ocrx_word' id='word_1_750' title='bbox 1181 2709 1204 2730; x_wconf 89' lang='lat' dir='ltr'>in</span> <span class='ocrx_word' id='word_1_751' title='bbox 1222 2708 1289 2731; x_wconf 84' lang='lat' dir='ltr'>codd.</span> <span class='ocrx_word' id='word_1_752' title='bbox 1308 2709 1379 2731; x_wconf 87' lang='lat' dir='ltr'>ADF</span> <span class='ocrx_word' id='word_1_753' title='bbox 1396 2711 1439 2731; x_wconf 85' lang='lat' dir='ltr'>etc.</span> <span class='ocrx_word' id='word_1_754' title='bbox 1457 2709 1526 2736; x_wconf 81' lang='lat' dir='ltr'>paulo</span> <span class='ocrx_word' id='word_1_755' title='bbox 1543 2708 1652 2736; x_wconf 89' lang='lat' dir='ltr'>superius</span> <span class='ocrx_word' id='word_1_756' title='bbox 1664 2708 1774 2736; x_wconf 81' lang='lat' dir='ltr'>allegatis.</span> <span class='ocrx_word' id='word_1_757' title='bbox 1791 2708 1871 2730; x_wconf 77' lang='lat' dir='ltr'>Nostra</span> <span class='ocrx_word' id='word_1_758' title='bbox 1888 2707 1955 2730; x_wconf 86' lang='lat' dir='ltr'>lectio</span> <span class='ocrx_word' id='word_1_759' title='bbox 1968 2713 2031 2736; x_wconf 86' lang='lat' dir='ltr'>prae-</span> 
     </span>
     <span class='ocr_line' id='line_1_108' title="bbox 1182 2747 1637 2771; baseline 0 -1"><span class='ocrx_word' id='word_1_760' title='bbox 1182 2747 1250 2770; x_wconf 85' lang='lat' dir='ltr'>betur</span> <span class='ocrx_word' id='word_1_761' title='bbox 1267 2754 1279 2770; x_wconf 83' lang='lat' dir='ltr'>a</span> <span class='ocrx_word' id='word_1_762' title='bbox 1297 2748 1366 2770; x_wconf 85' lang='lat' dir='ltr'>codd.</span> <span class='ocrx_word' id='word_1_763' title='bbox 1383 2748 1637 2771; x_wconf 78' lang='lat' dir='ltr'>BEGIMNPSUZ.</span> 
     </span>
    </p>

    <p class='ocr_par' dir='ltr' id='par_1_30' title="bbox 1245 2785 1626 2810">
     <span class='ocr_line' id='line_1_109' title="bbox 1245 2785 1626 2810; baseline 0.003 -1"><span class='ocrx_word' id='word_1_764' title='bbox 1245 2785 1255 2798; x_wconf 59' lang='grc' dir='ltr'><strong>Β</strong></span> <span class='ocrx_word' id='word_1_765' title='bbox 1272 2786 1345 2809; x_wconf 86' lang='lat' dir='ltr'>Codd.</span> <span class='ocrx_word' id='word_1_766' title='bbox 1362 2787 1502 2809; x_wconf 83' lang='lat' dir='ltr'>BEIMPZ</span> <span class='ocrx_word' id='word_1_767' title='bbox 1519 2788 1540 2810; x_wconf 84' lang='lat' dir='ltr'>et</span> <span class='ocrx_word' id='word_1_768' title='bbox 1557 2786 1626 2810; x_wconf 76' lang='lat' dir='ltr'>Filio.</span> 
     </span>
    </p>

    <p class='ocr_par' dir='ltr' id='par_1_31' title="bbox 1181 2825 2031 2933">
     <span class='ocr_line' id='line_1_110' title="bbox 1246 2825 2031 2855; baseline -0.003 -7"><span class='ocrx_word' id='word_1_769' title='bbox 1246 2825 1265 2838; x_wconf 91' lang='lat'>¹⁰</span> <span class='ocrx_word' id='word_1_770' title='bbox 1283 2826 1352 2848; x_wconf 87' lang='lat' dir='ltr'>Hebr.</span> <span class='ocrx_word' id='word_1_771' title='bbox 1371 2827 1392 2855; x_wconf 77' lang='lat'>9,</span> <span class='ocrx_word' id='word_1_772' title='bbox 1410 2826 1452 2849; x_wconf 72' lang='lat'>24:</span> <span class='ocrx_word' id='word_1_773' title='bbox 1472 2827 1495 2848; x_wconf 91' lang='grc'>111</span> <span class='ocrx_word' id='word_1_774' title='bbox 1512 2827 1589 2854; x_wconf 86' lang='lat' dir='ltr'>ipsum</span> <span class='ocrx_word' id='word_1_775' title='bbox 1601 2826 1691 2849; x_wconf 83' lang='lat' dir='ltr'>caelum</span> <span class='ocrx_word' id='word_1_776' title='bbox 1704 2825 1776 2855; x_wconf 84' lang='lat' dir='ltr'>[lesus</span> <span class='ocrx_word' id='word_1_777' title='bbox 1787 2825 1913 2855; x_wconf 80' lang='lat' dir='ltr'>introivit],</span> <span class='ocrx_word' id='word_1_778' title='bbox 1926 2827 1950 2847; x_wconf 87' lang='lat' dir='ltr'>nt</span> <span class='ocrx_word' id='word_1_779' title='bbox 1962 2830 2031 2853; x_wconf 79' lang='lat' dir='ltr'>appa-</span> 
     </span>
     <span class='ocr_line' id='line_1_111' title="bbox 1181 2863 2031 2893; baseline -0.002 -5"><span class='ocrx_word' id='word_1_780' title='bbox 1181 2868 1230 2888; x_wconf 80' lang='lat' dir='ltr'>reat</span> <span class='ocrx_word' id='word_1_781' title='bbox 1247 2872 1308 2888; x_wconf 89' lang='lat' dir='ltr'>nunc</span> <span class='ocrx_word' id='word_1_782' title='bbox 1326 2866 1398 2888; x_wconf 74' lang='lat' dir='ltr'>vultui</span> <span class='ocrx_word' id='word_1_783' title='bbox 1417 2866 1456 2888; x_wconf 82' lang='lat' dir='ltr'>Dei</span> <span class='ocrx_word' id='word_1_784' title='bbox 1474 2872 1517 2893; x_wconf 87' lang='lat' dir='ltr'>pro</span> <span class='ocrx_word' id='word_1_785' title='bbox 1535 2865 1609 2888; x_wconf 89' lang='lat' dir='ltr'>nobis.</span> <span class='ocrx_word' id='word_1_786' title='bbox 1628 2878 1658 2881; x_wconf 98' lang='lat'><strong>—</strong></span> <span class='ocrx_word' id='word_1_787' title='bbox 1676 2865 1789 2893; x_wconf 85' lang='lat' dir='ltr'>Superius</span> <span class='ocrx_word' id='word_1_788' title='bbox 1806 2864 1903 2887; x_wconf 78' lang='lat' dir='ltr'>vocibus</span> <span class='ocrx_word' id='word_1_789' title='bbox 1920 2863 1945 2887; x_wconf 83' lang='lat' dir='ltr'>in</span> <span class='ocrx_word' id='word_1_790' title='bbox 1962 2865 2031 2887; x_wconf 84' lang='lat' dir='ltr'>terra</span> 
     </span>
     <span class='ocr_line' id='line_1_112' title="bbox 1181 2904 1655 2933; baseline 0 -6"><span class='ocrx_word' id='word_1_791' title='bbox 1181 2905 1198 2927; x_wconf 91' lang='lat' dir='ltr'>B</span> <span class='ocrx_word' id='word_1_792' title='bbox 1215 2905 1323 2933; x_wconf 79' lang='lat' dir='ltr'>praefigit</span> <span class='ocrx_word' id='word_1_793' title='bbox 1340 2904 1397 2928; x_wconf 78' lang='lat' dir='ltr'>dum</span> <span class='ocrx_word' id='word_1_794' title='bbox 1414 2906 1485 2933; x_wconf 71' lang='lat' dir='ltr'>esset,</span> <span class='ocrx_word' id='word_1_795' title='bbox 1504 2905 1523 2927; x_wconf 81' lang='lat' dir='ltr'><strong>M</strong></span> <span class='ocrx_word' id='word_1_796' title='bbox 1533 2905 1549 2928; x_wconf 89' lang='lat' dir='ltr'>N</span> <span class='ocrx_word' id='word_1_797' title='bbox 1560 2905 1575 2927; x_wconf 84' lang='lat' dir='ltr'>P</span> <span class='ocrx_word' id='word_1_798' title='bbox 1593 2910 1655 2928; x_wconf 77' lang='lat' dir='ltr'>cum.</span> 
     </span>
    </p>

    <p class='ocr_par' dir='ltr' id='par_1_32' title="bbox 1181 2942 2030 3051">
     <span class='ocr_line' id='line_1_113' title="bbox 1245 2942 2029 2973; baseline -0.001 -7"><span class='ocrx_word' id='word_1_799' title='bbox 1245 2943 1263 2956; x_wconf 76' lang='lat'>¹¹</span> <span class='ocrx_word' id='word_1_800' title='bbox 1282 2944 1356 2967; x_wconf 89' lang='lat' dir='ltr'>Codd.</span> <span class='ocrx_word' id='word_1_801' title='bbox 1374 2944 1513 2967; x_wconf 77' lang='lat' dir='ltr'>nEiMPS</span> <span class='ocrx_word' id='word_1_802' title='bbox 1532 2950 1615 2968; x_wconf 83' lang='lat' dir='ltr'>causa.</span> <span class='ocrx_word' id='word_1_803' title='bbox 1636 2944 1732 2967; x_wconf 77' lang='lat' dir='ltr'>interius</span> <span class='ocrx_word' id='word_1_804' title='bbox 1754 2950 1797 2972; x_wconf 83' lang='lat' dir='ltr'>pro</span> <span class='ocrx_word' id='word_1_805' title='bbox 1815 2942 1991 2973; x_wconf 78' lang='lat' dir='ltr'>impetrandam</span> <span class='ocrx_word' id='word_1_806' title='bbox 2011 2943 2029 2965; x_wconf 90' lang='lat' dir='ltr'>T</span> 
     </span>
     <span class='ocr_line' id='line_1_114' title="bbox 1181 2981 2030 3012; baseline -0.004 -5"><span class='ocrx_word' id='word_1_807' title='bbox 1181 2984 1301 3012; x_wconf 79' lang='lat' dir='ltr'>collatam,</span> <span class='ocrx_word' id='word_1_808' title='bbox 1320 2987 1342 3006; x_wconf 87' lang='lat' dir='ltr'>et</span> <span class='ocrx_word' id='word_1_809' title='bbox 1358 2990 1400 3012; x_wconf 84' lang='lat' dir='ltr'>pro</span> <span class='ocrx_word' id='word_1_810' title='bbox 1418 2985 1529 3006; x_wconf 79' lang='lat' dir='ltr'>mutuam</span> <span class='ocrx_word' id='word_1_811' title='bbox 1546 2983 1714 3007; x_wconf 78' lang='lat' dir='ltr'>allocutionem</span> <span class='ocrx_word' id='word_1_812' title='bbox 1731 2984 1801 3006; x_wconf 90' lang='lat' dir='ltr'>DFH</span> <span class='ocrx_word' id='word_1_813' title='bbox 1817 2982 1923 3006; x_wconf 73' lang='lat' dir='ltr'>divitiam</span> <span class='ocrx_word' id='word_1_814' title='bbox 1939 2981 2030 3005; x_wconf 81' lang='lat' dir='ltr'>allocu-</span> 
     </span>
     <span class='ocr_line' id='line_1_115' title="bbox 1181 3022 1614 3051; baseline 0 -5"><span class='ocrx_word' id='word_1_815' title='bbox 1181 3023 1280 3051; x_wconf 72' lang='lat' dir='ltr'>tionem,</span> <span class='ocrx_word' id='word_1_816' title='bbox 1298 3023 1314 3046; x_wconf 91' lang='lat' dir='ltr'>C</span> <span class='ocrx_word' id='word_1_817' title='bbox 1332 3023 1442 3046; x_wconf 79' lang='lat' dir='ltr'>intimam</span> <span class='ocrx_word' id='word_1_818' title='bbox 1460 3022 1614 3046; x_wconf 78' lang='lat' dir='ltr'>dilectionem.</span> 
     </span>
    </p>
   </div>
  </div>
 </body>
</html>
