2133 3317
769 211 1010 241 PROLEGOMENA
1031 213 1059 241 C.
1082 213 1121 242 ΙΙΙ.

78 291 193 320 Anonym.
210 302 241 305 —
260 289 295 312 t5.
313 289 411 317 Ibidem,
437 290 506 312 3702.
532 290 603 312 chart.
628 289 682 311 anni
710 289 776 311 ¹469.
799 290 917 319 Anonym.

78 349 108 354 —
125 336 162 359 116.
178 335 277 364 Ibidem,
294 336 364 358 5362.
385 337 457 359 chart.
482 342 542 359 saec.
567 336 618 358 XV.
636 337 754 365 Anonym.
775 347 805 352 -
827 335 860 357 17.
879 335 920 358 Ibi-

78 384 140 411 dem‚
160 383 244 406 li922.
260 384 331 406 chart.
348 383 403 405 anni
419 383 487 406 ⁴501.
501 382 623 406 Tribm‘tur
639 384 721 406 sancto
738 383 919 406 bonaventurae

78 431 107 453 ita
124 430 210 452 notavit
225 430 323 458 scriptor
340 429 433 452 codicis.
444 442 475 446 —
489 430 525 451 18.
537 429 636 457 Ibidem,
651 430 658 451 l
669 429 734 452 1335.
746 429 844 451 membr.
857 435 917 451 saec.

78 477 136 500 XlV.
160 477 278 506 Anonym.
299 489 330 493 —
356 477 393 498 i9.
419 475 518 504 Ibidem,
546 475 630 498 «14538.
655 476 748 498 miscell.
773 476 826 498 anni
853 475 920 498 1404.

77 525 194 555 Anonym.
218 535 249 540 --
274 524 312 546 20.
338 522 477 552 Oenipotzte,
505 521 644 545 bibliotheca
668 522 840 549 Universitatis,
866 522 920 544 ⁴58.

78 570 175 594 membr.
192 576 253 593 saec.
273 570 333 592 XlV.
354 573 407 592 ante
429 569 541 592 medium.
558 570 675 599 Anonym.
693 581 724 585 —
741 569 779 591 24,
804 568 916 598 Pelple'm',

77 617 212 640 bibliotheca
230 616 363 643 seminarii,
382 616 409 638 V.
426 616 453 638 K.
471 622 491 638 a.
510 617 531 638 8.
548 616 642 638 miscell.
659 621 720 638 saec.
737 615 788 638 XV.
800 616 918 645 Anonym.

78 676 106 680 —
123 664 159 685 ⁹2.
177 662 326 692 Salisburm',
344 661 482 685 bibliotheca
499 662 629 684 Monasterii
646 662 718 684 sancti
736 661 801 690 Petri,
815 661 837 684 b.
849 662 864 684 l.
881 662 919 684 20.

76 711 147 733 chart.
162 715 222 732 saec.
239 710 290 732 XV.
308 709 468 739 compositum
493 715 509 732 α
530 710 612 732 sancto
635 709 811 732 Bonaventura.
835 721 864 725 —
881 710 918 732 23.

77 757 174 784 Ibidem,
192 763 205 779 a
222 758 237 780 l.
255 758 292 779 20.
309 756 408 780 membr.
426 763 485 779 saec.
503 757 555 779 XV.
567 759 619 785 post
631 756 742 779 medium.
758 756 876 786 Anonym.
888 768 919 773 -

77 804 114 827 24.
131 803 230 832 Ibidem,
246 803 269 826 b.
288 803 317 825 X.
336 804 372 825 18.
390 804 462 825 chart.
479 809 539 825 saec.
552 803 603 825 XV.
616 804 733 832 Anonym.
745 815 776 820 —
788 803 824 825 25.
837 802 921 826 Sancti

78 849 151 878 Galli,
169 848 305 872 bibliotheca
325 849 467 876 lilonasterii,
491 849 543 872 485.
561 850 632 871 chart.
655 855 715 871 saec.
732 849 784 871 XV.
801 850 919 878 Anonym.

76 910 104 913 —
123 897 159 919 26.
177 895 261 920 Sancti
278 895 348 919 Pauli
364 896 386 918 in
403 895 530 925 Corinthia,
553 895 689 918 bibliotheca
707 895 843 922 lilonasterii,
860 895 918 917 Bias.

77 943 114 967 45.
125 942 222 966 membr.
235 949 294 966 saec.
307 943 367 966 XlV.
380 943 497 973 Anonym.
509 955 540 959 —
552 943 590 965 27.
608 941 764 970 Vindobonae,
780 941 918 964 bibliotheca

77 989 172 1012 Palatina
181 1007 186 1017 ,
204 988 272 1011 4096.
290 990 361 1012 chart.
374 989 426 1011 anni
440 989 507 1011 Ι1478.
520 989 637 1019 Anonym.
650 1001 680 1004 —
693 989 730 1010 28.
742 987 836 1016 Ibidem,
850 988 920 1011 4547.

76 1036 147 1058 chart.
163 1041 224 1057 saec.
249 1035 301 1057 XV.
323 1035 426 1058 ineuntis.
449 1034 545 1059 Editum
567 1041 612 1064 pet·
638 1034 730 1058 beatum
756 1035 919 1064 Auqzcstinum

76 1082 192 1106 doctorem
209 1086 263 1110 etc.;
275 1083 308 1105 sic
321 1083 342 1105 in
360 1083 440 1105 codice
457 1085 479 1105 et
496 1083 590 1111 quidem
608 1089 620 1104 a
633 1082 707 1110 prima
721 1089 797 1104 manu.
812 1095 840 1098 ——
853 1083 918 1105 lilone

78 1130 170 1159 (Hymni
186 1130 233 1152 Lat.
251 1133 307 1153 tom.
325 1131 348 1152 ll.
365 1136 418 1158 pag.
432 1129 477 1152 245
489 1131 565 1159 seqq.)
583 1136 639 1152 usus
655 1133 690 1153 est
706 1129 859 1152 bibliothecae
876 1130 919 1153 llio-

77 1177 185 1206 guntinae
200 1177 280 1200 codice
297 1183 358 1200 saec.
375 1177 435 1199 XlV.
453 1178 512 1205 Aug.
529 1183 550 1200 n.
570 1177 628 1205 438,
645 1177 684 1206 qui
710 1178 793 1200 multas
810 1177 919 1200 lectiones

76 1223 181 1246 meliores
198 1228 220 1245 et
236 1223 291 1245 alias
308 1224 415 1251 strophas
432 1223 533 1251 integras
550 1223 618 1245 huius
635 1223 735 1245 Psalterii
752 1222 855 1251 praebet.
871 1223 918 1245 Non

77 1269 170 1298 dicitur,
186 1275 215 1291 an
232 1272 254 1291 et
270 1275 341 1298 quem
358 1272 477 1291 auctorem
494 1269 546 1291 cod.
563 1269 672 1292 nominet.

137 1317 205 1339 Num.
222 1317 259 1339 Vl.
276 1315 432 1346 Alphabetum
451 1315 630 1345 Religiosorum.

140 1364 163 1386 ln
180 1363 217 1386 ed.
234 1363 344 1385 Vaticana
362 1363 427 1392 (tom.
445 1363 490 1386 Vll.
503 1369 557 1391 pag.
569 1363 614 1385 564
626 1362 685 1392 seq.)
704 1363 818 1385 invenitur
834 1363 919 1391 duplex

76 1409 246 1440 Alphabelum:
264 1416 349 1437 unum,
361 1410 423 1438 quod
436 1412 533 1432 vocatur
545 1409 600 1433 bom'
610 1409 732 1437 Monachi,
745 1410 855 1438 scriptum
868 1416 919 1432 ora-

76 1456 137 1479 tione
153 1457 225 1479 soluta
239 1459 260 1479 et
277 1457 366 1485 incipit:
385 1456 437 1480 Vias
449 1458 516 1484 tuas,
528 1456 640 1484 Domine,
652 1456 789 1480 demonstra
800 1456 873 1485 mihi;
891 1457 920 1479 al-

76 1506 150 1526 terum
161 1502 318 1533 Alphabetum
330 1503 502 1533 Religiosorum
514 1504 608 1526 metrice
620 1503 739 1531 scriptum,
751 1504 815 1532 quod
826 1504 917 1532 incipit:

80 1558 90 1570 ι
102 1551 158 1573 Ama
175 1553 368 1578 paupertatem».
385 1551 513 1579 Utrumque
530 1550 664 1578 reprobavit
680 1550 785 1573 Oudinus
802 1557 855 1573 cum
873 1551 919 1574 edi-

76 1595 164 1619 toribus
181 1596 286 1623 Venetis,
308 1595 447 1624 approbavit
469 1602 525 1618 vero
543 1596 691 1624 Waddingus
708 1596 846 1625 (Scriptores
863 1597 919 1619 Ord.

76 1643 129 1666 Min.
145 1649 199 1671 pag.
216 1643 265 1672 51).
281 1644 383 1666 Primum
401 1643 517 1665 invenitur
533 1643 592 1665 inter
608 1649 679 1671 opera
698 1643 800 1666 Thomae
817 1649 833 1666 α
849 1644 919 1667 Kem-

72 1689 124 1719 pis,
141 1690 177 1713 cui
194 1696 207 1712 a
224 1690 349 1713 Rosweido
361 1689 469 1712 tribuitur
481 1692 503 1712 et
514 1690 591 1716 etiam,
608 1692 633 1712 ut
645 1690 748 1717 videtur,
759 1696 771 1712 a
784 1690 920 1713 Trithemio.

75 1737 133 1759 Hinc
149 1736 256 1759 Sbaralea
274 1737 328 1765 (loc.
343 1737 380 1759 cit.
399 1742 452 1764 pag.
474 1736 516 1758 ¹55
533 1737 574 1759 col.
592 1737 625 1765 ll.)
643 1737 745 1764 primum
766 1737 820 1759 illud
842 1740 919 1759 censet

77 1788 126 1806 esse
142 1783 254 1810 dubium,
271 1783 336 1812 quod
352 1783 422 1805 etiam
440 1783 522 1806 Bonelli
537 1783 665 1811 (Prodrom.
682 1784 726 1806 col.
738 1784 793 1812 680)
806 1784 919 1811 concedit,

77 1830 173 1853 alterum
198 1830 252 1853 illud
280 1830 401 1852 metricum
423 1832 520 1858 uterque
545 1829 648 1852 attribuit
672 1830 854 1852 Bonaventurae.
879 1830 919 1853 Ed.

77 1877 200 1905 Argentina
219 1877 264 1906 (an.
283 1877 352 1905 ⁴495)
371 1879 392 1899 et
410 1875 578 1905 subsequentes
594 1879 616 1899 et
627 1877 694 1899 etiam
708 1877 838 1905 complures
850 1877 919 1900 codd.

77 1924 132 1946 infra
149 1924 213 1946 relati
231 1927 355 1952 utrumque
372 1923 416 1946 sub
433 1924 526 1946 nomine
543 1924 566 1946 S.
583 1924 756 1946 Bonaventurae
768 1923 860 1947 habent.
875 1924 919 1947 Sed

77 1971 99 1993 hi
116 1971 208 1993 codices
229 1976 289 1993 saec.
307 1971 367 1993 XVl.
385 1971 422 1993 vel
438 1976 498 1993 saec.
515 1970 567 1992 XV.
592 1973 689 1993 exeunte
705 1971 789 1993 exarati
811 1974 876 1998 sunt,
898 1973 920 1993 et

76 2019 123 2040 fere
139 2024 219 2040 omnes
236 2024 282 2040 non
299 2018 390 2046 legunt:
406 2017 523 2047 scriptum
540 2017 576 2041 vel
593 2017 749 2047 compositum
769 2024 781 2040 a
799 2018 920 2041 Bonaven-

76 2066 138 2092 tura,
155 2064 196 2086 sed
214 2063 359 2087 ordinatum.
376 2063 434 2087 Cum
454 2067 531 2087 autem
557 2064 659 2092 primum
682 2064 736 2087 illud
762 2064 919 2094 Alphabsslum

77 2111 180 2134 Thomae
205 2118 217 2133 a
242 2111 339 2139 Kempis
363 2110 491 2134 abiudicari
516 2117 562 2133 non
588 2112 672 2139 possit,
698 2115 824 2141 utrumque
850 2113 919 2134 Bona-

76 2161 187 2181 venturae
204 2157 329 2181 attribuere
344 2158 451 2181 sustineri
468 2164 513 2180 non
532 2161 619 2186 potest;
637 2159 699 2181 unde
716 2161 789 2187 patet,
811 2159 865 2181 illud
891 2161 919 2181 te·
945 2148 951 2156 '

77 2204 208 2228 stimonium
226 2205 335 2228 codicum
360 2205 398 2227 vix
423 2205 510 2233 aliquid
534 2205 642 2233 probare.
659 2205 704 2227 Nos
720 2205 791 2233 igitur
808 2208 917 2228 neutrum

77 2251 232 2281 Alphabetum
249 2258 299 2275 esse
324 2252 436 2280 scriptum
462 2258 475 2274 a
492 2249 653 2275 Bonaventura
676 2253 806 2280 opinamur.
824 2253 873 2275 Dici
890 2255 920 2275 ta-

77 2304 130 2321 men
147 2302 224 2327 posset
241 2305 294 2321 cum
313 2299 354 2321 illis
376 2298 507 2326 codicibus,
530 2305 580 2322 esse
601 2298 630 2321 ab
652 2299 701 2327 ipso
723 2299 874 2327 ordinatum,
891 2306 919 2322 eo

77 2350 158 2372 sensu,
174 2345 238 2373 quod
255 2344 358 2367 doctrina
370 2344 490 2372 Alphabeti
507 2348 582 2367 sumta
595 2345 622 2367 sit
634 2351 660 2368 ex
672 2345 713 2368 illis
725 2345 918 2373 ordinationibus,

78 2397 135 2420 quas
151 2392 256 2414 diffusius
273 2392 382 2420 proponit
405 2392 426 2414 in
447 2391 537 2421 Requla
554 2391 698 2415 novitiorum
715 2394 738 2414 et
754 2393 879 2420 praecipue
896 2393 919 2414 in

78 2437 152 2461 libello
173 2438 245 2462 XXV
267 2438 444 2463 Memorialium
466 2441 488 2461 et
512 2438 573 2461 alibi.
598 2439 686 2461 Similia
710 2440 834 2467 opuscula,
859 2446 920 2468 quae

78 2484 241 2508 brevissimum
259 2485 412 2508 summarium
431 2492 508 2508 rerum
526 2486 676 2508 asceticarum
694 2485 807 2514 exhibent,
820 2486 919 2514 plurima

79 2531 155 2554 medio
171 2537 229 2554 aevo
247 2533 304 2554 facta
321 2535 382 2555 sunt.
400 2533 458 2554 lnter
476 2538 545 2560 opera
559 2533 667 2555 Bernardi
685 2533 749 2561 (tom.
761 2534 795 2555 ΙΙΙ.
806 2539 861 2561 pag.
874 2532 918 2555 970

78 2583 143 2606 seqq.
154 2578 190 2600 ed.
204 2578 289 2601 Veneta
309 2579 378 2607 ⁴765)
396 2582 484 2607 septem
496 2579 604 2601 similium
623 2579 815 2602 documentorum
833 2583 920 2603 exstant

78 2624 215 2653 plerumque
226 2625 342 2648 Bernardo
354 2624 449 2653 tributa,
462 2626 546 2648 seilicet
563 2632 589 2648 ex
606 2631 633 2648 eo
651 2626 701 2648 sive
717 2626 809 2648 aliunde
824 2626 853 2648 ab
871 2626 920 2648 aliis

79 2670 222 2700 deprompta.
235 2671 341 2695 Ceterum
354 2673 411 2695 haec
422 2673 496 2700 opella
514 2675 547 2695 est
564 2672 593 2695 ita
610 2673 704 2701 exigua,
717 2676 741 2695 ut
753 2673 864 2701 integram
877 2674 920 2696 hoc

79 2717 128 2739 loco
144 2719 229 2740 referre
246 2721 405 2747 opportunum
423 2719 544 2742 videatur:

229 2764 386 2794 Alphabetum
403 2765 577 2795 Reliyiosorum
593 2765 762 2794 incipientium.

203 2812 260 2833 Ama
278 2814 452 2839 paupertatem,
470 2812 501 2834 sis
518 2812 602 2834 vilibus
619 2815 745 2839 contentus,

202 2858 270 2881 Bonis
287 2864 379 2887 semper
395 2858 485 2882 actibus
502 2859 585 2887 iugiter
602 2859 709 2882 intentus.

203 2904 264 2928 Cave
282 2905 463 2934 multiloquium,
481 2906 574 2928 studeas
591 2906 664 2933 silere,

203 2952 276 2974 Deum
294 2952 357 2974 omni
374 2955 477 2980 tempore
494 2959 550 2981 prae
567 2953 638 2975 oculis
656 2952 747 2976 habere.

1767 214 1821 243 CIX

1101 291 1203 313 Esuriem
1222 292 1367 320 amplectere,
1384 292 1463 320 gulam
1480 292 1617 314 refrenando

1100 338 1252 366 Fran-umque
1269 338 1375 361 convivia
1392 338 1493 366 segniter
1510 338 1631 366 sectando,

1101 385 1208 407 Gaudere
1223 391 1276 407 cum
1290 385 1455 413 gaudentibus,
1468 391 1520 408 cum
1534 385 1641 408 flentibus
1658 386 1756 414 plorare,

1102 431 1232 454 Humilibus
1249 432 1402 459 consentiens,
1420 432 1518 455 maiores
1535 433 1662 459 honorare,

1102 478 1124 500 ln
1141 477 1249 500 omnibus
1265 477 1387 506 obediens,
1405 478 1552 507 praelatoque
1570 477 1673 506 parebis,

1102 525 1227 547 Kar-itatem
1245 525 1340 553 insuper
1356 531 1409 547 cum
1427 525 1535 548 omnibus
1552 525 1648 548 tenebis.

1102 570 1204 593 Lumbos
1220 571 1306 599 stringe
1323 571 1423 594 lubricos
1441 572 1529 594 Domini
1547 572 1641 600 timore,

1102 618 1214 640 lilundans
1231 618 1307 640 cordis
1324 619 1416 641 oculum
1435 621 1497 641 casto
1514 624 1568 641 cum
1585 619 1682 647 pudore,

1101 664 1160 686 Nihil
1176 670 1272 686 servans
1289 665 1423 692 proprium,
1440 665 1528 687 nudum
1546 671 1645 694 sequens
1662 664 1790 694 Christum,

1101 710 1165 733 Onus
1182 711 1233 733 leve
1249 712 1372 738 sufferens,
1390 712 1503 734 mundum
1521 712 1615 734 vincens
1632 712 1710 734 istum.

1102 758 1195 780 Passum
1214 757 1328 780 Christum
1346 758 1420 780 recole
1437 758 1506 780 corde
1523 757 1683 786 gemebundo,

1102 804 1219 832 Quaerens
1237 804 1276 826 Dei
1293 804 1398 831 gloriam,
1416 804 1446 826 nil
1463 804 1524 827 aliud
1541 804 1565 826 in
1582 804 1677 827 mundo.

1102 851 1236 873 Resistendo
1254 851 1327 879 vitiis,
1345 851 1433 874 orando
1451 853 1575 879 ferventer,

1102 898 1276 920 Sacramentum
1293 903 1385 920 sumere
1402 897 1474 920 debes
1490 900 1629 920 reverenter.

1102 943 1137 965 Tu
1155 946 1244 966 motum
1262 943 1345 965 mentis
1361 944 1498 972 comprime,
1516 944 1573 966 iram
1590 943 1729 972 mitigando,

1101 990 1213 1018 Vanaque
1230 990 1340 1019 colloquia
1357 990 1451 1013 sollicite
1470 990 1572 1013 vitando.

1102 1037 1147 1059 Xto
1164 1037 1207 1059 frui
1224 1037 1332 1065 cupiens,
1348 1037 1428 1059 cellam
1445 1036 1611 1066 frequentabis,

1102 1085 1187 1107 Yesum
1205 1091 1275 1112 super
1292 1085 1369 1106 omnia
1386 1085 1418 1107 sic
1435 1084 1531 1107 dulciter
1548 1083 1644 1107 amabis.

1101 1131 1154 1153 Zelo
1172 1131 1210 1153 Dei
1229 1132 1319 1153 fervens
1335 1130 1435 1153 caritatis
1451 1131 1518 1158 igne,

1102 1178 1128 1200 Et
1144 1177 1167 1199 in
1185 1180 1206 1200 te
1223 1177 1372 1206 peccantibus
1389 1177 1495 1205 ignoscas
1511 1177 1620 1205 benigne.

1039 1225 1093 1249 Non
1109 1230 1207 1251 nomen,
1225 1224 1265 1248 sed
1281 1224 1384 1254 factum,
1397 1230 1446 1247 non
1457 1223 1567 1252 verbum,
1579 1223 1620 1247 sed
1631 1223 1748 1248 adiectum
1760 1223 1818 1253 facie

976 1271 1077 1295 beatum.

1255 1355 1389 1386 Elenchus
1410 1355 1539 1386 codicum.

1039 1458 1060 1480 l.
1078 1458 1168 1481 Bernae
1190 1458 1211 1480 in
1229 1458 1342 1486 Helvetia,
1360 1457 1496 1480 bibliotheca
1518 1457 1632 1484 Civitatis,
1649 1457 1700 1479 cod.
1718 1462 1772 1479 mss.
1793 1457 1818 1479 A.

977 1505 1013 1528 82.
1026 1506 1096 1528 chart.
1114 1505 1136 1527 in
1153 1506 1186 1527 16.
1198 1511 1257 1527 saec.
1271 1505 1321 1527 XV.
1333 1505 1442 1527 exeuntis,
1456 1516 1484 1521 —
1496 1504 1569 1527 Habet
1586 1504 1738 1527 locutionem:
1754 1503 1819 1527 ordi-

975 1553 1060 1575 natum
1076 1558 1091 1575 a
1108 1552 1133 1575 S.
1151 1552 1326 1575 Bonaveutura.

1039 1600 1060 1621 2.
1078 1598 1208 1626 Monachiz',
1227 1598 1364 1621 bibliotheca
1382 1598 1465 1626 Regia,
1482 1598 1534 1620 cod.
1546 1597 1570 1620 C.
1582 1598 1606 1620 L.
1622 1598 1650 1620 M.
1666 1598 1738 1620 chart.
1756 1597 1779 1619 in
1796 1597 1817 1619 8.

976 1652 1035 1669 saec.
1053 1646 1114 1668 XVl.
1133 1645 1239 1668 ineuntis.
1256 1657 1287 1661 —
1304 1645 1350 1667 Fol.
1376 1645 1428 1667 ι103.
1453 1651 1477 1667 ν.
1502 1644 1622 1672 legiturz...
1638 1643 1776 1667 ordinatum
1800 1650 1816 1666 a

976 1692 1002 1716 S.
1018 1692 1195 1716 Bonaventura.

1039 1739 1061 1761 3.
1078 1738 1189 1766 Parisiis,
1207 1738 1345 1761 bibliotheca
1363 1738 1514 1765 Mazzarinea,
1531 1738 1583 1761 cod.
1600 1738 1654 1760 902.
1670 1738 1741 1760 chart.
1758 1743 1817 1760 saec.

977 1785 1036 1808 XVl.
1054 1785 1161 1807 ineuntis.
1177 1797 1208 1801 —
1225 1785 1270 1807 Fol.
1289 1785 1353 1807 1116*
1370 1784 1507 1808 ordinatum
1524 1790 1539 1807 a
1556 1784 1582 1808 S.
1598 1784 1774 1807 Bonaventura.

1040 1832 1061 1855 4.
1078 1832 1177 1859 Romae,
1195 1831 1332 1854 bibliotheca
1351 1832 1408 1859 Vat.‚
1422 1832 1474 1854 cod.
1486 1832 1509 1854 ll.
1521 1832 1590 1854 7563.
1603 1832 1674 1854 chart.
1686 1837 1746 1854 saec.
1759 1832 1816 1854 XVl.

977 1891 1007 1896 —
1024 1879 1071 1902 Fol.
1088 1879 1125 1901 tt.
1142 1885 1172 1901 r.:
1192 1878 1329 1902 ordinatum
1346 1885 1361 1901 a
1378 1878 1402 1902 S.
1420 1879 1597 1902 Bonaventura.

1039 1925 1060 1947 5.
1077 1924 1224 1955 salisburgi,
1240 1924 1377 1948 bibliotheca
1395 1925 1521 1948 Monasterii
1535 1925 1556 1948 S.
1569 1925 1640 1953 Petri,
1652 1925 1703 1948 cod.
1715 1925 1730 1948 b
1748 1925 1763 1948 l.
1780 1925 1818 1948 20.

976 1973 1048 1995 chart.
1064 1973 1087 1994 in
1105 1973 1125 1994 8.
1151 1978 1212 1995 saec.
1231 1972 1281 1994 XV.
1298 1985 1328 1989 —
1346 1971 1419 1995 Habet
1442 1972 1524 1995 etiam:
1547 1971 1684 1995 ordinatum
1701 1978 1716 1995 a
1733 1971 1758 1995 S.
1777 1973 1817 1996 Bo-

976 2021 1117 2043 adventura.

1039 2067 1061 2088 6.
1078 2065 1226 2093 Stroncmtiz',
1245 2065 1381 2088 bibliotheca
1393 2065 1525 2088 Conventus
1537 2065 1592 2088 Ord.
1604 2066 1674 2088 Fratr.
1686 2065 1738 2088 Min.
1754 2066 1817 2094 (vide

976 2114 1096 2136 Prodrom.
1113 2113 1199 2136 Bonelli
1217 2114 1260 2135 col.
1277 2113 1339 2142 472).

1038 2160 1061 2183 7.
1087 2159 1264 2187 Wratisluviae,
1281 2159 1418 2182 bibliotheca
1435 2160 1600 2187 Universitatis,
1612 2160 1677 2182 class.
1689 2161 1703 2182 l.
1716 2159 1767 2182 cod.
1781 2160 1818 2183 35.

976 2208 1048 2230 chart.
1065 2207 1086 2229 in
1104 2208 1126 2229 8.
1143 2213 1202 2229 saec.
1220 2207 1272 2229 XV.
1293 2207 1402 2229 exeuntis.
1419 2218 1450 2223 —
1466 2207 1512 2229 Fol.
1539 2206 1576 2229 46.
1598 2212 1630 2229 r.:
1648 2205 1785 2230 ordinatum
1801 2213 1817 2229 α

976 2252 1002 2276 S.
1018 2253 1195 2276 Bonavemura.

1039 2301 1061 2323 ln
1079 2300 1152 2322 tribus
1169 2299 1301 2327 codicibus,
1317 2299 1358 2328 qui
1374 2302 1426 2322 ante
1443 2299 1512 2322 flncm
1530 2305 1590 2322 saec.
1602 2300 1654 2322 XV.
1665 2300 1749 2323 exarati
1766 2304 1818 2323 sunt

976 2349 998 2369 et
1015 2352 1098 2369 nomen
1117 2346 1202 2369 hahent
1218 2346 1399 2369 Bonaventurae
1423 2346 1570 2375 inscriptum,
1596 2349 1720 2376 utrumque
1737 2347 1818 2375 Alpha-

976 2393 1056 2416 betum
1078 2394 1201 2416 invenitur.
1224 2393 1268 2416 Sed
1287 2392 1442 2423 Alpltabetum
1459 2392 1514 2416 boni
1528 2393 1640 2417 monachi
1651 2401 1658 2416 :
1679 2393 1733 2417 Vias
1749 2395 1818 2422 tuas,

976 2439 1074 2463 Domine
1090 2440 1158 2462 etiam
1176 2439 1254 2463 solum
1271 2440 1293 2462 in
1311 2439 1417 2468 plurIbus
1431 2439 1551 2462 codicibus
1567 2440 1681 2463 invenitur
1693 2446 1753 2463 saec.
1767 2441 1818 2463 XV.

975 2487 1012 2509 vel
1029 2487 1078 2509 sine
1095 2487 1188 2509 nomine
1204 2486 1304 2509 auctoris
1322 2486 1356 2515 (ut
1371 2486 1393 2508 in
1405 2492 1444 2509 sex
1456 2486 1575 2509 codicibus
1592 2487 1702 2516 vidimus)
1716 2487 1752 2509 vel
1764 2493 1817 2510 cum

976 2533 1067 2556 nomine
1087 2532 1188 2556 Thomae
1204 2539 1219 2555 a
1236 2533 1346 2562 Isempis,
1364 2535 1389 2555 ut
1406 2533 1426 2555 in
1445 2532 1518 2556 tribus
1533 2533 1699 2562 sequentibus:

1040 2581 1060 2602 l.
1078 2580 1158 2609 Haqae
1171 2579 1300 2607 Comitum,
1317 2579 1454 2602 bibliotheca
1465 2580 1550 2608 Regia,
1562 2580 1614 2602 cod.
1627 2580 1654 2602 K.
1667 2580 1704 2603 99.
1717 2580 1816 2604 membr.

976 2633 1013 2649 an.
1031 2627 1098 2649 1478.

1039 2674 1061 2696 2.
1073 2672 1163 2701 Δεοιίἰὶ,
1175 2673 1311 2696 bibliotheca
1323 2673 1451 2701 seminarii,
1463 2674 1513 2697 cod.
1527 2675 1550 2697 Ε.
1563 2675 1583 2697 8.
1598 2675 1736 2697 miscell.an.
1750 2675 1818 2698 4460.

1040 2721 1062 2742 3.
1074 2719 1199 2747 Monacltiz',
1216 2719 1352 2742 bibliotheca
1364 2721 1444 2748 Regia,
1453 2720 1477 2744 C.
1487 2721 1512 2744 L.
1521 2721 1549 2744 M.
1561 2721 1613 2744 cod.
1626 2722 1708 2744 42522.
1720 2721 1817 2744 membr.

977 2773 1037 2789 saec.
1051 2767 1102 2789 XV.
1114 2779 1145 2783 —
1157 2767 1206 2789 Duo
1218 2767 1286 2789 etiam
1299 2767 1399 2790 iuniores
1411 2768 1512 2797 codices,
1525 2768 1565 2797 qui
1577 2771 1664 2791 exstant
1677 2769 1784 2792 Bruxellis
1795 2772 1817 2792 et

977 2813 1094 2841 Massiliae,
1111 2813 1185 2835 eidem
1203 2814 1342 2841 opusculum
1359 2813 1468 2837 tribuunt.

1040 2860 1105 2882 Num.
1117 2860 1160 2882 Vll.
1174 2859 1306 2883 Sententiae
1317 2860 1488 2884 sententiarum
1501 2861 1561 2890 (Vat.
1574 2864 1628 2884 tom.
1640 2862 1676 2885 Vl.
1688 2868 1741 2891 pag.
1756 2863 1763 2884 l
1774 2862 1818 2892 tt).

1039 2906 1086 2928 Hoc
1103 2907 1241 2934 opusculum
1259 2907 1388 2935 rhythmice
1404 2908 1529 2936 scriptum,
1552 2912 1576 2931 nt
1598 2915 1688 2931 summa
1706 2909 1734 2931 lV
1752 2908 1818 2932 libro-

978 2959 1029 2975 rum
1055 2953 1221 2976 Sententiarum
1248 2953 1334 2976 facilius
1361 2954 1486 2977 memoriae
1514 2955 1670 2983 imprimatur,
1695 2956 1738 2978 hoc
1766 2956 1815 2978 loco
