2133 3317
116 306 182 327 vero
202 297 235 326 de
254 297 377 333 quinque
395 295 543 324 Dominicis
563 298 590 324 et
610 295 644 324 de
666 295 781 323 historia
801 295 898 324 Esther
912 304 960 332 po-

117 344 204 373 nenda
224 344 250 372 in
272 344 396 379 Quatuor
411 342 592 379 Temporibus
606 342 731 370 deleatur
745 342 864 370 omnino.
879 359 919 362 —
933 343 958 371 Si

116 391 195 420 Missa
215 390 408 418 defunctorum
430 389 590 417 solemniter
619 389 775 417 celebretur
803 388 831 417 in
858 388 902 417 die
922 389 959 417 fe-

116 438 191 471 riali,
212 437 283 465 sicut
304 436 330 464 in
353 435 443 464 tribus
457 435 554 463 officiis
568 435 595 463 in
611 435 809 463 Constitutione
825 435 920 472 positis
936 436 959 469 ¹,

117 484 158 513 vel
179 485 322 520 praesente
343 482 455 516 funere,
488 482 530 511 vel
561 482 769 516 consimilibus;
791 482 910 510 habeant
931 490 959 511 se

182 760 308 790 Praecipit
325 759 449 791 generalis
462 759 576 783 Minister
589 759 618 783 de
631 758 761 783 voluntate
773 759 897 790 generalis
914 758 957 783 Ca-

22 806 101 834 01110110
113 803 199 836 pituli,
218 802 283 834 quod
302 803 405 827 Fratres
422 803 465 827 illo
484 802 627 833 privilegio,
647 802 672 826 in
691 809 739 833 quo
758 801 856 826 videtur
879 801 957 826 conti-

0 799 165 908 ffpmffl'neri
183 845 318 876 exemptio,
337 852 386 870 non
405 845 511 869 utantur
531 852 575 869 nec
591 844 702 875 allegent
720 845 745 869 in
770 845 854 875 aliqua
881 852 957 868 causa

111 896 188 920 nsque
206 888 238 913 ad
256 895 361 919 sequens
380 887 523 918 Capitulum
536 887 659 918 generale.
672 886 776 911 Mandat
789 886 878 915 etiam,
892 887 956 918 quod

111 931 216 957 caveant
234 930 337 955 Fratres
356 930 387 954 ab
406 930 472 954 omni
492 929 608 954 scandalo
627 929 786 958 clericorum,
807 929 911 953 maxime
930 929 955 954 in

111 974 247 1005 sepulturis
265 973 290 998 et
308 972 478 1001 testamentis;
501 972 526 996 et
544 971 609 1003 quod
627 971 730 995 Fratres
753 971 854 995 servent
878 970 956 995 inter-

111 1016 203 1042 dictum
221 1017 247 1041 111
265 1016 340 1040 101113
359 1015 481 1047 positum,
501 1014 614 1039 videlicet
633 1021 681 1039 non
701 1014 751 1038 alte
765 1014 909 1039 celebrando
923 1014 956 1038 di-

110 1060 182 1089 vina,
201 1059 244 1084 sed
262 1059 332 1083 iuxta
351 1058 415 1090 quod
433 1059 489 1082 iura
516 1057 633 1089 exigunt,
663 1064 688 1082 se
715 1057 813 1081 matrici
841 1057 955 1081 ecclesiae

110 1102 292 1128 conformando.

179 1145 258 1174 Item,
277 1144 346 1169 iubet
364 1144 438 1169 etiam
458 1143 580 1172 Minister,
600 1143 629 1168 ut
647 1143 744 1167 nullum
761 1143 841 1167 1000111
854 1142 956 1173 capiant

0 1175 100 1244 qimaiu-ca
109 1188 212 1213 Fratres
230 1188 284 1212 sine
301 1187 410 1212 eiusdem
428 1186 539 1211 Ministri
557 1186 658 1211 licentia
677 1186 792 1217 speciali,
812 1193 856 1210 nec
874 1186 954 1210 1000111

17 1213 74 1232 mm*
109 1231 138 1256 de
156 1238 220 1256 novo
238 1230 368 1255 aedificare
386 1229 508 1261 incipiant
526 1230 551 1254 in
571 1229 653 1260 aliquo
681 1228 771 1257 fundo,
799 1229 847 1253 nisi
875 1229 955 1260 primo

108 1273 205 1299 constet
224 1273 370 1304 provinciali
390 1272 519 1303 Capitulo,
539 1272 604 1303 quod
623 1272 708 1296 1101103
734 1271 813 1302 possit
838 1272 864 1296 in
889 1271 954 1296 dicto

108 1316 184 1341 fundo
202 1317 241 1340 ius
260 1315 360 1347 aliquod
378 1315 458 1340 debite
477 1315 610 1339 vindicare.

8 1358 9 1370 ¹
178 1359 334 1390 Praecipitur
352 1356 447 1383 etiam³
467 1358 603 1387 Ministris,
628 1364 733 1389 quorum
755 1357 900 1382 Provinciae
925 1357 953 1381 de

11 1405 38 1421 ¹¹⁸²
47 1407 96 1422 [πθ-
107 1401 246 1433 receptione
264 1401 381 1433 pecuniae
399 1401 496 1426 nomine
515 1400 648 1425 oblationis
666 1400 788 1425 hactenus
800 1400 903 1425 vitiosae
916 1408 953 1425 ex-

15 1431 57 1468 ss‘n'?
65 1431 95 1450 ΡΘ·
107 1444 241 1474 stiterunt,
254 1444 296 1473 ut,
310 1444 374 1475 quod
392 1443 438 1469 1100
455 1451 505 1468 non
518 1443 576 1473 fiat,
591 1443 720 1468 inhibeant
738 1443 844 1468 firmiter
862 1443 888 1468 et
906 1443 953 1467 dis-

107 1488 193 1517 tricte3
213 1487 335 1517 similiter,
355 1487 419 1518 quod
437 1486 601 1511 amoveantur
628 1486 694 1517 cippi
718 1485 743 1510 et
765 1485 857 1510 altaria
882 1493 953 1517 quae—

107 1530 216 1560 stuaria;
237 1530 347 1561 insuper,
366 1529 430 1561 quod
449 1529 475 1554 et
494 1529 564 1560 pueri
582 1529 716 1553 arceantur
733 1528 765 1552 ab
783 1529 895 1553 interiori
917 1528 954 1553 of·-

107 1573 161 1598 ficio
178 1572 330 1597 infirmariae
350 1573 374 1597 et
392 1573 525 1603 coquinae;
553 1571 578 1596 et
602 1571 667 1602 quod
694 1571 896 1596 constitutionem
923 1571 952 1595 de

108 1616 199 1641 clausis
217 1616 321 1640 cameris
340 1623 389 1640 non
408 1615 528 1640 habendis
547 1615 679 1646 diligenter
699 1614 792 1639 faciant
811 1614 951 1644 observari3

106 1659 131 1684 et
149 1659 213 1691 quod
231 1666 246 1683 a
265 1658 354 1683 studiis
373 1658 492 1683 Fratrum
512 1657 659 1683 moveantur
671 1658 801 1682 clausurae
814 1657 867 1682 tam
880 1657 952 1682 ostio-

105 1709 161 1727 rum
179 1709 254 1733 quam
272 1701 422 1726 velaminum
441 1708 659 1732 quorumcumque.
677 1700 714 1725 Ne
728 1701 886 1732 aliquatenus
900 1708 953 1731 per-

105 1744 223 1774 mittant,
242 1744 306 1776 quod
326 1744 441 1769 mulieres
460 1744 590 1769 comedant
605 1744 630 1768 in
644 1744 703 1769 10013
716 1743 843 1768 Fratrum.
857 1743 890 1767 Et
902 1743 952 1767 ista

0 1777 4 1821 1
105 1787 280 1819 paragraphus
298 1787 352 1812 tota
370 1787 479 1818 ponatur
497 1786 543 1811 snb
564 1786 704 1818 praecepto.

0 1828 3 1863 ξ
175 1830 254 1860 Item,
273 1830 397 1859 Ministri,
416 1831 442 1855 in
455 1837 560 1861 quorum
573 1829 711 1855 Provinciis
723 1829 851 1861 inquisitio
864 1829 894 1854 fit
908 1836 951 1860 per

17 1871 90 1915 ῑὲἕὲὶἐῡῑ·
105 1872 207 1898 Fratres
226 1872 313 1898 contra
330 1872 480 1897 haereticam
499 1872 664 1904 pravitatem,
688 1872 824 1897 instituant
848 1872 952 1903 inquisi-

104 1915 171 1941 tores
189 1917 257 1941 viros
274 1916 394 1941 discretos
412 1916 437 1941 et
455 1916 581 1945 maturos,
602 1916 627 1940 et
652 1916 687 1940 eis
710 1923 738 1940 ex
763 1915 834 1946 parte
859 1915 951 1940 domini

104 1959 219 1988 Ioannis,
248 1960 291 1990 qui
319 1960 418 1990 praeest
445 1958 537 1989 officio,
565 1958 678 1984 districte
706 1959 853 1990 iniungant,
885 1958 950 1990 quod

104 2001 281 2034 poenitentiam
300 2002 340 2026 vel
358 2009 462 2033 poenam
491 2002 658 2033 pecuniariam
686 2009 735 2026 non
762 2000 906 2032 imponant3
926 2001 950 2025 et

104 2044 237 2076 iniungant
255 2045 359 2076 eisdem,
379 2045 444 2076 quod
462 2045 491 2069 de
509 2044 617 2075 acceptis
631 2045 655 2069 et
669 2045 782 2075 expensis
794 2044 900 2068 reddant
912 2044 950 2068 de-

103 2087 182 2113 bitam
201 2088 322 2113 rationem
340 2095 422 2113 coram
436 2088 556 2112 Discretis
574 2088 699 2119 aliquibus
712 2095 727 2112 a
739 2087 855 2112 Ministro
868 2087 893 2112 et
906 2087 950 2111 De-

103 2130 245 2156 finitoribus
262 2132 288 2155 in
308 2131 454 2162 provinciali
473 2131 588 2162 Capitulo
607 2131 737 2155 ordinatis.

174 2174 238 2198 Item
247 2193 253 2203 ,
273 2174 408 2199 sollicitent
425 2173 590 2203 confessores,
605 2174 669 2205 quod
682 2180 731 2198 non
744 2173 878 2198 absolvant
891 2180 950 2198 usu-

0 2217 95 2260 ·sfflffildea
105 2216 184 2241 rarios
202 2216 241 2240 vel
261 2216 374 2247 raptores
392 2223 436 2241 nec
454 2216 516 2241 alios
529 2217 560 2241 ad
574 2216 756 2241 restitutionem
769 2216 878 2247 aliquam
892 2216 949 2241 obli-

87 2254 93 2260 '
104 2258 190 2290 gatos,
210 2259 258 2283 nisi
276 2259 346 2290 prius
365 2259 513 2288 restituant,
528 2260 567 2284 vel
586 2259 738 2284 sufficienter
755 2259 860 2284 caveant
873 2259 901 2284 de
915 2266 949 2283 re-

106 2300 230 2326 stituendo
248 2302 318 2326 iuxta
336 2302 466 2326 canonicas
486 2302 633 2326 sanctiones.
649 2316 682 2319 —
694 2301 807 2326 Reddant
820 2302 894 2326 etiam
908 2308 948 2326 eos

0 2325 91 2370 ffiesssslii‘i’s.
105 2344 190 2369 cautos
209 2344 238 2369 de
257 2345 340 2376 sigillo
358 2344 518 2369 confessionis
532 2344 617 2369 stricte
631 2344 765 2373 servando,
779 2344 872 2369 scilicet
884 2344 948 2375 quod

408 219 604 248 OPUSCULUM
625 218 712 246 XVIII.
735 217 1017 248 CONSTITUTIONES
1037 220 1277 249 NARBONENSES,
1299 221 1567 251 ADDITAMENTUM.

1804 223 1860 251 [167

1017 297 1124 326 Fratres
1146 298 1216 327 sicut
1238 298 1264 327 in
1286 299 1362 327 festo.
1386 299 1516 328 Similiter
1537 308 1565 328 se
1588 300 1706 329 habeant
1727 300 1754 328 in
1773 300 1860 329 Missis

1017 344 1203 380 peculiaribus
1223 345 1256 374 de
1278 349 1372 374 sancto
1393 346 1514 382 Spiritu,
1535 346 1569 375 (10
1587 347 1691 380 Cruce,
1719 346 1752 375 de
1780 347 1860 375 beata

1018 390 1142 426 Virgine,
1165 391 1192 419 in
1213 392 1316 428 quibus
1336 392 1464 421 dicantur
1485 393 1577 421 onmia
1591 393 1618 421 in
1634 396 1715 422 cantu
1732 393 1859 427 solemni;

1016 445 1070 465 non
1102 437 1129 465 in
1162 437 1319 466 huiusmodi
1352 439 1439 468 Missis
1463 439 1571 468 dicatur
1596 440 1699 468 Gloria
1720 441 1751 468 in
1771 440 1859 468 excel—

1015 483 1058 511 sis
1079 486 1129 512 etc.

803 621 1045 657 ADDITAMEN
1047 622 1132 657 TUM
1149 617 1169 657 ².

1013 767 1057 784 1100
1075 759 1166 784 directe
1185 761 1223 785 vel
1243 761 1372 790 indirecte,
1387 762 1461 787 verbo
1474 763 1512 787 vel
1529 763 1599 794 signo
1612 763 1705 794 aliquid
1718 763 1814 794 dicant,
1828 764 1857 788 de

1013 809 1060 832 quo
1079 803 1158 833 possit
1177 803 1266 834 aliquis
1285 804 1314 828 de
1334 804 1432 835 peccato
1451 804 1541 830 notari.

1083 845 1161 875 Item,
1181 846 1293 871 districte
1312 847 1466 878 praecipiant
1485 848 1630 877 Fratribus,
1650 849 1715 880 quod
1734 849 1818 874 nullus
1831 850 1857 874 in

1013 888 1107 912 secreta
1125 889 1285 913 collocutione
1304 890 1397 921 aliquid
1416 890 1481 915 dicat
1493 891 1533 915 vel
1545 891 1631 915 audiat
1644 891 1690 916 sub
1703 892 1785 923 sigillo
1798 899 1856 917 con-

1012 930 1139 961 fessionis,
1159 932 1223 962 quod
1242 932 1330 963 vergat
1349 933 1374 957 in
1392 933 1519 958 infamiam
1538 934 1654 963 alicuius,
1668 934 1707 959 vel
1720 935 1784 966 quod
1803 942 1857 965 pos-

1012 973 1045 997 sit
1062 974 1128 998 inter
1148 974 1249 999 Fratres
1268 975 1444 1000 dissensionem
1463 976 1571 1007 aliquam
1590 984 1717 1007 generare.

1082 1016 1160 1046 Item,
1180 1017 1289 1042 Ministri
1308 1018 1436 1048 ordinent,
1456 1019 1521 1049 quod
1534 1019 1636 1043 Fratres
1650 1019 1741 1044 sileant
1753 1020 1778 1044 in
1792 1027 1856 1045 men·
1874 1025 1900 1044 De
1913 1025 1995 1044 silentio.

1011 1059 1045 1083 sis
1064 1059 1134 1083 extra
1154 1059 1322 1090 refectorium,
1344 1061 1368 1085 et
1387 1062 1491 1086 maxime
1511 1062 1536 1086 in
1562 1062 1653 1086 mensis
1678 1063 1855 1092 saecularium,

1012 1101 1047 1125 ita
1065 1101 1129 1132 quod
1148 1109 1212 1126 unus
1230 1102 1329 1127 tantum
1348 1103 1473 1134 loquatur,
1492 1104 1540 1128 nisi
1568 1104 1631 1129 forte
1656 1112 1685 1129 ex
1712 1105 1857 1130 rationabili

1010 1151 1085 1168 causa
1104 1144 1231 1175 oporteat,
1250 1152 1291 1170 eos
1309 1145 1340 1170 ad
1359 1146 1514 1177 interrogata
1532 1146 1641 1171 breviter
1660 1147 1816 1178 respondere.

1080 1187 1159 1218 Item,
1179 1188 1281 1218 propter
1300 1188 1402 1213 vitanda
1422 1189 1532 1220 pericula
1559 1190 1687 1219 volumus,
1716 1190 1780 1221 quod
1804 1198 1854 1215 non
1874 1197 1899 1215 oe
1913 1196 2000 1215 Vicariis.

1011 1230 1103 1260 passim
1122 1230 1233 1255 Vicarios
1246 1230 1395 1260 Guardiani,
1408 1239 1463 1256 cum
1476 1232 1505 1256 de
1518 1232 1588 1257 domo
1602 1233 1705 1264 exeunt,
1719 1233 1855 1258 instituant

1010 1273 1057 1297 nisi
1075 1272 1156 1297 certas
1176 1281 1294 1304 personas
1313 1274 1433 1299 discretas
1451 1275 1525 1306 atque
1538 1282 1651 1304 securas,
1665 1276 1690 1300 et
1702 1276 1747 1301 hoc
1760 1276 1789 1301 de
1802 1284 1855 1301 suo-

1009 1322 1064 1339 rum
1082 1315 1255 1340 Ministroruin
1274 1317 1375 1341 consilio
1395 1317 1433 1341 vel
1453 1317 1597 1342 Custodum.

1079 1358 1158 1387 Item,
1178 1358 1273 1383 inhibet
1290 1360 1414 1390 generalis
1442 1360 1556 1385 Minister
1575 1360 1721 1390 Fratribus,
1749 1361 1778 1385 ut
1805 1368 1854 1386 non
1871 1367 1936 1393 Quqau
1948 1367 1986 1385 cia-

1008 1400 1168 1425 dissuadeant
1186 1401 1316 1426 Sororibus
1335 1402 1435 1427 sanctae
1455 1403 1542 1427 Clarae
1560 1403 1589 1427 de
1615 1403 1753 1434 receptione
1776 1404 1854 1435 Regu-
1896 1395 1961 1409 ”⁵⁵³⁵

1008 1444 1060 1473 lae,
1080 1444 1153 1469 immo
1172 1444 1323 1469 contrarium
1344 1445 1477 1474 suadeant,
1498 1446 1522 1470 01
1550 1446 1618 1475 vult,
1647 1447 1711 1477 quod
1738 1446 1854 1472 Minister

1007 1487 1099 1511 habeat
1118 1495 1159 1512 eas
1178 1488 1388 1513 recommendatas
1407 1488 1437 1514 ob
1456 1489 1620 1514 reverentiam
1639 1489 1684 1514 Dei
1703 1489 1728 1514 et
1752 1497 1852 1515 venera-

1008 1530 1064 1554 bilis
1083 1530 1167 1554 Patris
1186 1530 1277 1555 domini
1296 1531 1437 1556 cardinalis.

1078 1573 1224 1604 Iniungitur
1242 1574 1316 1598 etiam
1329 1574 1452 1598 Ministris
1465 1582 1493 1598 ex
1507 1574 1578 1605 parte
1591 1575 1715 1606 generalis
1729 1575 1852 1606 Capituli,
1882 1584 1980 1603 Generalis

1007 1615 1071 1646 quod
1091 1615 1142 1639 tam
1162 1623 1205 1646 per
1224 1623 1249 1640 se
1268 1623 1341 1647 quam
1361 1623 1404 1647 per
1418 1616 1537 1641 Custodes
1550 1616 1575 1641 et
1588 1617 1742 1642 Guardianos
1756 1617 1854 1642 statuta
1886 1608 1971 1626 monnio.

1007 1658 1107 1683 Ordinis
1126 1658 1238 1683 strictius
1257 1659 1330 1683 solito
1349 1659 1442 1684 faciant
1453 1659 1461 1671 '¹
1491 1660 1630 1689 observari,
1660 1668 1704 1691 pro
1732 1668 1759 1686 eo
1787 1661 1852 1692 quod

1007 1701 1073 1732 apud
1092 1709 1196 1733 magnas
1215 1709 1333 1732 personas
1352 1702 1417 1727 Ordo
1436 1703 1461 1727 in
1482 1710 1597 1734 magnum
1618 1703 1772 1735 dignoscitur
1785 1704 1854 1729 deve-

1007 1744 1060 1769 nire
1079 1744 1255 1776 contemptum.

1192 1811 1376 1837 RESPONSIONES
1395 1819 1426 1836 AD
1446 1819 1660 1838 CONSULTATIONES
1664 1832 1668 1837 .

1077 1874 1190 1898 Vicarius
1209 1874 1317 1898 Ministri
1337 1874 1421 1905 potest
1439 1874 1566 1899 absolvere
1579 1875 1610 1899 ab
1624 1875 1674 1899 illis
1687 1875 1794 1906 quinque
1807 1875 1851 1900 dif-
1863 1883 1928 1906 Quoad
1937 1888 1997 1902 reser-

1006 1917 1118 1942 ferentiis
1138 1917 1307 1947 peccatorum,
1327 1924 1389 1948 quae
1408 1917 1531 1941 Ministris
1544 1917 1734 1948 relinquuntur,
1748 1925 1796 1942 non
1810 1925 1851 1942 au·
1904 1908 1953 1925 ’ψ’

1006 1960 1056 1984 tem
1076 1960 1181 1990 possunt
1198 1959 1301 1984 Fratres
1321 1960 1352 1984 ad
1371 1967 1454 1985 sacros
1473 1960 1570 1985 ordines
1593 1960 1672 1985 facere
1697 1961 1849 1991 promoveri,

1005 2009 1049 2026 nec
1068 2002 1096 2026 de
1115 2002 1167 2026 loco
1186 2002 1217 2026 ad
1235 2002 1315 2027 locum
1334 2002 1437 2027 Fratres
1456 2002 1552 2027 mutare
1571 2003 1619 2027 11131
1637 2010 1666 2027 ex
1684 2010 1759 2028 causa
1771 2010 1851 2028 neces-

1006 2045 1085 2074 saria,
1105 2052 1149 2069 nec
1168 2045 1199 2069 ad
1217 2044 1333 2069 Ordinem
1352 2046 1459 2076 recipere
1484 2045 1523 2070 vel
1542 2045 1626 2070 eiicere
1654 2046 1702 2070 iam
1722 2046 1850 2078 receptos3

1006 2088 1112 2119 possunt
1130 2088 1213 2112 tamen
1232 2088 1361 2118 peccantes
1380 2089 1476 2119 punire.

1075 2131 1153 2160 Item,
1173 2131 1324 2156 Visitatores
1342 2138 1391 2156 non
1411 2131 1517 2162 possunt
1535 2132 1663 2157 absolvere
1677 2132 1797 2157 Custodes
1810 2133 1850 2157 vel

1005 2174 1161 2199 Guardianos
1185 2174 1216 2198 ad
1244 2174 1395 2199 monasteria
1414 2175 1448 2198 ire
1460 2173 1481 2203 ⁵,
1504 2175 1553 2199 11131
1571 2175 1705 2200 habuerint
1723 2175 1849 2200 licentiam

1005 2217 1144 2247 specialem.

1074 2259 1176 2283 Festum
1196 2259 1276 2284 sancti
1295 2259 1415 2283 Bernardi
1434 2259 1479 2283 fiat
1498 2259 1637 2284 immediate
1657 2260 1714 2291 post
1730 2260 1848 2285 Octavam
1884 2268 1910 2286 ne
1924 2269 1985 2295 resto¹

1004 2301 1185 2331 Assumtionis,
1204 2302 1251 2326 nisi
1271 2302 1397 2326 Dominica
1416 2302 1553 2333 impediret.
1573 2302 1607 2327 Et
1625 2303 1711 2328 sancta
1731 2303 1805 2328 Clara
1821 2303 1849 2328 in
1865 2292 1993 2310 S'B⁰‘⁰⁸¹‘¹¹'

1004 2344 1099 2368 litaniis
1119 2344 1143 2368 in
1162 2344 1269 2369 Sabbato
1289 2344 1374 2369 sancto
1394 2345 1501 2376 ponatur
1520 2345 1545 2369 et
1563 2346 1588 2370 in
1607 2346 1664 2370 alia.

168 2551 176 2564 ¹
195 2552 252 2573 Vide
270 2558 339 2579 supra
357 2558 411 2580 pag.
430 2551 486 2578 464,
504 2551 575 2574 Rubr.
593 2552 639 2574 xit.

168 2582 177 2595 ²
194 2584 325 2611 Sequuntur
343 2583 363 2604 in
381 2583 432 2604 cod.
450 2583 498 2604 sine
521 2589 579 2605 nova
606 2583 752 2610 inscriptione
777 2583 818 2604 alia
842 2582 946 2608 decreta,

106 2619 165 2642 quae
182 2614 325 2636 attribuenda
343 2614 451 2636 videntur
468 2620 512 2636 non
531 2613 678 2640 Narbonensi,
695 2614 734 2636 sed
749 2613 867 2641 posteriori
880 2614 947 2635 0111111

106 2644 218 2672 Capitulo.
233 2646 372 2667 Auctoritate
388 2644 554 2667 chronicorum
573 2645 656 2667 Nic-olai
672 2645 819 2671 utassberger
832 2645 945 2671 (Analecta

106 2675 184 2697 Franc.
197 2677 220 2698 ΙΙ.
232 2682 285 2704 pag.
298 2676 337 2705 85)
350 2677 377 2698 cl.
391 2677 411 2698 ΡΔ
424 2677 489 2698 Etii'le
502 2677 523 2698 S.
536 2677 550 2698 Ι.
563 2676 616 2704 (100.
627 2676 663 2698 cit,
677 2682 729 2703 pag.
743 2675 771 2697 42
784 2682 839 2704 seqq
851 2678 857 2703 J
871 2678 946 2703 putat,

1003 2554 1155 2573 memoratum
1173 2551 1303 2579 Capitulum
1321 2552 1391 2574 fuisse
1408 2552 1560 2579 Lugdunense
1577 2559 1613 2575 an.
1635 2552 1698 2574 1274.
1716 2553 1771 2575 Hinc
1788 2560 1848 2582 quae

1003 2586 1144 2611 sequuntur,
1162 2586 1241 2610 utpote
1259 2582 1406 2610 probabiliter
1423 2583 1480 2605 alius
1498 2584 1607 2611 auctoris,
1625 2584 1745 2611 posuimus
1764 2584 1785 2606 in
1804 2585 1848 2606 Ad-

1004 2614 1136 2636 ditamento.
1756 2614 1765 2627 ³
1786 2616 1802 2637 E
1818 2617 1847 2638 et.

1067 2644 1075 2656 ⁴
1093 2645 1109 2666 Ε
1125 2644 1206 2673 facuit.

1067 2675 1075 2687 ⁵
1093 2676 1108 2697 Ε
1127 2675 1210 2699 renti-e.
