<?xml version="1.0" encoding="UTF-8"?>
<!DOCTYPE html PUBLIC "-//W3C//DTD XHTML 1.0 Transitional//EN"
    "http://www.w3.org/TR/xhtml1/DTD/xhtml1-transitional.dtd">
<html xmlns="http://www.w3.org/1999/xhtml" xml:lang="en" lang="en">
 <head>
  <title>
</title>
<meta http-equiv="Content-Type" content="text/html;charset=utf-8" />
  <meta name='ocr-system' content='tesseract 3.04.00' />
  <meta name='ocr-capabilities' content='ocr_page ocr_carea ocr_par ocr_line ocrx_word'/>
</head>
<body>
  <div class='ocr_page' id='page_1' title='image "./doctorisseraphic08bona_0655.png"; bbox 0 0 2133 3317; ppageno 0'>
   <div class='ocr_carea' id='block_1_1' title="bbox 0 118 76 2855">
    <p class='ocr_par' dir='ltr' id='par_1_1' title="bbox 0 118 76 2855">
     <span class='ocr_line' id='line_1_1' title="bbox 0 118 76 2855; baseline 0 0"><span class='ocrx_word' id='word_1_1' title='bbox 0 118 76 2855; x_wconf 95' lang='lat' dir='ltr'> </span> 
     </span>
    </p>
   </div>
   <div class='ocr_carea' id='block_1_2' title="bbox 12 2705 13 3242">
    <p class='ocr_par' dir='ltr' id='par_1_2' title="bbox 12 2705 13 3242">
     <span class='ocr_line' id='line_1_2' title="bbox 12 2705 13 3242; baseline 0 0"><span class='ocrx_word' id='word_1_2' title='bbox 12 2705 13 3242; x_wconf 95' lang='lat' dir='ltr'> </span> 
     </span>
    </p>
   </div>
   <div class='ocr_carea' id='block_1_3' title="bbox 465 227 1444 258">
    <p class='ocr_par' dir='ltr' id='par_1_3' title="bbox 465 227 1444 258">
     <span class='ocr_line' id='line_1_3' title="bbox 465 227 1444 258; baseline -0.002 0"><span class='ocrx_word' id='word_1_3' title='bbox 465 229 665 258; x_wconf 85' lang='lat' dir='ltr'>OPUSCULUM</span> <span class='ocrx_word' id='word_1_4' title='bbox 687 227 775 256; x_wconf 81' lang='lat' dir='ltr'>XXIII.</span> <span class='ocrx_word' id='word_1_5' title='bbox 798 227 949 256; x_wconf 72' lang='lat' dir='ltr'>LEGENDA</span> <span class='ocrx_word' id='word_1_6' title='bbox 971 227 1086 256; x_wconf 80' lang='lat' dir='ltr'>SANCTI</span> <span class='ocrx_word' id='word_1_7' title='bbox 1105 228 1278 256; x_wconf 80' lang='lat' dir='ltr'>FRANClSCl.</span> <span class='ocrx_word' id='word_1_8' title='bbox 1300 227 1369 256; x_wconf 76' lang='lat' dir='ltr'>CAP.</span> <span class='ocrx_word' id='word_1_9' title='bbox 1391 227 1444 256; x_wconf 84' lang='lat' dir='ltr'>Vll.</span> 
     </span>
    </p>
   </div>
   <div class='ocr_carea' id='block_1_4' title="bbox 1775 228 1830 257">
    <p class='ocr_par' dir='ltr' id='par_1_4' title="bbox 1775 228 1830 257">
     <span class='ocr_line' id='line_1_4' title="bbox 1775 228 1830 257; baseline 0.036 -2"><span class='ocrx_word' id='word_1_10' title='bbox 1775 228 1830 257; x_wconf 72' lang='lat'>523</span> 
     </span>
    </p>
   </div>
   <div class='ocr_carea' id='block_1_5' title="bbox 838 378 1074 406">
    <p class='ocr_par' dir='ltr' id='par_1_5' title="bbox 838 378 1074 406">
     <span class='ocr_line' id='line_1_5' title="bbox 838 378 1074 406; baseline 0 0"><span class='ocrx_word' id='word_1_11' title='bbox 838 378 999 406; x_wconf 65' lang='lat' dir='ltr'>CamroLou</span> <span class='ocrx_word' id='word_1_12' title='bbox 1020 378 1074 406; x_wconf 85' lang='lat' dir='ltr'>Vll.</span> 
     </span>
    </p>
   </div>
   <div class='ocr_carea' id='block_1_6' title="bbox 494 498 1418 537">
    <p class='ocr_par' dir='ltr' id='par_1_6' title="bbox 494 498 1418 537">
     <span class='ocr_line' id='line_1_6' title="bbox 494 498 1418 537; baseline -0.001 -8"><span class='ocrx_word' id='word_1_13' title='bbox 494 501 532 529; x_wconf 80' lang='lat' dir='ltr'>De</span> <span class='ocrx_word' id='word_1_14' title='bbox 553 509 654 529; x_wconf 76' lang='lat' dir='ltr'>amore</span> <span class='ocrx_word' id='word_1_15' title='bbox 673 500 859 537; x_wconf 75' lang='lat' dir='ltr'>paupertatis</span> <span class='ocrx_word' id='word_1_16' title='bbox 880 503 905 528; x_wconf 81' lang='lat' dir='ltr'>et</span> <span class='ocrx_word' id='word_1_17' title='bbox 926 499 1006 528; x_wconf 79' lang='lat' dir='ltr'>mira</span> <span class='ocrx_word' id='word_1_18' title='bbox 1026 499 1203 536; x_wconf 71' lang='lat' dir='ltr'><em>suppletione</em></span> <span class='ocrx_word' id='word_1_19' title='bbox 1224 498 1388 536; x_wconf 72' lang='lat' dir='ltr'><em>defectuum</em></span> <span class='ocrx_word' id='word_1_20' title='bbox 1401 501 1418 528; x_wconf 81' lang='lat'>¹.</span> 
     </span>
    </p>
   </div>
   <div class='ocr_carea' id='block_1_7' title="bbox 37 633 929 1608">
    <p class='ocr_par' dir='ltr' id='par_1_7' title="bbox 37 633 929 1608">
     <span class='ocr_line' id='line_1_7' title="bbox 165 633 929 671; baseline -0.003 -7"><span class='ocrx_word' id='word_1_21' title='bbox 165 637 188 664; x_wconf 90' lang='grc'>1.</span> <span class='ocrx_word' id='word_1_22' title='bbox 211 635 284 664; x_wconf 81' lang='lat' dir='ltr'><strong>Inter</strong></span> <span class='ocrx_word' id='word_1_23' title='bbox 304 638 396 664; x_wconf 88' lang='lat' dir='ltr'>cetera</span> <span class='ocrx_word' id='word_1_24' title='bbox 416 634 614 663; x_wconf 79' lang='lat' dir='ltr'><strong>charismatum</strong></span> <span class='ocrx_word' id='word_1_25' title='bbox 629 634 713 668; x_wconf 88' lang='lat' dir='ltr'>dona,</span> <span class='ocrx_word' id='word_1_26' title='bbox 729 641 800 671; x_wconf 89' lang='lat' dir='ltr'>quae</span> <span class='ocrx_word' id='word_1_27' title='bbox 815 642 830 662; x_wconf 88' lang='lat' dir='ltr'>a</span> <span class='ocrx_word' id='word_1_28' title='bbox 853 633 929 670; x_wconf 88' lang='lat' dir='ltr'>largo</span> 
     </span>
     <span class='ocr_line' id='line_1_8' title="bbox 84 680 928 718; baseline -0.006 -5"><span class='ocrx_word' id='word_1_29' title='bbox 84 685 184 713; x_wconf 91' lang='lat' dir='ltr'>Datore</span> <span class='ocrx_word' id='word_1_30' title='bbox 202 682 364 711; x_wconf 90' lang='lat' dir='ltr'>Franciscus</span> <span class='ocrx_word' id='word_1_31' title='bbox 377 681 512 714; x_wconf 81' lang='lat' dir='ltr'>obtinuit,</span> <span class='ocrx_word' id='word_1_32' title='bbox 528 681 720 718; x_wconf 85' lang='lat' dir='ltr'>praerogativa</span> <span class='ocrx_word' id='word_1_33' title='bbox 734 680 852 718; x_wconf 88' lang='lat' dir='ltr'>quadam</span> <span class='ocrx_word' id='word_1_34' title='bbox 868 688 928 717; x_wconf 88' lang='lat' dir='ltr'>spe-</span> 
     </span>
     <span class='ocr_line' id='line_1_9' title="bbox 84 727 928 766; baseline -0.005 -7"><span class='ocrx_word' id='word_1_35' title='bbox 84 730 142 760; x_wconf 85' lang='lat' dir='ltr'>ciali</span> <span class='ocrx_word' id='word_1_36' title='bbox 162 729 317 766; x_wconf 80' lang='lat' dir='ltr'>promeruit</span> <span class='ocrx_word' id='word_1_37' title='bbox 335 729 361 757; x_wconf 93' lang='lat' dir='ltr'>in</span> <span class='ocrx_word' id='word_1_38' title='bbox 380 728 501 757; x_wconf 70' lang='lat' dir='ltr'>divitias</span> <span class='ocrx_word' id='word_1_39' title='bbox 521 727 717 765; x_wconf 71' lang='lat' dir='ltr'><em>simplicitatis</em></span> <span class='ocrx_word' id='word_1_40' title='bbox 733 728 744 744; x_wconf 83' lang='lat'>²</span> <span class='ocrx_word' id='word_1_41' title='bbox 765 735 928 756; x_wconf 83' lang='lat' dir='ltr'>excrescere</span> 
     </span>
     <span class='ocr_line' id='line_1_10' title="bbox 84 773 928 814; baseline -0.005 -9"><span class='ocrx_word' id='word_1_42' title='bbox 84 784 133 814; x_wconf 88' lang='lat' dir='ltr'>per</span> <span class='ocrx_word' id='word_1_43' title='bbox 147 775 294 804; x_wconf 80' lang='lat' dir='ltr'>altissimae</span> <span class='ocrx_word' id='word_1_44' title='bbox 309 774 480 811; x_wconf 79' lang='lat' dir='ltr'>paupertatis</span> <span class='ocrx_word' id='word_1_45' title='bbox 494 781 624 802; x_wconf 89' lang='lat' dir='ltr'>amorem.</span> <span class='ocrx_word' id='word_1_46' title='bbox 641 774 714 802; x_wconf 88' lang='lat' dir='ltr'>Hanc</span> <span class='ocrx_word' id='word_1_47' title='bbox 729 773 794 801; x_wconf 89' lang='lat' dir='ltr'>Filio</span> <span class='ocrx_word' id='word_1_48' title='bbox 815 773 862 801; x_wconf 92' lang='lat' dir='ltr'>Dei</span> <span class='ocrx_word' id='word_1_49' title='bbox 885 773 928 801; x_wconf 93' lang='lat' dir='ltr'>vir</span> 
     </span>
     <span class='ocr_line' id='line_1_11' title="bbox 49 819 928 857; baseline -0.006 -5"><span class='ocrx_word' id='word_1_50' title='bbox 49 828 56 856; x_wconf 75' lang='grc' dir='ltr'><em>ζ</em></span> <span class='ocrx_word' id='word_1_51' title='bbox 84 826 195 852; x_wconf 86' lang='lat' dir='ltr'>sanctus</span> <span class='ocrx_word' id='word_1_52' title='bbox 215 822 377 850; x_wconf 75' lang='lat' dir='ltr'>familiarem</span> <span class='ocrx_word' id='word_1_53' title='bbox 399 820 542 849; x_wconf 88' lang='lat' dir='ltr'>attendens</span> <span class='ocrx_word' id='word_1_54' title='bbox 563 824 590 848; x_wconf 89' lang='lat' dir='ltr'>et</span> <span class='ocrx_word' id='word_1_55' title='bbox 611 820 664 848; x_wconf 86' lang='lat' dir='ltr'>iam</span> <span class='ocrx_word' id='word_1_56' title='bbox 686 820 764 857; x_wconf 87' lang='lat' dir='ltr'>quasi</span> <span class='ocrx_word' id='word_1_57' title='bbox 787 822 843 847; x_wconf 91' lang='lat' dir='ltr'>toto</span> <span class='ocrx_word' id='word_1_58' title='bbox 861 819 928 847; x_wconf 91' lang='lat' dir='ltr'>orbe</span> 
     </span>
     <span class='ocr_line' id='line_1_12' title="bbox 37 861 927 907; baseline -0.006 -8"><span class='ocrx_word' id='word_1_59' title='bbox 37 861 63 895; x_wconf 66' lang='grc'>-”</span> <span class='ocrx_word' id='word_1_60' title='bbox 84 869 239 907; x_wconf 84' lang='lat' dir='ltr'><strong>repulsam,</strong></span> <span class='ocrx_word' id='word_1_61' title='bbox 261 868 385 897; x_wconf 75' lang='lat' dir='ltr'>caritate</span> <span class='ocrx_word' id='word_1_62' title='bbox 406 867 444 896; x_wconf 87' lang='lat' dir='ltr'>sic</span> <span class='ocrx_word' id='word_1_63' title='bbox 465 867 571 895; x_wconf 85' lang='lat' dir='ltr'><strong>studuit</strong></span> <span class='ocrx_word' id='word_1_64' title='bbox 585 867 751 903; x_wconf 79' lang='lat' dir='ltr'>desponsare</span> <span class='ocrx_word' id='word_1_65' title='bbox 766 869 927 903; x_wconf 77' lang='lat' dir='ltr'>perpetua,</span> 
     </span>
     <span class='ocr_line' id='line_1_13' title="bbox 84 913 927 954; baseline -0.005 -9"><span class='ocrx_word' id='word_1_66' title='bbox 84 916 156 954; x_wconf 89' lang='lat' dir='ltr'>quod</span> <span class='ocrx_word' id='word_1_67' title='bbox 178 923 231 944; x_wconf 92' lang='lat' dir='ltr'>non</span> <span class='ocrx_word' id='word_1_68' title='bbox 254 915 343 943; x_wconf 90' lang='lat' dir='ltr'>solum</span> <span class='ocrx_word' id='word_1_69' title='bbox 365 922 415 951; x_wconf 90' lang='lat' dir='ltr'>pro</span> <span class='ocrx_word' id='word_1_70' title='bbox 435 921 467 942; x_wconf 89' lang='lat' dir='ltr'>ea</span> <span class='ocrx_word' id='word_1_71' title='bbox 488 917 594 950; x_wconf 87' lang='lat' dir='ltr'>patrem</span> <span class='ocrx_word' id='word_1_72' title='bbox 617 916 790 950; x_wconf 90' lang='lat' dir='ltr'>matremque</span> <span class='ocrx_word' id='word_1_73' title='bbox 806 913 927 950; x_wconf 89' lang='lat' dir='ltr'>reliquit,</span> 
     </span>
     <span class='ocr_line' id='line_1_14' title="bbox 84 960 926 998; baseline -0.006 -6"><span class='ocrx_word' id='word_1_74' title='bbox 84 970 181 992; x_wconf 88' lang='lat' dir='ltr'>verum</span> <span class='ocrx_word' id='word_1_75' title='bbox 202 962 284 991; x_wconf 88' lang='lat' dir='ltr'>etiam</span> <span class='ocrx_word' id='word_1_76' title='bbox 305 969 377 998; x_wconf 89' lang='lat' dir='ltr'>quae</span> <span class='ocrx_word' id='word_1_77' title='bbox 403 961 504 989; x_wconf 86' lang='lat' dir='ltr'>habere</span> <span class='ocrx_word' id='word_1_78' title='bbox 526 960 616 997; x_wconf 89' lang='lat' dir='ltr'>potuit</span> <span class='ocrx_word' id='word_1_79' title='bbox 636 960 767 988; x_wconf 86' lang='lat' dir='ltr'>universa</span> <span class='ocrx_word' id='word_1_80' title='bbox 788 960 926 996; x_wconf 79' lang='lat' dir='ltr'>dispersit.</span> 
     </span>
     <span class='ocr_line' id='line_1_15' title="bbox 83 1007 928 1045; baseline -0.006 -6"><span class='ocrx_word' id='word_1_81' title='bbox 83 1010 166 1039; x_wconf 89' lang='lat' dir='ltr'>Nemo</span> <span class='ocrx_word' id='word_1_82' title='bbox 187 1012 242 1037; x_wconf 91' lang='lat' dir='ltr'>tam</span> <span class='ocrx_word' id='word_1_83' title='bbox 263 1008 324 1037; x_wconf 88' lang='lat' dir='ltr'>auri</span> <span class='ocrx_word' id='word_1_84' title='bbox 346 1016 429 1045; x_wconf 91' lang='lat' dir='ltr'>quam</span> <span class='ocrx_word' id='word_1_85' title='bbox 451 1007 509 1044; x_wconf 89' lang='lat' dir='ltr'>ipse</span> <span class='ocrx_word' id='word_1_86' title='bbox 530 1007 649 1044; x_wconf 87' lang='lat' dir='ltr'>cupidus</span> <span class='ocrx_word' id='word_1_87' title='bbox 671 1007 855 1043; x_wconf 76' lang='lat' dir='ltr'>paupertatis,</span> <span class='ocrx_word' id='word_1_88' title='bbox 878 1014 928 1035; x_wconf 87' lang='lat' dir='ltr'>nec</span> 
     </span>
     <span class='ocr_line' id='line_1_16' title="bbox 83 1053 928 1090; baseline -0.006 -4"><span class='ocrx_word' id='word_1_89' title='bbox 83 1056 206 1086; x_wconf 81' lang='lat' dir='ltr'>thesauri</span> <span class='ocrx_word' id='word_1_90' title='bbox 229 1054 399 1084; x_wconf 88' lang='lat' dir='ltr'>custodiendi</span> <span class='ocrx_word' id='word_1_91' title='bbox 421 1054 563 1083; x_wconf 78' lang='lat' dir='ltr'>sollicitior</span> <span class='ocrx_word' id='word_1_92' title='bbox 584 1054 660 1082; x_wconf 89' lang='grc'><strong>1111113</strong></span> <span class='ocrx_word' id='word_1_93' title='bbox 686 1061 769 1090; x_wconf 86' lang='lat' dir='ltr'>quam</span> <span class='ocrx_word' id='word_1_94' title='bbox 803 1053 853 1081; x_wconf 87' lang='lat' dir='ltr'>iste</span> <span class='ocrx_word' id='word_1_95' title='bbox 876 1053 928 1081; x_wconf 89' lang='lat' dir='ltr'>hu-</span> 
     </span>
     <span class='ocr_line' id='line_1_17' title="bbox 83 1100 928 1139; baseline -0.005 -7"><span class='ocrx_word' id='word_1_96' title='bbox 83 1104 127 1133; x_wconf 92' lang='lat' dir='ltr'>ius</span> <span class='ocrx_word' id='word_1_97' title='bbox 147 1101 320 1139; x_wconf 87' lang='lat' dir='ltr'>evangelicae</span> <span class='ocrx_word' id='word_1_98' title='bbox 342 1101 508 1138; x_wconf 78' lang='lat' dir='ltr'>margaritae</span> <span class='ocrx_word' id='word_1_99' title='bbox 519 1100 539 1128; x_wconf 86' lang='lat'>³.</span> <span class='ocrx_word' id='word_1_100' title='bbox 562 1100 591 1129; x_wconf 93' lang='lat' dir='ltr'>ln</span> <span class='ocrx_word' id='word_1_101' title='bbox 612 1100 664 1128; x_wconf 87' lang='lat' dir='ltr'>hoc</span> <span class='ocrx_word' id='word_1_102' title='bbox 686 1100 835 1137; x_wconf 75' lang='lat' dir='ltr'>praecipue</span> <span class='ocrx_word' id='word_1_103' title='bbox 859 1108 928 1129; x_wconf 90' lang='grc'><strong>311113</strong></span> 
     </span>
     <span class='ocr_line' id='line_1_18' title="bbox 83 1146 927 1185; baseline -0.006 -6"><span class='ocrx_word' id='word_1_104' title='bbox 83 1149 273 1179; x_wconf 84' lang='lat' dir='ltr'>offendebatur</span> <span class='ocrx_word' id='word_1_105' title='bbox 293 1151 437 1185; x_wconf 85' lang='lat' dir='ltr'>aspectus,</span> <span class='ocrx_word' id='word_1_106' title='bbox 459 1147 481 1177; x_wconf 91' lang='lat' dir='ltr'>si</span> <span class='ocrx_word' id='word_1_107' title='bbox 503 1147 654 1184; x_wconf 83' lang='lat' dir='ltr'>quidquam</span> <span class='ocrx_word' id='word_1_108' title='bbox 682 1146 788 1175; x_wconf 88' lang='lat' dir='ltr'>videret</span> <span class='ocrx_word' id='word_1_109' title='bbox 808 1146 835 1175; x_wconf 89' lang='lat' dir='ltr'>in</span> <span class='ocrx_word' id='word_1_110' title='bbox 864 1147 927 1175; x_wconf 63' lang='lat' dir='ltr'>Fra&lt;</span> 
     </span>
     <span class='ocr_line' id='line_1_19' title="bbox 83 1194 926 1233; baseline -0.006 -7"><span class='ocrx_word' id='word_1_111' title='bbox 83 1196 189 1230; x_wconf 86' lang='lat' dir='ltr'>tribus,</span> <span class='ocrx_word' id='word_1_112' title='bbox 210 1195 284 1233; x_wconf 91' lang='lat' dir='ltr'>quod</span> <span class='ocrx_word' id='word_1_113' title='bbox 306 1195 461 1232; x_wconf 89' lang='lat' dir='ltr'>paupertati</span> <span class='ocrx_word' id='word_1_114' title='bbox 484 1202 538 1222; x_wconf 92' lang='lat' dir='ltr'>non</span> <span class='ocrx_word' id='word_1_115' title='bbox 570 1202 620 1231; x_wconf 91' lang='lat' dir='ltr'>per</span> <span class='ocrx_word' id='word_1_116' title='bbox 641 1194 733 1222; x_wconf 89' lang='lat' dir='ltr'>omnia</span> <span class='ocrx_word' id='word_1_117' title='bbox 754 1197 926 1222; x_wconf 85' lang='lat' dir='ltr'>consonaret.</span> 
     </span>
     <span class='ocr_line' id='line_1_20' title="bbox 83 1240 926 1279; baseline -0.005 -7"><span class='ocrx_word' id='word_1_118' title='bbox 83 1244 120 1272; x_wconf 87' lang='lat' dir='ltr'>Re</span> <span class='ocrx_word' id='word_1_119' title='bbox 134 1251 201 1272; x_wconf 89' lang='lat' dir='ltr'>vera</span> <span class='ocrx_word' id='word_1_120' title='bbox 215 1243 273 1279; x_wconf 91' lang='lat' dir='ltr'>ipse</span> <span class='ocrx_word' id='word_1_121' title='bbox 287 1250 303 1270; x_wconf 93' lang='lat' dir='ltr'>a</span> <span class='ocrx_word' id='word_1_122' title='bbox 324 1241 460 1278; x_wconf 90' lang='lat' dir='ltr'>principio</span> <span class='ocrx_word' id='word_1_123' title='bbox 481 1241 628 1278; x_wconf 82' lang='lat' dir='ltr'>Religionis</span> <span class='ocrx_word' id='word_1_124' title='bbox 649 1249 739 1278; x_wconf 86' lang='lat' dir='ltr'>usque</span> <span class='ocrx_word' id='word_1_125' title='bbox 753 1240 786 1269; x_wconf 89' lang='lat' dir='ltr'>ad</span> <span class='ocrx_word' id='word_1_126' title='bbox 808 1244 926 1269; x_wconf 91' lang='lat' dir='ltr'>mortem</span> 
     </span>
     <span class='ocr_line' id='line_1_21' title="bbox 83 1287 928 1324; baseline -0.005 -5"><span class='ocrx_word' id='word_1_127' title='bbox 83 1290 191 1324; x_wconf 90' lang='lat' dir='ltr'>tunica,</span> <span class='ocrx_word' id='word_1_128' title='bbox 212 1289 346 1318; x_wconf 78' lang='lat' dir='ltr'>chordula</span> <span class='ocrx_word' id='word_1_129' title='bbox 368 1291 395 1317; x_wconf 92' lang='lat' dir='ltr'>et</span> <span class='ocrx_word' id='word_1_130' title='bbox 415 1288 594 1317; x_wconf 83' lang='lat' dir='ltr'>femoralibus</span> <span class='ocrx_word' id='word_1_131' title='bbox 615 1287 706 1321; x_wconf 89' lang='lat' dir='ltr'>dives,</span> <span class='ocrx_word' id='word_1_132' title='bbox 728 1287 761 1315; x_wconf 89' lang='lat' dir='ltr'>iis</span> <span class='ocrx_word' id='word_1_133' title='bbox 782 1290 928 1316; x_wconf 84' lang='lat' dir='ltr'>contentus</span> 
     </span>
     <span class='ocr_line' id='line_1_22' title="bbox 85 1334 928 1372; baseline -0.004 -7"><span class='ocrx_word' id='word_1_134' title='bbox 85 1337 143 1366; x_wconf 81' lang='lat' dir='ltr'>fuit.</span> <span class='ocrx_word' id='word_1_135' title='bbox 165 1353 204 1357; x_wconf 85' lang='lat'>——</span> <span class='ocrx_word' id='word_1_136' title='bbox 224 1336 326 1365; x_wconf 86' lang='lat' dir='ltr'>Christi</span> <span class='ocrx_word' id='word_1_137' title='bbox 349 1336 408 1365; x_wconf 89' lang='lat' dir='ltr'>lesu</span> <span class='ocrx_word' id='word_1_138' title='bbox 430 1337 620 1372; x_wconf 84' lang='lat' dir='ltr'>paupertatem</span> <span class='ocrx_word' id='word_1_139' title='bbox 643 1337 670 1363; x_wconf 91' lang='lat' dir='ltr'>et</span> <span class='ocrx_word' id='word_1_140' title='bbox 691 1334 784 1362; x_wconf 86' lang='lat' dir='ltr'>Matris</span> <span class='ocrx_word' id='word_1_141' title='bbox 798 1334 928 1371; x_wconf 84' lang='lat' dir='ltr'>frequen-</span> 
     </span>
     <span class='ocr_line' id='line_1_23' title="bbox 40 1379 927 1420; baseline -0.006 -7"><span class='ocrx_word' id='word_1_142' title='bbox 40 1379 45 1384; x_wconf 79' lang='grc'><em>“</em></span> <span class='ocrx_word' id='word_1_143' title='bbox 85 1386 126 1413; x_wconf 89' lang='lat' dir='ltr'>ter</span> <span class='ocrx_word' id='word_1_144' title='bbox 147 1391 210 1412; x_wconf 90' lang='lat' dir='ltr'>cum</span> <span class='ocrx_word' id='word_1_145' title='bbox 233 1383 362 1420; x_wconf 80' lang='lat' dir='ltr'>lacrymis</span> <span class='ocrx_word' id='word_1_146' title='bbox 383 1382 530 1411; x_wconf 87' lang='lat' dir='ltr'>revocabat</span> <span class='ocrx_word' id='word_1_147' title='bbox 550 1381 583 1410; x_wconf 91' lang='lat' dir='ltr'>ad</span> <span class='ocrx_word' id='word_1_148' title='bbox 605 1384 740 1415; x_wconf 81' lang='lat' dir='ltr'>mentem3</span> <span class='ocrx_word' id='word_1_149' title='bbox 769 1381 831 1409; x_wconf 90' lang='lat' dir='ltr'>inde</span> <span class='ocrx_word' id='word_1_150' title='bbox 857 1381 927 1409; x_wconf 88' lang='lat' dir='ltr'>hanc</span> 
     </span>
     <span class='ocr_line' id='line_1_24' title="bbox 84 1428 927 1465; baseline -0.005 -6"><span class='ocrx_word' id='word_1_151' title='bbox 84 1431 219 1459; x_wconf 89' lang='lat' dir='ltr'>virtutum</span> <span class='ocrx_word' id='word_1_152' title='bbox 241 1437 367 1458; x_wconf 87' lang='lat' dir='ltr'>asserens</span> <span class='ocrx_word' id='word_1_153' title='bbox 398 1436 457 1457; x_wconf 87' lang='lat' dir='ltr'>esse</span> <span class='ocrx_word' id='word_1_154' title='bbox 488 1428 627 1465; x_wconf 82' lang='lat' dir='ltr'>reginam,</span> <span class='ocrx_word' id='word_1_155' title='bbox 649 1428 715 1465; x_wconf 88' lang='lat' dir='ltr'>quia</span> <span class='ocrx_word' id='word_1_156' title='bbox 735 1428 762 1456; x_wconf 92' lang='lat' dir='ltr'>in</span> <span class='ocrx_word' id='word_1_157' title='bbox 789 1429 862 1464; x_wconf 66' lang='lat' dir='ltr'>Repe</span> <span class='ocrx_word' id='word_1_158' title='bbox 884 1436 927 1455; x_wconf 76' lang='lat' dir='ltr'>re-</span> 
     </span>
     <span class='ocr_line' id='line_1_25' title="bbox 82 1474 927 1515; baseline -0.005 -9"><span class='ocrx_word' id='word_1_159' title='bbox 82 1477 176 1515; x_wconf 57' lang='lat' dir='ltr'>gum*</span> <span class='ocrx_word' id='word_1_160' title='bbox 197 1479 224 1506; x_wconf 92' lang='lat' dir='ltr'>et</span> <span class='ocrx_word' id='word_1_161' title='bbox 245 1477 271 1505; x_wconf 92' lang='lat' dir='ltr'>in</span> <span class='ocrx_word' id='word_1_162' title='bbox 294 1476 389 1513; x_wconf 83' lang='lat' dir='ltr'>regina</span> <span class='ocrx_word' id='word_1_163' title='bbox 409 1476 495 1504; x_wconf 90' lang='lat' dir='ltr'>Matre</span> <span class='ocrx_word' id='word_1_164' title='bbox 516 1475 603 1512; x_wconf 87' lang='lat' dir='ltr'>ipsius</span> <span class='ocrx_word' id='word_1_165' title='bbox 624 1478 679 1503; x_wconf 90' lang='lat' dir='ltr'>tam</span> <span class='ocrx_word' id='word_1_166' title='bbox 702 1478 875 1511; x_wconf 82' lang='lat' dir='ltr'>praestanter</span> <span class='ocrx_word' id='word_1_167' title='bbox 889 1474 927 1503; x_wconf 92' lang='lat' dir='ltr'>ef-</span> 
     </span>
     <span class='ocr_line' id='line_1_26' title="bbox 84 1521 926 1558; baseline -0.004 -6"><span class='ocrx_word' id='word_1_168' title='bbox 84 1524 170 1553; x_wconf 85' lang='lat' dir='ltr'>fulsit.</span> <span class='ocrx_word' id='word_1_169' title='bbox 192 1524 259 1552; x_wconf 91' lang='lat' dir='ltr'>Nam</span> <span class='ocrx_word' id='word_1_170' title='bbox 280 1526 306 1552; x_wconf 88' lang='lat' dir='ltr'>et</span> <span class='ocrx_word' id='word_1_171' title='bbox 338 1522 480 1551; x_wconf 86' lang='lat' dir='ltr'>Fratribus</span> <span class='ocrx_word' id='word_1_172' title='bbox 511 1522 538 1550; x_wconf 92' lang='lat' dir='ltr'>in</span> <span class='ocrx_word' id='word_1_173' title='bbox 571 1521 692 1550; x_wconf 82' lang='lat' dir='ltr'>conclavi</span> <span class='ocrx_word' id='word_1_174' title='bbox 715 1521 926 1558; x_wconf 82' lang='lat' dir='ltr'>quaerentibus,</span> 
     </span>
     <span class='ocr_line' id='line_1_27' title="bbox 85 1568 926 1608; baseline -0.004 -9"><span class='ocrx_word' id='word_1_175' title='bbox 85 1578 155 1608; x_wconf 86' lang='lat' dir='ltr'>quae</span> <span class='ocrx_word' id='word_1_176' title='bbox 176 1570 266 1598; x_wconf 88' lang='lat' dir='ltr'>virtus</span> <span class='ocrx_word' id='word_1_177' title='bbox 288 1569 374 1606; x_wconf 86' lang='lat' dir='ltr'>magis</span> <span class='ocrx_word' id='word_1_178' title='bbox 394 1569 512 1598; x_wconf 89' lang='lat' dir='ltr'>amicum</span> <span class='ocrx_word' id='word_1_179' title='bbox 546 1568 673 1597; x_wconf 87' lang='lat' dir='ltr'>redderet</span> <span class='ocrx_word' id='word_1_180' title='bbox 701 1568 826 1601; x_wconf 90' lang='lat' dir='ltr'>Christo,</span> <span class='ocrx_word' id='word_1_181' title='bbox 848 1568 926 1605; x_wconf 81' lang='lat' dir='ltr'>quasi</span> 
     </span>
    </p>
   </div>
   <div class='ocr_carea' id='block_1_8' title="bbox 38 1614 928 1652">
    <p class='ocr_par' dir='ltr' id='par_1_8' title="bbox 38 1614 928 1652">
     <span class='ocr_line' id='line_1_28' title="bbox 38 1614 928 1652; baseline -0.004 -6"><span class='ocrx_word' id='word_1_182' title='bbox 38 1632 39 1636; x_wconf 68' lang='lat'><em>=</em></span> <span class='ocrx_word' id='word_1_183' title='bbox 84 1620 221 1646; x_wconf 88' lang='lat' dir='ltr'>secretum</span> <span class='ocrx_word' id='word_1_184' title='bbox 253 1616 295 1645; x_wconf 91' lang='lat' dir='ltr'>sui</span> <span class='ocrx_word' id='word_1_185' title='bbox 323 1616 414 1644; x_wconf 89' lang='lat' dir='ltr'>cordis</span> <span class='ocrx_word' id='word_1_186' title='bbox 444 1615 585 1652; x_wconf 86' lang='lat' dir='ltr'>aperiens,</span> <span class='ocrx_word' id='word_1_187' title='bbox 608 1614 807 1651; x_wconf 86' lang='lat' dir='ltr'>respondebat:</span> <span class='ocrx_word' id='word_1_188' title='bbox 833 1626 846 1639; x_wconf 89' lang='lat'><strong><em>«</em></strong></span> <span class='ocrx_word' id='word_1_189' title='bbox 863 1615 928 1643; x_wconf 82' lang='lat' dir='ltr'>Pau-</span> 
     </span>
    </p>
   </div>
   <div class='ocr_carea' id='block_1_9' title="bbox 54 1662 928 2357">
    <p class='ocr_par' dir='ltr' id='par_1_9' title="bbox 83 1662 928 1974">
     <span class='ocr_line' id='line_1_29' title="bbox 83 1662 928 1701; baseline -0.002 -9"><span class='ocrx_word' id='word_1_190' title='bbox 83 1666 217 1701; x_wconf 83' lang='lat' dir='ltr'>pertatem</span> <span class='ocrx_word' id='word_1_191' title='bbox 239 1663 386 1697; x_wconf 89' lang='lat' dir='ltr'>noveritis,</span> <span class='ocrx_word' id='word_1_192' title='bbox 407 1663 532 1697; x_wconf 86' lang='lat' dir='ltr'>Fratres,</span> <span class='ocrx_word' id='word_1_193' title='bbox 548 1662 692 1699; x_wconf 87' lang='lat' dir='ltr'>specialem</span> <span class='ocrx_word' id='word_1_194' title='bbox 714 1662 787 1690; x_wconf 84' lang='lat' dir='ltr'>viam</span> <span class='ocrx_word' id='word_1_195' title='bbox 808 1670 868 1691; x_wconf 87' lang='lat' dir='ltr'>esse</span> <span class='ocrx_word' id='word_1_196' title='bbox 889 1670 928 1690; x_wconf 87' lang='lat' dir='ltr'>sa-</span> 
     </span>
     <span class='ocr_line' id='line_1_30' title="bbox 85 1709 927 1748; baseline -0.002 -9"><span class='ocrx_word' id='word_1_197' title='bbox 85 1711 149 1740; x_wconf 88' lang='lat' dir='ltr'>lutis</span> <span class='ocrx_word' id='word_1_198' title='bbox 170 1713 302 1748; x_wconf 87' lang='lat' dir='ltr'>tanquam</span> <span class='ocrx_word' id='word_1_199' title='bbox 323 1710 487 1739; x_wconf 89' lang='lat' dir='ltr'>humilitatis</span> <span class='ocrx_word' id='word_1_200' title='bbox 511 1709 664 1738; x_wconf 86' lang='lat' dir='ltr'>fomentum</span> <span class='ocrx_word' id='word_1_201' title='bbox 696 1709 927 1746; x_wconf 84' lang='lat' dir='ltr'>perfectionisque</span> 
     </span>
     <span class='ocr_line' id='line_1_31' title="bbox 84 1755 926 1793; baseline -0.002 -7"><span class='ocrx_word' id='word_1_202' title='bbox 84 1757 219 1792; x_wconf 91' lang='lat' dir='ltr'>radicem,</span> <span class='ocrx_word' id='word_1_203' title='bbox 241 1757 322 1786; x_wconf 89' lang='lat' dir='ltr'>cuius</span> <span class='ocrx_word' id='word_1_204' title='bbox 342 1760 384 1786; x_wconf 89' lang='lat' dir='ltr'>est</span> <span class='ocrx_word' id='word_1_205' title='bbox 404 1757 513 1785; x_wconf 89' lang='lat' dir='ltr'>fructus</span> <span class='ocrx_word' id='word_1_206' title='bbox 534 1756 697 1793; x_wconf 85' lang='lat' dir='ltr'>multiplex,</span> <span class='ocrx_word' id='word_1_207' title='bbox 720 1755 766 1784; x_wconf 88' lang='lat' dir='ltr'>sed</span> <span class='ocrx_word' id='word_1_208' title='bbox 791 1756 926 1784; x_wconf 87' lang='lat' dir='ltr'>occultus.</span> 
     </span>
     <span class='ocr_line' id='line_1_32' title="bbox 85 1802 928 1840; baseline -0.004 -7"><span class='ocrx_word' id='word_1_209' title='bbox 85 1804 153 1833; x_wconf 86' lang='lat' dir='ltr'>llaec</span> <span class='ocrx_word' id='word_1_210' title='bbox 173 1804 246 1833; x_wconf 91' lang='lat' dir='ltr'>enim</span> <span class='ocrx_word' id='word_1_211' title='bbox 267 1807 308 1833; x_wconf 91' lang='lat' dir='ltr'>est</span> <span class='ocrx_word' id='word_1_212' title='bbox 329 1803 478 1840; x_wconf 83' lang='lat' dir='ltr'>evangelici</span> <span class='ocrx_word' id='word_1_213' title='bbox 499 1803 570 1840; x_wconf 73' lang='lat' dir='ltr'>ayrz&#39;</span> <span class='ocrx_word' id='word_1_214' title='bbox 590 1802 748 1831; x_wconf 64' lang='lat' dir='ltr'>thesaurus</span> <span class='ocrx_word' id='word_1_215' title='bbox 778 1802 928 1830; x_wconf 77' lang='lat' dir='ltr'>abscondi-</span> 
     </span>
     <span class='ocr_line' id='line_1_33' title="bbox 85 1849 928 1888; baseline -0.004 -8"><span class='ocrx_word' id='word_1_216' title='bbox 85 1854 147 1885; x_wconf 75' lang='lat' dir='ltr'>tus,</span> <span class='ocrx_word' id='word_1_217' title='bbox 170 1859 219 1888; x_wconf 90' lang='lat' dir='ltr'>pro</span> <span class='ocrx_word' id='word_1_218' title='bbox 250 1859 307 1888; x_wconf 89' lang='lat' dir='ltr'>quo</span> <span class='ocrx_word' id='word_1_219' title='bbox 334 1850 449 1880; x_wconf 86' lang='lat' dir='ltr'>emendo</span> <span class='ocrx_word' id='word_1_220' title='bbox 477 1850 619 1879; x_wconf 88' lang='lat' dir='ltr'>vendenda</span> <span class='ocrx_word' id='word_1_221' title='bbox 647 1852 712 1878; x_wconf 88' lang='grc'><strong>311111</strong></span> <span class='ocrx_word' id='word_1_222' title='bbox 739 1849 871 1883; x_wconf 71' lang='grc'><strong>0111111115,</strong></span> <span class='ocrx_word' id='word_1_223' title='bbox 901 1852 928 1877; x_wconf 85' lang='grc'>61</span> 
     </span>
     <span class='ocr_line' id='line_1_34' title="bbox 84 1896 928 1935; baseline -0.004 -8"><span class='ocrx_word' id='word_1_224' title='bbox 84 1906 155 1935; x_wconf 90' lang='lat' dir='ltr'>quae</span> <span class='ocrx_word' id='word_1_225' title='bbox 176 1898 255 1927; x_wconf 88' lang='lat' dir='ltr'>vendi</span> <span class='ocrx_word' id='word_1_226' title='bbox 285 1906 338 1926; x_wconf 87' lang='lat' dir='ltr'>non</span> <span class='ocrx_word' id='word_1_227' title='bbox 368 1900 484 1934; x_wconf 86' lang='lat' dir='ltr'>possunt</span> <span class='ocrx_word' id='word_1_228' title='bbox 514 1897 588 1925; x_wconf 89' lang='lat' dir='ltr'>illius</span> <span class='ocrx_word' id='word_1_229' title='bbox 616 1896 820 1933; x_wconf 78' lang='lat' dir='ltr'>comparatione</span> <span class='ocrx_word' id='word_1_230' title='bbox 851 1904 928 1933; x_wconf 89' lang='lat' dir='ltr'>sper-</span> 
     </span>
     <span class='ocr_line' id='line_1_35' title="bbox 84 1945 542 1974; baseline -0.002 -1"><span class='ocrx_word' id='word_1_231' title='bbox 84 1945 172 1974; x_wconf 89' lang='lat' dir='ltr'>nenda</span> <span class='ocrx_word' id='word_1_232' title='bbox 187 1957 213 1973; x_wconf 82' lang='grc'><strong>».</strong></span> <span class='ocrx_word' id='word_1_233' title='bbox 538 1956 542 1959; x_wconf 73' lang='lat'><em>—</em></span> 
     </span>
    </p>

    <p class='ocr_par' dir='ltr' id='par_1_10' title="bbox 54 1990 928 2357">
     <span class='ocr_line' id='line_1_36' title="bbox 162 1990 928 2028; baseline -0.004 -7"><span class='ocrx_word' id='word_1_234' title='bbox 162 1993 188 2021; x_wconf 80' lang='grc'><strong>2.</strong></span> <span class='ocrx_word' id='word_1_235' title='bbox 216 2003 228 2017; x_wconf 71' lang='lat' dir='ltr'>&lt;t</span> <span class='ocrx_word' id='word_1_236' title='bbox 245 1991 281 2020; x_wconf 75' lang='lat' dir='ltr'>Ad</span> <span class='ocrx_word' id='word_1_237' title='bbox 303 1991 402 2025; x_wconf 88' lang='lat' dir='ltr'>huius,</span> <span class='ocrx_word' id='word_1_238' title='bbox 424 1991 529 2028; x_wconf 90' lang='lat' dir='ltr'>inquit,</span> <span class='ocrx_word' id='word_1_239' title='bbox 551 1990 660 2019; x_wconf 90' lang='lat' dir='ltr'>culmen</span> <span class='ocrx_word' id='word_1_240' title='bbox 683 1990 729 2027; x_wconf 88' lang='lat' dir='ltr'>qui</span> <span class='ocrx_word' id='word_1_241' title='bbox 752 1990 828 2027; x_wconf 88' lang='grc'><strong>6111111</strong></span> <span class='ocrx_word' id='word_1_242' title='bbox 846 1990 928 2018; x_wconf 89' lang='lat' dir='ltr'>attin-</span> 
     </span>
     <span class='ocr_line' id='line_1_37' title="bbox 54 2037 926 2077; baseline -0.003 -9"><span class='ocrx_word' id='word_1_243' title='bbox 54 2042 59 2047; x_wconf 84' lang='grc'><em>·</em></span> <span class='ocrx_word' id='word_1_244' title='bbox 84 2047 149 2077; x_wconf 82' lang='lat' dir='ltr'>gere</span> <span class='ocrx_word' id='word_1_245' title='bbox 170 2047 225 2067; x_wconf 91' lang='lat' dir='ltr'>non</span> <span class='ocrx_word' id='word_1_246' title='bbox 246 2039 334 2067; x_wconf 90' lang='lat' dir='ltr'>solum</span> <span class='ocrx_word' id='word_1_247' title='bbox 357 2038 513 2067; x_wconf 91' lang='lat' dir='ltr'>mundanae</span> <span class='ocrx_word' id='word_1_248' title='bbox 535 2037 712 2074; x_wconf 87' lang='lat' dir='ltr'>prudentiae,</span> <span class='ocrx_word' id='word_1_249' title='bbox 727 2045 826 2065; x_wconf 89' lang='lat' dir='ltr'>verum</span> <span class='ocrx_word' id='word_1_250' title='bbox 844 2037 926 2065; x_wconf 88' lang='lat' dir='ltr'>etiam</span> 
     </span>
     <span class='ocr_line' id='line_1_38' title="bbox 83 2083 927 2123; baseline -0.004 -8"><span class='ocrx_word' id='word_1_251' title='bbox 83 2086 240 2115; x_wconf 89' lang='lat' dir='ltr'>litterarum</span> <span class='ocrx_word' id='word_1_252' title='bbox 263 2085 376 2123; x_wconf 86' lang='lat' dir='ltr'>peritiae</span> <span class='ocrx_word' id='word_1_253' title='bbox 407 2085 567 2114; x_wconf 87' lang='lat' dir='ltr'>renuntiare</span> <span class='ocrx_word' id='word_1_254' title='bbox 588 2084 707 2121; x_wconf 88' lang='lat' dir='ltr'>quodam</span> <span class='ocrx_word' id='word_1_255' title='bbox 731 2084 810 2112; x_wconf 90' lang='lat' dir='ltr'>modo</span> <span class='ocrx_word' id='word_1_256' title='bbox 831 2083 927 2118; x_wconf 85' lang='lat' dir='ltr'>debet,</span> 
     </span>
     <span class='ocr_line' id='line_1_39' title="bbox 84 2130 928 2169; baseline -0.005 -7"><span class='ocrx_word' id='word_1_257' title='bbox 84 2136 129 2167; x_wconf 90' lang='lat' dir='ltr'>ut,</span> <span class='ocrx_word' id='word_1_258' title='bbox 150 2132 196 2161; x_wconf 89' lang='lat' dir='ltr'>tali</span> <span class='ocrx_word' id='word_1_259' title='bbox 218 2131 415 2169; x_wconf 86' lang='lat' dir='ltr'>expropriatus</span> <span class='ocrx_word' id='word_1_260' title='bbox 436 2131 620 2168; x_wconf 85' lang='lat' dir='ltr'>possessione,</span> <span class='ocrx_word' id='word_1_261' title='bbox 636 2130 760 2159; x_wconf 78' lang='lat' dir='ltr'>introeat</span> <span class='ocrx_word' id='word_1_262' title='bbox 780 2130 812 2158; x_wconf 79' lang='lat' dir='ltr'>in</span> <span class='ocrx_word' id='word_1_263' title='bbox 829 2133 928 2167; x_wconf 78' lang='lat' dir='ltr'>poten-</span> 
     </span>
     <span class='ocr_line' id='line_1_40' title="bbox 85 2177 928 2208; baseline -0.004 0"><span class='ocrx_word' id='word_1_264' title='bbox 85 2179 141 2208; x_wconf 77' lang='lat' dir='ltr'>tias</span> <span class='ocrx_word' id='word_1_265' title='bbox 163 2179 303 2207; x_wconf 75' lang='lat' dir='ltr'>Domini⁶</span> <span class='ocrx_word' id='word_1_266' title='bbox 324 2181 352 2207; x_wconf 87' lang='lat' dir='ltr'>et</span> <span class='ocrx_word' id='word_1_267' title='bbox 372 2177 478 2207; x_wconf 89' lang='lat' dir='ltr'>nudum</span> <span class='ocrx_word' id='word_1_268' title='bbox 500 2185 528 2206; x_wconf 88' lang='lat' dir='ltr'>se</span> <span class='ocrx_word' id='word_1_269' title='bbox 559 2177 657 2206; x_wconf 85' lang='lat' dir='ltr'>offerat</span> <span class='ocrx_word' id='word_1_270' title='bbox 684 2177 805 2206; x_wconf 87' lang='lat' dir='ltr'>brachiis</span> <span class='ocrx_word' id='word_1_271' title='bbox 832 2177 928 2205; x_wconf 89' lang='lat' dir='ltr'>Cruci—</span> 
     </span>
     <span class='ocr_line' id='line_1_41' title="bbox 84 2223 927 2263; baseline -0.002 -9"><span class='ocrx_word' id='word_1_272' title='bbox 84 2226 142 2255; x_wconf 84' lang='lat' dir='ltr'>fixi.</span> <span class='ocrx_word' id='word_1_273' title='bbox 164 2226 343 2263; x_wconf 88' lang='lat' dir='ltr'>Nequaquam</span> <span class='ocrx_word' id='word_1_274' title='bbox 364 2225 436 2254; x_wconf 87' lang='lat' dir='ltr'>enim</span> <span class='ocrx_word' id='word_1_275' title='bbox 459 2224 569 2253; x_wconf 89' lang='lat' dir='ltr'>saeculo</span> <span class='ocrx_word' id='word_1_276' title='bbox 589 2224 710 2261; x_wconf 88' lang='lat' dir='ltr'>perfecte</span> <span class='ocrx_word' id='word_1_277' title='bbox 724 2223 866 2252; x_wconf 87' lang='lat' dir='ltr'>renuntiat</span> <span class='ocrx_word' id='word_1_278' title='bbox 879 2223 927 2261; x_wconf 88' lang='lat' dir='ltr'>qui</span> 
     </span>
     <span class='ocr_line' id='line_1_42' title="bbox 85 2271 926 2310; baseline -0.004 -9"><span class='ocrx_word' id='word_1_279' title='bbox 85 2272 188 2310; x_wconf 91' lang='lat' dir='ltr'>proprii</span> <span class='ocrx_word' id='word_1_280' title='bbox 210 2279 308 2301; x_wconf 89' lang='lat' dir='ltr'>sensus</span> <span class='ocrx_word' id='word_1_281' title='bbox 328 2272 432 2300; x_wconf 91' lang='lat' dir='ltr'>loculos</span> <span class='ocrx_word' id='word_1_282' title='bbox 452 2272 526 2300; x_wconf 93' lang='lat' dir='ltr'>intra</span> <span class='ocrx_word' id='word_1_283' title='bbox 546 2271 636 2300; x_wconf 87' lang='lat' dir='ltr'>cordis</span> <span class='ocrx_word' id='word_1_284' title='bbox 650 2278 751 2299; x_wconf 86' lang='lat' dir='ltr'>arcana</span> <span class='ocrx_word' id='word_1_285' title='bbox 765 2273 926 2299; x_wconf 78' lang='lat' dir='ltr'>reservat».</span> 
     </span>
     <span class='ocr_line' id='line_1_43' title="bbox 85 2317 928 2357; baseline -0.004 -9"><span class='ocrx_word' id='word_1_286' title='bbox 85 2319 169 2357; x_wconf 90' lang='lat' dir='ltr'>Saepe</span> <span class='ocrx_word' id='word_1_287' title='bbox 190 2327 256 2348; x_wconf 90' lang='lat' dir='ltr'>vero</span> <span class='ocrx_word' id='word_1_288' title='bbox 276 2319 310 2348; x_wconf 89' lang='lat' dir='ltr'>de</span> <span class='ocrx_word' id='word_1_289' title='bbox 331 2321 494 2356; x_wconf 88' lang='lat' dir='ltr'>paupertate</span> <span class='ocrx_word' id='word_1_290' title='bbox 515 2325 670 2347; x_wconf 90' lang='lat' dir='ltr'>sermonem</span> <span class='ocrx_word' id='word_1_291' title='bbox 685 2317 799 2351; x_wconf 87' lang='lat' dir='ltr'>faciens,</span> <span class='ocrx_word' id='word_1_292' title='bbox 821 2317 928 2354; x_wconf 88' lang='lat' dir='ltr'>ingere-</span> 
     </span>
    </p>
   </div>
   <div class='ocr_carea' id='block_1_10' title="bbox 85 2363 929 2402">
    <p class='ocr_par' dir='ltr' id='par_1_11' title="bbox 85 2363 929 2402">
     <span class='ocr_line' id='line_1_44' title="bbox 85 2363 929 2402; baseline -0.004 -7"><span class='ocrx_word' id='word_1_293' title='bbox 85 2366 131 2395; x_wconf 86' lang='lat' dir='ltr'>bat</span> <span class='ocrx_word' id='word_1_294' title='bbox 162 2366 305 2395; x_wconf 88' lang='lat' dir='ltr'>Fratribus</span> <span class='ocrx_word' id='word_1_295' title='bbox 335 2365 522 2402; x_wconf 85' lang='lat' dir='ltr'>evangelicum</span> <span class='ocrx_word' id='word_1_296' title='bbox 554 2365 660 2393; x_wconf 76' lang='lat' dir='ltr'>illud‘1:</span> <span class='ocrx_word' id='word_1_297' title='bbox 699 2364 801 2401; x_wconf 76' lang='lat' dir='ltr'>Vulpes</span> <span class='ocrx_word' id='word_1_298' title='bbox 829 2363 929 2401; x_wconf 81' lang='lat' dir='ltr'>foveas</span> 
     </span>
    </p>
   </div>
   <div class='ocr_carea' id='block_1_11' title="bbox 954 827 958 2064">
    <p class='ocr_par' dir='ltr' id='par_1_12' title="bbox 954 827 958 2064">
     <span class='ocr_line' id='line_1_45' title="bbox 954 827 958 2064; baseline 0 0"><span class='ocrx_word' id='word_1_299' title='bbox 954 827 958 2064; x_wconf 95' lang='lat' dir='ltr'> </span> 
     </span>
    </p>
   </div>
   <div class='ocr_carea' id='block_1_12' title="bbox 984 632 1830 1885">
    <p class='ocr_par' dir='ltr' id='par_1_13' title="bbox 984 632 1830 1270">
     <span class='ocr_line' id='line_1_46' title="bbox 986 632 1829 668; baseline 0.002 -7"><span class='ocrx_word' id='word_1_300' title='bbox 986 632 1106 667; x_wconf 76' lang='lat' dir='ltr'>ltctbent,</span> <span class='ocrx_word' id='word_1_301' title='bbox 1128 637 1152 661; x_wconf 79' lang='lat' dir='ltr'>et</span> <span class='ocrx_word' id='word_1_302' title='bbox 1174 633 1305 661; x_wconf 71' lang='lat' dir='ltr'>volueres</span> <span class='ocrx_word' id='word_1_303' title='bbox 1326 633 1399 662; x_wconf 76' lang='lat' dir='ltr'>caeli</span> <span class='ocrx_word' id='word_1_304' title='bbox 1419 634 1519 668; x_wconf 75' lang='lat' dir='ltr'>nidos,</span> <span class='ocrx_word' id='word_1_305' title='bbox 1543 634 1638 662; x_wconf 69' lang='lat' dir='ltr'>Filius</span> <span class='ocrx_word' id='word_1_306' title='bbox 1659 639 1756 663; x_wconf 67' lang='lat' dir='ltr'>(tutent</span> <span class='ocrx_word' id='word_1_307' title='bbox 1782 635 1829 663; x_wconf 76' lang='lat' dir='ltr'>lto-</span> 
     </span>
     <span class='ocr_line' id='line_1_47' title="bbox 985 679 1829 719; baseline 0.004 -11"><span class='ocrx_word' id='word_1_308' title='bbox 985 680 1074 708; x_wconf 60' lang='grc'><strong>0111113</strong></span> <span class='ocrx_word' id='word_1_309' title='bbox 1094 688 1153 708; x_wconf 91' lang='lat' dir='ltr'>non</span> <span class='ocrx_word' id='word_1_310' title='bbox 1174 679 1271 714; x_wconf 78' lang='lat' dir='ltr'>habet,</span> <span class='ocrx_word' id='word_1_311' title='bbox 1293 680 1345 708; x_wconf 78' lang='lat' dir='ltr'>ubi</span> <span class='ocrx_word' id='word_1_312' title='bbox 1364 684 1455 717; x_wconf 79' lang='lat' dir='ltr'>eaput</span> <span class='ocrx_word' id='word_1_313' title='bbox 1468 689 1556 709; x_wconf 82' lang='lat' dir='ltr'>suum</span> <span class='ocrx_word' id='word_1_314' title='bbox 1576 681 1699 710; x_wconf 74' lang='lat' dir='ltr'>reclinet.</span> <span class='ocrx_word' id='word_1_315' title='bbox 1716 682 1829 719; x_wconf 83' lang='lat' dir='ltr'>Propter</span> 
     </span>
     <span class='ocr_line' id='line_1_48' title="bbox 985 726 1830 766; baseline 0.002 -11"><span class='ocrx_word' id='word_1_316' title='bbox 985 726 1058 763; x_wconf 90' lang='lat' dir='ltr'>quod</span> <span class='ocrx_word' id='word_1_317' title='bbox 1079 727 1194 755; x_wconf 89' lang='lat' dir='ltr'>docebat</span> <span class='ocrx_word' id='word_1_318' title='bbox 1215 727 1338 761; x_wconf 84' lang='lat' dir='ltr'>Fratres,</span> <span class='ocrx_word' id='word_1_319' title='bbox 1360 730 1391 756; x_wconf 89' lang='lat' dir='ltr'>ut</span> <span class='ocrx_word' id='word_1_320' title='bbox 1411 736 1566 765; x_wconf 88' lang='lat' dir='ltr'>pauperum</span> <span class='ocrx_word' id='word_1_321' title='bbox 1582 737 1659 757; x_wconf 90' lang='lat' dir='ltr'>more</span> <span class='ocrx_word' id='word_1_322' title='bbox 1675 737 1830 766; x_wconf 87' lang='lat' dir='ltr'>paupercu-</span> 
     </span>
     <span class='ocr_line' id='line_1_49' title="bbox 986 772 1829 812; baseline 0.004 -12"><span class='ocrx_word' id='word_1_323' title='bbox 986 772 1025 801; x_wconf 88' lang='lat' dir='ltr'>las</span> <span class='ocrx_word' id='word_1_324' title='bbox 1046 780 1122 801; x_wconf 86' lang='lat' dir='ltr'>casas</span> <span class='ocrx_word' id='word_1_325' title='bbox 1142 773 1295 809; x_wconf 82' lang='lat' dir='ltr'>erigerent,</span> <span class='ocrx_word' id='word_1_326' title='bbox 1318 782 1387 810; x_wconf 87' lang='lat' dir='ltr'>quas</span> <span class='ocrx_word' id='word_1_327' title='bbox 1419 782 1472 802; x_wconf 91' lang='lat' dir='ltr'>non</span> <span class='ocrx_word' id='word_1_328' title='bbox 1504 774 1690 803; x_wconf 86' lang='lat' dir='ltr'>inhabitarent</span> <span class='ocrx_word' id='word_1_329' title='bbox 1716 779 1747 803; x_wconf 89' lang='lat' dir='ltr'>ut</span> <span class='ocrx_word' id='word_1_330' title='bbox 1768 783 1829 812; x_wconf 91' lang='lat' dir='ltr'>pro-</span> 
     </span>
     <span class='ocr_line' id='line_1_50' title="bbox 986 818 1827 858; baseline 0.004 -11"><span class='ocrx_word' id='word_1_331' title='bbox 986 818 1075 855; x_wconf 89' lang='lat' dir='ltr'>prias,</span> <span class='ocrx_word' id='word_1_332' title='bbox 1097 819 1144 847; x_wconf 90' lang='lat' dir='ltr'>sed</span> <span class='ocrx_word' id='word_1_333' title='bbox 1166 820 1237 848; x_wconf 91' lang='lat' dir='ltr'>sicut</span> <span class='ocrx_word' id='word_1_334' title='bbox 1258 820 1396 857; x_wconf 83' lang='lat' dir='ltr'>peregrini</span> <span class='ocrx_word' id='word_1_335' title='bbox 1418 823 1445 849; x_wconf 91' lang='lat' dir='ltr'>et</span> <span class='ocrx_word' id='word_1_336' title='bbox 1466 820 1586 849; x_wconf 88' lang='lat' dir='ltr'>advenae</span> <span class='ocrx_word' id='word_1_337' title='bbox 1607 822 1718 850; x_wconf 87' lang='lat' dir='ltr'>alienas.</span> <span class='ocrx_word' id='word_1_338' title='bbox 1745 822 1827 858; x_wconf 83' lang='lat' dir='ltr'>Leges</span> 
     </span>
     <span class='ocr_line' id='line_1_51' title="bbox 985 867 1827 905; baseline 0.004 -11"><span class='ocrx_word' id='word_1_339' title='bbox 985 874 1105 902; x_wconf 88' lang='lat' dir='ltr'>namque</span> <span class='ocrx_word' id='word_1_340' title='bbox 1127 867 1337 903; x_wconf 82' lang='lat' dir='ltr'>peregrinorum</span> <span class='ocrx_word' id='word_1_341' title='bbox 1360 875 1419 896; x_wconf 88' lang='lat' dir='ltr'>esse</span> <span class='ocrx_word' id='word_1_342' title='bbox 1440 867 1548 896; x_wconf 86' lang='lat' dir='ltr'>dicebat</span> <span class='ocrx_word' id='word_1_343' title='bbox 1569 868 1621 896; x_wconf 92' lang='lat' dir='ltr'>sub</span> <span class='ocrx_word' id='word_1_344' title='bbox 1635 869 1724 897; x_wconf 88' lang='lat' dir='ltr'>alieno</span> <span class='ocrx_word' id='word_1_345' title='bbox 1739 869 1827 905; x_wconf 83' lang='lat' dir='ltr'>colligi</span> 
     </span>
     <span class='ocr_line' id='line_1_52' title="bbox 985 913 1829 951; baseline 0.002 -10"><span class='ocrx_word' id='word_1_346' title='bbox 985 916 1072 947; x_wconf 87' lang='lat' dir='ltr'>tecto,</span> <span class='ocrx_word' id='word_1_347' title='bbox 1095 913 1171 942; x_wconf 90' lang='lat' dir='ltr'>sitire</span> <span class='ocrx_word' id='word_1_348' title='bbox 1186 914 1219 942; x_wconf 88' lang='lat' dir='ltr'>ad</span> <span class='ocrx_word' id='word_1_349' title='bbox 1235 914 1365 950; x_wconf 84' lang='lat' dir='ltr'>patriam,</span> <span class='ocrx_word' id='word_1_350' title='bbox 1388 914 1500 951; x_wconf 84' lang='lat' dir='ltr'>pacifice</span> <span class='ocrx_word' id='word_1_351' title='bbox 1522 915 1701 951; x_wconf 88' lang='lat' dir='ltr'>pertransire.</span> <span class='ocrx_word' id='word_1_352' title='bbox 1724 915 1829 943; x_wconf 84' lang='lat' dir='ltr'>Manda-</span> 
     </span>
     <span class='ocr_line' id='line_1_53' title="bbox 986 959 1829 996; baseline 0.004 -9"><span class='ocrx_word' id='word_1_353' title='bbox 986 959 1040 993; x_wconf 89' lang='lat' dir='ltr'>bat,</span> <span class='ocrx_word' id='word_1_354' title='bbox 1056 959 1128 988; x_wconf 88' lang='lat' dir='ltr'>dirui</span> <span class='ocrx_word' id='word_1_355' title='bbox 1144 960 1292 996; x_wconf 86' lang='lat' dir='ltr'>aliquando</span> <span class='ocrx_word' id='word_1_356' title='bbox 1303 960 1398 989; x_wconf 87' lang='lat' dir='ltr'>domos</span> <span class='ocrx_word' id='word_1_357' title='bbox 1413 964 1528 995; x_wconf 86' lang='lat' dir='ltr'>erectas,</span> <span class='ocrx_word' id='word_1_358' title='bbox 1543 965 1591 989; x_wconf 89' lang='lat' dir='ltr'>aut</span> <span class='ocrx_word' id='word_1_359' title='bbox 1606 962 1715 990; x_wconf 85' lang='lat' dir='ltr'>Fratres</span> <span class='ocrx_word' id='word_1_360' title='bbox 1729 962 1829 991; x_wconf 86' lang='lat' dir='ltr'>exinde</span> 
     </span>
     <span class='ocr_line' id='line_1_54' title="bbox 984 1006 1830 1045; baseline 0.004 -11"><span class='ocrx_word' id='word_1_361' title='bbox 984 1006 1122 1040; x_wconf 87' lang='lat' dir='ltr'>amoveri,</span> <span class='ocrx_word' id='word_1_362' title='bbox 1145 1007 1166 1035; x_wconf 91' lang='lat' dir='ltr'>si</span> <span class='ocrx_word' id='word_1_363' title='bbox 1188 1007 1291 1043; x_wconf 82' lang='lat' dir='ltr'>aliquid</span> <span class='ocrx_word' id='word_1_364' title='bbox 1313 1007 1340 1035; x_wconf 89' lang='lat' dir='ltr'>in</span> <span class='ocrx_word' id='word_1_365' title='bbox 1368 1007 1407 1036; x_wconf 86' lang='lat' dir='ltr'>eis</span> <span class='ocrx_word' id='word_1_366' title='bbox 1438 1008 1608 1045; x_wconf 87' lang='lat' dir='ltr'>perciperet,</span> <span class='ocrx_word' id='word_1_367' title='bbox 1629 1008 1703 1045; x_wconf 87' lang='lat' dir='ltr'>quod</span> <span class='ocrx_word' id='word_1_368' title='bbox 1725 1009 1830 1037; x_wconf 87' lang='lat' dir='ltr'>ratione</span> 
     </span>
     <span class='ocr_line' id='line_1_55' title="bbox 984 1053 1830 1089; baseline 0.005 -9"><span class='ocrx_word' id='word_1_369' title='bbox 984 1053 1216 1089; x_wconf 87' lang='lat' dir='ltr'>appropriationis</span> <span class='ocrx_word' id='word_1_370' title='bbox 1247 1054 1289 1082; x_wconf 90' lang='lat' dir='ltr'>vel</span> <span class='ocrx_word' id='word_1_371' title='bbox 1317 1055 1520 1083; x_wconf 87' lang='lat' dir='ltr'>sumtuositatis</span> <span class='ocrx_word' id='word_1_372' title='bbox 1551 1055 1722 1084; x_wconf 86' lang='lat' dir='ltr'>contrarium</span> <span class='ocrx_word' id='word_1_373' title='bbox 1759 1059 1830 1084; x_wconf 88' lang='lat' dir='ltr'>esset</span> 
     </span>
     <span class='ocr_line' id='line_1_56' title="bbox 984 1099 1830 1137; baseline 0.004 -10"><span class='ocrx_word' id='word_1_374' title='bbox 984 1099 1156 1136; x_wconf 84' lang='lat' dir='ltr'>evangelicae</span> <span class='ocrx_word' id='word_1_375' title='bbox 1188 1101 1342 1137; x_wconf 83' lang='lat' dir='ltr'>paupertati</span> <span class='ocrx_word' id='word_1_376' title='bbox 1355 1101 1374 1129; x_wconf 72' lang='lat'>⁵.</span> <span class='ocrx_word' id='word_1_377' title='bbox 1404 1101 1477 1129; x_wconf 87' lang='lat' dir='ltr'>Hanc</span> <span class='ocrx_word' id='word_1_378' title='bbox 1508 1101 1549 1130; x_wconf 93' lang='lat' dir='ltr'>sui</span> <span class='ocrx_word' id='word_1_379' title='bbox 1582 1101 1690 1130; x_wconf 87' lang='lat' dir='ltr'>dicebat</span> <span class='ocrx_word' id='word_1_380' title='bbox 1720 1102 1830 1131; x_wconf 87' lang='lat' dir='ltr'>Ordinis</span> 
     </span>
     <span class='ocr_line' id='line_1_57' title="bbox 985 1145 1830 1185; baseline 0.005 -11"><span class='ocrx_word' id='word_1_381' title='bbox 985 1145 1211 1181; x_wconf 86' lang='lat' dir='ltr'>fundamentum,</span> <span class='ocrx_word' id='word_1_382' title='bbox 1246 1147 1289 1175; x_wconf 85' lang='lat' dir='ltr'>oui</span> <span class='ocrx_word' id='word_1_383' title='bbox 1327 1147 1467 1176; x_wconf 86' lang='lat' dir='ltr'>substrato</span> <span class='ocrx_word' id='word_1_384' title='bbox 1502 1149 1634 1185; x_wconf 88' lang='lat' dir='ltr'>primarie</span> <span class='ocrx_word' id='word_1_385' title='bbox 1669 1149 1707 1177; x_wconf 92' lang='lat' dir='ltr'>sic</span> <span class='ocrx_word' id='word_1_386' title='bbox 1741 1150 1830 1178; x_wconf 89' lang='lat' dir='ltr'>omnis</span> 
     </span>
     <span class='ocr_line' id='line_1_58' title="bbox 984 1194 1829 1232; baseline 0.006 -12"><span class='ocrx_word' id='word_1_387' title='bbox 984 1195 1127 1221; x_wconf 84' lang='lat' dir='ltr'>structura</span> <span class='ocrx_word' id='word_1_388' title='bbox 1149 1194 1295 1230; x_wconf 81' lang='lat' dir='ltr'>Religionis</span> <span class='ocrx_word' id='word_1_389' title='bbox 1316 1194 1460 1228; x_wconf 90' lang='lat' dir='ltr'>innititur,</span> <span class='ocrx_word' id='word_1_390' title='bbox 1483 1197 1514 1223; x_wconf 90' lang='lat' dir='ltr'>ut</span> <span class='ocrx_word' id='word_1_391' title='bbox 1535 1195 1622 1232; x_wconf 89' lang='lat' dir='ltr'>ipsius</span> <span class='ocrx_word' id='word_1_392' title='bbox 1637 1196 1767 1224; x_wconf 83' lang='lat' dir='ltr'>firmitate</span> <span class='ocrx_word' id='word_1_393' title='bbox 1783 1196 1829 1224; x_wconf 86' lang='lat' dir='ltr'>tir-</span> 
     </span>
     <span class='ocr_line' id='line_1_59' title="bbox 985 1241 1604 1270; baseline 0.006 -4"><span class='ocrx_word' id='word_1_394' title='bbox 985 1243 1076 1267; x_wconf 88' lang='lat' dir='ltr'>metur</span> <span class='ocrx_word' id='word_1_395' title='bbox 1098 1243 1124 1267; x_wconf 90' lang='lat' dir='ltr'>et</span> <span class='ocrx_word' id='word_1_396' title='bbox 1145 1241 1287 1269; x_wconf 89' lang='lat' dir='ltr'>eversione</span> <span class='ocrx_word' id='word_1_397' title='bbox 1309 1241 1433 1269; x_wconf 88' lang='lat' dir='ltr'>funditus</span> <span class='ocrx_word' id='word_1_398' title='bbox 1454 1244 1604 1270; x_wconf 83' lang='lat' dir='ltr'>evertatur.</span> 
     </span>
    </p>

    <p class='ocr_par' dir='ltr' id='par_1_14' title="bbox 984 1286 1830 1885">
     <span class='ocr_line' id='line_1_60' title="bbox 1063 1286 1827 1324; baseline 0.005 -10"><span class='ocrx_word' id='word_1_399' title='bbox 1063 1286 1088 1314; x_wconf 82' lang='lat'>3.</span> <span class='ocrx_word' id='word_1_400' title='bbox 1112 1287 1230 1315; x_wconf 80' lang='lat' dir='ltr'>Docebat</span> <span class='ocrx_word' id='word_1_401' title='bbox 1251 1287 1380 1323; x_wconf 85' lang='lat' dir='ltr'>proinde,</span> <span class='ocrx_word' id='word_1_402' title='bbox 1403 1288 1474 1316; x_wconf 88' lang='lat' dir='ltr'>sicut</span> <span class='ocrx_word' id='word_1_403' title='bbox 1496 1289 1661 1318; x_wconf 87' lang='lat' dir='ltr'>revelatione</span> <span class='ocrx_word' id='word_1_404' title='bbox 1679 1290 1827 1324; x_wconf 82' lang='lat' dir='ltr'>didicerat,</span> 
     </span>
     <span class='ocr_line' id='line_1_61' title="bbox 984 1333 1827 1371; baseline 0.006 -11"><span class='ocrx_word' id='word_1_405' title='bbox 984 1340 1078 1361; x_wconf 88' lang='lat' dir='ltr'>sacrae</span> <span class='ocrx_word' id='word_1_406' title='bbox 1099 1333 1245 1370; x_wconf 80' lang='lat' dir='ltr'>Religionis</span> <span class='ocrx_word' id='word_1_407' title='bbox 1266 1334 1422 1371; x_wconf 84' lang='lat' dir='ltr'>ingressum</span> <span class='ocrx_word' id='word_1_408' title='bbox 1442 1335 1477 1363; x_wconf 91' lang='lat' dir='ltr'>ab</span> <span class='ocrx_word' id='word_1_409' title='bbox 1499 1335 1544 1363; x_wconf 89' lang='lat' dir='ltr'>illo</span> <span class='ocrx_word' id='word_1_410' title='bbox 1565 1336 1622 1364; x_wconf 88' lang='lat' dir='ltr'>fore</span> <span class='ocrx_word' id='word_1_411' title='bbox 1644 1337 1827 1365; x_wconf 86' lang='lat' dir='ltr'>inchoandum</span> 
     </span>
     <span class='ocr_line' id='line_1_62' title="bbox 984 1380 1827 1419; baseline 0.005 -11"><span class='ocrx_word' id='word_1_412' title='bbox 984 1380 1142 1416; x_wconf 82' lang='lat' dir='ltr'>evangelico</span> <span class='ocrx_word' id='word_1_413' title='bbox 1174 1380 1296 1409; x_wconf 76' lang='lat' dir='ltr'>verbo⁰t</span> <span class='ocrx_word' id='word_1_414' title='bbox 1330 1381 1363 1409; x_wconf 67' lang='lat' dir='ltr'>St·</span> <span class='ocrx_word' id='word_1_415' title='bbox 1392 1381 1436 1409; x_wconf 79' lang='lat' dir='ltr'>uis</span> <span class='ocrx_word' id='word_1_416' title='bbox 1466 1381 1612 1419; x_wconf 76' lang='lat' dir='ltr'>perfectus</span> <span class='ocrx_word' id='word_1_417' title='bbox 1643 1392 1716 1417; x_wconf 75' lang='lat' dir='ltr'>esse,</span> <span class='ocrx_word' id='word_1_418' title='bbox 1737 1384 1827 1417; x_wconf 79' lang='lat' dir='ltr'>vade,</span> 
     </span>
     <span class='ocr_line' id='line_1_63' title="bbox 984 1426 1829 1466; baseline 0.006 -12"><span class='ocrx_word' id='word_1_419' title='bbox 984 1427 1072 1455; x_wconf 80' lang='lat' dir='ltr'>vende</span> <span class='ocrx_word' id='word_1_420' title='bbox 1093 1427 1210 1460; x_wconf 77' lang='lat' dir='ltr'>onznia,</span> <span class='ocrx_word' id='word_1_421' title='bbox 1232 1436 1306 1465; x_wconf 77' lang='lat' dir='ltr'>quae</span> <span class='ocrx_word' id='word_1_422' title='bbox 1327 1426 1431 1462; x_wconf 75' lang='lat' dir='ltr'>ltctbeS,</span> <span class='ocrx_word' id='word_1_423' title='bbox 1446 1428 1525 1456; x_wconf 73' lang='grc'><strong>611111</strong></span> <span class='ocrx_word' id='word_1_424' title='bbox 1537 1429 1738 1466; x_wconf 71' lang='grc' dir='ltr'><strong>ριιαρ61·ίὺ11.ς;</strong></span> <span class='ocrx_word' id='word_1_425' title='bbox 1758 1430 1829 1459; x_wconf 85' lang='lat' dir='ltr'>ideo-</span> 
     </span>
     <span class='ocr_line' id='line_1_64' title="bbox 984 1474 1830 1512; baseline 0.005 -11"><span class='ocrx_word' id='word_1_426' title='bbox 984 1481 1039 1510; x_wconf 92' lang='lat' dir='ltr'>que</span> <span class='ocrx_word' id='word_1_427' title='bbox 1060 1474 1166 1502; x_wconf 89' lang='lat' dir='ltr'>nonnisi</span> <span class='ocrx_word' id='word_1_428' title='bbox 1188 1474 1383 1510; x_wconf 88' lang='lat' dir='ltr'>expropriatos</span> <span class='ocrx_word' id='word_1_429' title='bbox 1404 1477 1431 1503; x_wconf 89' lang='lat' dir='ltr'>et</span> <span class='ocrx_word' id='word_1_430' title='bbox 1452 1475 1519 1503; x_wconf 91' lang='lat' dir='ltr'>nihil</span> <span class='ocrx_word' id='word_1_431' title='bbox 1541 1475 1652 1512; x_wconf 87' lang='lat' dir='ltr'>penitus</span> <span class='ocrx_word' id='word_1_432' title='bbox 1681 1476 1830 1505; x_wconf 87' lang='lat' dir='ltr'>retinentes</span> 
     </span>
     <span class='ocr_line' id='line_1_65' title="bbox 984 1520 1828 1558; baseline 0.005 -10"><span class='ocrx_word' id='word_1_433' title='bbox 984 1520 1145 1549; x_wconf 82' lang='lat' dir='ltr'>admittebat</span> <span class='ocrx_word' id='word_1_434' title='bbox 1165 1520 1197 1548; x_wconf 89' lang='lat' dir='ltr'>ad</span> <span class='ocrx_word' id='word_1_435' title='bbox 1220 1520 1366 1555; x_wconf 88' lang='lat' dir='ltr'>Ordinem,</span> <span class='ocrx_word' id='word_1_436' title='bbox 1389 1524 1446 1549; x_wconf 89' lang='lat' dir='ltr'>tum</span> <span class='ocrx_word' id='word_1_437' title='bbox 1470 1525 1583 1558; x_wconf 88' lang='lat' dir='ltr'>propter</span> <span class='ocrx_word' id='word_1_438' title='bbox 1606 1523 1721 1551; x_wconf 88' lang='lat' dir='ltr'>verbum</span> <span class='ocrx_word' id='word_1_439' title='bbox 1744 1524 1828 1552; x_wconf 88' lang='lat' dir='ltr'>sancti</span> 
     </span>
     <span class='ocr_line' id='line_1_66' title="bbox 985 1567 1828 1604; baseline 0.004 -9"><span class='ocrx_word' id='word_1_440' title='bbox 985 1567 1138 1604; x_wconf 84' lang='lat' dir='ltr'>Evangelii,</span> <span class='ocrx_word' id='word_1_441' title='bbox 1161 1570 1219 1596; x_wconf 90' lang='lat' dir='ltr'>tum</span> <span class='ocrx_word' id='word_1_442' title='bbox 1241 1568 1322 1596; x_wconf 83' lang='lat' dir='ltr'>etiam</span> <span class='ocrx_word' id='word_1_443' title='bbox 1345 1576 1379 1596; x_wconf 92' lang='lat' dir='ltr'>ne</span> <span class='ocrx_word' id='word_1_444' title='bbox 1400 1568 1490 1597; x_wconf 84' lang='lat' dir='ltr'>forent</span> <span class='ocrx_word' id='word_1_445' title='bbox 1512 1569 1538 1597; x_wconf 88' lang='lat' dir='ltr'>in</span> <span class='ocrx_word' id='word_1_446' title='bbox 1567 1569 1725 1598; x_wconf 78' lang='lat' dir='ltr'>scandalum</span> <span class='ocrx_word' id='word_1_447' title='bbox 1749 1571 1828 1599; x_wconf 86' lang='lat' dir='ltr'>loculi</span> 
     </span>
     <span class='ocr_line' id='line_1_67' title="bbox 985 1614 1830 1653; baseline 0.004 -11"><span class='ocrx_word' id='word_1_448' title='bbox 985 1615 1126 1643; x_wconf 88' lang='lat' dir='ltr'>reservati.</span> <span class='ocrx_word' id='word_1_449' title='bbox 1146 1614 1221 1643; x_wconf 88' lang='lat' dir='ltr'>Unde</span> <span class='ocrx_word' id='word_1_450' title='bbox 1242 1615 1269 1643; x_wconf 91' lang='lat' dir='ltr'>in</span> <span class='ocrx_word' id='word_1_451' title='bbox 1291 1615 1410 1643; x_wconf 83' lang='lat' dir='ltr'>Marchia</span> <span class='ocrx_word' id='word_1_452' title='bbox 1432 1615 1633 1644; x_wconf 71' lang='lat' dir='ltr'>Anconitana¹⁰</span> <span class='ocrx_word' id='word_1_453' title='bbox 1654 1617 1761 1645; x_wconf 86' lang='lat' dir='ltr'>cuidam</span> <span class='ocrx_word' id='word_1_454' title='bbox 1784 1625 1830 1653; x_wconf 90' lang='lat' dir='ltr'>pe-</span> 
     </span>
     <span class='ocr_line' id='line_1_68' title="bbox 984 1661 1830 1700; baseline 0.004 -11"><span class='ocrx_word' id='word_1_455' title='bbox 984 1661 1052 1690; x_wconf 89' lang='lat' dir='ltr'>tenti</span> <span class='ocrx_word' id='word_1_456' title='bbox 1073 1661 1107 1689; x_wconf 90' lang='lat' dir='ltr'>ad</span> <span class='ocrx_word' id='word_1_457' title='bbox 1128 1661 1258 1690; x_wconf 90' lang='lat' dir='ltr'>Ordinem</span> <span class='ocrx_word' id='word_1_458' title='bbox 1282 1661 1366 1698; x_wconf 90' lang='lat' dir='ltr'>recipi</span> <span class='ocrx_word' id='word_1_459' title='bbox 1389 1669 1472 1690; x_wconf 88' lang='lat' dir='ltr'>verus</span> <span class='ocrx_word' id='word_1_460' title='bbox 1497 1670 1651 1699; x_wconf 89' lang='lat' dir='ltr'>pauperum</span> <span class='ocrx_word' id='word_1_461' title='bbox 1674 1664 1830 1700; x_wconf 77' lang='lat' dir='ltr'>patrIarcha</span> 
     </span>
     <span class='ocr_line' id='line_1_69' title="bbox 985 1708 1827 1747; baseline 0.004 -11"><span class='ocrx_word' id='word_1_462' title='bbox 985 1708 1141 1745; x_wconf 84' lang='lat' dir='ltr'>respondit:</span> <span class='ocrx_word' id='word_1_463' title='bbox 1169 1720 1182 1733; x_wconf 84' lang='lat'>«</span> <span class='ocrx_word' id='word_1_464' title='bbox 1197 1708 1221 1736; x_wconf 87' lang='lat' dir='ltr'>Si</span> <span class='ocrx_word' id='word_1_465' title='bbox 1245 1708 1285 1737; x_wconf 91' lang='lat' dir='ltr'>vis</span> <span class='ocrx_word' id='word_1_466' title='bbox 1306 1708 1406 1737; x_wconf 80' lang='lat' dir='ltr'>Christi</span> <span class='ocrx_word' id='word_1_467' title='bbox 1430 1709 1600 1745; x_wconf 86' lang='lat' dir='ltr'>pauperibus</span> <span class='ocrx_word' id='word_1_468' title='bbox 1621 1710 1711 1747; x_wconf 86' lang='lat' dir='ltr'>iungi,</span> <span class='ocrx_word' id='word_1_469' title='bbox 1734 1711 1827 1739; x_wconf 90' lang='lat' dir='ltr'>mundi</span> 
     </span>
     <span class='ocr_line' id='line_1_70' title="bbox 986 1755 1829 1794; baseline -0.001 -11"><span class='ocrx_word' id='word_1_470' title='bbox 986 1755 1154 1792; x_wconf 87' lang='lat' dir='ltr'>pauperibus</span> <span class='ocrx_word' id='word_1_471' title='bbox 1186 1758 1233 1783; x_wconf 89' lang='lat' dir='ltr'>tua</span> <span class='ocrx_word' id='word_1_472' title='bbox 1263 1755 1441 1784; x_wconf 87' lang='lat' dir='ltr'>distribue».</span> <span class='ocrx_word' id='word_1_473' title='bbox 1472 1757 1532 1792; x_wconf 81' lang='lat' dir='ltr'>Quo</span> <span class='ocrx_word' id='word_1_474' title='bbox 1563 1756 1671 1791; x_wconf 81' lang='lat' dir='ltr'>audite,</span> <span class='ocrx_word' id='word_1_475' title='bbox 1704 1756 1829 1794; x_wconf 82' lang='lat' dir='ltr'>perrexit</span> 
     </span>
     <span class='ocr_line' id='line_1_71' title="bbox 985 1802 1829 1841; baseline 0.002 -11"><span class='ocrx_word' id='word_1_476' title='bbox 985 1802 1082 1835; x_wconf 85' lang='lat' dir='ltr'>homo,</span> <span class='ocrx_word' id='word_1_477' title='bbox 1104 1805 1131 1830; x_wconf 89' lang='lat' dir='ltr'>et</span> <span class='ocrx_word' id='word_1_478' title='bbox 1152 1802 1253 1830; x_wconf 88' lang='lat' dir='ltr'>ductus</span> <span class='ocrx_word' id='word_1_479' title='bbox 1284 1810 1379 1831; x_wconf 90' lang='lat' dir='ltr'>amore</span> <span class='ocrx_word' id='word_1_480' title='bbox 1411 1803 1527 1837; x_wconf 85' lang='lat' dir='ltr'>carnali,</span> <span class='ocrx_word' id='word_1_481' title='bbox 1556 1811 1606 1831; x_wconf 89' lang='lat' dir='ltr'>sua</span> <span class='ocrx_word' id='word_1_482' title='bbox 1627 1804 1685 1832; x_wconf 91' lang='lat' dir='ltr'>suis</span> <span class='ocrx_word' id='word_1_483' title='bbox 1717 1804 1829 1841; x_wconf 86' lang='lat' dir='ltr'>reliquit</span> 
     </span>
     <span class='ocr_line' id='line_1_72' title="bbox 985 1848 1829 1885; baseline 0.004 -9"><span class='ocrx_word' id='word_1_484' title='bbox 985 1848 1079 1885; x_wconf 92' lang='lat' dir='ltr'>nilque</span> <span class='ocrx_word' id='word_1_485' title='bbox 1101 1848 1277 1885; x_wconf 88' lang='lat' dir='ltr'>pauperibus.</span> <span class='ocrx_word' id='word_1_486' title='bbox 1300 1849 1404 1877; x_wconf 88' lang='lat' dir='ltr'>Verum</span> <span class='ocrx_word' id='word_1_487' title='bbox 1427 1857 1489 1877; x_wconf 88' lang='lat' dir='ltr'>cum</span> <span class='ocrx_word' id='word_1_488' title='bbox 1513 1850 1595 1883; x_wconf 85' lang='lat' dir='ltr'>haec,</span> <span class='ocrx_word' id='word_1_489' title='bbox 1617 1850 1663 1878; x_wconf 92' lang='lat' dir='ltr'>illo</span> <span class='ocrx_word' id='word_1_490' title='bbox 1684 1850 1829 1885; x_wconf 85' lang='lat' dir='ltr'>referente,</span> 
     </span>
    </p>
   </div>
   <div class='ocr_carea' id='block_1_13' title="bbox 963 1895 1828 1936">
    <p class='ocr_par' dir='ltr' id='par_1_15' title="bbox 963 1895 1828 1936">
     <span class='ocr_line' id='line_1_73' title="bbox 963 1895 1828 1936; baseline 0.003 -13"><span class='ocrx_word' id='word_1_491' title='bbox 963 1933 966 1936; x_wconf 13' lang='grc' dir='ltr'><strong><em>ἢ</em></strong></span> <span class='ocrx_word' id='word_1_492' title='bbox 985 1895 1028 1923; x_wconf 87' lang='lat' dir='ltr'>vir</span> <span class='ocrx_word' id='word_1_493' title='bbox 1049 1898 1161 1923; x_wconf 88' lang='lat' dir='ltr'>sanctus</span> <span class='ocrx_word' id='word_1_494' title='bbox 1181 1895 1318 1930; x_wconf 85' lang='lat' dir='ltr'>audisset;</span> <span class='ocrx_word' id='word_1_495' title='bbox 1334 1895 1405 1924; x_wconf 86' lang='lat' dir='ltr'>dura</span> <span class='ocrx_word' id='word_1_496' title='bbox 1421 1904 1484 1924; x_wconf 91' lang='lat' dir='ltr'>eum</span> <span class='ocrx_word' id='word_1_497' title='bbox 1508 1897 1694 1933; x_wconf 89' lang='lat' dir='ltr'>increpatione</span> <span class='ocrx_word' id='word_1_498' title='bbox 1715 1897 1828 1931; x_wconf 86' lang='lat' dir='ltr'>feriens,</span> 
     </span>
    </p>
   </div>
   <div class='ocr_carea' id='block_1_14' title="bbox 983 1941 1830 2306">
    <p class='ocr_par' dir='ltr' id='par_1_16' title="bbox 983 1941 1830 2306">
     <span class='ocr_line' id='line_1_74' title="bbox 984 1941 1827 1980; baseline 0.004 -11"><span class='ocrx_word' id='word_1_499' title='bbox 984 1941 1070 1970; x_wconf 85' lang='lat' dir='ltr'>dixit:</span> <span class='ocrx_word' id='word_1_500' title='bbox 1097 1953 1110 1966; x_wconf 88' lang='lat'>«</span> <span class='ocrx_word' id='word_1_501' title='bbox 1126 1941 1198 1970; x_wconf 88' lang='lat' dir='ltr'>Vade</span> <span class='ocrx_word' id='word_1_502' title='bbox 1230 1942 1301 1970; x_wconf 90' lang='lat' dir='ltr'>viam</span> <span class='ocrx_word' id='word_1_503' title='bbox 1330 1945 1422 1976; x_wconf 87' lang='lat' dir='ltr'>tuam,</span> <span class='ocrx_word' id='word_1_504' title='bbox 1449 1942 1534 1971; x_wconf 87' lang='lat' dir='ltr'>frater</span> <span class='ocrx_word' id='word_1_505' title='bbox 1566 1951 1676 1977; x_wconf 88' lang='lat' dir='ltr'>musca,</span> <span class='ocrx_word' id='word_1_506' title='bbox 1698 1944 1827 1980; x_wconf 89' lang='lat' dir='ltr'>quoniam</span> 
     </span>
     <span class='ocr_line' id='line_1_75' title="bbox 985 1989 1829 2027; baseline 0.001 -10"><span class='ocrx_word' id='word_1_507' title='bbox 985 1989 1106 2017; x_wconf 90' lang='lat' dir='ltr'>nondum</span> <span class='ocrx_word' id='word_1_508' title='bbox 1129 1989 1215 2017; x_wconf 72' lang='lat' dir='ltr'>existi</span> <span class='ocrx_word' id='word_1_509' title='bbox 1245 1989 1278 2017; x_wconf 81' lang='lat' dir='ltr'>de</span> <span class='ocrx_word' id='word_1_510' title='bbox 1298 1989 1382 2017; x_wconf 76' lang='lat' dir='ltr'>domo</span> <span class='ocrx_word' id='word_1_511' title='bbox 1403 1993 1427 2018; x_wconf 80' lang='lat' dir='ltr'>et</span> <span class='ocrx_word' id='word_1_512' title='bbox 1448 1990 1617 2027; x_wconf 63' lang='lat' dir='ltr'>cognatione</span> <span class='ocrx_word' id='word_1_513' title='bbox 1646 1993 1698 2018; x_wconf 78' lang='lat' dir='ltr'>tna</span> <span class='ocrx_word' id='word_1_514' title='bbox 1711 1991 1741 2018; x_wconf 86' lang='lat'>¹¹.</span> <span class='ocrx_word' id='word_1_515' title='bbox 1763 1990 1829 2019; x_wconf 89' lang='lat' dir='ltr'>Con-</span> 
     </span>
     <span class='ocr_line' id='line_1_76' title="bbox 984 2036 1828 2074; baseline 0.001 -9"><span class='ocrx_word' id='word_1_516' title='bbox 984 2036 1141 2073; x_wconf 88' lang='lat' dir='ltr'>sanguineis</span> <span class='ocrx_word' id='word_1_517' title='bbox 1162 2036 1218 2064; x_wconf 87' lang='lat' dir='ltr'>tuis</span> <span class='ocrx_word' id='word_1_518' title='bbox 1239 2038 1287 2064; x_wconf 88' lang='lat' dir='ltr'>tua</span> <span class='ocrx_word' id='word_1_519' title='bbox 1307 2036 1403 2064; x_wconf 89' lang='lat' dir='ltr'>dedisti</span> <span class='ocrx_word' id='word_1_520' title='bbox 1426 2039 1453 2065; x_wconf 91' lang='lat' dir='ltr'>et</span> <span class='ocrx_word' id='word_1_521' title='bbox 1478 2036 1644 2065; x_wconf 87' lang='lat' dir='ltr'>defraudasti</span> <span class='ocrx_word' id='word_1_522' title='bbox 1674 2045 1828 2074; x_wconf 88' lang='lat' dir='ltr'>pauperes,</span> 
     </span>
     <span class='ocr_line' id='line_1_77' title="bbox 983 2083 1829 2121; baseline 0.002 -10"><span class='ocrx_word' id='word_1_523' title='bbox 983 2083 1083 2120; x_wconf 90' lang='lat' dir='ltr'>dignus</span> <span class='ocrx_word' id='word_1_524' title='bbox 1105 2091 1159 2111; x_wconf 88' lang='lat' dir='ltr'>non</span> <span class='ocrx_word' id='word_1_525' title='bbox 1180 2091 1210 2111; x_wconf 89' lang='lat' dir='ltr'>es</span> <span class='ocrx_word' id='word_1_526' title='bbox 1231 2083 1401 2120; x_wconf 88' lang='lat' dir='ltr'>pauperibus</span> <span class='ocrx_word' id='word_1_527' title='bbox 1422 2083 1532 2112; x_wconf 91' lang='lat' dir='ltr'>sanctis.</span> <span class='ocrx_word' id='word_1_528' title='bbox 1549 2084 1674 2121; x_wconf 88' lang='lat' dir='ltr'>lncepisti</span> <span class='ocrx_word' id='word_1_529' title='bbox 1696 2092 1712 2112; x_wconf 88' lang='lat' dir='ltr'>a</span> <span class='ocrx_word' id='word_1_530' title='bbox 1733 2092 1829 2118; x_wconf 90' lang='lat' dir='ltr'>carne,</span> 
     </span>
     <span class='ocr_line' id='line_1_78' title="bbox 984 2129 1828 2166; baseline 0 -8"><span class='ocrx_word' id='word_1_531' title='bbox 984 2130 1129 2158; x_wconf 87' lang='lat' dir='ltr'>ruinosum</span> <span class='ocrx_word' id='word_1_532' title='bbox 1141 2130 1351 2158; x_wconf 90' lang='lat' dir='ltr'>fundamentum</span> <span class='ocrx_word' id='word_1_533' title='bbox 1367 2129 1503 2166; x_wconf 86' lang='lat' dir='ltr'>spirituali</span> <span class='ocrx_word' id='word_1_534' title='bbox 1519 2130 1638 2159; x_wconf 88' lang='lat' dir='ltr'>fabricae</span> <span class='ocrx_word' id='word_1_535' title='bbox 1653 2131 1789 2159; x_wconf 85' lang='lat' dir='ltr'>collocasti</span> <span class='ocrx_word' id='word_1_536' title='bbox 1802 2144 1828 2158; x_wconf 67' lang='lat'>1¹.</span> 
     </span>
     <span class='ocr_line' id='line_1_79' title="bbox 985 2176 1830 2214; baseline 0.001 -9"><span class='ocrx_word' id='word_1_537' title='bbox 985 2177 1072 2205; x_wconf 89' lang='lat' dir='ltr'>Rediit</span> <span class='ocrx_word' id='word_1_538' title='bbox 1092 2176 1217 2205; x_wconf 87' lang='lat' dir='ltr'>animalis</span> <span class='ocrx_word' id='word_1_539' title='bbox 1232 2177 1315 2204; x_wconf 89' lang='lat' dir='ltr'>homo</span> <span class='ocrx_word' id='word_1_540' title='bbox 1331 2177 1353 2193; x_wconf 76' lang='lat'>¹²³</span> <span class='ocrx_word' id='word_1_541' title='bbox 1374 2177 1407 2205; x_wconf 90' lang='lat' dir='ltr'>ad</span> <span class='ocrx_word' id='word_1_542' title='bbox 1429 2184 1494 2205; x_wconf 85' lang='lat' dir='ltr'>suos</span> <span class='ocrx_word' id='word_1_543' title='bbox 1508 2180 1535 2205; x_wconf 89' lang='lat' dir='ltr'>et</span> <span class='ocrx_word' id='word_1_544' title='bbox 1550 2177 1659 2214; x_wconf 89' lang='lat' dir='ltr'>repetiit</span> <span class='ocrx_word' id='word_1_545' title='bbox 1674 2186 1740 2212; x_wconf 89' lang='lat' dir='ltr'>sua,</span> <span class='ocrx_word' id='word_1_546' title='bbox 1760 2186 1830 2214; x_wconf 88' lang='lat' dir='ltr'>quae</span> 
     </span>
     <span class='ocr_line' id='line_1_80' title="bbox 985 2223 1829 2261; baseline 0.001 -10"><span class='ocrx_word' id='word_1_547' title='bbox 985 2223 1155 2260; x_wconf 87' lang='lat' dir='ltr'>pauperibus</span> <span class='ocrx_word' id='word_1_548' title='bbox 1186 2223 1344 2260; x_wconf 87' lang='lat' dir='ltr'>relinquere</span> <span class='ocrx_word' id='word_1_549' title='bbox 1372 2223 1483 2257; x_wconf 83' lang='lat' dir='ltr'>nolens,</span> <span class='ocrx_word' id='word_1_550' title='bbox 1512 2223 1623 2252; x_wconf 89' lang='lat' dir='ltr'>virtutis</span> <span class='ocrx_word' id='word_1_551' title='bbox 1658 2224 1829 2261; x_wconf 87' lang='lat' dir='ltr'>propositum</span> 
     </span>
     <span class='ocr_line' id='line_1_81' title="bbox 985 2269 1241 2306; baseline -0.004 -8"><span class='ocrx_word' id='word_1_552' title='bbox 985 2270 1066 2299; x_wconf 89' lang='lat' dir='ltr'>citius</span> <span class='ocrx_word' id='word_1_553' title='bbox 1086 2269 1241 2306; x_wconf 88' lang='lat' dir='ltr'>dereliquit.</span> 
     </span>
    </p>
   </div>
   <div class='ocr_carea' id='block_1_15' title="bbox 1846 920 1966 962">
    <p class='ocr_par' dir='ltr' id='par_1_17' title="bbox 1846 920 1966 962">
     <span class='ocr_line' id='line_1_82' title="bbox 1846 920 1966 939; baseline 0.008 -1"><span class='ocrx_word' id='word_1_554' title='bbox 1846 920 1922 938; x_wconf 80' lang='lat' dir='ltr'>Factum</span> <span class='ocrx_word' id='word_1_555' title='bbox 1934 925 1966 939; x_wconf 86' lang='lat' dir='ltr'>no-</span> 
     </span>
     <span class='ocr_line' id='line_1_83' title="bbox 1872 943 1936 962; baseline 0.016 -1"><span class='ocrx_word' id='word_1_556' title='bbox 1872 943 1936 962; x_wconf 78' lang='lat' dir='ltr'>tabile.</span> 
     </span>
    </p>
   </div>
   <div class='ocr_carea' id='block_1_16' title="bbox 1848 1294 1975 1360">
    <p class='ocr_par' dir='ltr' id='par_1_18' title="bbox 1848 1294 1975 1360">
     <span class='ocr_line' id='line_1_84' title="bbox 1848 1294 1974 1318; baseline 0.008 -6"><span class='ocrx_word' id='word_1_557' title='bbox 1848 1294 1902 1312; x_wconf 81' lang='lat' dir='ltr'>Circa</span> <span class='ocrx_word' id='word_1_558' title='bbox 1915 1294 1974 1318; x_wconf 81' lang='lat' dir='ltr'>ingre-</span> 
     </span>
     <span class='ocr_line' id='line_1_85' title="bbox 1854 1318 1975 1337; baseline 0 -1"><span class='ocrx_word' id='word_1_559' title='bbox 1854 1318 1927 1337; x_wconf 74' lang='lat' dir='ltr'>dientes</span> <span class='ocrx_word' id='word_1_560' title='bbox 1941 1319 1975 1336; x_wconf 81' lang='lat' dir='ltr'>Or-</span> 
     </span>
     <span class='ocr_line' id='line_1_86' title="bbox 1854 1341 1924 1360; baseline 0.014 -1"><span class='ocrx_word' id='word_1_561' title='bbox 1854 1341 1924 1360; x_wconf 81' lang='lat' dir='ltr'>dinem.</span> 
     </span>
    </p>
   </div>
   <div class='ocr_carea' id='block_1_17' title="bbox 1869 1948 1938 1991">
    <p class='ocr_par' dir='ltr' id='par_1_19' title="bbox 1869 1948 1938 1991">
     <span class='ocr_line' id='line_1_87' title="bbox 1871 1948 1935 1967; baseline 0.016 -1"><span class='ocrx_word' id='word_1_562' title='bbox 1871 1948 1935 1967; x_wconf 81' lang='lat' dir='ltr'>Frater</span> 
     </span>
     <span class='ocr_line' id='line_1_88' title="bbox 1869 1977 1938 1991; baseline 0.014 -1"><span class='ocrx_word' id='word_1_563' title='bbox 1869 1977 1938 1991; x_wconf 73' lang='lat' dir='ltr'>musca.</span> 
     </span>
    </p>
   </div>
   <div class='ocr_carea' id='block_1_18' title="bbox 1063 2316 1974 2353">
    <p class='ocr_par' dir='ltr' id='par_1_20' title="bbox 1063 2316 1974 2353">
     <span class='ocr_line' id='line_1_89' title="bbox 1063 2316 1974 2353; baseline 0.001 -9"><span class='ocrx_word' id='word_1_564' title='bbox 1063 2317 1090 2344; x_wconf 77' lang='grc' dir='ltr'>[ι.</span> <span class='ocrx_word' id='word_1_565' title='bbox 1112 2316 1169 2346; x_wconf 75' lang='lat' dir='ltr'>Alio</span> <span class='ocrx_word' id='word_1_566' title='bbox 1190 2324 1301 2353; x_wconf 88' lang='lat' dir='ltr'>quoque</span> <span class='ocrx_word' id='word_1_567' title='bbox 1322 2319 1461 2353; x_wconf 90' lang='lat' dir='ltr'>tempore,</span> <span class='ocrx_word' id='word_1_568' title='bbox 1483 2324 1546 2345; x_wconf 89' lang='lat' dir='ltr'>cum</span> <span class='ocrx_word' id='word_1_569' title='bbox 1578 2317 1605 2345; x_wconf 90' lang='lat' dir='ltr'>in</span> <span class='ocrx_word' id='word_1_570' title='bbox 1633 2317 1692 2346; x_wconf 86' lang='lat' dir='ltr'>loco</span> <span class='ocrx_word' id='word_1_571' title='bbox 1720 2320 1828 2346; x_wconf 84' lang='lat' dir='ltr'>sanctae</span> <span class='ocrx_word' id='word_1_572' title='bbox 1842 2322 1922 2349; x_wconf 55' lang='lat' dir='ltr'>virente</span> <span class='ocrx_word' id='word_1_573' title='bbox 1935 2322 1974 2340; x_wconf 81' lang='lat' dir='ltr'>iuo-</span> 
     </span>
    </p>
   </div>
   <div class='ocr_carea' id='block_1_19' title="bbox 1845 2350 1975 2369">
    <p class='ocr_par' dir='ltr' id='par_1_21' title="bbox 1845 2350 1975 2369">
     <span class='ocr_line' id='line_1_90' title="bbox 1845 2350 1975 2369; baseline 0 -5"><span class='ocrx_word' id='word_1_574' title='bbox 1845 2351 1883 2369; x_wconf 82' lang='lat' dir='ltr'>pia,</span> <span class='ocrx_word' id='word_1_575' title='bbox 1894 2350 1975 2369; x_wconf 81' lang='lat' dir='ltr'>pauper-</span> 
     </span>
    </p>
   </div>
   <div class='ocr_carea' id='block_1_20' title="bbox 986 2363 1973 2401">
    <p class='ocr_par' dir='ltr' id='par_1_22' title="bbox 986 2363 1973 2401">
     <span class='ocr_line' id='line_1_91' title="bbox 986 2363 1973 2401; baseline 0 -10"><span class='ocrx_word' id='word_1_576' title='bbox 986 2363 1085 2392; x_wconf 82' lang='lat' dir='ltr'>Mariae</span> <span class='ocrx_word' id='word_1_577' title='bbox 1106 2363 1139 2391; x_wconf 89' lang='lat' dir='ltr'>de</span> <span class='ocrx_word' id='word_1_578' title='bbox 1161 2363 1338 2392; x_wconf 89' lang='lat' dir='ltr'>Portiuncula</span> <span class='ocrx_word' id='word_1_579' title='bbox 1359 2366 1434 2392; x_wconf 88' lang='lat' dir='ltr'>tanta</span> <span class='ocrx_word' id='word_1_580' title='bbox 1454 2366 1526 2392; x_wconf 87' lang='lat' dir='ltr'>esset</span> <span class='ocrx_word' id='word_1_581' title='bbox 1547 2364 1653 2400; x_wconf 88' lang='lat' dir='ltr'>inopia,</span> <span class='ocrx_word' id='word_1_582' title='bbox 1675 2364 1748 2401; x_wconf 85' lang='lat' dir='ltr'>quod</span> <span class='ocrx_word' id='word_1_583' title='bbox 1774 2372 1829 2392; x_wconf 91' lang='lat' dir='ltr'>non</span> <span class='ocrx_word' id='word_1_584' title='bbox 1845 2371 1902 2388; x_wconf 75' lang='lat' dir='ltr'>tatem</span> <span class='ocrx_word' id='word_1_585' title='bbox 1915 2370 1973 2388; x_wconf 78' lang='lat' dir='ltr'>tenet-</span> 
     </span>
    </p>
   </div>
   <div class='ocr_carea' id='block_1_21' title="bbox 704 2469 1219 2474">
    <p class='ocr_par' dir='ltr' id='par_1_23' title="bbox 704 2469 1219 2474">
     <span class='ocr_line' id='line_1_92' title="bbox 704 2469 1219 2474; baseline 0 0"><span class='ocrx_word' id='word_1_586' title='bbox 704 2469 1219 2474; x_wconf 95' lang='lat' dir='ltr'> </span> 
     </span>
    </p>
   </div>
   <div class='ocr_carea' id='block_1_22' title="bbox 88 2549 929 3045">
    <p class='ocr_par' dir='ltr' id='par_1_24' title="bbox 88 2549 928 2617">
     <span class='ocr_line' id='line_1_93' title="bbox 149 2549 928 2577; baseline -0.003 -4"><span class='ocrx_word' id='word_1_587' title='bbox 149 2550 156 2563; x_wconf 92' lang='lat'>¹</span> <span class='ocrx_word' id='word_1_588' title='bbox 175 2550 219 2573; x_wconf 69' lang='lat' dir='ltr'>Ct&#39;r.</span> <span class='ocrx_word' id='word_1_589' title='bbox 237 2551 319 2573; x_wconf 82' lang='lat' dir='ltr'>Tuom.</span> <span class='ocrx_word' id='word_1_590' title='bbox 336 2556 349 2572; x_wconf 87' lang='lat' dir='ltr'>a</span> <span class='ocrx_word' id='word_1_591' title='bbox 366 2550 463 2577; x_wconf 87' lang='lat' dir='ltr'>Celano,</span> <span class='ocrx_word' id='word_1_592' title='bbox 481 2550 532 2572; x_wconf 77' lang='lat' dir='ltr'>Vita</span> <span class='ocrx_word' id='word_1_593' title='bbox 551 2550 564 2572; x_wconf 95' lang='grc'>1.</span> <span class='ocrx_word' id='word_1_594' title='bbox 583 2556 605 2577; x_wconf 82' lang='grc'>11.</span> <span class='ocrx_word' id='word_1_595' title='bbox 624 2550 637 2571; x_wconf 92' lang='grc'>1.</span> <span class='ocrx_word' id='word_1_596' title='bbox 655 2556 675 2572; x_wconf 87' lang='grc'>6.</span> <span class='ocrx_word' id='word_1_597' title='bbox 694 2549 730 2572; x_wconf 77' lang='grc'>15.</span> <span class='ocrx_word' id='word_1_598' title='bbox 742 2552 765 2571; x_wconf 85' lang='grc'>61</span> <span class='ocrx_word' id='word_1_599' title='bbox 781 2550 823 2577; x_wconf 85' lang='grc'><strong>20;</strong></span> <span class='ocrx_word' id='word_1_600' title='bbox 841 2549 891 2571; x_wconf 83' lang='lat' dir='ltr'>Vita</span> <span class='ocrx_word' id='word_1_601' title='bbox 905 2549 928 2571; x_wconf 93' lang='grc' dir='ltr'>ΙΙ.</span> 
     </span>
     <span class='ocr_line' id='line_1_94' title="bbox 88 2587 927 2617; baseline -0.002 -6"><span class='ocrx_word' id='word_1_602' title='bbox 88 2591 145 2617; x_wconf 86' lang='lat' dir='ltr'>part.</span> <span class='ocrx_word' id='word_1_603' title='bbox 163 2589 186 2611; x_wconf 93' lang='lat' dir='ltr'>ll.</span> <span class='ocrx_word' id='word_1_604' title='bbox 203 2595 222 2611; x_wconf 86' lang='lat' dir='ltr'>c.</span> <span class='ocrx_word' id='word_1_605' title='bbox 241 2589 276 2611; x_wconf 70' lang='lat'>43.</span> <span class='ocrx_word' id='word_1_606' title='bbox 294 2592 317 2611; x_wconf 84' lang='grc'>61</span> <span class='ocrx_word' id='word_1_607' title='bbox 333 2595 356 2617; x_wconf 87' lang='lat' dir='ltr'>p.</span> <span class='ocrx_word' id='word_1_608' title='bbox 373 2589 405 2611; x_wconf 93' lang='grc' dir='ltr'><strong>ΙΙΙ.</strong></span> <span class='ocrx_word' id='word_1_609' title='bbox 422 2595 441 2610; x_wconf 82' lang='lat' dir='ltr'>c.</span> <span class='ocrx_word' id='word_1_610' title='bbox 464 2590 481 2611; x_wconf 93' lang='grc'>1.</span> <span class='ocrx_word' id='word_1_611' title='bbox 502 2588 538 2610; x_wconf 59' lang='grc'>113.</span> <span class='ocrx_word' id='word_1_612' title='bbox 559 2588 594 2610; x_wconf 68' lang='lat' dir='ltr'>ist.</span> <span class='ocrx_word' id='word_1_613' title='bbox 612 2588 646 2610; x_wconf 77' lang='lat' dir='ltr'>t7.</span> <span class='ocrx_word' id='word_1_614' title='bbox 670 2588 703 2609; x_wconf 89' lang='grc'>18.</span> <span class='ocrx_word' id='word_1_615' title='bbox 721 2588 759 2610; x_wconf 88' lang='grc'>20.</span> <span class='ocrx_word' id='word_1_616' title='bbox 780 2588 817 2609; x_wconf 86' lang='grc'>21.</span> <span class='ocrx_word' id='word_1_617' title='bbox 835 2588 873 2609; x_wconf 81' lang='grc'><strong>26.</strong></span> <span class='ocrx_word' id='word_1_618' title='bbox 890 2587 927 2609; x_wconf 85' lang='grc'><strong>37.</strong></span> 
     </span>
    </p>

    <p class='ocr_par' dir='ltr' id='par_1_25' title="bbox 148 2626 413 2654">
     <span class='ocr_line' id='line_1_95' title="bbox 148 2626 413 2654; baseline -0.008 -3"><span class='ocrx_word' id='word_1_619' title='bbox 148 2626 158 2639; x_wconf 72' lang='lat'><em>²</em></span> <span class='ocrx_word' id='word_1_620' title='bbox 174 2627 220 2651; x_wconf 89' lang='lat' dir='ltr'>Cfr.</span> <span class='ocrx_word' id='word_1_621' title='bbox 237 2628 261 2650; x_wconf 90' lang='lat' dir='ltr'>ll.</span> <span class='ocrx_word' id='word_1_622' title='bbox 278 2627 328 2650; x_wconf 92' lang='lat' dir='ltr'>Cor.</span> <span class='ocrx_word' id='word_1_623' title='bbox 347 2628 373 2654; x_wconf 87' lang='lat'>8,</span> <span class='ocrx_word' id='word_1_624' title='bbox 390 2628 413 2649; x_wconf 89' lang='grc'><strong>2.</strong></span> 
     </span>
    </p>

    <p class='ocr_par' dir='ltr' id='par_1_26' title="bbox 88 2665 928 2773">
     <span class='ocr_line' id='line_1_96' title="bbox 149 2665 928 2694; baseline -0.004 -5"><span class='ocrx_word' id='word_1_625' title='bbox 149 2665 158 2678; x_wconf 79' lang='lat'>³</span> <span class='ocrx_word' id='word_1_626' title='bbox 175 2667 251 2689; x_wconf 82' lang='lat' dir='ltr'>Matth.</span> <span class='ocrx_word' id='word_1_627' title='bbox 273 2667 311 2693; x_wconf 87' lang='grc'>13,</span> <span class='ocrx_word' id='word_1_628' title='bbox 330 2666 365 2688; x_wconf 81' lang='grc'><strong>45.</strong></span> <span class='ocrx_word' id='word_1_629' title='bbox 383 2672 431 2694; x_wconf 83' lang='grc'><strong>3611.</strong></span> <span class='ocrx_word' id='word_1_630' title='bbox 449 2665 587 2688; x_wconf 81' lang='lat' dir='ltr'>assimilatur</span> <span class='ocrx_word' id='word_1_631' title='bbox 612 2671 710 2693; x_wconf 80' lang='lat' dir='ltr'>regnum</span> <span class='ocrx_word' id='word_1_632' title='bbox 728 2665 844 2687; x_wconf 83' lang='lat' dir='ltr'>caelorum</span> <span class='ocrx_word' id='word_1_633' title='bbox 866 2673 876 2684; x_wconf 75' lang='grc' dir='ltr'><strong>α</strong></span> <span class='ocrx_word' id='word_1_634' title='bbox 889 2670 928 2686; x_wconf 84' lang='grc'><strong>116-</strong></span> 
     </span>
     <span class='ocr_line' id='line_1_97' title="bbox 88 2702 928 2734; baseline -0.004 -6"><span class='ocrx_word' id='word_1_635' title='bbox 88 2705 205 2733; x_wconf 81' lang='lat' dir='ltr'>gotiatori,</span> <span class='ocrx_word' id='word_1_636' title='bbox 222 2705 341 2734; x_wconf 86' lang='lat' dir='ltr'>quaerenti</span> <span class='ocrx_word' id='word_1_637' title='bbox 358 2705 431 2727; x_wconf 86' lang='lat' dir='ltr'>bonas</span> <span class='ocrx_word' id='word_1_638' title='bbox 447 2705 584 2733; x_wconf 81' lang='lat' dir='ltr'>margaritas</span> <span class='ocrx_word' id='word_1_639' title='bbox 593 2713 613 2726; x_wconf 72' lang='lat' dir='ltr'>n.</span> <span class='ocrx_word' id='word_1_640' title='bbox 632 2717 660 2720; x_wconf 97' lang='lat'><strong>—</strong></span> <span class='ocrx_word' id='word_1_641' title='bbox 680 2703 774 2726; x_wconf 85' lang='lat' dir='ltr'>inferius</span> <span class='ocrx_word' id='word_1_642' title='bbox 790 2703 888 2726; x_wconf 84' lang='lat' dir='ltr'>vocibus</span> <span class='ocrx_word' id='word_1_643' title='bbox 899 2702 928 2726; x_wconf 80' lang='lat' dir='ltr'>iis</span> 
     </span>
     <span class='ocr_line' id='line_1_98' title="bbox 89 2743 537 2773; baseline -0.002 -6"><span class='ocrx_word' id='word_1_644' title='bbox 89 2746 208 2768; x_wconf 79' lang='lat' dir='ltr'>contentus</span> <span class='ocrx_word' id='word_1_645' title='bbox 226 2745 263 2767; x_wconf 79' lang='lat' dir='ltr'>lK</span> <span class='ocrx_word' id='word_1_646' title='bbox 274 2745 293 2767; x_wconf 85' lang='grc' dir='ltr'><strong><em>Μ</em></strong></span> <span class='ocrx_word' id='word_1_647' title='bbox 311 2745 449 2767; x_wconf 84' lang='grc'><strong>11116136111111</strong></span> <span class='ocrx_word' id='word_1_648' title='bbox 462 2743 537 2773; x_wconf 77' lang='lat' dir='ltr'>plene.</span> 
     </span>
    </p>

    <p class='ocr_par' dir='ltr' id='par_1_27' title="bbox 88 2781 929 2850">
     <span class='ocr_line' id='line_1_99' title="bbox 149 2781 929 2811; baseline -0.003 -6"><span class='ocrx_word' id='word_1_649' title='bbox 149 2782 158 2795; x_wconf 86' lang='lat'>⁴</span> <span class='ocrx_word' id='word_1_650' title='bbox 176 2783 246 2811; x_wconf 86' lang='lat' dir='ltr'>Epist.</span> <span class='ocrx_word' id='word_1_651' title='bbox 262 2783 278 2805; x_wconf 86' lang='grc' dir='ltr'><strong>Ι.</strong></span> <span class='ocrx_word' id='word_1_652' title='bbox 294 2783 353 2805; x_wconf 90' lang='lat' dir='ltr'>Tim.</span> <span class='ocrx_word' id='word_1_653' title='bbox 371 2783 397 2811; x_wconf 83' lang='lat'>6,</span> <span class='ocrx_word' id='word_1_654' title='bbox 416 2782 458 2805; x_wconf 73' lang='lat'>⁴5:</span> <span class='ocrx_word' id='word_1_655' title='bbox 474 2783 521 2805; x_wconf 83' lang='lat' dir='ltr'>Rex</span> <span class='ocrx_word' id='word_1_656' title='bbox 538 2788 620 2810; x_wconf 81' lang='lat' dir='ltr'>regum</span> <span class='ocrx_word' id='word_1_657' title='bbox 638 2785 660 2804; x_wconf 89' lang='lat' dir='ltr'>et</span> <span class='ocrx_word' id='word_1_658' title='bbox 681 2781 792 2804; x_wconf 89' lang='lat' dir='ltr'>Dominus</span> <span class='ocrx_word' id='word_1_659' title='bbox 809 2781 929 2804; x_wconf 88' lang='lat' dir='ltr'>dominan-</span> 
     </span>
     <span class='ocr_line' id='line_1_100' title="bbox 88 2821 821 2850; baseline -0.001 -6"><span class='ocrx_word' id='word_1_660' title='bbox 88 2822 152 2845; x_wconf 89' lang='lat' dir='ltr'>tium.</span> <span class='ocrx_word' id='word_1_661' title='bbox 169 2835 200 2838; x_wconf 98' lang='lat'><strong>—</strong></span> <span class='ocrx_word' id='word_1_662' title='bbox 216 2823 261 2845; x_wconf 85' lang='lat' dir='ltr'>Cfr.</span> <span class='ocrx_word' id='word_1_663' title='bbox 278 2822 412 2850; x_wconf 66' lang='lat' dir='ltr'>Wadding„</span> <span class='ocrx_word' id='word_1_664' title='bbox 428 2823 472 2844; x_wconf 86' lang='lat' dir='ltr'>loe.</span> <span class='ocrx_word' id='word_1_665' title='bbox 488 2821 537 2850; x_wconf 73' lang='lat' dir='ltr'>cit.‚</span> <span class='ocrx_word' id='word_1_666' title='bbox 554 2822 583 2843; x_wconf 87' lang='lat' dir='ltr'>ad</span> <span class='ocrx_word' id='word_1_667' title='bbox 600 2827 636 2843; x_wconf 90' lang='lat' dir='ltr'>an.</span> <span class='ocrx_word' id='word_1_668' title='bbox 658 2821 727 2848; x_wconf 90' lang='grc'><strong>1210,</strong></span> <span class='ocrx_word' id='word_1_669' title='bbox 744 2827 768 2843; x_wconf 91' lang='lat' dir='ltr'>n.</span> <span class='ocrx_word' id='word_1_670' title='bbox 785 2821 821 2843; x_wconf 72' lang='lat'>50.</span> 
     </span>
    </p>

    <p class='ocr_par' dir='ltr' id='par_1_28' title="bbox 89 2859 927 2929">
     <span class='ocr_line' id='line_1_101' title="bbox 150 2859 927 2889; baseline -0.003 -6"><span class='ocrx_word' id='word_1_671' title='bbox 150 2860 160 2873; x_wconf 83' lang='lat'>⁵</span> <span class='ocrx_word' id='word_1_672' title='bbox 176 2861 252 2884; x_wconf 88' lang='lat' dir='ltr'>Matth.</span> <span class='ocrx_word' id='word_1_673' title='bbox 265 2861 306 2888; x_wconf 69' lang='lat'>43,</span> <span class='ocrx_word' id='word_1_674' title='bbox 319 2860 356 2883; x_wconf 88' lang='grc'><strong>44.</strong></span> <span class='ocrx_word' id='word_1_675' title='bbox 367 2873 399 2877; x_wconf 94' lang='grc'><strong>-</strong></span> <span class='ocrx_word' id='word_1_676' title='bbox 410 2860 521 2888; x_wconf 85' lang='lat' dir='ltr'>Superius</span> <span class='ocrx_word' id='word_1_677' title='bbox 538 2866 581 2888; x_wconf 90' lang='lat' dir='ltr'>pro</span> <span class='ocrx_word' id='word_1_678' title='bbox 595 2859 792 2889; x_wconf 75' lang='lat' dir='ltr'>perfectionisque</span> <span class='ocrx_word' id='word_1_679' title='bbox 807 2859 858 2882; x_wconf 89' lang='lat' dir='ltr'>Vat.</span> <span class='ocrx_word' id='word_1_680' title='bbox 874 2865 927 2881; x_wconf 87' lang='lat' dir='ltr'>cum</span> 
     </span>
     <span class='ocr_line' id='line_1_102' title="bbox 89 2899 378 2929; baseline 0.003 -7"><span class='ocrx_word' id='word_1_681' title='bbox 89 2899 124 2922; x_wconf 89' lang='lat' dir='ltr'>ed.</span> <span class='ocrx_word' id='word_1_682' title='bbox 144 2900 151 2922; x_wconf 82' lang='lat' dir='ltr'>l</span> <span class='ocrx_word' id='word_1_683' title='bbox 172 2899 378 2929; x_wconf 78' lang='lat' dir='ltr'>profectionisque.</span> 
     </span>
    </p>

    <p class='ocr_par' dir='ltr' id='par_1_29' title="bbox 90 2937 929 3045">
     <span class='ocr_line' id='line_1_103' title="bbox 150 2937 929 2968; baseline -0.004 -6"><span class='ocrx_word' id='word_1_684' title='bbox 150 2938 160 2952; x_wconf 80' lang='lat'>⁶</span> <span class='ocrx_word' id='word_1_685' title='bbox 176 2939 258 2962; x_wconf 83' lang='lat' dir='ltr'>Psalm.</span> <span class='ocrx_word' id='word_1_686' title='bbox 275 2939 319 2967; x_wconf 85' lang='lat'>70,</span> <span class='ocrx_word' id='word_1_687' title='bbox 337 2939 373 2962; x_wconf 82' lang='grc'>15.</span> <span class='ocrx_word' id='word_1_688' title='bbox 390 2945 450 2968; x_wconf 53' lang='grc'><strong>36111</strong></span> <span class='ocrx_word' id='word_1_689' title='bbox 468 2938 581 2967; x_wconf 84' lang='lat' dir='ltr'>Quoniam</span> <span class='ocrx_word' id='word_1_690' title='bbox 594 2944 638 2960; x_wconf 90' lang='lat' dir='ltr'>non</span> <span class='ocrx_word' id='word_1_691' title='bbox 655 2937 754 2965; x_wconf 80' lang='lat' dir='ltr'>cognovi</span> <span class='ocrx_word' id='word_1_692' title='bbox 771 2937 929 2965; x_wconf 85' lang='lat' dir='ltr'>litteraturam,</span> 
     </span>
     <span class='ocr_line' id='line_1_104' title="bbox 90 2976 928 3006; baseline -0.002 -6"><span class='ocrx_word' id='word_1_693' title='bbox 90 2976 187 3000; x_wconf 83' lang='lat' dir='ltr'>introibo</span> <span class='ocrx_word' id='word_1_694' title='bbox 204 2979 226 3000; x_wconf 89' lang='lat' dir='ltr'>in</span> <span class='ocrx_word' id='word_1_695' title='bbox 243 2978 356 3006; x_wconf 81' lang='lat' dir='ltr'>potentias</span> <span class='ocrx_word' id='word_1_696' title='bbox 372 2977 472 3000; x_wconf 88' lang='lat' dir='ltr'>Domini.</span> <span class='ocrx_word' id='word_1_697' title='bbox 487 2990 517 2993; x_wconf 96' lang='lat'><strong>—</strong></span> <span class='ocrx_word' id='word_1_698' title='bbox 535 2977 602 3005; x_wconf 88' lang='lat' dir='ltr'>Quod</span> <span class='ocrx_word' id='word_1_699' title='bbox 624 2976 704 2999; x_wconf 81' lang='lat' dir='ltr'>nudus</span> <span class='ocrx_word' id='word_1_700' title='bbox 726 2976 841 2999; x_wconf 84' lang='lat' dir='ltr'>Christum</span> <span class='ocrx_word' id='word_1_701' title='bbox 863 2976 928 3005; x_wconf 82' lang='lat' dir='ltr'>sequi</span> 
     </span>
     <span class='ocr_line' id='line_1_105' title="bbox 90 3015 882 3045; baseline -0.003 -6"><span class='ocrx_word' id='word_1_702' title='bbox 90 3015 183 3045; x_wconf 81' lang='lat' dir='ltr'>debeat,</span> <span class='ocrx_word' id='word_1_703' title='bbox 200 3017 299 3039; x_wconf 83' lang='lat' dir='ltr'>insinuat</span> <span class='ocrx_word' id='word_1_704' title='bbox 315 3017 407 3039; x_wconf 86' lang='lat' dir='ltr'>Hieron.</span> <span class='ocrx_word' id='word_1_705' title='bbox 422 3022 492 3044; x_wconf 86' lang='lat' dir='ltr'>supra</span> <span class='ocrx_word' id='word_1_706' title='bbox 509 3022 563 3044; x_wconf 82' lang='lat' dir='ltr'>pag.</span> <span class='ocrx_word' id='word_1_707' title='bbox 581 3016 639 3043; x_wconf 87' lang='grc'><strong>509,</strong></span> <span class='ocrx_word' id='word_1_708' title='bbox 657 3018 709 3038; x_wconf 85' lang='lat' dir='ltr'>nota</span> <span class='ocrx_word' id='word_1_709' title='bbox 727 3016 748 3038; x_wconf 85' lang='grc'><strong>2.</strong></span> <span class='ocrx_word' id='word_1_710' title='bbox 765 3015 882 3042; x_wconf 80' lang='lat' dir='ltr'>allegatus.</span> 
     </span>
    </p>
   </div>
   <div class='ocr_carea' id='block_1_23' title="bbox 983 2547 1830 3043">
    <p class='ocr_par' dir='ltr' id='par_1_30' title="bbox 983 2547 1830 2616">
     <span class='ocr_line' id='line_1_106' title="bbox 1047 2547 1830 2577; baseline 0.001 -7"><span class='ocrx_word' id='word_1_711' title='bbox 1047 2547 1055 2560; x_wconf 87' lang='lat'>⁷</span> <span class='ocrx_word' id='word_1_712' title='bbox 1073 2549 1149 2571; x_wconf 79' lang='lat' dir='ltr'>ltlattti.</span> <span class='ocrx_word' id='word_1_713' title='bbox 1167 2549 1194 2575; x_wconf 86' lang='lat'>8,</span> <span class='ocrx_word' id='word_1_714' title='bbox 1212 2548 1248 2570; x_wconf 87' lang='grc'>20.</span> <span class='ocrx_word' id='word_1_715' title='bbox 1266 2560 1297 2564; x_wconf 93' lang='grc'>-</span> <span class='ocrx_word' id='word_1_716' title='bbox 1314 2548 1408 2570; x_wconf 83' lang='grc'><strong>1111611113</strong></span> <span class='ocrx_word' id='word_1_717' title='bbox 1434 2554 1475 2575; x_wconf 91' lang='lat' dir='ltr'>pro</span> <span class='ocrx_word' id='word_1_718' title='bbox 1498 2547 1660 2577; x_wconf 77' lang='lat' dir='ltr'>pauperculas</span> <span class='ocrx_word' id='word_1_719' title='bbox 1686 2554 1754 2571; x_wconf 77' lang='grc'><strong>6113113</strong></span> <span class='ocrx_word' id='word_1_720' title='bbox 1775 2548 1830 2571; x_wconf 83' lang='lat' dir='ltr'>edd.</span> 
     </span>
     <span class='ocr_line' id='line_1_107' title="bbox 983 2586 1263 2616; baseline -0.004 -6"><span class='ocrx_word' id='word_1_721' title='bbox 983 2587 1143 2616; x_wconf 75' lang='lat' dir='ltr'>pauperculas</span> <span class='ocrx_word' id='word_1_722' title='bbox 1161 2586 1263 2610; x_wconf 81' lang='lat' dir='ltr'>casulas.</span> 
     </span>
    </p>

    <p class='ocr_par' dir='ltr' id='par_1_31' title="bbox 984 2624 1828 2693">
     <span class='ocr_line' id='line_1_108' title="bbox 1047 2624 1828 2653; baseline 0 -5"><span class='ocrx_word' id='word_1_723' title='bbox 1047 2624 1056 2637; x_wconf 71' lang='lat'>⁸</span> <span class='ocrx_word' id='word_1_724' title='bbox 1073 2625 1119 2648; x_wconf 87' lang='lat' dir='ltr'>Cfr.</span> <span class='ocrx_word' id='word_1_725' title='bbox 1136 2626 1307 2648; x_wconf 83' lang='lat' dir='ltr'>Testamentum</span> <span class='ocrx_word' id='word_1_726' title='bbox 1326 2626 1348 2647; x_wconf 78' lang='lat' dir='ltr'>S.</span> <span class='ocrx_word' id='word_1_727' title='bbox 1366 2625 1477 2647; x_wconf 83' lang='lat' dir='ltr'>Francisci</span> <span class='ocrx_word' id='word_1_728' title='bbox 1496 2628 1517 2647; x_wconf 87' lang='lat' dir='ltr'>et</span> <span class='ocrx_word' id='word_1_729' title='bbox 1536 2625 1669 2653; x_wconf 82' lang='lat' dir='ltr'>Wadding.,</span> <span class='ocrx_word' id='word_1_730' title='bbox 1687 2626 1728 2648; x_wconf 77' lang='lat' dir='ltr'>loc.</span> <span class='ocrx_word' id='word_1_731' title='bbox 1742 2625 1787 2652; x_wconf 68' lang='lat' dir='ltr'>cit„</span> <span class='ocrx_word' id='word_1_732' title='bbox 1799 2626 1828 2648; x_wconf 84' lang='lat' dir='ltr'>ad</span> 
     </span>
     <span class='ocr_line' id='line_1_109' title="bbox 984 2663 1828 2693; baseline -0.001 -6"><span class='ocrx_word' id='word_1_733' title='bbox 984 2671 1021 2687; x_wconf 87' lang='lat' dir='ltr'>an.</span> <span class='ocrx_word' id='word_1_734' title='bbox 1043 2666 1113 2692; x_wconf 81' lang='grc'><strong>1220,</strong></span> <span class='ocrx_word' id='word_1_735' title='bbox 1130 2671 1152 2687; x_wconf 87' lang='grc'>11.</span> <span class='ocrx_word' id='word_1_736' title='bbox 1173 2665 1207 2687; x_wconf 75' lang='grc'>15.</span> <span class='ocrx_word' id='word_1_737' title='bbox 1224 2671 1272 2693; x_wconf 85' lang='lat' dir='ltr'>seq.</span> <span class='ocrx_word' id='word_1_738' title='bbox 1611 2663 1620 2676; x_wconf 81' lang='lat'>⁹</span> <span class='ocrx_word' id='word_1_739' title='bbox 1637 2665 1713 2687; x_wconf 84' lang='lat' dir='ltr'>Matth.</span> <span class='ocrx_word' id='word_1_740' title='bbox 1735 2666 1773 2692; x_wconf 73' lang='grc'>10,</span> <span class='ocrx_word' id='word_1_741' title='bbox 1792 2666 1828 2687; x_wconf 74' lang='grc'>21.</span> 
     </span>
    </p>

    <p class='ocr_par' dir='ltr' id='par_1_32' title="bbox 985 2703 1829 2765">
     <span class='ocr_line' id='line_1_110' title="bbox 1048 2703 1829 2731; baseline -0.001 -5"><span class='ocrx_word' id='word_1_742' title='bbox 1048 2703 1067 2718; x_wconf 83' lang='lat'>¹⁰</span> <span class='ocrx_word' id='word_1_743' title='bbox 1083 2703 1129 2726; x_wconf 80' lang='lat' dir='ltr'>Cfr.</span> <span class='ocrx_word' id='word_1_744' title='bbox 1146 2704 1281 2731; x_wconf 62' lang='lat' dir='ltr'>Wadding„</span> <span class='ocrx_word' id='word_1_745' title='bbox 1298 2704 1340 2725; x_wconf 83' lang='lat' dir='ltr'>loc.</span> <span class='ocrx_word' id='word_1_746' title='bbox 1358 2703 1403 2731; x_wconf 85' lang='lat' dir='ltr'>cit.,</span> <span class='ocrx_word' id='word_1_747' title='bbox 1420 2703 1448 2725; x_wconf 85' lang='lat' dir='ltr'>ad</span> <span class='ocrx_word' id='word_1_748' title='bbox 1466 2710 1502 2725; x_wconf 89' lang='lat' dir='ltr'>an.</span> <span class='ocrx_word' id='word_1_749' title='bbox 1523 2704 1592 2730; x_wconf 81' lang='grc'><strong>1219,</strong></span> <span class='ocrx_word' id='word_1_750' title='bbox 1604 2710 1626 2725; x_wconf 92' lang='lat' dir='ltr'>n.</span> <span class='ocrx_word' id='word_1_751' title='bbox 1639 2703 1677 2726; x_wconf 72' lang='lat'>54.</span> <span class='ocrx_word' id='word_1_752' title='bbox 1690 2716 1720 2719; x_wconf 86' lang='lat'>——</span> <span class='ocrx_word' id='word_1_753' title='bbox 1735 2704 1829 2726; x_wconf 85' lang='lat' dir='ltr'>lnserius</span> 
     </span>
     <span class='ocr_line' id='line_1_111' title="bbox 985 2742 1270 2765; baseline -0.004 0"><span class='ocrx_word' id='word_1_754' title='bbox 985 2742 1037 2765; x_wconf 90' lang='lat' dir='ltr'>edd.</span> <span class='ocrx_word' id='word_1_755' title='bbox 1056 2742 1163 2765; x_wconf 89' lang='lat' dir='ltr'>omittunt</span> <span class='ocrx_word' id='word_1_756' title='bbox 1179 2742 1270 2765; x_wconf 82' lang='lat' dir='ltr'>mundi.</span> 
     </span>
    </p>

    <p class='ocr_par' dir='ltr' id='par_1_33' title="bbox 985 2780 1829 2960">
     <span class='ocr_line' id='line_1_112' title="bbox 1048 2780 1828 2810; baseline 0.001 -7"><span class='ocrx_word' id='word_1_757' title='bbox 1048 2780 1066 2794; x_wconf 85' lang='lat'>¹¹</span> <span class='ocrx_word' id='word_1_758' title='bbox 1085 2782 1140 2804; x_wconf 84' lang='lat' dir='ltr'>Gen.</span> <span class='ocrx_word' id='word_1_759' title='bbox 1160 2782 1201 2808; x_wconf 82' lang='grc'>12,</span> <span class='ocrx_word' id='word_1_760' title='bbox 1220 2782 1244 2803; x_wconf 79' lang='lat' dir='ltr'>l:</span> <span class='ocrx_word' id='word_1_761' title='bbox 1262 2781 1376 2809; x_wconf 78' lang='lat' dir='ltr'>Egredere</span> <span class='ocrx_word' id='word_1_762' title='bbox 1393 2781 1422 2803; x_wconf 84' lang='lat' dir='ltr'>de</span> <span class='ocrx_word' id='word_1_763' title='bbox 1439 2784 1497 2804; x_wconf 85' lang='lat' dir='ltr'>terra</span> <span class='ocrx_word' id='word_1_764' title='bbox 1516 2784 1552 2804; x_wconf 89' lang='lat' dir='ltr'>tua</span> <span class='ocrx_word' id='word_1_765' title='bbox 1565 2785 1587 2804; x_wconf 84' lang='lat' dir='ltr'>et</span> <span class='ocrx_word' id='word_1_766' title='bbox 1599 2782 1627 2804; x_wconf 89' lang='lat' dir='ltr'>de</span> <span class='ocrx_word' id='word_1_767' title='bbox 1642 2782 1778 2810; x_wconf 77' lang='lat' dir='ltr'>cognatione</span> <span class='ocrx_word' id='word_1_768' title='bbox 1791 2785 1828 2805; x_wconf 84' lang='lat' dir='ltr'>tua</span> 
     </span>
     <span class='ocr_line' id='line_1_113' title="bbox 985 2820 1827 2850; baseline 0.001 -8"><span class='ocrx_word' id='word_1_769' title='bbox 985 2823 1008 2842; x_wconf 91' lang='lat' dir='ltr'>et</span> <span class='ocrx_word' id='word_1_770' title='bbox 1025 2820 1053 2842; x_wconf 88' lang='lat' dir='ltr'>de</span> <span class='ocrx_word' id='word_1_771' title='bbox 1070 2820 1141 2842; x_wconf 88' lang='lat' dir='ltr'>domo</span> <span class='ocrx_word' id='word_1_772' title='bbox 1158 2820 1228 2848; x_wconf 86' lang='lat' dir='ltr'>patris</span> <span class='ocrx_word' id='word_1_773' title='bbox 1246 2820 1276 2842; x_wconf 89' lang='lat' dir='ltr'>tui</span> <span class='ocrx_word' id='word_1_774' title='bbox 1294 2823 1337 2842; x_wconf 88' lang='lat' dir='ltr'>etc.</span> <span class='ocrx_word' id='word_1_775' title='bbox 1354 2820 1401 2842; x_wconf 81' lang='lat' dir='ltr'>Gal.</span> <span class='ocrx_word' id='word_1_776' title='bbox 1419 2821 1444 2847; x_wconf 81' lang='grc'>3,</span> <span class='ocrx_word' id='word_1_777' title='bbox 1463 2820 1491 2842; x_wconf 82' lang='lat'>3:</span> <span class='ocrx_word' id='word_1_778' title='bbox 1509 2820 1546 2843; x_wconf 79' lang='lat' dir='ltr'>sic</span> <span class='ocrx_word' id='word_1_779' title='bbox 1563 2820 1624 2843; x_wconf 87' lang='lat' dir='ltr'>stulti</span> <span class='ocrx_word' id='word_1_780' title='bbox 1636 2821 1702 2848; x_wconf 81' lang='lat' dir='ltr'>estis,</span> <span class='ocrx_word' id='word_1_781' title='bbox 1720 2823 1757 2850; x_wconf 80' lang='lat' dir='ltr'>nt,</span> <span class='ocrx_word' id='word_1_782' title='bbox 1775 2827 1827 2843; x_wconf 89' lang='lat' dir='ltr'>cum</span> 
     </span>
     <span class='ocr_line' id='line_1_114' title="bbox 986 2859 1829 2887; baseline 0 -5"><span class='ocrx_word' id='word_1_783' title='bbox 986 2859 1066 2887; x_wconf 85' lang='lat' dir='ltr'>spiritu</span> <span class='ocrx_word' id='word_1_784' title='bbox 1084 2859 1216 2887; x_wconf 65' lang='grc'><strong>6060611113,</strong></span> <span class='ocrx_word' id='word_1_785' title='bbox 1229 2865 1289 2882; x_wconf 89' lang='lat' dir='ltr'>nunc</span> <span class='ocrx_word' id='word_1_786' title='bbox 1306 2865 1374 2881; x_wconf 87' lang='lat' dir='ltr'>carne</span> <span class='ocrx_word' id='word_1_787' title='bbox 1392 2859 1602 2881; x_wconf 74' lang='lat' dir='ltr'>consummemini?</span> <span class='ocrx_word' id='word_1_788' title='bbox 1619 2871 1651 2876; x_wconf 83' lang='lat'><strong>—</strong></span> <span class='ocrx_word' id='word_1_789' title='bbox 1668 2860 1762 2882; x_wconf 83' lang='grc'><strong>1111611113</strong></span> <span class='ocrx_word' id='word_1_790' title='bbox 1777 2862 1829 2887; x_wconf 89' lang='lat' dir='ltr'>post</span> 
     </span>
     <span class='ocr_line' id='line_1_115' title="bbox 986 2897 1828 2928; baseline 0 -7"><span class='ocrx_word' id='word_1_791' title='bbox 986 2898 1072 2928; x_wconf 65' lang='lat' dir='ltr'>dianus</span> <span class='ocrx_word' id='word_1_792' title='bbox 1089 2903 1137 2921; x_wconf 83' lang='lat' dir='ltr'>non</span> <span class='ocrx_word' id='word_1_793' title='bbox 1153 2904 1176 2921; x_wconf 81' lang='lat' dir='ltr'>es</span> <span class='ocrx_word' id='word_1_794' title='bbox 1194 2898 1210 2920; x_wconf 91' lang='lat' dir='ltr'>B</span> <span class='ocrx_word' id='word_1_795' title='bbox 1233 2897 1297 2920; x_wconf 84' lang='lat' dir='ltr'>addit</span> <span class='ocrx_word' id='word_1_796' title='bbox 1318 2897 1422 2926; x_wconf 78' lang='lat' dir='ltr'>sociari,·</span> <span class='ocrx_word' id='word_1_797' title='bbox 1444 2898 1498 2920; x_wconf 77' lang='lat' dir='ltr'>Aeta</span> <span class='ocrx_word' id='word_1_798' title='bbox 1522 2898 1561 2920; x_wconf 82' lang='lat' dir='ltr'>SS.</span> <span class='ocrx_word' id='word_1_799' title='bbox 1584 2899 1663 2926; x_wconf 80' lang='lat' dir='ltr'>legunt</span> <span class='ocrx_word' id='word_1_800' title='bbox 1683 2898 1828 2928; x_wconf 70' lang='lat' dir='ltr'>pauperibus</span> 
     </span>
     <span class='ocr_line' id='line_1_116' title="bbox 985 2936 1183 2960; baseline -0.01 0"><span class='ocrx_word' id='word_1_801' title='bbox 985 2936 1073 2960; x_wconf 75' lang='lat' dir='ltr'>sanctis</span> <span class='ocrx_word' id='word_1_802' title='bbox 1089 2936 1183 2960; x_wconf 76' lang='lat' dir='ltr'>sociari.</span> 
     </span>
    </p>

    <p class='ocr_par' dir='ltr' id='par_1_34' title="bbox 987 2975 1828 3043">
     <span class='ocr_line' id='line_1_117' title="bbox 1049 2975 1828 3005; baseline 0.001 -7"><span class='ocrx_word' id='word_1_803' title='bbox 1049 2975 1068 2988; x_wconf 82' lang='lat'>¹²</span> <span class='ocrx_word' id='word_1_804' title='bbox 1085 2976 1155 3004; x_wconf 84' lang='lat' dir='ltr'>Epist.</span> <span class='ocrx_word' id='word_1_805' title='bbox 1173 2977 1187 2998; x_wconf 93' lang='lat'>1.</span> <span class='ocrx_word' id='word_1_806' title='bbox 1204 2975 1256 2998; x_wconf 79' lang='lat' dir='ltr'>Cor.</span> <span class='ocrx_word' id='word_1_807' title='bbox 1269 2977 1294 3003; x_wconf 87' lang='grc'>2,</span> <span class='ocrx_word' id='word_1_808' title='bbox 1315 2975 1353 2998; x_wconf 71' lang='grc'>141</span> <span class='ocrx_word' id='word_1_809' title='bbox 1371 2976 1480 2998; x_wconf 81' lang='lat' dir='ltr'>Animalis</span> <span class='ocrx_word' id='word_1_810' title='bbox 1497 2979 1573 2999; x_wconf 87' lang='lat' dir='ltr'>autem</span> <span class='ocrx_word' id='word_1_811' title='bbox 1591 2977 1661 2999; x_wconf 88' lang='lat' dir='ltr'>homo</span> <span class='ocrx_word' id='word_1_812' title='bbox 1674 2983 1718 2999; x_wconf 90' lang='lat' dir='ltr'>non</span> <span class='ocrx_word' id='word_1_813' title='bbox 1732 2977 1828 3005; x_wconf 86' lang='lat' dir='ltr'>percipit</span> 
     </span>
     <span class='ocr_line' id='line_1_118' title="bbox 987 3015 1393 3043; baseline 0.002 -6"><span class='ocrx_word' id='word_1_814' title='bbox 987 3022 1013 3038; x_wconf 89' lang='lat' dir='ltr'>ea</span> <span class='ocrx_word' id='word_1_815' title='bbox 1031 3021 1091 3043; x_wconf 84' lang='lat' dir='ltr'>quae</span> <span class='ocrx_word' id='word_1_816' title='bbox 1108 3017 1161 3037; x_wconf 89' lang='lat' dir='ltr'>sunt</span> <span class='ocrx_word' id='word_1_817' title='bbox 1178 3015 1275 3043; x_wconf 85' lang='lat' dir='ltr'>Spiritus</span> <span class='ocrx_word' id='word_1_818' title='bbox 1293 3015 1332 3037; x_wconf 86' lang='lat' dir='ltr'>Dei</span> <span class='ocrx_word' id='word_1_819' title='bbox 1350 3017 1393 3038; x_wconf 87' lang='lat' dir='ltr'>etc.</span> 
     </span>
    </p>
   </div>
  </div>
 </body>
</html>
