2133 3317
147 729 262 749 Notandum.

156 1152 216 1170 Causa
231 1157 260 1171 se-

171 1175 240 1194 cunda.

197 1575 267 1594 Tertia.

151 1763 265 1782 Notandum.

279 223 337 254 344

279 302 429 340 patientius
451 309 502 338 pro
523 300 563 329 eis
583 299 709 328 laborent
730 301 757 327 et
778 298 895 326 hilarius
910 298 1077 332 ministrent,
1100 300 1127 326 et

278 352 311 378 ut
332 348 382 385 ipsi
404 348 508 376 debiles
528 346 621 374 minus
642 345 808 374 erubescant
829 347 856 373 et
877 344 1060 373 confidentius
1077 352 1128 373 au-

279 396 360 424 deant
382 393 559 423 necessitates
580 400 645 421 suas
665 392 806 428 accipere,
828 399 892 420 cum
907 391 1029 425 videant,
1044 391 1126 420 etiam

279 442 346 470 alios
367 448 461 469 secum
484 447 545 468 esse
565 439 714 476 participes
735 439 763 467 in
784 438 978 467 consolatione.
1001 438 1063 467 Sani
1079 438 1129 475 igi-

279 492 326 517 tur
348 490 374 516 et
396 487 481 515 fortes
502 494 555 515 non
578 485 679 514 debent
694 488 808 522 propter
824 493 852 514 se
867 485 919 514 ista
932 488 1062 522 appetere
1078 493 1129 514 nec

279 542 346 564 suae
373 533 526 562 industriae
553 532 708 566 ascribere,
736 532 847 569 quando
879 532 1037 569 petentibus
1053 533 1062 549 ¹
1090 532 1130 561 eis

279 581 481 617 eleemosynam
510 580 562 608 ista
589 579 763 613 offeruntur,
792 579 839 608 sed
868 579 988 616 cogitare
1015 579 1129 614 debent,

280 628 352 656 sicut
372 629 400 655 et
420 626 522 655 veritas
554 629 611 660 est,
633 626 707 663 quod
728 626 802 655 Deus
823 634 855 654 ea
885 628 999 663 propter
1027 626 1131 654 debiles

280 674 420 703 ministrat
441 676 469 702 et
490 673 516 702 in
534 676 609 702 tanta
630 673 721 710 copia,
743 673 818 710 quod
839 673 939 702 exinde
961 673 1043 702 etiam
1071 673 1129 701 sani

281 722 468 750 consolentur.
491 721 606 758 Propter
637 729 735 749 causas
760 721 926 757 praemissas
956 721 1017 749 vult
1047 720 1129 749 etiam

280 768 355 797 Deus
375 768 521 797 veritatem
542 775 609 796 suae
631 767 822 804 promissionis
836 770 864 796 et
885 767 1049 796 evidentiam
1064 774 1131 795 suae

279 815 453 844 liberalitatis
474 814 632 848 ostendere,
653 814 720 843 dum
742 814 837 849 nobis,
859 814 906 851 qui
928 814 1019 842 nullos
1042 816 1132 842 certos

280 862 387 891 reditus
408 870 459 899 pro
490 862 549 899 ipso
571 862 674 891 habere
704 861 879 891 decrevimus
899 864 927 890 et
953 864 1037 889 totam
1059 861 1133 890 solli<

281 909 432 938 citudinem
455 909 482 938 in
504 917 568 938 eum
584 909 762 943 iactavimus,
785 916 866 945 saepe
881 908 1070 945 indulgentius
1085 916 1132 937 ne-

281 957 401 986 cessaria
422 957 560 985 ministrat
588 964 671 993 quam
700 956 760 985 aliis
788 956 970 993 quibusdam,
999 956 1047 993 qui
1079 956 1133 984 lata

281 1004 394 1041 praedia
416 1004 520 1033 habent
540 1007 567 1033 et
591 1004 696 1032 loculos
718 1003 828 1040 plenos,
850 1003 884 1031 ad
905 1003 958 1032 hoc
985 1006 1017 1031 ut
1045 1003 1069 1032 ei
1091 1010 1133 1031 se-

282 1052 379 1080 curius
401 1051 571 1080 confidamus
593 1053 620 1079 et
641 1051 750 1079 fidelius
771 1050 925 1079 serviamus
938 1050 958 1078 ².

363 1098 419 1126 Alia
440 1106 523 1126 causa
537 1100 592 1131 est,
607 1098 673 1134 quia
694 1100 721 1125 et
735 1105 833 1125 eorum
856 1096 903 1133 qui
919 1104 1009 1133 nuper
1027 1096 1060 1125 de
1075 1104 1133 1125 sae-

284 1146 348 1174 culo
362 1148 515 1179 venerunt,
537 1144 650 1182 quidam
671 1144 786 1173 delicate
801 1147 866 1172 sunt
887 1144 1001 1177 nutriti,
1024 1146 1051 1172 et
1069 1151 1134 1172 cum

283 1192 310 1221 in
333 1192 436 1220 Ordine
457 1191 549 1220 subito
578 1194 674 1220 contra
695 1191 806 1220 solitum
833 1193 972 1228 coguntur
992 1190 1072 1219 aliter
1094 1190 1134 1218 vi-

282 1247 349 1268 vere
371 1239 398 1267 in
420 1239 514 1267 labore
535 1241 562 1267 et
583 1238 659 1267 victu
680 1242 707 1267 et
728 1238 871 1267 coercione
890 1237 1056 1275 magisterii,
1078 1239 1134 1265 ter-

283 1286 337 1315 rita
358 1294 423 1315 earo
438 1289 534 1315 tenera
549 1286 719 1322 languescet,
741 1288 768 1314 et
783 1285 834 1313 nisi
856 1285 1005 1318 clementer
1024 1284 1134 1313 fovean-

284 1336 344 1368 tur,
359 1333 446 1362 donec
467 1333 599 1370 paulatim
615 1335 774 1361 assuescant
791 1331 903 1361 Ordinis
928 1332 981 1368 pati
999 1332 1134 1368 rigorem,

283 1384 332 1409 aut
353 1388 463 1417 semper
485 1380 649 1408 tabescendo
678 1380 871 1416 languescent,
900 1382 949 1407 aut
969 1387 1005 1407 ex
1035 1379 1135 1415 rigoris

284 1428 402 1456 horrore
423 1427 457 1455 ad
477 1427 613 1455 vomitum
636 1429 813 1455 revertentur
825 1426 845 1454 ³.
868 1426 899 1454 Et
926 1426 987 1454 ideo
1009 1425 1134 1462 expedit,

284 1477 316 1503 ut
334 1483 427 1511 supra.

364 1521 456 1550 Tertia
483 1529 567 1550 causa
593 1524 650 1550 est:
672 1521 825 1558 spiritualis
853 1521 936 1550 studii
965 1520 1107 1549 assiduum
1123 1521 1135 1537 ‘²

285 1568 396 1597 lucrum
420 1568 445 1596 in
469 1568 560 1596 studio
575 1576 669 1596 sacrae
691 1568 863 1604 Scripturae,
879 1568 907 1596 in
921 1568 1074 1596 devotionis
1088 1567 1135 1596 de-

284 1615 398 1649 siderio,
421 1615 447 1643 in
470 1615 628 1644 tentationis
650 1615 816 1649 certamine,
838 1615 865 1643 in
887 1615 1012 1643 internae
1035 1614 1135 1643 sollici-

284 1662 388 1691 tudinis
410 1662 504 1699 vigore
525 1662 562 1690 ita
577 1662 696 1691 desiccat
709 1665 736 1691 et
751 1662 889 1690 consumit
905 1662 979 1690 vires
993 1661 1134 1698 corporis,

284 1712 331 1743 ut,
354 1709 404 1738 nisi
421 1709 547 1738 exterius
562 1709 729 1746 quandoque
743 1709 920 1746 aliquatenus
935 1709 1134 1742 refocillentur,

285 1764 339 1785 ΠοΠ
363 1756 471 1785 valeant
492 1756 540 1785 diu
556 1756 716 1785 subsistere.
732 1773 771 1776 —
784 1756 862 1792 Quod
877 1759 969 1785 autem
986 1755 1135 1792 aliquando

284 1803 418 1832 lautiores
439 1803 514 1832 cibos
542 1807 569 1832 et
590 1806 672 1840 potus
701 1803 804 1832 babere
838 1803 977 1837 videmur,
1011 1803 1063 1831 boc
1095 1804 1136 1831 est

261 1851 398 1889 suproprie
427 1851 633 1885 mendicorum,
663 1850 727 1888 qui,
755 1850 822 1879 dum
851 1859 906 1879 ΠοΠ
934 1854 1079 1879 reservant
1107 1850 1134 1878 in

285 1901 441 1935 posterum,
465 1900 496 1927 ut
522 1898 650 1927 cumulos
677 1901 864 1935 congregent,
894 1900 927 1926 ut
948 1897 1060 1934 praedia
1081 1898 1136 1926 lata

285 1948 461 1981 comparent,
483 1945 575 1973 statim
600 1945 749 1973 comedunt
770 1948 796 1974 et
818 1945 917 1973 bibunt
938 1952 970 1973 ea
991 1952 1062 1981 quae
1082 1945 1135 1973 Do-

285 1992 378 2020 minus
398 1992 580 2021 administrat.
604 1992 636 2020 Et
663 1992 729 2029 quia
753 2000 804 2029 pro
832 1992 976 2021 honestate
998 1996 1025 2020 et
1052 1992 1135 2020 devo-

286 2039 360 2067 tione
381 2047 432 2067 sua
454 2038 579 2075 plerique
602 2039 668 2067 dant
682 2039 762 2067 nobis
782 2047 837 2067 non
855 2039 888 2067 de
909 2039 1072 2073 vilioribus,
1088 2039 1135 2067 sed

286 2086 320 2114 de
340 2086 515 2120 melioribus,
538 2094 609 2123 quae
633 2086 765 2115 Dominus
792 2086 867 2115 dedit
888 2086 943 2120 eis,
965 2086 1047 2115 etiam
1069 2094 1135 2120 nos,

287 2141 350 2161 cum
372 2133 482 2161 interim
504 2141 558 2161 non
574 2133 726 2162 habeamus
741 2133 808 2167 alia,
830 2133 933 2170 quibus
952 2136 1079 2167 utamur,
1101 2141 1136 2161 ne

287 2180 431 2208 videamur
446 2179 545 2216 ingrati
560 2183 587 2208 et
598 2180 684 2214 avari,
699 2180 868 2208 comedimus
883 2182 910 2208 et
924 2180 1046 2208 bibimus
1065 2187 1136 2216 quae

287 2227 444 2255 offeruntur
465 2226 559 2260 nobis,
588 2226 777 2255 indifferenter
799 2229 854 2254 tam
876 2226 923 2254 illa
955 2234 1038 2262 quam
1067 2226 1135 2260 alia,

287 2274 368 2302 iuxta
388 2273 455 2302 illud
471 2273 628 2310 Regulae5:
656 2285 669 2298 κ
683 2274 722 2302 De
742 2273 872 2302 omnibus
886 2273 967 2307 cibis,
989 2273 1036 2310 qui
1052 2281 1135 2310 appo-

287 2325 404 2355 nuntur,
426 2321 505 2349 liceat
526 2321 694 2349 manducare
709 2333 735 2349 ».
758 2320 898 2349 Mendicus
912 2320 999 2354 enim,
1018 2320 1039 2349 si
1057 2328 1136 2349 recu-

288 2371 329 2397 set
350 2376 382 2396 ea
402 2376 473 2405 quae
501 2367 671 2401 offeruntur,
693 2375 756 2396 cum
779 2375 832 2395 non
864 2367 964 2395 babeat
989 2367 1064 2395 unde
1084 2367 1137 2395 alia

288 2418 375 2449 emat,
397 2414 550 2443 remanebit
570 2414 668 2443 inanis.
690 2415 760 2451 Quia
780 2422 846 2443 vero
860 2414 962 2442 diversi
984 2414 1094 2442 diversa
1109 2416 1137 2442 et

286 2462 436 2499 aliquando
457 2461 534 2499 quasi
557 2461 673 2490 adversa
693 2462 832 2490 mirantur
850 2461 884 2490 de
906 2461 998 2495 nobis,
1020 2464 1052 2489 ut
1073 2469 1135 2489 cum

289 2510 326 2538 illi
350 2509 554 2546 reprehendant
569 2509 596 2537 in
618 2509 697 2538 nobis
711 2509 916 2543 carnalitatem,
938 2509 983 2537 alii
1006 2516 1072 2537 vero
1086 2508 1137 2537 du-

352 2711 360 2724 1
378 2711 434 2734 Edd.
453 2710 626 2741 appetentibus,
646 2714 668 2734 et
684 2712 768 2734 deinde
785 2718 827 2739 pro
844 2711 877 2734 eis
895 2712 911 2733 B
927 2718 963 2739 se,
984 2711 1001 2734 C
1018 2711 1048 2735 ab
1066 2712 1110 2734 eis.

352 2749 361 2763 ²
378 2751 454 2773 Mattli.
475 2751 514 2778 19,
532 2751 573 2773 29:
591 2752 617 2773 Et
633 2751 708 2773 omnis
725 2751 764 2779 qui
782 2750 901 2779 reliquerit
923 2751 1044 2773 domum...
1061 2753 1140 2772 centu-

290 2790 354 2817 plum
372 2790 475 2818 accipiet.
493 2791 548 2813 Luc.
565 2791 606 2817 22,
625 2791 661 2813 35.
688 2797 749 2819 seqs.
768 2790 865 2819 Quando
888 2790 939 2812 misi
957 2796 1000 2812 vos
1022 2789 1071 2812 sine
1088 2795 1138 2812 sac-

289 2829 341 2851 culo
353 2831 375 2851 et
390 2835 445 2856 pera
463 2831 485 2851 et
500 2829 674 2856 calceamentis,
690 2829 797 2858 nunquid
814 2829 901 2857 aliquid
919 2829 992 2851 defuit
1009 2828 1093 2851 vobis?
1111 2828 1139 2850 At

291 2868 321 2890 illi
338 2868 454 2890 dixerunt:
472 2869 537 2890 Nihil.
555 2868 599 2891 Csr.
617 2874 688 2896 supra
706 2868 791 2896 Opusc.
809 2868 847 2890 Xl.
863 2868 975 2896 Apologia
993 2874 1138 2896 pauperum,

291 2914 310 2930 c.
324 2908 346 2929 7.
359 2914 380 2929 n.
393 2908 415 2929 9.
428 2910 450 2929 et
461 2908 497 2930 30.
510 2914 558 2937 seq.
570 2920 601 2924 ——
614 2908 724 2936 Superius
737 2908 783 2931 fide
800 2908 869 2931 codd.
883 2908 1045 2936 supplevimus
1061 2914 1137 2937 saepe.

353 2946 362 2958 ³
379 2947 449 2974 Epist.
467 2947 491 2969 ll.
510 2948 566 2969 Petr.
585 2948 610 2974 2,
623 2949 667 2970 22:
683 2948 799 2975 Contingit
811 2951 889 2970 autem
906 2948 939 2970 eis
955 2948 1010 2970 illud
1023 2947 1072 2970 veri
1084 2954 1137 2976 pro-

289 2985 365 3007 verbii
383 2984 432 3014 [cfr.
458 2986 524 3008 Prov.
548 2987 585 3014 26,
614 2986 673 3016 l=l.]:
698 2986 766 3009 Canis
791 2993 899 3009 reversus
921 2987 951 3009 ad
975 2993 1044 3009 suum
1062 2987 1138 3009 vomi-

290 3027 339 3047 tum
358 3026 400 3046 etc.
417 3023 463 3047 Cfr.
481 3024 571 3051 lsidor.,
584 3025 606 3047 ll.
625 3026 686 3047 Sent.
703 3032 723 3047 c.
742 3026 764 3048 8.
780 3032 803 3047 n.
821 3025 843 3047 5.

647 220 844 250 OPUSCULUM
866 219 930 248 XllI.
952 219 1262 248 DETERMINATIONES
1283 219 1525 256 QUAESTIONUM.
1548 219 1628 248 PARS
1649 219 1667 247 1.

1185 298 1293 332 ritiam,
1315 297 1431 335 quilibet
1452 306 1503 334 pro
1517 297 1579 326 visu
1600 305 1651 326 suo
1672 300 1699 326 et
1719 297 1835 331 affectu;
1851 300 2035 334 oportet,nos

1185 344 1301 382 singulis
1315 344 1348 373 de
1369 344 1428 373 suis
1442 344 1651 381 quaestionibus
1666 344 1833 381 respondere
1851 346 1878 372 et
1899 344 2034 373 rationem

1186 392 1315 426 reddere,
1331 391 1394 420 licet
1408 391 1551 428 sequentia
1566 391 1804 428 praecedentibus,
1820 394 1962 420 attenuato
1975 391 2036 427 ipso

1186 438 1295 472 ordine,
1318 438 1351 466 ad
1373 438 1425 466 hoc
1453 446 1507 466 non
1529 438 1708 472 cohaereant,
1730 437 1778 467 sed
1806 437 1887 466 modo
1907 437 1942 466 de
1969 438 2036 473 hoc,

1186 485 1268 514 modo
1289 485 1323 514 de
1344 485 1397 513 alio
1419 487 1570 514 tractemus
1580 485 1600 512 ⁶.

1517 578 1656 614 Quassrio
1676 578 1707 606 X.

1269 672 1330 701 Cur
1350 681 1410 701 ηοη
1430 680 1528 700 omnes
1552 671 1750 710 indifferenter
1774 672 1961 710 recipiantur

1505 719 1545 748 ad
1575 719 1722 748 Ordinem.

1268 813 1334 842 Item
1356 820 1477 850 quaero:
1500 821 1562 841 cum
1585 813 1714 842 omnibus
1732 813 1854 842 debeatis
1875 821 1991 850 cupere,
2005 816 2038 843 ut

1189 860 1332 889 salventur
1353 860 1510 894 vobiscum,
1539 868 1627 897 quare
1654 860 1843 889 indifferenter
1865 869 1919 889 non
1940 868 2036 890 omnes

1189 907 1328 944 recipitis,
1344 907 1391 944 qui
1411 907 1583 941 desiderant,
1599 915 1662 935 cum
1678 915 1733 935 non
1747 910 1835 936 arctet
1849 915 1899 936 vos
1912 907 2038 944 praedio-

1190 962 1254 983 rum
1270 954 1407 991 paucitas,
1423 954 1470 982 sed
1485 957 1581 991 aperta
1596 953 1631 982 sit
1645 954 1774 982 omnibus
1789 954 1832 982 via
1847 954 2040 983 mendicandi?

1270 1001 1438 1037 Respondeo.
1467 1001 1569 1029 Omnes
1590 1001 1702 1038 quidem
1731 1001 1859 1038 cupimus
1885 1001 1984 1030 salvari
2013 1004 2041 1030 et

1190 1048 1260 1077 nulli
1282 1048 1431 1085 prohibere
1446 1056 1595 1084 possumus
1617 1048 1800 1077 mendicitatis
1818 1048 1971 1083 licentiam;
1994 1048 2041 1077 sed

1190 1103 1287 1124 omnes
1304 1095 1403 1132 passim
1423 1095 1563 1132 recipere,
1586 1104 1640 1123 non
1662 1095 1797 1132 expedit⁷
1819 1095 1902 1124 nobis
1923 1103 1973 1124 nec
1991 1096 2042 1124 Ec-

1191 1143 1294 1171 etesiae
1317 1143 1375 1171 Dei.
1392 1142 1481 1171 Nobis
1501 1151 1572 1176 non,
1587 1143 1666 1179 quia,
1682 1151 1745 1171 cum
1767 1142 1860 1171 variae
1880 1143 1935 1172 sint
1949 1143 2043 1171 condi-

1191 1190 1280 1218 tiones
1302 1190 1460 1224 hominum,
1481 1190 1628 1226 qualitates
1649 1193 1676 1219 et
1698 1198 1805 1224 mores;
1828 1190 1931 1219 multos
1962 1197 2043 1227 saepe

1192 1237 1382 1273 reciperemus
1396 1236 1561 1270 imbecilles,
1583 1237 1630 1273 qui
1646 1245 1701 1265 non
1722 1239 1835 1274 possent
1855 1237 1976 1274 rigorem
1991 1237 2043 1265 Or-

1191 1283 1263 1312 dinis
1284 1284 1437 1317 sustinere;
1461 1284 1562 1312 multos
1573 1292 1735 1321 pauperes,
1758 1284 1806 1321 qui
1827 1292 1882 1312 non
1897 1292 1948 1321 pro
1969 1284 2041 1319 Deo,

1192 1330 1239 1359 sed
1255 1339 1305 1367 pro
1320 1331 1519 1359 sustentatione
1534 1331 1606 1359 vitae
1621 1331 1714 1360 vivere
1732 1330 1921 1360 desiderarent
1932 1331 1956 1365 8;
1971 1331 2044 1360 mul-

1192 1381 1235 1406 tos
1256 1378 1460 1415 incompositos
1486 1377 1637 1412 moribus,
1663 1386 1734 1415 quos
1761 1378 1810 1406 vix
1841 1378 1981 1415 corrigere
2008 1378 2043 1407 ab

1192 1425 1287 1454 inolita
1308 1425 1507 1454 consuetudine
1530 1433 1688 1462 possemus;
1710 1429 1737 1454 et
1753 1433 1801 1462 per
1823 1426 1891 1454 tales
1912 1425 2043 1454 dissolve-

1193 1475 1271 1501 retur
1296 1472 1408 1500 Ordinis
1438 1472 1597 1508 disciplina,
1630 1476 1657 1501 et
1688 1472 1870 1509 impediretur
1902 1472 2043 1509 profectus

1192 1519 1327 1553 aliorum,
1349 1522 1376 1547 et
1398 1527 1452 1547 non
1473 1519 1633 1548 sufficerent
1655 1527 1701 1548 eos
1722 1519 1767 1547 alii
1789 1527 1902 1556 pascere
1931 1527 1982 1548 nec
2003 1519 2042 1548 eis

1193 1566 1307 1595 servire.
1336 1566 1390 1594 Nec
1418 1566 1610 1595 invenirentur
1643 1566 1752 1595 tandem
1785 1566 1833 1603 qui
1863 1569 1976 1603 possent
2002 1566 2042 1595 eis

1192 1621 1334 1650 praeesse,
1356 1616 1383 1642 et
1404 1621 1500 1641 omnes
1514 1613 1597 1641 simul
1618 1613 1645 1641 in
1667 1621 1784 1650 corpore
1800 1617 1827 1642 et
1847 1613 1948 1650 spiritu
1963 1613 2042 1650 quasi

1193 1660 1307 1688 contusa
1330 1660 1478 1688 multitudo
1500 1660 1638 1696 perirent,
1661 1668 1732 1697 quae
1754 1668 1804 1689 nec
1820 1660 1877 1697 regi
1898 1660 1971 1689 valet
1992 1667 2043 1689 nec

1193 1715 1316 1744 congrue
1338 1707 1497 1736 sustentari.
1520 1724 1557 1728 —
1575 1707 1719 1736 Ecclesiae
1741 1707 1867 1736 similiter
1888 1715 1942 1736 non
1958 1715 2043 1744 expe-

1193 1754 1245 1788 dit,
1267 1755 1348 1791 quia,
1370 1762 1433 1783 cum
1456 1754 1491 1783 sit
1511 1754 1586 1782 Ordo
1607 1754 1641 1782 ad
1662 1754 1879 1783 aedificationem
1909 1754 2043 1783 Ecclesiae

1193 1802 1376 1836 constitutus,
1400 1801 1570 1830 multitudo⁹
1596 1804 1773 1838 receptorum
1797 1801 1883 1839 magis
1907 1801 2044 1830 confusio-

1193 1857 1256 1878 nem
1278 1849 1438 1883 induceret,
1461 1857 1511 1878 nec
1532 1849 1565 1878 de
1580 1849 1759 1878 conversione
1781 1849 1934 1878 multorum
1949 1856 2044 1878 exem-

1194 1897 1270 1934 plum
1292 1896 1489 1925 aedificationis
1522 1897 1675 1933 acciperet,
1706 1897 1753 1925 sed
1785 1896 1960 1931 scandalum,
1981 1897 2042 1931 ubi,

1193 1946 1311 1980 excepto
1333 1944 1519 1980 religiositatis
1539 1944 1597 1972 solo
1612 1944 1723 1978 habitu,
1745 1944 1814 1972 nihil
1835 1944 1980 1973 inveniret.
1996 1943 2044 1972 Mi-

1193 1999 1247 2019 nus
1268 1991 1341 2019 enim
1364 1991 1468 2019 malum
1484 1994 1540 2025 est,
1562 1991 1597 2019 ibi
1620 1999 1674 2019 non
1696 1999 1756 2020 esse
1773 1991 1920 2028 Religiosos
1935 1991 1978 2020 vel
1995 1999 2044 2019 no-

1194 2039 1267 2067 mine
1290 2038 1331 2067 vel
1346 2038 1456 2072 habitu,
1479 2038 1525 2066 ubi
1542 2046 1595 2066 non
1611 2038 1724 2072 vivunt,
1747 2038 1819 2067 sicut
1839 2038 1986 2075 Religionis
2000 2047 2045 2067 eo-

1193 2093 1257 2113 rum
1274 2085 1362 2113 forma
1376 2085 1504 2121 requirit,
1522 2093 1605 2121 quam
1621 2088 1653 2113 ut
1673 2085 1727 2113 sint
1742 2087 1769 2113 et
1783 2093 1832 2121 per
1847 2085 1931 2113 vitam
1946 2093 2044 2113 eorum

1193 2139 1353 2168 perversam
1375 2131 1442 2159 alios
1463 2131 1662 2165 scandalizent;
1684 2131 1756 2160 sicut
1771 2131 1870 2160 melius
1885 2134 1938 2165 est,
1954 2131 2045 2160 lucer-

1193 2186 1257 2206 nam
1279 2186 1333 2206 non
1355 2186 1415 2206 esse
1437 2178 1463 2206 in
1485 2178 1565 2206 domo
1587 2186 1670 2215 quam
1693 2186 1752 2207 esse
1774 2178 1811 2206 ibi
1833 2181 1940 2207 tantum
1966 2178 2045 2207 foeti-

1193 2225 1255 2253 dam
1284 2228 1311 2253 et
1332 2233 1386 2253 non
1420 2225 1564 2253 lucentem.
1587 2225 1673 2254 Nimis
1699 2225 1781 2253 etiam
1803 2225 1874 2254 foret
1895 2232 2044 2253 onerosum

1194 2272 1321 2300 fidelibus
1337 2275 1376 2300 tot
1391 2272 1530 2300 mendicos
1544 2272 1628 2300 unius
1642 2272 1753 2300 Ordinis
1768 2279 1893 2309 pascere,
1912 2280 1928 2300 a
1942 2272 2045 2309 quibus

1193 2319 1302 2347 nullum
1325 2319 1368 2347 vel
1390 2319 1528 2348 modicum
1558 2319 1692 2348 baberent
1716 2319 1913 2348 aedificationis
1942 2319 2046 2356 praesi-

1194 2367 1286 2401 dium;
1309 2367 1357 2395 sed
1386 2370 1425 2395 tot
1452 2369 1479 2395 et
1510 2367 1577 2395 tales
1605 2367 1694 2395 solum
1723 2366 1808 2403 recipi
1840 2366 1967 2403 expedit,
1996 2366 2044 2403 qui

1194 2414 1253 2442 sine
1281 2421 1366 2442 onere
1396 2413 1528 2442 Ecclesiae
1557 2414 1629 2450 pasci
1662 2413 1767 2450 possint
1799 2417 1826 2442 et
1856 2413 1903 2450 qui
1936 2414 2044 2442 valeant

1194 2461 1329 2489 Ecclesiae
1349 2461 1376 2489 in
1398 2461 1589 2498 spiritualibus
1604 2460 1771 2497 respondere
1792 2461 1866 2498 quod
1877 2461 1902 2477 ¹⁰
1923 2461 1957 2489 ab
1972 2460 2045 2489 eain

1195 2508 1353 2537 carnalibus
1374 2508 1512 2545 recipiunt
1533 2516 1584 2545 pro
1605 2508 1729 2545 corporis
1753 2508 1961 2537 sustentatione.

1260 2710 1270 2723 ‘¹
1288 2711 1344 2733 Edd.
1362 2711 1426 2734 Nam
1440 2710 1572 2733 assiduum.

1259 2749 1269 2762 ⁶
1286 2750 1342 2778 Cap.
1360 2750 1380 2772 3.
1399 2751 1451 2772 Post
1471 2751 1627 2779 apponuntur
1645 2749 1699 2772 edd.
1721 2749 1811 2772 addunt
1828 2748 1904 2777 vobis,
1927 2748 1945 2771 Α
1961 2747 2040 2777 nobis,

1196 2790 1285 2817 Regula
1303 2789 1344 2812 eis.

1259 2828 1269 2841 ⁰
1287 2828 1357 2851 Edd:
1374 2827 1510 2851 continuato
1533 2827 1589 2857 ipsis
1606 2827 1688 2850 ordine
1705 2827 1737 2850 ad
1753 2827 1797 2850 hoc
1818 2832 1866 2850 non
1884 2826 2038 2855 cohaereant,

1195 2868 1236 2891 sed
1252 2868 1322 2891 modo
1340 2867 1367 2891 cle
1384 2868 1441 2896 hae,
1458 2867 1527 2890 modo
1545 2866 1573 2890 de
1587 2867 1636 2890 alia
1654 2868 1791 2890 tractemus.

1259 2906 1267 2920 ⁷
1285 2907 1341 2930 Cod.
1360 2908 1378 2930 A
1395 2913 1443 2930 uon
1460 2907 1512 2930 licet
1528 2912 1570 2930 nec
1592 2906 1692 2936 empedit.

1258 2945 1267 2958 ⁸
1285 2947 1342 2969 Edd.
1361 2946 1449 2969 addunt
1466 2944 1596 2968 nobLscum.

1258 2984 1268 2997 ⁹
1285 2985 1358 3008 Codd.
1376 2987 1399 3008 et
1414 2984 1550 3008 multitudo.

1257 3023 1277 3037 ¹⁰
1294 3024 1351 3048 Cotl.
1368 3024 1384 3047 C
1402 3024 1473 3054 quat,-
1489 3024 1543 3047 edd.
1560 3023 1702 3054 respondere
1719 3023 1747 3047 iis
1765 3029 1833 3053 quae.

2059 1151 2099 1170 Non
2108 1152 2133 1176 ced

2089 1180 2122 1196 no.

2060 1718 2074 1737 N
2078 1723 2108 1746 ec*
2121 1718 2133 1738 lt

2094 1747 2111 1761 si,

2061 1954 2112 1973 Nota·
2120 1948 2133 1972 :m
