2133 3317
0 737 49 758 modo
57 738 76 756 ει

0 766 13 789 n.
22 761 75 788 iniis

0 788 76 804 usionis.

630 233 826 262 OPUSCULUM
847 234 878 262 X.
901 234 986 263 VlTlS
1006 233 1155 262 MYSTICA.
1177 234 1245 263 CAP.
1267 234 1296 262 ll.
1349 264 1353 267 ,
1778 234 1827 263 161

92 315 160 348 vita,
175 321 238 342 cnm
260 320 292 341 ea
307 315 398 340 tamen
420 311 522 340 habere
537 310 678 347 potuisset.
697 311 868 347 Accipiamus
883 311 932 348 igi-

93 364 138 389 tur
158 360 229 388 hanc
250 359 447 396 praecisionem
469 366 485 386 a
506 357 591 386 verbo
611 357 731 394 Apostoli
755 357 871 386 dicentis
898 358 932 386 (le

92 405 187 444 ipso¹:
211 405 269 441 Qui
288 413 355 433 cum
377 404 408 432 in
434 403 535 441 forma
562 403 613 432 Dei
632 407 719 437 esset,
745 403 850 440 inquit,
872 404 932 432 exi-

91 452 205 482 uauivit
224 451 422 488 semetipsum,
444 449 574 488 formam
592 450 671 478 servi
691 449 844 486 accipiens.
873 450 933 486 Ipsa

91 499 163 528 enim
178 497 328 526 exinanitio
342 497 476 534 quaedam
493 496 627 533 praecisio
640 499 694 529 est;
710 496 781 524 sicut
795 495 867 524 enin]
882 495 932 523 mi-

90 545 187 574 nuitur
205 544 281 577 vitis,
296 543 407 581 quando
421 542 588 576 conciditur,
610 542 649 571 sio
663 541 731 570 vitis
744 550 825 575 vera,
841 541 933 569 Domi-

91 598 143 620 nus
157 591 232 619 Iesus
247 590 383 623 Christus,
399 589 424 617 in
440 589 627 618 incarnatione
641 588 809 617 minoratur
824 588 860 616 ab
873 589 933 616 An-

89 637 160 675 qelis
170 637 192 670 ²³,
213 636 297 665 immo
311 639 338 665 et
353 635 425 664 infra
444 643 539 663 omnes
553 635 679 663 homines
694 634 857 663 humiliatus
871 634 931 662 fuit.

168 683 194 711 3.
215 682 386 719 Quomodo?
407 683 552 718 Amputata
566 681 618 710 fuit
631 682 666 710 ab
681 681 727 710 illo
741 681 829 717 gloria
842 681 933 710 cultro

90 729 266 767 ignominiae,
287 728 410 766 potentia
430 728 521 757 cultro
538 728 711 761 affectionis,
733 728 860 764 voluptas
874 727 933 756 cul-

90 779 133 805 tro
153 775 270 809 doloris,
292 775 402 804 divitiae
430 775 520 804 cultro
548 774 726 811 paupertatis.
748 774 815 803 Vide
843 781 932 807 nnnc,

90 825 233 861 quantum
253 822 337 851 fuerit
361 822 491 859 praecisa.
515 822 560 850 llle
588 821 632 850 cui
663 821 814 849 famulatur
844 821 934 849 omnis

92 869 179 906 gloria
200 869 353 902 caelorum,
374 869 459 896 immo
479 868 526 905 qui
549 868 624 897 solus
644 870 686 896 est
706 867 794 904 gloria
808 867 829 901 ⁸,
854 867 932 904 quasi

90 915 189 944 abiecit
208 915 338 952 gloriam,
359 915 451 943 servili
473 914 662 943 circumdatur
684 913 857 948 indumento,
873 921 933 942 sus-

90 962 158 991 tinet
185 962 361 999 ignominias,
383 961 508 990 induitur
535 961 755 995 confusionibus,
776 963 808 989 ut
833 968 849 988 a
869 968 934 989 con-

89 1008 197 1038 fusione
217 1016 268 1037 nos
290 1008 438 1037 redimeret
458 1011 486 1036 et
512 1007 628 1044 gloriam
649 1007 792 1044 pristinam
819 1015 933 1035 renova-

89 1058 140 1084 ret.
162 1055 209 1084 llle
239 1055 319 1084 cuius
350 1055 452 1091 potenti
480 1054 561 1083 nutui
591 1053 710 1087 inferna,
736 1054 879 1082 terrestria
907 1056 934 1082 et

89 1102 301 1138 supercaelestia
321 1103 387 1130 sunt
417 1101 538 1135 subdita,
560 1101 599 1129 sic
629 1101 660 1129 fit
680 1100 816 1134 abiectus,
838 1103 869 1128 ut
890 1108 934 1129 re-

89 1151 204 1185 putetur
225 1147 356 1177 omnium
381 1147 518 1176 virorum
541 1146 763 1180 novissimus4‚·
784 1146 931 1175 subiicitur

89 1194 166 1228 fami,
181 1194 239 1228 siti,
259 1194 410 1228 caloribus,
435 1193 598 1230 frigoribus,
613 1193 821 1222 infirmitatibus
844 1196 871 1221 et
885 1201 933 1230 po-

90 1243 193 1269 stremo
213 1240 301 1277 ipsius
322 1240 419 1268 mortis
440 1239 606 1276 supplicium
628 1247 682 1268 non
704 1239 802 1268 evadit.
826 1239 871 1267 llle
885 1239 932 1276 qui

90 1286 180 1315 lucem
201 1286 346 1315 inhabitat
373 1286 599 1315 inaccessibilem
613 1286 635 1320 ⁵,
657 1286 688 1314 iu
715 1294 799 1324 quem
828 1285 934 1322 Anyeli

90 1333 256 1362 desiderant
273 1333 453 1370 prospicere,
476 1333 556 1362 cuius
578 1333 653 1361 solus
674 1332 742 1361 odor
763 1332 801 1361 sic
827 1335 933 1361 mentes

89 1379 208 1408 inebriat
228 1380 405 1413 Sanctorum,
426 1383 458 1408 ut
485 1382 512 1408 et
534 1379 628 1408 mundi
657 1379 809 1416 praesentis
836 1383 862 1407 et
890 1378 933 1407 sui

89 1426 215 1464 ipsorum
241 1426 331 1460 obliti,
355 1426 418 1455 totis
445 1426 552 1455 viribus
573 1429 699 1454 currunt
724 1429 791 1463 post
817 1426 932 1463 ipsum,

90 1475 165 1501 tanto
179 1472 267 1501 dolori
289 1472 449 1507 subiicitur,
464 1475 496 1501 ut
516 1472 652 1501 veraciter
666 1472 771 1501 sciatur
789 1472 933 1509 impletum

989 311 1062 348 quod
1083 314 1145 340 ante
1163 311 1273 340 dixerat
1294 319 1343 348 per
1358 312 1535 349 Prophetam:
1553 311 1576 339 O
1592 320 1640 340 cos
1654 320 1765 345 omues,
1781 311 1833 349 qui

989 358 1124 386 transitis
1144 367 1196 395 per
1216 358 1311 392 viam,
1327 358 1461 387 attendite
1481 362 1507 386 et
1528 358 1629 392 videte,
1644 358 1672 386 si
1691 362 1731 386 est
1749 358 1832 386 dolor

988 404 1064 432 sicut
1085 404 1167 433 dolor
1187 413 1276 433 meus.
1300 405 1335 433 Iu
1355 413 1411 442 quo
1432 409 1502 433 sunt
1515 413 1612 433 omues
1633 403 1767 433 thesauri
1785 413 1831 432 sa.-

986 450 1113 487 pientiae
1132 454 1158 478 et
1177 451 1313 479 scientiae
1333 451 1496 479 absconditi
1506 451 1528 485 ⁶,
1549 451 1625 480 dives
1640 451 1666 479 in
1688 450 1831 484 omnibus,

989 496 1065 524 solus
1085 496 1190 525 nullius
1207 505 1302 533 egens,
1318 497 1356 525 sic
1371 498 1402 526 fit
1416 505 1534 534 pauper,
1549 497 1608 534 ipso
1629 500 1710 531 teste,
1726 500 1757 525 ut
1773 497 1832 525 vul-

989 541 1071 578 pibus
1092 545 1183 571 terrae
1204 547 1231 571 et
1258 543 1419 572 volucribus
1443 544 1509 572 caeli
1538 544 1686 580 pauperior
1710 544 1832 572 invenia-

990 591 1049 621 tur,
1071 596 1134 617 cum
1163 589 1243 617 dicit:
1273 590 1374 626 Vulpes
1400 589 1500 626 foveas
1521 590 1625 619 liabent
1655 594 1681 619 et
1700 590 1831 618 volucres

989 635 1063 663 caeli
1081 635 1180 668 nidos,
1203 635 1298 663 Filius
1325 639 1422 664 autem
1444 635 1570 665 hominis
1589 645 1648 665 nou
1670 636 1766 670 habet,
1782 636 1833 665 ubi

990 684 1079 717 caput
1098 689 1188 709 suum
1209 681 1342 715 reclinet,
1364 690 1469 718 pauper
1494 682 1521 711 in
1543 683 1706 718 nativitate,
1729 691 1832 720 paupe-

990 727 1047 756 rior
1068 727 1094 755 in
1119 727 1194 761 cita,
1216 728 1412 764 pauperrimus
1433 729 1460 757 in
1482 737 1575 758 cruce.
1599 729 1694 758 Natus
1721 734 1830 766 pastum

990 773 1088 801 habuit
1109 773 1149 801 lac
1177 773 1332 810 virgineum
1361 777 1387 802 et
1417 777 1545 811 tegumen
1574 775 1641 804 viles
1668 784 1781 812 pannos.
1803 775 1831 803 ln

992 820 1051 848 vita
1071 827 1151 854 vero,
1172 820 1222 849 etsi
1255 823 1384 857 tegumen
1416 821 1525 855 habuit,
1554 822 1663 858 saepius
1685 827 1775 851 tamen
1804 822 1830 850 in

990 867 1156 895 victualibus
1176 867 1282 895 defecit.
1306 867 1333 894 ln
1354 871 1445 895 morte
1465 871 1557 896 autem
1580 872 1607 897 et
1628 869 1734 897 nudum
1756 869 1831 897 inve-

990 913 1048 941 nies
1069 916 1096 942 et
1117 913 1267 947 sitientem,
1289 913 1339 941 nisi
1355 913 1425 942 sorte
1440 914 1483 942 siti
1502 914 1589 950 ipsius
1611 916 1678 944 velis
1699 916 1830 944 adbibere

990 963 1105 988 acetum
1125 958 1251 997 myrrha
1272 963 1297 988 ct
1317 959 1381 997 felle
1400 960 1524 988 mixtum
1538 961 1557 988 ⁷.

1068 1006 1095 1034 li.
1118 1006 1258 1035 Postremo
1272 1009 1365 1034 autem
1387 1007 1477 1035 cultro
1493 1007 1599 1036 timoris
1619 1009 1752 1044 amputati
1768 1011 1833 1037 sunt

990 1052 1024 1081 ab
1045 1060 1078 1081 eo
1108 1060 1204 1081 omnes
1234 1053 1314 1081 amici
1335 1055 1363 1081 et
1393 1053 1527 1090 proximi,
1548 1057 1580 1082 ut
1601 1062 1654 1082 non
1686 1058 1756 1082 esset
1783 1055 1834 1092 qui

990 1099 1193 1127 consolaretur
1213 1108 1279 1127 eum
1297 1108 1332 1128 ex
1353 1099 1487 1128 omnibus
1501 1100 1583 1128 caris
1603 1101 1666 1128 eius
1677 1101 1696 1129 ⁸.
1726 1102 1832 1130 Torcu-

991 1145 1038 1174 lar
1058 1145 1131 1174 enim
1152 1145 1277 1174 calcavit
1289 1145 1384 1180 solus,
1403 1149 1427 1174 et
1441 1146 1475 1174 [le
1487 1146 1621 1184 gentibus
1634 1155 1693 1175 uon
1707 1151 1772 1175 erat
1786 1148 1833 1176 vir

991 1200 1058 1221 eum
1079 1201 1118 1221 eo.
1134 1192 1166 1220 Et
1187 1200 1251 1221 cum
1272 1193 1426 1221 sustineret
1447 1201 1498 1221 cor
1518 1193 1581 1221 cius
1602 1194 1832 1231 improperium,

991 1239 1165 1276 exspectavit
1191 1239 1244 1277 qui
1262 1239 1353 1268 siiuul
1379 1240 1605 1268 contristaretur
1626 1244 1650 1268 ct
1678 1249 1735 1269 non
1756 1240 1832 1278 suit,

990 1286 1042 1324 qui
1061 1285 1277 1319 consolaretur,
1299 1289 1325 1314 et
1344 1294 1402 1314 non
1423 1286 1539 1315 iuoeuit.
1555 1286 1621 1315 Vide
1640 1295 1725 1321 nnnc,
1741 1296 1834 1325 qusin-

991 1335 1053 1360 tum
1074 1332 1197 1368 praecisa
1218 1332 1302 1360 fuerit
1317 1332 1380 1361 vitis
1394 1335 1500 1366 nostra,
1516 1333 1729 1370 benignissimus
1751 1334 1832 1362 lesus.

991 1379 1066 1415 Quae
1079 1378 1143 1407 vitis
1163 1387 1287 1416 unquam
1303 1382 1409 1407 tantum
1425 1380 1547 1416 praecisa
1561 1380 1633 1408 fuit?
1648 1380 1697 1409 Sed
1714 1384 1754 1409 est
1769 1388 1833 1409 con-

990 1426 1085 1454 solatio
1107 1426 1191 1454 huius
1213 1426 1390 1463 praecisionis
1409 1426 1514 1455 1111111115
1534 1427 1643 1456 fructus
1672 1427 1785 1456 multam
1807 1430 1834 1456 et

990 1472 1233 1509 incomparabilem
1254 1473 1452 1509 praecisionem
1470 1473 1637 1502 subsecutus
1647 1474 1666 1501 ⁹.

151 1649 159 1662 ¹
178 1649 232 1672 Phil.
246 1650 272 1678 2,
285 1650 305 1672 (3.
317 1655 367 1678 seq.
379 1662 409 1666 —
421 1650 532 1678 Superius
547 1656 589 1678 pro
601 1649 761 1673 amantissimi
770 1649 858 1673 scilicet
870 1651 933 1677 lesu,

88 1687 151 1716 quod
164 1688 200 1710 ed.
214 1688 222 1710 1
238 1694 291 1710 cum
305 1689 323 1710 A
334 1688 350 1710 Β
367 1688 462 1716 omittit,
474 1687 490 1711 C
502 1688 651 1712 (auarissimi
661 1688 748 1712 scilicet
759 1689 817 1711 lesu.
831 1689 934 1711 Subinde

89 1732 131 1754 pro
148 1726 298 1756 Accipiamus
315 1726 390 1756 iyitur
406 1727 444 1750 ed.
462 1728 470 1749 1
492 1729 514 1750 et
528 1727 682 1757 accipiamus.

151 1764 160 1778 ²
177 1765 305 1793 Respicitur
322 1766 357 1788 Ps.
369 1767 381 1788 8
390 1784 395 1794 ,
408 1766 434 1793 6;
447 1767 486 1788 cfr.
501 1766 569 1788 Hebr.
582 1767 608 1793 2,
619 1766 642 1788 7.
654 1769 676 1788 et
688 1767 709 1788 9.
721 1766 795 1788 Codd.
808 1767 825 1788 D
836 1767 850 1788 E
862 1766 935 1789 mino-

88 1806 159 1828 ratur
170 1804 207 1827 vel
222 1804 302 1827 mitior
317 1804 356 1835 fit,
374 1805 430 1827 Bon.
446 1804 581 1828 minoratus
595 1804 670 1834 paulo
688 1805 767 1828 minus
779 1804 809 1828 ab
822 1805 933 1834 Anyelis,

88 1843 133 1866 AB
149 1846 172 1866 et
188 1844 224 1866 ed.
244 1844 252 1865 l
273 1843 408 1867 minoratus
425 1843 455 1866 ab
471 1843 576 1873 Anyelis.
587 1856 618 1860 —
631 1844 741 1871 Superius
759 1850 800 1872 pro
817 1843 933 1873 quaedam

87 1881 207 1912 praecisio
224 1884 258 1905 est
275 1883 328 1905 Bon.
347 1888 400 1904 cum
413 1883 431 1904 H
444 1882 547 1912 quodam
563 1882 632 1905 modo
649 1882 765 1912 praecisio
782 1882 834 1912 fuit,
852 1886 874 1905 et
891 1889 933 1910 pro

89 1920 183 1950 quando
200 1921 332 1944 conciditur
350 1921 393 1944 ΑΒ
411 1924 433 1944 et
449 1921 486 1944 ed.
504 1922 512 1943 1
535 1921 629 1951 quando
644 1921 800 1951 praeciditur.

150 1959 160 1972 ⁸
177 1960 218 1982 Ed.
240 1961 245 1981 l
267 1963 289 1982 et
305 1960 361 1982 Bon.
378 1966 431 1982 cum
443 1961 461 1982 Α
470 1960 487 1982 Β
499 1959 571 1983 immo
584 1960 644 1990 ipse,
657 1960 699 1990 qui
709 1960 774 1983 solus
786 1966 843 1984 vera
854 1960 932 1990 yloria

89 2000 130 2022 est.
147 1998 249 2022 Subinde
266 2005 308 2027 pro
325 1998 409 2022 abiecit
424 2000 468 2022 AB
485 2002 507 2022 et
523 1999 561 2022 ed.
579 2000 587 2021 1
608 1999 700 2027 abiicit,
719 2006 762 2028 pro
784 1999 866 2023 serviti
887 1999 932 2023 cir-

89 2037 216 2061 cumdatw·
234 2038 312 2067 [ABF
328 2037 501 2067 circumdatus]
519 2038 556 2060 ed.
572 2039 579 2059 1
602 2042 624 2061 et
641 2039 695 2061 Bon.
713 2038 810 2062 Serruli
831 2038 932 2062 circum-

89 2076 170 2105 datus,
187 2083 230 2104 pro
247 2076 347 2100 sustinet
363 2077 381 2099 D
391 2078 407 2099 E
423 2076 549 2104 sustinuit,
569 2083 610 2105 pro
628 2076 736 2100 induitur
749 2077 784 2099 ed.
802 2078 806 2099 l
822 2083 875 2100 eum
888 2077 932 2099 AB

89 2115 206 2145 operitur,
223 2122 266 2144 pro
283 2122 326 2139 nos
343 2115 470 2139 redimeret
486 2116 524 2145 (ita
542 2115 646 2145 CDEF)
663 2116 699 2138 ed.
722 2116 726 2137 1
748 2119 770 2138 et
787 2116 842 2138 Bon.
860 2117 881 2139 te
898 2122 932 2139 re-

89 2154 198 2181 dimeret,
220 2158 243 2177 et
263 2161 305 2183 pro
327 2156 349 2178 et
370 2154 472 2184 §loriam
492 2154 621 2184 pristinam
643 2156 770 2178 renovaret
790 2155 828 2181 (ita
852 2154 931 2184 CDE)

89 2194 144 2216 Bon.
160 2200 213 2216 curn
231 2194 267 2216 ed.
289 2195 294 2216 1
316 2195 337 2217 et
353 2193 385 2216 arl
401 2193 504 2223 yloriam
518 2193 647 2223 pristinam
664 2195 793 2217 revocaret.

149 2232 160 2245 ⁴¹
177 2233 225 2255 lsai.
243 2232 283 2260 53,
302 2233 322 2255 3.
341 2245 370 2248 —-
388 2233 499 2260 Superius
515 2233 566 2254 voci
584 2232 678 2262 inferna
702 2233 758 2255 Bon.
782 2239 834 2255 cum
858 2233 894 2255 ed.
921 2233 926 2253 1

89 2274 111 2293 et
128 2270 231 2299 pluribus
248 2271 315 2293 codd.
334 2271 439 2299 praefigit
456 2271 548 2299 omnia,
561 2278 603 2299 pro
619 2271 653 2294 sic
669 2271 696 2302 fit
711 2271 813 2295 abiectus
829 2272 884 2294 Bon.
898 2271 932 2294 sic

88 2309 114 2339 fil
129 2308 259 2337 subiectus,
276 2313 298 2332 et
315 2316 357 2337 pro
373 2311 401 2333 ut
416 2311 538 2339 reputetur
555 2310 592 2332 ed.
610 2310 618 2331 ·1
643 2312 670 2333 ut
690 2311 851 2340 reputaretur.
873 2310 932 2333 Sub-

88 2348 142 2371 inde
158 2354 200 2376 pro
217 2347 342 2371 subiicitur
358 2352 380 2371 et
396 2348 472 2371 evadit
489 2349 506 2370 A
516 2349 533 2370 B
549 2348 689 2371 subiiciatur
707 2352 728 2371 et
746 2349 836 2372 eradat.

150 2385 160 2399 ⁵
177 2387 246 2415 Epist.
264 2388 279 2409 l.
297 2387 356 2409 Tim.
375 2387 400 2415 6,
422 2387 461 2414 16,
479 2389 530 2415 post
545 2393 615 2416 quern
633 2388 648 2409 1.
666 2388 724 2410 Pctr.
743 2388 768 2415 1,
783 2388 818 2410 12,
830 2400 861 2404 -
873 2387 932 2410 Sub-

90 2424 142 2448 inde
157 2426 278 2453 respicitur
295 2425 357 2448 Cant.
376 2426 401 2454 1,
419 2427 445 2448 3:
462 2426 515 2448 Post
532 2428 553 2448 te
569 2432 689 2448 curremus
706 2428 761 2452 cte..
783 2429 804 2448 et
821 2427 931 2454 allegatur

90 2463 174 2487 Thren.
193 2464 217 2491 l,
235 2465 271 2486 12.

151 2501 161 2515 ⁶
177 2502 223 2525 Col.
241 2504 268 2531 2,
286 2504 312 2531 3,
330 2502 365 2525 cui
383 2502 523 2525 subnectunt
543 2503 580 2524 ed.
608 2503 612 2524 1
640 2506 661 2525 et
682 2503 738 2524 Bon.
761 2505 838 2525 contra
861 2502 931 2525 CDE

90 2540 140 2564 Rea·
155 2547 240 2570 requm
258 2541 282 2570 [1.
299 2541 357 2564 Tim.
375 2542 402 2568 6,
424 2541 480 2570 15.],
497 2541 561 2564 dives
579 2541 601 2564 in
619 2547 699 2564 omnes
718 2541 792 2570 [Rom.
812 2542 853 2568 ⁴0,
881 2542 932 2571 l2.].

89 2591 120 2596 —
136 2580 244 2608 Sequitur
261 2581 336 2603 Mattb.
355 2581 381 2608 8,
399 2581 436 2602 20.
453 2593 483 2597 —
501 2581 596 2603 inferius
613 2587 655 2608 pro
672 2580 722 2610 ipso
740 2582 794 2604 teste
816 2581 859 2603 DE
881 2580 931 2610 ipso

91 2619 195 2642 testante.

154 2656 163 2669 ⁷
179 2657 255 2680 11131111.
272 2658 314 2684 27,
332 2657 370 2680 31.
387 2661 409 2680 et
426 2657 467 2684 483
485 2658 553 2680 Marc.
575 2659 611 2685 15,
629 2658 669 2686 23;
688 2659 748 2680 ioan.
769 2658 805 2686 19,
829 2659 865 2681 25³.
883 2665 932 2687 seq.

89 2707 120 2712 -—
132 2695 164 2718 De
176 2697 218 2718 hac
230 2696 311 2723 triplIci
323 2699 458 2724 paupertate
470 2696 550 2719 Christi
563 2697 602 2719 cfr.
615 2703 684 2724 supra
697 2697 782 2725 Opusc.
794 2698 829 2719 Vl.
841 2697 869 2719 de
882 2698 931 2720 Per-

90 2734 186 2756 sectione
197 2735 256 2757 vitae
268 2734 297 2757 ad
309 2740 411 2763 sorores,
423 2741 442 2757 c.
456 2735 476 2757 3.
490 2742 511 2758 n.
523 2736 544 2757 2.
562 2741 626 2764 seqq.
638 2735 695 2757 Cod.
707 2735 723 2757 C
736 2736 818 2757 omittit
830 2736 931 2766 myrrha

90 2774 118 2796 et.
136 2786 165 2790 ——
182 2774 222 2796 Ed.
243 2774 248 2795 1
270 2777 294 2796 et
310 2774 365 2796 Bon.
383 2776 461 2796 contra
479 2774 548 2796 (ΖΒΕ
565 2773 612 2797 nisi
627 2774 689 2804 sorte
703 2774 735 2796 ad
747 2774 798 2798 sitis
810 2774 885 2804 ipsius
896 2781 930 2797 re-

91 2811 192 2835 medium
209 2812 265 2835 velis
282 2812 392 2836 adhibere
408 2814 500 2836 acetum
517 2816 559 2835 etc.

152 2849 161 2862 ⁸
178 2851 262 2874 Thren.
280 2852 305 2880 1,
323 2852 344 2875 2.
362 2864 392 2868 -
410 2852 459 2874 Duo
476 2858 541 2881 seqq.
559 2852 600 2874 loci
617 2855 669 2874 sunt
686 2852 737 2874 lsai.
753 2853 796 2879 63,
814 2853 836 2875 3.
853 2855 874 2875 et
896 2853 930 2875 Ps.

91 2888 134 2916 68,
151 2889 188 2911 21.

152 2926 162 2939 ⁰
179 2928 219 2950 Ed.
239 2929 244 2950 1
258 2937 263 2951 :
283 2928 330 2952 Setl
341 2935 401 2958 quae
412 2931 447 2952 cst
458 2929 587 2953 consolatio
599 2930 611 2953 11
617 2930 669 2953 ulus
682 2930 855 2960 praecisionis?
872 2931 930 2954 Mul-

91 2966 128 2988 !ue
145 2966 246 2995 fructus.
266 2967 366 2991 Multam
378 2967 440 2991 enim
451 2969 473 2991 et
483 2968 692 2998 incomparabilem
708 2969 878 2998 praecisionem
893 2975 930 2993 su·

91 3003 179 3028 stianit.
191 3006 258 3027 Bon.:
268 3005 314 3029 Sed
325 3012 385 3035 {Jeme
396 3007 430 3029 est
442 3006 569 3029 consolatio
579 3007 650 3030 lucius
660 3007 832 3037 praecisionis?
841 3007 931 3031 Multus

184 3051 208 3075 S.
218 3052 305 3075 Bonae.
323 3065 353 3068 ——
371 3053 437 3075 Το111.
450 3053 506 3076 viu,

990 1650 1083 1680 fructus
1095 1650 1197 1673 mullum
1208 1652 1230 1674 et
1240 1650 1450 1679 incomparabilem
1459 1649 1630 1679 prcuwisimzenz
1642 1649 1780 1673 subsecutus
1792 1651 1832 1673 cst.

991 1689 1077 1712 Deinde
1089 1690 1126 1712 ed.
1139 1690 1147 1711 l
1164 1692 1186 1712 et
1197 1690 1254 1712 Bon.
1265 1695 1318 1712 cum
1331 1691 1347 1711 ,1
1358 1690 1382 1717 Β,
1395 1689 1563 1717 reti-agantibus
1575 1689 1591 1710 C
1600 1689 1720 1717 DEFGH,
1733 1689 1832 1711 addunt:

991 1728 1088 1750 Videtur
1100 1731 1175 1750 tamen
1188 1728 1306 1756 signanter
1317 1728 1403 1750 dictum
1416 1734 1478 1749 esse:
1492 1727 1522 1750 Et
1532 1727 1559 1750 {Ie
1571 1727 1677 1756 amitibus
1689 1734 1736 1750 nou
1751 1729 1785 1750 cst
1797 1728 1832 1750 cir

990 1772 1090 1793 mecum,
1103 1769 1211 1795 tanquam
1229 1767 1404 1794 intelligendum
1422 1767 1462 1794 511,
1479 1767 1539 1788 solas
1557 1766 1663 1788 mulieres
1680 1772 1733 1788 cnm
1748 1767 1785 1788 illo
1800 1773 1833 1788 ro-

990 1806 1110 1828 mansisse.
1123 1806 1182 1828 Viris
1199 1805 1259 1827 enim
1272 1805 1370 1827 fortioris
1387 1808 1493 1832 naturae,
1512 1805 1652 1833 fugientibus
1667 1812 1721 1833 prae
1738 1806 1832 1833 timore,

990 1850 1036 1866 non
1049 1844 1105 1872 sugit
1117 1844 1235 1867 muliebris
1247 1844 1372 1873 infirmitas,
1381 1850 1441 1873 quac
1453 1845 1520 1866 etiam
1534 1844 1671 1867 baiulantem
1684 1844 1727 1867 sibi
1740 1850 1832 1867 crucem

991 1882 1040 1911 [cfr.
1058 1883 1111 1905 Luc.
1130 1883 1158 1905 23
1167 1901 1172 1911 ‚
1190 1882 1236 1911 27.]
1249 1886 1271 1905 et
1283 1882 1303 1904 in
1315 1888 1383 1905 cruce
1395 1883 1529 1905 morientem
1542 1889 1587 1905 11011
1600 1883 1770 1912 dereliquerunt
1783 1883 1832 1912 [cfr.

990 1921 1051 1943 10311.
1072 1922 1110 1949 19,
1128 1921 1169 1949 25;
1187 1922 1230 1943 ΑΒ
1248 1921 1418 1950 reliqueruntl,
1441 1922 1499 1944 sicut
1516 1922 1538 1943 in
1556 1928 1652 1950 persona
1674 1922 1755 1945 Clu-isli
1778 1928 1832 1944 con-

989 1960 1106 1989 querentis
1122 1960 1222 1989 loquitur
1240 1960 1320 1983 beatus
1333 1960 1371 1982 lob
1389 1959 1439 1989 mu,
1456 1961 1498 1987 20;
1516 1962 1556 1983 cir.
1568 1962 1672 1989 (ii-egon,
1684 1961 1743 1983 XlV.
1756 1962 1832 1984 Mon-al.

989 2005 1008 2021 c.
1028 1999 1064 2021 49.
1080 2006 1110 2021 nu
1120 1999 1156 2022 57.
1173 2002 1195 2021 et
1210 2006 1232 2021 ·c.
1244 2000 1281 2022 50.
1294 2006 1315 2021 n.
1328 1999 1387 2028 58.]:
1400 1999 1514 2023 Derelicta
1526 2001 1581 2023 sunl
1594 2000 1756 2023 tantammodo
1769 2000 1833 2023 labia

989 2039 1054 2062 circa
1072 2038 1150 2062 denies
1166 2044 1238 2061 meos.
1251 2039 1292 2061 Per
1304 2038 1366 2061 labia
1379 2039 1477 2067 quippe,
1490 2044 1550 2067 quae
1562 2039 1643 2061 celei-Is
1654 2042 1707 2061 sunt
1719 2039 1830 2061 membris

988 2078 1105 2105 molliora,
1124 2077 1242 2100 muliebris
1259 2084 1326 2100 sexus
1342 2078 1416 2100 mollis
1432 2080 1454 2099 et
1472 2077 1498 2106 [Α
1510 2078 1526 2099 Β
1544 2077 1567 2099 iil
1584 2077 1625 2106 esi]
1644 2078 1749 2100 infirmus
1770 2078 1834 2100 intel-

988 2117 1077 2145 ligitur,
1098 2117 1137 2146 qui
1160 2117 1223 2139 solus
1239 2116 1339 2143 Christo,
1358 2117 1476 2144 discipulis
1493 2116 1647 2144 fugientibus,
1665 2117 1768 2139 adhaesit
1785 2117 1831 2146 [ed.

990 2156 998 2177 1
1019 2160 1041 2178 et
1058 2156 1113 2178 Bon.
1131 2158 1208 2178 contra
1227 2156 1270 2178 AB
1288 2156 1414 2183 incongrue
1430 2156 1519 2178 addunt
1532 2155 1671 2186 fiyuratur}
1684 2155 1760 2185 Eleyit
1771 2156 1831 2178 enim

988 2194 1104 2218 Dominus
1129 2194 1226 2224 infirma
1250 2194 1345 2222 nzundi,
1368 2196 1394 2217 ut
1416 2194 1570 2224 coufunderet
1592 2194 1663 2224 fortia
1688 2195 1712 2224 [l.
1738 2194 1790 2217 Cor.
1811 2195 1833 2223 l,

989 2233 1047 2263 27.].
1065 2234 1086 2256 Si
1104 2240 1161 2256 vero
1179 2235 1256 2262 sugam
1274 2234 1395 2256 mentalem
1418 2233 1564 2261 intelligimus
1582 2234 1608 2262 [A
1619 2234 1634 2255 B
1652 2233 1834 2263 inhdllqamuff,

989 2279 1030 2295 nec
1047 2273 1083 2295 vir
1100 2273 1192 2295 relictus
1209 2276 1243 2295 est
1267 2279 1320 2295 eum
1344 2279 1371 2295 eo
1393 2279 1434 2295 nec
1457 2273 1551 2299 mulier,
1574 2276 1664 2300 practer
1686 2273 1746 2294 illam
1773 2279 1833 2301 quae

988 2313 1035 2334 sola
1053 2311 1171 2335 benedicta
1188 2314 1222 2334 est
1238 2311 1261 2334 in
1280 2310 1420 2334 mulieribus
1442 2311 1504 2340 [Luc.
1525 2312 1548 2338 1,
1565 2311 1625 2340 28.],
1643 2318 1703 2339 quae
1724 2312 1770 2333 sola
1792 2317 1832 2339 pei·

988 2351 1043 2373 illud
1062 2351 1124 2373 triste
1141 2350 1267 2373 Sabbatum
1285 2351 1345 2373 stetit
1361 2351 1384 2372 in
1402 2350 1459 2377 side,
1476 2353 1498 2372 et
1518 2351 1603 2372 salvata
1628 2351 1669 2372 suit
1690 2351 1786 2372 Ecclesia
1810 2351 1832 2372 in

988 2390 1038 2418 ipsa
1056 2391 1112 2412 sola.
1129 2390 1224 2417 Propter
1241 2390 1305 2418 quod
1322 2389 1441 2417 aptissime
1463 2393 1507 2411 tota
1531 2389 1628 2412 Ecclesia
1652 2389 1674 2411 in
1697 2389 1787 2411 laudem
1811 2392 1832 2411 et

989 2429 1083 2456 gloriam
1108 2428 1211 2451 eiusdem
1237 2428 1339 2455 Virginis
1360 2428 1421 2450 diem
1444 2427 1537 2450 sabbati
1561 2434 1601 2455 per
1624 2428 1691 2450 totius
1713 2427 1766 2449 311111
1792 2428 1833 2449 cir-

989 2467 1065 2489 culum
1082 2466 1199 2489 celebrare
1216 2467 1337 2489 consuevit
1362 2467 1412 2495 [cfr.
1428 2467 1521 2494 Bonav.,
1540 2467 1570 2488 111.
1595 2467 1656 2488 Sent.
1680 2466 1701 2488 11.
1726 2467 1746 2488 3.
1770 2472 1793 2494 p.
1817 2467 1832 2488 l.

989 2511 1009 2526 3.
1027 2506 1048 2527 2.
1065 2512 1088 2534 q.
1106 2506 1127 2527 3.
1145 2505 1173 2527 ad
1192 2506 1214 2527 2.
1231 2511 1284 2527 cum
1302 2508 1353 2527 nota
1372 2505 1473 2532 adiecta,
1490 2505 1511 2526 111
1528 2511 1573 2533 qun
1592 2505 1708 2532 praedicta
1721 2505 1831 2527 sententia

988 2544 1083 2572 allegata
1101 2543 1151 2572 est].
1171 2544 1229 2566 Vere
1246 2546 1268 2566 et
1284 2544 1429 2571 singulariter
1446 2543 1580 2566 benedictus
1592 2544 1690 2571 palmes,
1707 2544 1745 2572 (1111
1761 2550 1771 2565 3
1790 2550 1831 2566 sua

989 2582 1035 2604 vite
1052 2588 1170 2611 nunquam
1188 2583 1233 2605 ullo
1251 2582 1289 2612 [ita
1306 2583 1361 2609 AB;
1382 2583 1419 2604 ed.
1443 2583 1451 2604 1
1478 2586 1500 2605 et
1517 2583 1571 2604 Bon.
1596 2582 1639 2605 rite
1660 2582 1736 2611 nullo]
1758 2583 1833 2610 potuit

989 2621 1070 2643 timore
1088 2621 1198 2649 praecidi.
1217 2620 1317 2644 Abscissi
1329 2624 1386 2644 ‚sunt
1402 2621 1458 2649 viri,
1476 2621 1516 2650 qui
1533 2621 1612 2643 dicunt
1630 2621 1692 2650 [Luc.
1711 2621 1753 2649 24,
1771 2621 1831 2650 21.]:

989 2659 1036 2682 Nos
1053 2661 1133 2682 autem
1149 2659 1318 2689 sperabamus,
1336 2660 1399 2689 quod
1415 2660 1463 2689 ipse
1479 2659 1645 2689 redempturus
1667 2662 1726 2683 essct
1747 2659 1831 2683 lsrael.

988 2697 1109 2721 Abscissae
1125 2701 1178 2721 sunt
1194 2699 1313 2725 mulieres,
1331 2705 1391 2727 quae
1408 2699 1516 2728 quamvis
1528 2699 1565 2727 pie
1577 2699 1729 2727 praeveniunt
1740 2702 1832 2722 mortuo

988 2737 1135 2760 humanitatis
1151 2737 1270 2759 servitium
1289 2737 1396 2760 exhibere
1413 2738 1476 2766 [Luc.
1494 2738 1536 2764 23,
1554 2737 1595 2765 563
1613 2738 1652 2759 cfr.
1666 2738 1831 2765 Theopnylact.

988 2777 1011 2798 in
1024 2777 1084 2799 hune
1096 2777 1138 2799 loc.
1149 2781 1171 2799 et
1183 2777 1204 2798 in
1217 2777 1284 2798 Mare.
1298 2777 1333 2804 16,
1350 2776 1389 2805 l.],
1402 2779 1477 2799 tamen
1491 2777 1552 2799 illum
1566 2777 1592 2805 [Α
1602 2777 1619 2798 Β
1630 2777 1738 2799 omittunt
1752 2779 1830 2800 tamen

988 2814 1069 2844 illuni]
1091 2818 1286 2843 resurrecturum,
1306 2821 1453 2844 nequaquam
1473 2815 1603 2838 credebant.
1625 2816 1649 2838 Et
1669 2817 1762 2838 sortasse
1781 2822 1830 2844 pro-

989 2856 1066 2881 pterca
1077 2866 1108 2870 —
1119 2854 1183 2882 quod
1196 2857 1270 2876 tamen
1284 2860 1327 2876 non
1340 2854 1464 2876 asserendo
1477 2854 1536 2881 dico,
1545 2860 1574 2876 ne
1585 2861 1658 2877 novas
1670 2855 1750 2877 videni-
1761 2861 1832 2877 asser-

989 2893 1062 2915 tiones
1074 2893 1218 2915 introducere
1229 2905 1260 2909 —-
1272 2893 1307 2915 illa
1319 2893 1395 2920 Mater,
1404 2899 1464 2922 quae
1476 2894 1528 2921 plus
1541 2893 1649 2915 omnibus
1660 2892 1705 2922 [ed.
1719 2894 1724 2914 l
1738 2897 1759 2916 et
1772 2894 1828 2916 Bou.

988 2934 1065 2953 contra
1084 2931 1128 2953 AB
1145 2931 1251 2953 omittunt
1268 2931 1389 2961 omnihus]
1406 2931 1486 2954 habuit
1503 2932 1603 2960 pietatis,
1618 2938 1670 2954 cum
1688 2932 1737 2954 aliis
1749 2932 1777 2954 ad
1793 2939 1832 2954 un-

989 2970 1089 2997 gendum
1108 2976 1192 2997 corpus
1209 2969 1290 2992 Christi
1305 2971 1419 2998 sepultum
1432 2977 1477 2993 non
1491 2971 1564 2998 venit,
1576 2971 1628 3000 (11113
1643 2973 1722 2993 frustra
1736 2971 1832 2999 putabat

990 3009 1042 3037 [AB
1059 3008 1192 3038 reputabat]
1210 3015 1262 3032 eum
1281 3009 1348 3038 ungi,
1366 3015 1435 3038 (1110111
1454 3010 1528 3032 statim
1547 3009 1581 3039 [ox
1605 3011 1621 3032 A
1633 3011 1648 3031 Β
1671 3010 1831 3038 supplevimus

1708 3057 1731 3078 21

1848 1017 1978 1037 Continuatnr.
