2133 3317
27 860 112 902 eae*

660 209 854 238 OPUSCULUM
876 210 906 238 X.
929 210 1014 239 VthS
1034 210 1183 239 MYSTICA.
1205 210 1274 239 CAP.
1296 210 1337 239 IV.

126 297 175 325 eqo
195 296 271 316 sum.
300 287 428 316 Redamat
455 287 590 323 Sponsum
621 289 759 315 amantem
791 294 862 323 quae
886 287 970 315 dicit:

127 334 266 363 Nuntiate
285 333 398 367 dilecto,
419 333 490 371 quia
504 340 604 361 amore
627 332 751 369 taozyueo
763 333 781 360 ¹.
794 333 896 361 -Nos
921 333 970 369 igi-

126 384 173 410 tur
193 380 284 409 adhuc
304 381 332 408 in
353 387 435 409 carne
459 382 616 413 manentes,
641 382 776 416 quantum
804 387 968 415 possumus,

126 430 261 456 amantem
282 426 471 460 redamemus;
499 426 699 462 amplectamur
721 425 896 454 vulneratum
919 433 968 454 no-

1814 211 1867 239 165

1027 291 1130 322 strum,
1152 288 1231 317 cuius
1252 288 1327 325 impii
1348 288 1483 325 agricolae
1503 287 1642 325 foderunt
1662 296 1770 316 manus
1784 291 1868 324 etpe-

1026 335 1075 362 des
1086 336 1107 368 ²,
1129 335 1201 363 latus
1215 338 1241 363 et
1256 343 1316 369 cor;
1331 343 1511 372 oremusque,
1526 337 1558 363 ut
1571 342 1619 363 cor
1633 337 1759 363 nostrum
1778 334 1869 363 adhuc

1025 380 1128 409 durum
1142 384 1169 409 et
1184 381 1364 418 impoenitens
1378 381 1480 410 amoris
1494 381 1536 410 sui
1552 381 1662 410 vinculo
1681 380 1869 417 constringere

1024 429 1051 454 et
1072 426 1161 454 iaculo
1182 427 1330 455 vulnerare
1344 427 1482 464 dignetur.
1504 428 1595 456 Amen.

881 558 1042 587 CarlruLun
1068 558 1108 586 IV.

841 680 880 708 De
901 679 1035 717 lz'yatura
1056 679 1153 708 vitis?

205 805 229 832 1.
254 803 377 841 Liyatar
391 803 453 832 vitis
464 804 484 831 4.
507 803 574 839 Quis
587 802 698 831 vincula
711 805 823 831 nostrae
837 801 900 831 vitis
914 810 969 830 non

125 849 235 879 videat?
257 849 405 878 Videamus
419 849 496 878 haec.
512 848 634 877 Primum
654 848 740 885 igitur
760 847 916 881 vinculum,
938 849 970 875 ut

125 898 205 934 puto,
228 895 387 924 obedientia
408 895 468 924 fuit.
484 894 610 923 Obedivit
631 894 703 923 enim
726 894 797 922 Patri
819 902 909 931 usqae
929 894 970 922 ad

124 947 260 976 mortem,
282 945 403 971 mortem
424 945 522 970 autem
543 941 641 970 crucis
651 941 671 969 ⁵.
694 940 821 970 Obedivit
842 943 869 970 et
889 940 969 969 Matri

125 992 153 1018 et
173 989 267 1026 loseph
289 982 441 1018 secundum
456 988 540 1017 illud:
561 988 640 1016 Venit
655 986 809 1016 Nazareth
830 996 897 1016 cam
912 987 969 1016 illis

124 1039 150 1064 et
169 1039 234 1064 erat
253 1035 388 1064 subditus
408 1035 456 1063 eis.
479 1034 606 1063 Obedivit
626 1034 707 1062 etiam
729 1034 848 1063 terrenis
872 1033 969 1062 iudici-

125 1083 178 1111 bus
198 1082 307 1111 solvens
330 1081 499 1110 didrachma.
515 1097 555 1102 --
568 1080 726 1109 Secundum
747 1080 889 1109 vinculum
917 1080 969 1109 fuit

124 1129 244 1167 Virginis
274 1129 374 1162 sinas,
401 1139 414 1153 «
429 1128 495 1165 quia
515 1135 597 1165 quem
625 1127 692 1156 caeli
713 1135 812 1164 capere
832 1135 887 1156 non
908 1130 969 1164 pot-

125 1178 205 1205 erant
231 1178 280 1204 tuo
310 1174 416 1212 gremio
436 1174 598 1203 contulisti⁶
613 1185 640 1202 ».
666 1189 703 1194 —
728 1173 851 1202 Tertium
874 1173 969 1202 vincu-

125 1222 183 1251 lum
197 1222 250 1251 fuit
260 1222 287 1250 in
298 1221 449 1259 praesepio
464 1220 616 1250 secundum
631 1220 698 1249 illud
710 1220 737 1248 ⁷:
760 1231 773 1245 a
788 1220 867 1257 Vagit
881 1220 970 1249 infans

125 1269 196 1298 inter
211 1271 286 1297 arcta
301 1269 407 1305 positus
423 1268 565 1305 praesepia
576 1279 603 1295 ».
619 1283 655 1288 —
670 1267 807 1303 Quartum
828 1267 970 1296 vinculum

189 1468 197 1481 ¹
216 1468 256 1491 Ed.
278 1469 283 1490 1
304 1472 326 1490 et
343 1469 399 1490 Bon.
410 1474 463 1491 cum
481 1469 538 1496 AB,
556 1467 725 1496 refragantibus
737 1468 818 1490 ceteris
835 1468 915 1496 codd.⁷
933 1468 970 1490 ad-

126 1507 196 1530 dunt:
207 1508 316 1529 Fraterno
327 1513 351 1529 se
363 1510 478 1529 amantem
490 1513 569 1529 amore
581 1507 740 1535 complectitur
756 1513 816 1536 quae
828 1507 883 1530 dicit
894 1507 970 1537 [Cant.

127 1547 153 1574 8,
172 1545 218 1575 ·l.]:
236 1545 294 1574 Quis
311 1545 371 1568 milti
385 1545 424 1569 det
439 1547 459 1569 te
475 1545 577 1575 fratrem
594 1551 673 1568 meum
689 1547 811 1575 sugentem
831 1545 905 1569 ubera
922 1552 970 1569 ma-

127 1584 171 1608 tris
188 1591 265 1612 meae,
287 1586 313 1607 ut
335 1584 454 1607 inveniam
479 1586 500 1607 te
524 1584 584 1614 foris
606 1588 629 1606 et
646 1585 785 1612 complectar
806 1585 828 1607 et
847 1584 968 1608 deosculer

127 1625 160 1652 te,
178 1625 199 1647 et
216 1623 264 1648 iam
279 1629 316 1646 me
327 1629 395 1646 nemo
413 1622 525 1652 despiciat
543 1623 588 1652 [ed.
608 1624 616 1645 1
632 1629 684 1646 cum
703 1624 744 1646 AB
762 1623 895 1652 derideatp
914 1624 969 1652 Quis

127 1663 153 1692 [A
164 1663 180 1685 B
199 1662 268 1691 Quid]
282 1665 358 1684 autem
371 1666 405 1684 est
418 1663 488 1685 soris?
500 1663 612 1690 Aestimo⁷
629 1663 692 1691 quod
705 1666 765 1685 extra
779 1669 870 1690 corpus.
886 1662 971 1690 Ouum-

126 1701 166 1724 diu
183 1707 268 1724 sumus
286 1701 308 1723 iu
327 1701 370 1724 ltoc
386 1707 496 1730 corpore,
511 1701 697 1731 pereyrinumur
713 1707 728 1723 [ι
746 1701 845 1724 Domino
864 1701 900 1730 [ll.
918 1701 970 1724 Cor.

127 1740 153 1767 53
164 1739 203 1769 6.].
222 1740 277 1768 Quis
289 1741 347 1762 hanc
365 1740 573 1767 peregrinationem
586 1740 696 1768 patienter
714 1741 788 1762 serat?
807 1740 872 1762 Plena
885 1742 918 1762 est
929 1740 971 1762 do·

127 1779 174 1802 lore
191 1779 378 1807 praeteritorum,
396 1779 475 1801 labore
492 1779 660 1807 praesentium,
678 1780 759 1802 timore
782 1780 925 1806 futurorum,
947 1779 969 1801 in

127 1824 185 1846 qua,
202 1818 244 1840 etsi
264 1818 367 1845 Sponsus
384 1824 408 1840 se
433 1818 557 1846 aliquando
575 1818 647 1845 gratia
671 1818 832 1840 consolationis
849 1817 970 1845 exhibeat,

129 1857 177 1879 stat
193 1858 270 1878 tamen
287 1856 355 1883 longe
371 1856 438 1884 quasi
459 1857 514 1885 post
536 1856 651 1885 parietem
677 1855 748 1885 [Cant.
766 1857 793 1883 2,
811 1856 855 1885 9.],
873 1862 971 1884 corpore

129 1896 172 1918 hoc
189 1895 277 1923 peccati
294 1898 414 1923 separante
426 1895 483 1917 inter
501 1901 542 1917 nos
559 1898 581 1917 et
593 1895 682 1923 ipsum;
699 1901 740 1917 nec
758 1895 822 1917 facile
840 1895 935 1923 praebet
946 1901 970 1917 se

128 1934 270 1962 tangendum
288 1937 310 1956 et
334 1934 498 1962 osculandum,
520 1934 562 1956 nisi
580 1934 610 1956 illi
634 1934 734 1962 animae,
760 1940 820 1963 quae
846 1934 867 1956 in
885 1936 969 1956 tantam

126 1973 269 1996 altitudinem
287 1973 422 1995 meritorum
448 1973 570 2000 processit,
594 1976 618 1995 ut
642 1973 703 1995 dicat
727 1973 747 1995 ei
773 1972 846 2002 [Cant.
863 1974 890 2000 2,
908 1973 969 2002 Ι10.];

127 2011 218 2041 Surae,
234 2011 312 2035 amica
328 2017 394 2039 mea,
411 2011 520 2035 columba
536 2017 601 2039 mea,
619 2012 726 2041 formosa
742 2017 795 2035 mea
813 2012 839 2041 [Α
850 2013 866 2034 Β
883 2012 971 2035 addunt

127 2052 149 2074 et
165 2050 218 2074 reni
225 2059 234 2078 ,·
251 2052 274 2073 et
294 2050 398 2073 iterum:
417 2050 470 2073 Una
494 2051 527 2073 est
552 2049 660 2073 colmnba
685 2056 749 2078 meu,
768 2050 876 2080 formosa
900 2056 970 2079 mea,-

127 2089 192 2112 Cant.
209 2090 234 2118 6,
251 2090 264 2111 8
275 2106 281 2116 ,
300 2089 338 2112 ubi
355 2095 398 2117 pro
414 2089 522 2119 formosa
540 2089 637 2117 Vulgata
653 2089 773 2119 perfecta}
791 2090 855 2118 Quae
871 2090 931 2116 sola,
948 2090 971 2112 li-

128 2132 164 2151 cet
179 2134 245 2155 raro,
262 2128 339 2156 aliquo
356 2128 426 2150 modo
444 2127 557 2150 arbitrans
573 2134 598 2150 se
620 2128 825 2156 comprehendisse
844 2129 971 2156 proclamat

129 2166 200 2196 [Cant.
219 2167 245 2195 3,
265 2166 306 2196 4.]:
323 2166 406 2190 Inveni
421 2173 490 2196 quem
507 2166 585 2196 diliyit
594 2167 677 2190 anima
693 2173 757 2194 mea,
775 2167 841 2190 tenui
851 2173 905 2190 eum
922 2167 969 2196 [ed.

129 2206 138 2228 ‘l
160 2212 212 2228 cum
230 2206 274 2228 AB
292 2205 369 2234 illum]
387 2211 429 2229 nec
445 2205 570 2229 dimittam.
588 2206 632 2228 Sed
649 2206 751 2228 adhunc
768 2206 867 2234 gradum
885 2212 930 2229 non
943 2207 971 2228 fa-

127 2244 170 2267 cile
186 2244 239 2273 quis
254 2244 364 2266 ascendit.

192 2282 201 2295 ⁹
218 2283 301 2305 Psaltn.
318 2283 360 2310 21,
379 2283 415 2305 17.
433 2283 545 2305 Alluditur
564 2283 593 2305 ad
611 2282 745 2311 parabolam
762 2283 792 2306 de
808 2283 876 2305 vinea
898 2284 969 2306 locata

128 2321 253 2351 aqi-icolis,
271 2322 311 2350 qui
328 2321 413 2348 tilium,
432 2322 539 2343 heredem
560 2322 653 2349 vineae,
670 2321 817 2349 occiderunt;
835 2323 911 2344 Matth.
928 2323 970 2349 21,

129 2361 166 2383 33.
178 2366 243 2389 seqq.
256 2373 285 2376 —
298 2360 408 2388 Superius
420 2366 462 2388 pro
473 2359 552 2383 adhuc
563 2359 588 2383 in
599 2366 671 2383 carue
687 2360 723 2382 ed.
740 2361 745 2382 1
767 2367 819 2383 cum
838 2362 854 2383 A
865 2361 881 2382 Β
893 2360 971 2384 adhuc

129 2399 206 2427 intus;
218 2399 243 2422 id
253 2401 287 2422 est
298 2399 321 2422 in
334 2405 444 2428 corpore,
456 2402 478 2421 et
489 2405 531 2427 pro
543 2400 663 2422 amantem
674 2398 824 2422 redamemus
837 2399 875 2424 (ita
891 2399 908 2422 C
918 2400 936 2422 D
945 2400 970 2429 Ε)

129 2438 184 2461 alias
205 2444 326 2465 amemus,
343 2437 502 2461 redamemus.
519 2438 613 2460 interius
629 2444 672 2465 pro
689 2443 830 2467 oremusque
846 2438 884 2460 ed.
901 2439 909 2460 ll
931 2440 972 2462 ste-

129 2482 241 2505 musque,
255 2470 282 2499 en
299 2482 344 2505 qua
358 2482 410 2499 cum
424 2477 480 2499 Bon.
490 2478 512 2498 et
528 2476 546 2498 A
556 2477 572 2498 B
589 2479 641 2504 post
657 2475 751 2499 viuculo
768 2476 904 2499 retinuimus
920 2482 972 2499 con-

129 2515 253 2544 sti-iuuere.

193 2553 201 2566 ³
219 2555 248 2576 lta
266 2553 294 2581 C,
320 2554 364 2576 AB
390 2553 512 2582 Quomodo
538 2553 628 2583 llantur
644 2553 711 2581 vitis,
731 2554 786 2576 Bon.
809 2553 864 2576 Vitis
889 2555 972 2577 uestra

127 2592 183 2622 pius
201 2593 266 2616 Iesus
283 2592 374 2622 ligatur
390 2593 477 2622 septem
495 2592 607 2620 vinculis,
625 2592 662 2615 ed.
684 2593 689 2614 1
711 2593 744 2615 De
760 2591 861 2616 vinculis
877 2593 973 2616 nostrae

130 2631 196 2657 vitis.
214 2631 238 2654 id
254 2633 288 2655 est
304 2631 332 2654 de
349 2631 421 2655 variis
439 2631 528 2655 Christi
544 2631 644 2655 vinculis
661 2633 682 2654 et
698 2631 785 2660 poeuis.

193 2670 202 2683 ⁴
219 2670 275 2693 Cod.
287 2670 303 2693 C
315 2670 398 2693 omittit
408 2670 508 2700 Liqatur
520 2670 580 2693 vitis.
593 2670 696 2693 Subinde
712 2676 755 2698 pro
775 2670 899 2693 Videmnus
916 2670 973 2693 haec

132 2709 170 2737 (ita
187 2709 212 2737 C)
231 2710 247 2732 A
258 2710 275 2731 Β
295 2708 421 2732 Videamus
432 2711 511 2732 tamen
526 2709 595 2737 haec,
608 2710 646 2732 ed.
664 2711 672 2731 l
697 2709 823 2732 Videamus
834 2711 914 2732 tumen
930 2708 973 2732 (noc

130 2747 264 2776 vinculum,
285 2749 338 2771 Bon.
357 2747 479 2771 Videamus
492 2749 568 2771 tamen
582 2748 638 2771 llaec
654 2747 746 2771 vincula
759 2747 877 2777 plurimu,
892 2751 914 2770 et
931 2754 973 2776 pro

132 2787 240 2810 Primum
256 2787 330 2816 iqitur
348 2787 374 2816 [A
385 2788 401 2810 Β
417 2786 491 2817 enim]
509 2787 642 2814 vinculum,
660 2788 687 2810 ut
700 2788 758 2816 puto
776 2787 812 2809 ed.
834 2788 838 2808 1
856 2787 974 2810 Pramum.

194 2825 203 2837 ⁵
220 2826 276 2848 Phil.
298 2827 325 2853 2,
346 2827 367 2848 8.
388 2839 418 2843 —
435 2826 544 2855 Sequitur
569 2827 623 2848 Luc.
649 2827 674 2853 2,
699 2826 736 2848 51.
759 2828 780 2848 et
804 2826 855 2848 dein
879 2826 974 2854 respici—

132 2867 168 2886 tur
185 2865 262 2887 Matth.
286 2865 326 2892 l7,
344 2865 382 2887 23.
398 2871 475 2894 seqq„
497 2865 537 2887 ubi
560 2865 589 2887 de
607 2864 740 2887 didrachma
763 2864 880 2886 soh-endo.
901 2864 941 2887 Ed.
960 2865 968 2886 ·1

133 2902 236 2926 Obeitivit
255 2903 317 2926 euim
341 2903 364 2926 iu
382 2903 481 2926 terrenis
508 2903 634 2930 iudicibus,
652 2903 744 2926 solvens
763 2902 929 2925 didrachmum
948 2902 973 2931 [C

131 2940 265 2970 dracltma].

194 2979 203 2993 ⁶
221 2981 321 3003 breviar.
339 2981 446 3008 Roman.y
459 2980 480 3003 in
494 2982 550 3003 sesto
568 2980 656 3003 Nativit.
670 2980 770 3008 Domini,
789 2981 812 3003 ll.
829 2980 891 3003 Noct.
904 2982 974 3009 Resp.

1025 801 1077 830 fuit
1091 800 1192 838 fame,
1213 809 1269 838 quo
1290 802 1439 839 ligabatur,
1454 811 1518 832 cum
1532 806 1686 840 caperetur.
1707 805 1870 833 Inieceruut

1026 847 1122 886 iniqui
1147 856 1256 876 manus
1276 856 1349 877 suas
1370 849 1400 877 in
1425 849 1519 877 lesum
1539 854 1565 878 et
1584 850 1743 879 vinxerant
1767 859 1832 880 eam
1847 851 1867 879 ⁸.

1027 893 1049 921 Ο
1070 894 1131 923 Reae
1151 902 1255 931 regum
1279 897 1306 922 et
1326 894 1447 923 Domine
1467 895 1699 930 clomiiiautimn,
1729 897 1794 933 quid
1820 897 1868 925 tibi

1027 947 1090 969 cum
1111 940 1251 969 vinculis?
1272 941 1402 977 Ligantur
1417 941 1502 975 vites,
1517 949 1564 976 ne,
1579 942 1600 970 si
1616 942 1721 971 iaceant
1739 943 1766 971 in
1782 946 1869 977 terra,

1026 989 1075 1015 aut
1096 987 1238 1015 minuatur
1253 987 1264 1004 ⁹
1285 990 1333 1015 aut
1354 991 1552 1024 corrumpatur
1572 988 1681 1017 fructus
1705 996 1809 1018 earum.
1832 990 1870 1018 ln-

1027 1033 1216 1070 corruptibilis
1235 1036 1328 1062 autem
1343 1033 1451 1062 fructus
1466 1036 1532 1062 tuus
1546 1037 1595 1063 est.
1611 1035 1702 1071 Quare
1723 1042 1789 1072 ergo
1804 1036 1869 1072 liga-

1025 1083 1091 1109 tur?
1106 1080 1176 1109 Bene
1190 1080 1262 1109 dixit
1276 1088 1327 1109 rex
1342 1081 1495 1110 Alexander
1507 1081 1544 1116 ¹⁰,
1560 1089 1636 1116 cum,
1652 1089 1800 1118 percussus
1822 1082 1870 1110 ha-

1025 1129 1099 1155 mata
1120 1126 1229 1163 sagitta,
1252 1130 1409 1163 peteretur,
1424 1130 1456 1156 ut
1470 1135 1499 1156 se
1520 1128 1598 1164 ligari
1620 1128 1804 1164 permitteret,
1822 1128 1870 1157 do—

1025 1181 1076 1202 nec
1090 1173 1282 1207 excideretur,
1304 1174 1433 1211 quoniam
1449 1177 1525 1203 motu
1540 1175 1677 1203 levissimo
1692 1178 1782 1211 posset
1796 1183 1870 1203 mor-

1027 1222 1081 1249 tem
1103 1220 1266 1249 incurrere:
1292 1231 1305 1245 α
1320 1221 1377 1249 Non
1399 1220 1492 1255 decet,
1514 1221 1616 1258 inquit,
1638 1228 1730 1258 regem
1756 1221 1868 1255 vinciri;

1026 1267 1113 1296 libera
1133 1267 1168 1296 sit
1189 1267 1262 1304 regis
1282 1270 1309 1296 et
1333 1275 1442 1304 semper
1467 1267 1542 1296 salva
1567 1270 1686 1304 potestas
1700 1280 1726 1296 ».
1749 1267 1771 1296 O
1795 1269 1870 1296 Deus

1026 1468 1056 1491 ad
1074 1468 1095 1490 6.
1113 1469 1175 1495 lect.;
1193 1469 1233 1490 cir.
1250 1467 1312 1490 Libr.
1330 1467 1464 1495 Responsal.
1482 1467 1549 1495 (inter
1571 1474 1640 1496 opera
1664 1468 1769 1496 (iregor.)
1793 1469 1814 1490 in
1835 1469 1870 1490 Vi-

1027 1507 1079 1535 gilia
1097 1507 1180 1529 Natalis
1197 1507 1287 1529 Domini
1305 1507 1398 1535 (sivein
1415 1507 1485 1529 Natali
1499 1507 1612 1535 Domini),
1630 1507 1662 1529 111.
1680 1507 1742 1529 Noct.
1760 1507 1818 1529 Vide
1831 1507 1871 1529 Bo-

1027 1552 1088 1572 nav„
1105 1548 1162 1568 tom.
1179 1546 1225 1568 Vll.
1242 1552 1296 1574 pag.
1321 1546 1378 1573 296,
1396 1548 1473 1568 notam
1493 1546 1530 1567 11.
1546 1557 1578 1561 --
1594 1545 1667 1568 Codd.
1683 1546 1727 1567 AB
1747 1549 1769 1568 et
1786 1546 1822 1568 ed.
1844 1546 1849 1567 l
1863 1553 1868 1567 ι

1027 1584 1163 1608 Secmidum
1179 1584 1315 1612 vinculum,
1333 1586 1416 1608 uterus
1431 1583 1547 1614 Vir-uinis,
1565 1584 1592 1607 de
1609 1590 1656 1614 qua
1673 1584 1795 1607 canimus:
1809 1584 1868 1613 Quia

1027 1630 1094 1654 quem
1113 1623 1173 1647 caeli
1188 1627 1230 1646 elc.

1089 1662 1097 1675 ⁷
1115 1663 1198 1690 Hymni
1217 1669 1259 1691 pro
1277 1663 1385 1685 Matutino
1398 1662 1528 1685 dominicae
1543 1662 1666 1690 Passionis;
1678 1662 1809 1685 atu-ilmina·
1821 1663 1870 1685 For-

1027 1705 1118 1731 tunato,
1136 1702 1205 1730 episc.
1217 1702 1303 1724 Pictav.
1315 1702 1412 1730 (Migne,
1430 1702 1511 1724 Patrol.
1528 1702 1576 1723 Lat.
1588 1704 1644 1724 tom.
1656 1702 1683 1723 88
1692 1719 1698 1728 ‚
1710 1702 1752 1724 col.
1768 1702 1815 1730 88).
1828 1702 1870 1724 Pro

1023 1741 1116 1770 positus
1130 1740 1256 1770 praesepia
1275 1741 1313 1769 (ita
1326 1740 1342 1763 C
1352 1741 1370 1763 D
1380 1742 1404 1768 E)
1423 1741 1459 1763 ed.
1480 1741 1486 1762 l
1498 1757 1503 1767 ,
1522 1741 1577 1763 Bon.
1589 1747 1641 1763 cum
1660 1741 1677 1763 A
1688 1741 1704 1762 B
1716 1743 1738 1763 et
1755 1743 1815 1763 textu
1829 1741 1871 1763 ori-

1026 1780 1095 1808 ginali
1113 1779 1222 1802 coudilus
1235 1779 1376 1808 praesepia;
1393 1779 1422 1802 ab
1439 1779 1521 1801 iisdem
1539 1779 1643 1802 additur:
1665 1779 1766 1801 Membra
1789 1780 1870 1807 pannis

1026 1818 1127 1840 involuta
1145 1818 1217 1846 Virgo
1235 1821 1307 1841 mater
1324 1818 1412 1846 alligat;
1430 1818 1502 1846 pedes
1519 1817 1604 1847 [textus
1616 1818 1734 1846 originalis
1745 1817 1866 1848 amites}

1026 1863 1108 1880 manus
1128 1860 1197 1886 atque
1214 1863 1280 1879 crura
1293 1856 1322 1886 [A
1333 1857 1349 1879 B
1361 1863 1414 1879 cum
1427 1858 1487 1879 textu
1500 1857 1606 1885 originali
1622 1863 1766 1886 munusque,
1783 1857 1870 1887 crum]

1025 1896 1102 1918 stricta
1120 1896 1190 1924 ringit
1206 1896 1283 1918 fascia.

1088 1933 1097 1946 ⁸
1115 1935 1192 1956 lllatth.
1210 1935 1252 1961 26,
1269 1934 1307 1956 50.
1319 1935 1361 1957 Pro
1373 1933 1459 1963 iniqui,
1477 1934 1541 1962 quod
1557 1934 1594 1956 ed.
1613 1934 1621 1955 ‘l
1643 1939 1697 1956 cum
1714 1934 1731 1956 A
1742 1935 1758 1956 B
1776 1934 1869 1961 omittit,

1027 1972 1044 1996 C
1061 1973 1176 2002 iuquam;
1193 1979 1235 2001 pro
1252 1975 1273 1997 et
1288 1972 1420 1996 vina-erunt
1436 1980 1489 1996 eum
1506 1974 1604 2001 Vulgata
1622 1975 1643 1997 et
1659 1975 1786 1996 tenuerunt
1802 1979 1869 2001 eum,

1027 2012 1080 2034 Bon.
1097 2013 1120 2035 et
1135 2013 1263 2035 tenuerunt
1278 2011 1326 2035 sice
1338 2011 1468 2035 rina-erunt
1478 2018 1540 2035 eum.
1552 2012 1660 2041 Sequitur
1677 2013 1693 2035 l.
1710 2012 1770 2035 Tim.
1788 2013 1814 2040 6,
1836 2012 1869 2034 l5.

1025 2063 1057 2067 —
1074 2051 1184 2078 Superius
1201 2052 1218 2073 A
1229 2050 1271 2073 BC
1288 2051 1395 2073 omittunt
1406 2050 1477 2080 suuis,
1493 2054 1516 2073 et
1527 2053 1579 2079 post
1590 2057 1644 2074 cum
1661 2052 1786 2080 caperetur
1802 2050 1839 2073 ed.
1860 2051 1864 2072 1

1026 2092 1048 2112 et
1064 2090 1120 2112 Bon.
1137 2090 1225 2112 addunt
1247 2090 1281 2112 lla
1299 2089 1361 2113 enim
1378 2089 1456 2112 habes.
1482 2090 1557 2117 Tunc,
1575 2089 1678 2113 videlicet
1695 2095 1750 2113 cum
1767 2089 1869 2112 traditus

1025 2131 1084 2153 esset
1102 2129 1189 2157 (contra
1206 2129 1294 2157 CDE).

1088 2167 1098 2181 ⁹
1115 2168 1188 2191 Codd.
1205 2168 1249 2190 DE
1267 2171 1289 2190 ct
1305 2168 1342 2190 ed.
1358 2168 1365 2190 i
1383 2167 1533 2195 minuuntur,
1545 2170 1567 2190 et
1578 2174 1621 2196 pro
1638 2169 1809 2197 corrumpatur
1828 2167 1869 2190 DE

1026 2208 1227 2236 corrumpuntur,
1250 2207 1268 2229 Α
1291 2207 1346 2234 legit
1368 2206 1493 2229 minuatur
1509 2212 1523 2229 a
1541 2205 1672 2233 vermibus,
1690 2208 1869 2236 coi-rumpatur.

1028 2245 1131 2268 Subinde
1149 2251 1191 2273 pro
1207 2245 1302 2274 fructus
1320 2246 1374 2268 tuus
1391 2245 1425 2268 est
1441 2245 1479 2267 ed.
1492 2245 1500 2267 1
1522 2251 1575 2267 cum
1593 2246 1610 2267 A
1621 2245 1637 2267 B
1648 2245 1742 2274 fructus
1758 2245 1805 2274 fuit
1820 2245 1869 2268 eius

1026 2285 1047 2307 et
1063 2285 1110 2311 est,
1128 2287 1150 2306 ct
1167 2290 1209 2312 pro
1229 2283 1309 2311 Quare
1325 2289 1381 2313 erqo
1404 2283 1494 2313 liqatur
1512 2284 1551 2312 (ita
1568 2284 1604 2306 ed.
1626 2284 1631 2305 1
1659 2289 1712 2306 cum
1735 2283 1867 2312 ABCDE)

1027 2324 1082 2345 Bon.
1101 2323 1181 2351 Quare
1197 2328 1254 2352 erqo
1272 2322 1364 2352 liparis.

1089 2361 1108 2374 ¹⁰
1125 2361 1217 2384 Curtius
1237 2362 1322 2388 Rufus,
1338 2361 1377 2384 lX.
1396 2361 1478 2383 Histor.
1499 2361 1529 2383 de
1551 2360 1621 2383 rebus
1642 2361 1761 2383 Alexandri
1783 2361 1869 2389 Magni,

1026 2407 1046 2423 c.
1064 2401 1085 2423 5.
1103 2404 1190 2427 narrat,
1207 2400 1359 2423 Alexandrum
1378 2400 1401 2422 in
1418 2400 1586 2428 expugnatione
1602 2400 1682 2428 oppidi
1699 2400 1869 2427 Oxydracarum

1027 2440 1108 2467 sagitta
1127 2439 1172 2462 indi
1191 2440 1260 2462 ruisse
1277 2439 1433 2461 vulneratum.
1453 2447 1463 2459 ιι
1475 2440 1538 2467 Rege
1556 2439 1578 2460 in
1595 2438 1767 2461 tabernaculum
1789 2439 1869 2466 relato,

1028 2478 1111 2500 medici
1128 2478 1216 2505 lignum
1235 2479 1313 2500 hastae
1330 2478 1420 2505 corpori
1438 2478 1543 2505 infixum,
1561 2478 1590 2499 ita
1608 2483 1638 2499 ne
1653 2477 1768 2505 spiculum
1791 2483 1870 2499 move-

1028 2520 1103 2544 retur,
1112 2516 1256 2539 ahscindunt.
1268 2516 1370 2544 Corpore
1382 2516 1466 2539 deinde
1479 2516 1576 2544 nudato,
1589 2516 1775 2538 animadvertunt
1786 2515 1869 2539 hamos

1029 2555 1101 2578 inesse
1118 2556 1175 2583 telo,
1192 2561 1234 2577 nec
1252 2555 1315 2578 aliter
1332 2555 1355 2577 id
1373 2555 1421 2577 sine
1438 2555 1540 2583 pernicie
1560 2555 1665 2582 corporis
1685 2554 1771 2577 extrahi
1789 2560 1868 2582 posse,

1028 2600 1097 2623 quam
1116 2596 1140 2616 ut
1156 2593 1257 2616 secando
1273 2594 1358 2616 vulnus
1375 2597 1508 2621 augerent...
1525 2592 1679 2616 Critobolus...
1696 2598 1778 2615 manus
1792 2593 1870 2615 admo-

1028 2638 1083 2654 vere
1101 2632 1239 2654 metuebat...
1258 2632 1349 2654 tandem
1368 2632 1404 2654 vel
1422 2632 1485 2654 finito
1502 2632 1538 2654 vel
1550 2631 1692 2654 dissimulato
1704 2635 1766 2653 metu
1785 2631 1867 2654 hortari

1028 2677 1082 2693 eum
1097 2670 1273 2700 [Alexandrum]
1291 2671 1377 2698 coepit,
1396 2673 1420 2692 ut
1436 2676 1461 2692 se
1478 2670 1641 2692 continendum
1663 2669 1795 2698 praeberet,
1813 2670 1869 2692 dum

1029 2710 1143 2738 spiculum
1161 2710 1281 2736 evelleret,
1299 2709 1365 2731 etiam
1384 2710 1458 2731 levem
1475 2709 1580 2737 corporis
1596 2712 1685 2731 motum
1702 2709 1796 2731 noxium
1815 2710 1869 2731 sore.

1029 2750 1075 2771 Rex
1092 2755 1145 2771 cum
1163 2750 1311 2775 affirmasset,
1328 2748 1383 2770 nihil
1395 2754 1455 2776 opus
1466 2754 1516 2770 esse
1534 2748 1560 2770 iis
1575 2747 1615 2776 qui
1633 2750 1705 2770 semet
1719 2747 1869 2774 continerent,

1028 2788 1087 2810 sicut
1099 2790 1249 2815 praeceptum
1261 2790 1321 2814 erat,
1333 2787 1382 2809 sine
1394 2789 1456 2809 motu
1475 2786 1582 2814 praebuit
1592 2792 1677 2814 corpus
1685 2794 1696 2806 υ
1712 2789 1754 2809 etc.
1765 2786 1811 2809 Cir.
1823 2787 1870 2809 l‘lu-

1029 2827 1108 2853 tarch.‚
1126 2827 1161 2848 lV.
1179 2827 1325 2854 Apophiheg.
1342 2826 1417 2852 Rom.‚
1434 2825 1472 2848 ubi
1490 2825 1520 2847 de
1536 2825 1560 2848 C.
1578 2825 1647 2847 Mario
1660 2828 1775 2853 narratur.
1792 2825 1868 2853 ipsum

1029 2865 1051 2887 in
1069 2865 1201 2892 operatione
1218 2864 1347 2892 chirurgica
1360 2870 1404 2886 non
1417 2864 1547 2892 permisisse
1559 2870 1584 2886 se
1595 2863 1667 2892 ligari.
1681 2865 1723 2886 1)ιό
1738 2864 1798 2887 Bene
1809 2864 1869 2887 dimit

1029 2904 1072 2926 DE
1091 2903 1155 2926 Unde
1172 2903 1244 2927 (lia-it.
1262 2903 1299 2925 ed.
1318 2903 1325 2924 Ἰ1
1347 2909 1401 2925 eum
1418 2904 1435 2925 A
1447 2903 1463 2924 B
1480 2903 1534 2931 legit
1551 2903 1611 2926 Bene
1627 2902 1687 2926 dizit
1703 2902 1749 2932 [ed.
1766 2904 1770 2924 1
1787 2903 1869 2925 omittit

1029 2941 1101 2971 ‹lm-it]
1114 2941 1209 2971 quidam
1222 2948 1275 2965 resr.
1288 2943 1329 2964 l’ro
1341 2941 1436 2964 'lamala
1451 2942 1457 2968 (
1461 2941 1489 2964 ita
1501 2942 1528 2966 A]
1542 2941 1578 2964 ed.
1594 2942 1600 2963 l
1617 2941 1735 2967 immund,
1748 2942 1802 2963 Bon.
1815 2948 1868 2963 cuin

1029 2982 1046 3003 G
1057 2981 1074 3003 ll
1094 2980 1188 3008 lunata,
1205 2980 1221 3002 C
1233 2981 1275 3003 DE
1292 2979 1382 3003 llmutu,
