2133 3317
0 1460 81 1529 ff...

44 1459 82 1480 oiu-

466 211 661 240 OPUSCULUM
683 210 747 239 Xlll.
769 210 1076 239 DETERMINATIONES
1097 210 1336 247 QUAESTIONUM.
1358 211 1437 239 PARS
1458 211 1475 239 1.

103 293 192 320 tantos
212 289 357 318 influxisse
378 289 465 326 pisces
487 288 630 317 hominum
651 288 685 316 ad
706 288 768 316 fidei
797 288 942 324 professio-

103 344 163 366 nem
173 359 180 370 ,
201 336 274 373 quod
295 339 353 364 rete
368 335 430 364 fidei
445 335 589 368 scinditur,
605 342 722 363 messem
736 334 858 363 fidelium
874 335 943 363 mul-

103 387 157 412 tam
177 386 204 411 et
224 382 375 419 operarios
397 381 513 410 idoneos
532 389 661 417 paucOS,
683 388 715 409 eo
737 381 810 418 quod
832 384 942 417 peccata

103 428 222 467 quotidie
242 428 461 465 multiplicantur
481 428 509 456 in
531 427 664 461 Ecclesia,
686 430 713 456 et
734 427 870 464 episcopi,
895 435 942 456 ne-

102 475 180 514 gotiis
200 475 387 504 exterioribus
408 474 506 508 dediti,
527 474 719 511 spiritualibus
739 474 881 503 intendere
895 482 942 502 ne—

102 524 221 560 queunt,
243 525 270 550 et
290 521 370 558 pauci
391 524 456 549 sunt
477 524 601 558 pastores
622 521 649 549 in
670 520 791 549 ecclesiis
812 528 942 557 persona-

101 569 163 598 liter
185 567 350 601 residentes,
372 567 418 596 sed
441 568 550 596 vicariis
571 570 598 596 et
618 567 796 596 mercenariis
816 567 942 595 commit-

101 618 163 644 tunt
183 623 248 643 oves
268 615 325 643 sive
346 614 450 643 animas
472 614 605 651 regendas
618 615 636 648 ¹,
658 613 684 642 in
706 622 827 650 quorum
855 614 941 650 pluri-

101 662 153 691 mis
173 661 252 690 multi
270 661 450 689 inveniuntur
464 661 587 689 defectus
601 660 755 697 imperitiae
769 663 796 688 et
811 660 941 689 honestae

102 707 187 742 vitae,
208 707 388 744 negligentiae
408 710 436 736 et
455 707 572 735 aliorum
594 707 767 741 defectuum,
795 714 844 743 per
872 714 942 743 quos

100 754 133 783 ad
153 753 346 791 gubernandas
366 754 471 782 animas
491 753 647 781 redduntur
668 752 817 786 inhabiles,
838 755 865 781 et
886 760 940 780 non

99 808 158 830 esse
178 800 225 837 qui
248 800 340 837 plebes
361 800 505 833 erudiant,
527 800 570 828 vel
591 808 607 828 a
629 799 730 836 peccati
752 799 873 828 faecibus
894 807 940 828 ex-

7 855 86 898 '‘isffl‘
99 847 247 877 trahant2:
269 847 376 875 vocavit
397 855 447 875 nos
468 846 495 874 in
516 846 684 875 adiutorium
700 849 756 874 tam
776 846 842 874 cleri
858 854 941 882 quam

99 893 209 932 populi,
231 896 263 922 ut
282 902 331 930 per
352 893 473 922 officium
495 893 705 930 praedicationis
723 895 750 922 et
764 892 941 921 confessionis

100 941 296 970 subveniamus
316 940 460 969 animabus
481 943 508 969 et
529 948 599 968 onus
614 943 756 976 pastorum
772 939 941 968 sublevando

99 987 273 1021 alleviemuS,
295 987 366 1016 sicut
389 987 485 1016 Petrus
506 990 533 1015 et
554 987 614 1015 eius
635 986 716 1020 socii,
738 995 796 1015 mm
816 986 941 1015 valentes

98 1034 147 1063 soli
162 1037 220 1062 rete
231 1033 359 1071 piscium
373 1033 405 1062 ad
422 1033 499 1062 littus
514 1032 628 1062 trahere
636 1041 712 1070 prae
723 1032 907 1061 multitudine
918 1033 940 1067 ⁵,

99 1083 268 1109 annuerunt
289 1079 383 1108 Iacobo
397 1083 424 1108 et
439 1079 546 1114 Ioanni,
560 1079 647 1108 sociis
661 1079 724 1108 suis
738 1079 770 1107 in
784 1079 846 1107 alia
859 1079 940 1113 navi,

98 1134 169 1164 quae
195 1126 330 1163 significat
358 1127 540 1163 Religionem,
568 1130 600 1154 ut
620 1126 751 1154 venirent
770 1129 795 1154 et
815 1126 940 1155 adiuva-

97 1178 162 1203 rent
180 1181 242 1207 eos,
264 1181 298 1202 ne
320 1173 363 1202 vel
384 1173 434 1210 ipsi
457 1176 666 1210 mergerentur,
689 1173 731 1202 vel
752 1173 841 1210 pisces
868 1174 939 1210 capti

96 1220 235 1258 perirent,
257 1221 345 1249 Lucae
366 1220 463 1257 quinto
474 1221 493 1248 4.
516 1220 584 1249 Cum
616 1228 682 1257 ergo
709 1228 745 1249 ex
776 1220 941 1257 apostolicae

98 1267 173 1297 Sedis
203 1267 332 1297 missione
362 1267 556 1304 episcoporum
583 1267 772 1296 benevolentia
800 1267 940 1304 praedica-

96 1314 179 1343 tionis
198 1322 278 1351 opem
298 1317 326 1343 et
346 1314 543 1343 confessionem
566 1314 682 1343 subditis
709 1322 807 1343 eorum
835 1315 940 1351 impen-

97 1361 202 1395 dimus,
224 1369 260 1390 ex
281 1361 395 1390 caritate
416 1363 444 1390 et
463 1361 628 1389 auctoritate
642 1368 739 1389 eorum
754 1360 939 1395 absolvimus;

97 1415 151 1436 non
171 1406 324 1443 decipimus
344 1415 406 1441 eos,
428 1406 475 1436 sed
496 1407 639 1441 iuvamus,
667 1409 695 1435 et
725 1407 752 1435 in
781 1407 939 1436 huiusmodi

96 1453 128 1482 fit
147 1461 202 1482 non
223 1453 422 1490 praeiudicium
444 1453 582 1490 plebanis,
603 1453 651 1482 sed
671 1453 850 1487 beneficium,
872 1453 939 1482 dum

96 1507 147 1536 pro
167 1499 206 1528 eis
227 1499 386 1528 laboramus
406 1502 433 1528 et
453 1499 487 1528 ad
508 1499 690 1528 obedientiam
706 1499 825 1528 debitam
840 1507 939 1528 eorum

96 1545 220 1575 subditos
241 1546 433 1574 exhortamur.
455 1546 521 1575 Nam
543 1546 565 1575 si
586 1546 721 1583 plebanus
742 1549 832 1583 potest
859 1546 938 1575 alteri

95 1593 183 1623 vicem
204 1601 282 1623 suam
304 1593 492 1628 committere,
520 1594 609 1622 multo
636 1593 736 1622 fortius
767 1596 856 1630 potest
887 1594 939 1623 hoc

95 1639 166 1677 Papa
186 1642 214 1668 et
233 1639 369 1676 episcopi,
390 1639 438 1677 qui
469 1640 621 1677 pleniorem
652 1640 755 1669 habent
785 1640 812 1668 in
843 1647 939 1669 omnes

94 1686 145 1715 sibi
166 1686 325 1715 commissos
345 1686 404 1715 sine
424 1686 579 1715 differentia
606 1689 777 1723 potestatem.
808 1687 840 1715 Et
867 1686 939 1716 sicut

94 1740 130 1762 ex
151 1733 264 1762 caritate
284 1736 311 1762 et
332 1741 386 1762 non
407 1741 444 1762 ex
464 1733 625 1762 necessitate
646 1733 831 1770 impendimus
851 1733 938 1762 fideli-

93 1779 147 1809 bus
166 1779 320 1816 spiritualia
340 1779 462 1809 subsidia
483 1780 605 1809 docendo
625 1782 652 1809 et
672 1780 776 1809 orando
797 1783 824 1809 et
845 1788 861 1809 a
875 1788 938 1817 pec-

94 1826 161 1855 catis
181 1826 209 1854 in
229 1826 398 1855 confessione
418 1826 599 1861 absolvendo;
622 1827 660 1855 ita
680 1827 731 1864 ipsi
753 1835 808 1855 non
833 1834 871 1856 ex
891 1827 937 1856 de-

92 1872 150 1902 bito
170 1873 317 1902 coactionis
326 1895 333 1907 ‚
354 1873 402 1902 sed
416 1881 453 1902 ex
467 1873 630 1902 liberalitate
644 1873 766 1902 caritatis
780 1873 937 1903 ministrant

93 1919 172 1949 nobis
192 1919 343 1957 corporalis
363 1920 533 1949 necessitatis
554 1920 724 1954 subsidium,
746 1928 810 1949 cum
839 1921 936 1949 Domi-

93 1975 150 1995 nus
170 1966 354 1995 ordinaverit
373 1966 419 1995 liis
439 1966 492 2004 qui
512 1966 704 2004 anmyelium
724 1967 881 2001 nuntiant,
903 1967 937 1996 de

94 2012 250 2051 Evangelio
270 2013 365 2042 vivere
375 2013 396 2042 ⁵.

158 2294 166 2308 ¹
184 2295 228 2318 Cfr.
246 2296 307 2318 toan.
327 2296 367 2324 «to,
387 2297 407 2318 i.
424 2302 500 2325 seqq.⁷
518 2296 558 2318 ubi
575 2303 644 2319 verus
655 2300 734 2325 pastor
745 2300 767 2320 et
779 2298 935 2320 mercenarius

94 2334 238 2357 describitur.
255 2347 286 2351 —
303 2335 355 2357 Post
371 2340 424 2358 oves
436 2335 454 2357 Α
466 2335 530 2357 addit
541 2341 610 2364 suas,
622 2338 644 2358 et
656 2336 749 2358 inferius
761 2343 803 2364 pro
814 2336 937 2359 inveniun-

94 2374 133 2396 tur
150 2373 202 2396 edd.
220 2372 336 2396 eveniunt.

155 2411 164 2424 ²
181 2411 226 2435 Csr.
242 2413 341 2439 Bonav.,
360 2413 395 2435 IV.
414 2413 476 2435 sent.
493 2413 516 2435 d.
535 2413 572 2435 t7.
589 2419 612 2441 p.
630 2413 662 2435 ΙΙΙ.
679 2419 698 2435 a.
718 2414 738 2436 vl.
755 2420 779 2442 q.
798 2414 820 2436 2.
837 2414 859 2436 in
872 2420 935 2442 corp.

93 2453 115 2473 et
131 2451 187 2473 infra
205 2450 291 2479 Opusc.
307 2451 366 2474 xlv.
384 2452 459 2480 Quare
476 2451 565 2474 Fratres
582 2451 679 2474 Minores
695 2452 828 2480 praedicent
844 2456 866 2475 et
882 2459 937 2475 con-

94 2489 203 2512 sessiones
224 2490 327 2513 audiant.
347 2489 477 2513 Concordat
498 2490 521 2512 S.
539 2490 634 2517 Thom.,
650 2490 736 2518 Opusc.
760 2493 839 2513 contra
862 2492 936 2519 impu-

93 2531 189 2557 gnantes
206 2529 246 2551 Dei
262 2529 348 2552 cultum
365 2532 388 2552 et
404 2530 560 2558 Religionem,
576 2536 596 2552 c.
615 2529 636 2552 4.
653 2530 666 2558 S
688 2530 726 2552 lO:
743 2530 805 2553 Hanc
816 2531 884 2553 etiam
897 2537 936 2553 ne-

93 2568 221 2590 cessitatem
239 2567 338 2590 maxime
351 2568 449 2590 ostendit
461 2568 574 2596 imperitia
586 2569 711 2591 multorum
725 2569 884 2597 sacerdotum,
895 2569 935 2598 qui

93 2606 116 2629 in
132 2606 248 2635 aliquibus
265 2606 369 2634 partibus
386 2607 444 2629 adeo
459 2607 591 2635 ignorantes
602 2607 763 2635 inveniuntur,
777 2610 801 2630 ut
812 2613 854 2630 nec
866 2608 935 2630 etiam

92 2644 153 2674 loqui
171 2645 276 2668 Latinum
294 2645 374 2668 sciant.
391 2646 525 2669 Paucissimi
539 2646 607 2669 etiarn
621 2646 781 2673 inveniuntur,
792 2646 833 2675 qui
844 2652 933 2669 sacram

94 2683 236 2711 Scripturam
253 2683 375 2707 didicerint
391 2687 434 2707 etc.

154 2720 164 2734 ⁸
181 2722 241 2744 loan.
258 2722 283 2744 24
294 2740 300 2751 ‚
317 2723 343 2751 6,
361 2722 401 2745 ubi
417 2723 447 2746 de
463 2724 533 2746 altera
550 2725 645 2751 captura
661 2723 769 2751 piscium.

154 2760 164 2772 ⁴
181 2761 246 2783 Vei-s.
263 2761 285 2783 7.
302 2773 334 2778 —
351 2762 445 2784 Interius
462 2765 514 2790 post
527 2760 712 2791 praedicationis
729 2761 782 2784 edd.
793 2767 935 2790 prosequun-

93 2802 129 2823 tur
146 2805 218 2829 opera
234 2801 256 2824 et
272 2800 424 2830 consessionis
441 2800 540 2824 subditis
556 2806 640 2824 eorum
656 2799 827 2831 impendimus,
849 2806 888 2824 eos
905 2806 935 2824 eae

93 2838 191 2862 caritate
207 2842 250 2862 ete.

155 2876 164 2889 ⁵
181 2878 252 2906 Epist.
268 2879 282 2900 Ι.
299 2877 350 2901 Cor.
368 2878 395 2905 9,
417 2878 450 2900 14.
468 2878 513 2901 Cfr.
530 2884 600 2907 supra
612 2878 697 2906 Opusc.
708 2878 745 2900 Xl.
757 2878 868 2906 Apologia
880 2884 935 2906 pau-

92 2921 188 2944 perum,
205 2923 225 2939 c.
243 2917 279 2939 ⁴2.
295 2923 318 2939 n.
336 2916 414 2939 ⁴347.
429 2919 451 2939 et
463 2917 519 2939 infra
531 2917 615 2945 Opusc.
628 2916 688 2939 XlV.
703 2917 779 2945 Quare
794 2917 884 2939 Fratres
898 2917 935 2940 Mi-

92 2960 160 2977 nores
177 2955 311 2983 praedicent
327 2958 349 2978 et
365 2955 519 2978 consessiones
540 2955 640 2978 audiant.
658 2967 689 2972 —-
705 2955 816 2983 Superius
837 2961 880 2983 pro
903 2961 935 2978 ew

93 2992 233 3017 liberalitate
249 2993 303 3016 edd.
320 2999 351 3017 eae
368 2993 481 3017 libertate.

1785 210 1839 240 339

1320 289 1457 325 Qunnsrm
1478 289 1518 317 ΙΙΙ.

1072 381 1133 409 Cur
1154 382 1278 410 Fratres
1299 382 1448 410 intendam
1468 382 1565 410 Studio
1587 381 1762 410 litterarum.

1078 474 1142 502 Item
1165 482 1283 511 quaero:
1305 483 1368 503 cum
1391 475 1514 512 Religiosi
1537 475 1654 504 debeant
1681 475 1840 512 simpliciter

999 520 1142 548 ambulare
1163 523 1190 549 et
1210 521 1381 550 orationibus
1401 525 1428 551 et
1448 522 1621 550 virtutibus⁶
1646 521 1787 550 abundare
1814 525 1841 550 et

999 567 1032 595 ad
1054 567 1106 595 hoc
1126 575 1238 604 operam
1259 568 1340 601 dare,
1362 576 1413 597 cur
1444 577 1526 597 usum
1558 568 1720 605 impendunt
1750 568 1840 597 studio

999 613 1171 647 litterarum,
1193 622 1264 650 quae
1285 615 1349 643 olim
1371 615 1456 644 sancti
1472 616 1566 644 Patres
1581 615 1766 652 postposuisse
1782 615 1839 643 lau-

998 659 1109 693 dantur,
1130 663 1161 688 ut
1182 661 1344 689 Benedictus
1358 664 1385 690 et
1399 662 1457 695 alii,
1472 662 1500 690 in
1515 664 1620 690 secreta
1635 661 1839 690 conversatione

998 706 1162 735 studentes?

1077 754 1243 790 Respondeo.
1265 754 1349 788 Cum,
1371 755 1442 783 sicut
1467 755 1570 783 dictum
1599 758 1639 784 est
1651 755 1671 789 ⁷,
1701 755 1840 791 praedica·
1887 775 1892 782 .

999 800 1080 829 tionis
1100 800 1220 829 officium
1242 809 1278 829 ex
1301 801 1420 838 regulari
1444 802 1611 838 professione
1632 801 1726 830 Ordini
1755 809 1839 830 anne-

998 855 1067 875 xum
1089 847 1124 875 sit
1144 850 1171 875 et
1191 848 1383 882 confessionis,
1405 856 1476 885 quae
1497 849 1620 877 notitiam
1636 849 1784 885 requirunt
1798 856 1840 877 sa-

998 901 1060 922 crae
1082 894 1255 930 Scripturae,
1277 903 1348 931 quae
1369 895 1462 923 subtili
1484 895 1587 932 indiget
1605 895 1631 923 in
1648 895 1786 932 plerisque
1801 896 1839 923 lo-

997 940 1037 969 cis
1058 940 1244 977 expositione,
1266 950 1299 969 ne
1320 950 1356 970 ex
1377 942 1514 978 imperitia
1535 950 1645 970 errores
1659 950 1710 979 pro
1724 942 1839 970 veritate

997 986 1158 1021 doceamus;
1180 996 1291 1016 necesse
1311 991 1364 1022 est,
1387 997 1436 1017 nos
1457 996 1550 1017 sacrae
1565 988 1723 1025 scripturae
1739 988 1840 1017 babere

998 1033 1120 1062 studium
1140 1038 1167 1063 et
1188 1035 1340 1071 magistros.
1363 1035 1432 1064 Haec
1453 1035 1526 1064 enim
1546 1035 1660 1064 scientia
1680 1044 1734 1063 non
1749 1035 1837 1064 solum

997 1080 1072 1109 utilis
1093 1083 1134 1109 est
1154 1081 1187 1109 ad
1208 1082 1327 1110 aliorum
1348 1081 1547 1116 eruditionem,
1570 1082 1617 1111 sed
1631 1082 1711 1110 etiam
1727 1082 1760 1110 ad
1775 1090 1838 1119 pro-

997 1127 1085 1163 priam
1108 1127 1332 1162 instructionem,
1353 1131 1385 1156 ut
1406 1136 1504 1157 servus
1525 1129 1571 1157 Dei
1594 1128 1662 1157 sciat
1689 1136 1718 1157 se
1748 1129 1838 1165 ipsum

997 1173 1066 1202 bene
1087 1182 1199 1211 regere,
1222 1175 1338 1203 virtutes
1359 1183 1375 1203 a
1396 1175 1468 1204 vitiis
1489 1175 1646 1204 discernere
1667 1178 1694 1204 et
1715 1175 1838 1204 notitiam

998 1220 1045 1249 Dei
1067 1225 1093 1249 et
1114 1221 1273 1249 futurorum
1296 1222 1481 1258 praemiorum
1503 1222 1606 1250 clarius
1634 1222 1785 1259 intelligere
1812 1225 1839 1251 et

997 1267 1024 1296 in
1046 1268 1174 1296 omnibus
1195 1268 1302 1297 cautius
1324 1272 1350 1297 et
1378 1268 1548 1297 fructuosius
1576 1269 1742 1298 conversari.
1771 1269 1837 1297 Nam

997 1317 1024 1343 et
1044 1314 1187 1351 Apostolus
1208 1315 1336 1343 hortatur
1357 1315 1554 1344 Timotheum8
1575 1315 1609 1344 ad
1630 1315 1753 1344 lectionis
1780 1318 1838 1344 stu-

997 1360 1089 1394 dium,
1110 1364 1137 1389 et
1158 1362 1320 1389 Sanctorum
1342 1361 1420 1390 nobis
1450 1361 1590 1399 diligentia
1620 1362 1648 1390 in
1679 1364 1837 1391 sanctarum

997 1407 1182 1436 ruminatione
1203 1408 1410 1444 scripturarum
1433 1408 1606 1445 frequentius
1620 1408 1836 1437 commendatur.

998 1454 1104 1482 Veritas
1135 1454 1207 1483 enim
1235 1454 1296 1483 fidei
1326 1458 1353 1483 et
1384 1455 1455 1484 vitae
1485 1455 1614 1484 sanctitas
1644 1464 1697 1484 non
1729 1455 1839 1484 aliunde

997 1508 1080 1537 quam
1101 1508 1137 1529 ex
1159 1500 1365 1537 scripturarum
1388 1501 1461 1530 fonte
1483 1501 1629 1535 hauritur;
1651 1502 1709 1530 sine
1736 1502 1838 1538 quibus

996 1547 1164 1583 impossibile
1179 1551 1228 1581 est,
1240 1555 1407 1584 quemquam
1422 1548 1530 1577 salvari.
1543 1548 1746 1577 Haereticorum
1757 1548 1839 1577 etiam

996 1593 1140 1627 versutiis,
1162 1594 1209 1630 qui
1231 1594 1258 1622 in
1280 1594 1430 1631 scripturis
1450 1595 1551 1623 sanctis
1571 1595 1741 1624 occasionem
1762 1603 1839 1624 erro-

996 1640 1034 1668 ris
1056 1648 1105 1676 per
1126 1640 1207 1669 falsas
1228 1640 1468 1677 interpretationes
1490 1644 1650 1675 assumunt,
1666 1644 1774 1678 oportet
1788 1649 1837 1678 per

995 1686 1117 1723 ipsarum
1133 1687 1289 1723 diligentem
1304 1687 1538 1724 investigationem
1553 1687 1711 1724 diligentius
1725 1688 1836 1717 obviare

995 1736 1022 1761 et
1043 1733 1137 1762 fideles
1157 1736 1253 1762 contra
1274 1733 1384 1762 illorum
1405 1734 1516 1763 fraudes
1537 1737 1563 1763 et
1584 1734 1699 1763 latentes
1726 1735 1838 1772 decipu-

994 1780 1034 1808 las
1054 1780 1240 1817 praemunire.
1263 1780 1337 1809 Unde
1358 1781 1577 1817 Hieronymus-⁹:
1605 1793 1618 1806 a
1633 1782 1730 1810 Sancta
1753 1782 1837 1810 rusti-

994 1826 1061 1856 citas
1082 1827 1171 1855 solum
1193 1827 1243 1856 sibi
1265 1827 1389 1864 prodest,
1404 1830 1431 1856 et
1445 1831 1581 1865 quantum
1602 1836 1638 1857 ex
1654 1828 1725 1857 vitae
1739 1828 1837 1857 merito

994 1873 1141 1902 Ecclesiam
1169 1873 1269 1902 Christi
1301 1874 1440 1909 aedificat,
1472 1876 1579 1903 tantum
1609 1877 1705 1909 nocet,
1727 1875 1749 1904 si
1770 1875 1837 1904 resi-

993 1920 1129 1948 stentibus
1150 1928 1204 1948 non
1226 1920 1350 1954 resistat,
1371 1923 1398 1949 et
1419 1929 1473 1949 non
1494 1924 1595 1958 potens
1621 1921 1660 1950 sit
1686 1920 1838 1950 exhortari

993 1966 1025 1994 in
1058 1966 1194 1995 doctrina
1224 1975 1301 1995 sanct
1332 1970 1356 1995 ei
1388 1976 1434 1996 eos
1468 1968 1520 2006 qui
1553 1968 1757 1997 contradicunt
1787 1976 1837 1997 ar-

991 2022 1080 2051 quere
1096 2026 1121 2042 ι».

1056 2296 1065 2310 ⁶
1082 2298 1139 2320 Edd.
1156 2296 1281 2320 anibulare
1297 2299 1318 2320 ei
1335 2297 1430 2320 omniuo
1447 2296 1586 2325 vit-tutibus,
1606 2303 1666 2326 quae
1688 2298 1756 2320 etiam
1779 2298 1835 2321 inse-

993 2337 1052 2364 rius,
1070 2343 1112 2364 pro
1128 2343 1201 2359 usum
1218 2336 1355 2366 impendunt
1370 2335 1492 2359 substituto
1504 2342 1617 2365 rumam,
1630 2340 1682 2364 post
1694 2336 1737 2360 alii
1747 2337 1834 2360 addunt

992 2381 1017 2398 se
1033 2374 1102 2398 modo
1120 2374 1179 2398 dunt
1195 2376 1223 2398 et.

1055 2413 1064 2426 ⁷
1082 2415 1172 2442 Quaest.
1192 2414 1213 2436 i.
1230 2416 1252 2436 et
1269 2414 1290 2436 2.
1308 2426 1337 2429 —
1354 2413 1448 2436 Inferius
1465 2420 1507 2441 pro
1524 2419 1617 2437 necesse
1633 2415 1667 2437 est
1678 2420 1721 2437 nos
1733 2414 1786 2437 edd.
1798 2421 1834 2437 ae-

992 2458 1054 2476 cesse
1070 2454 1105 2475 est
1120 2451 1194 2475 nobis.

1054 2491 1064 2506 ⁵
1080 2491 1149 2519 Epist.
1168 2491 1181 2512 1.
1200 2497 1220 2513 c.
1238 2491 1264 2518 4,
1283 2491 1324 2513 ⁴3:
1342 2491 1439 2513 Attende
1456 2491 1557 2520 lect10ni,
1579 2492 1728 2514 exhortationi
1751 2495 1773 2515 et
1792 2492 1834 2515 do-

992 2530 1084 2553 ctrinae.
1101 2529 1145 2552 Csr.
1163 2530 1267 2558 Hieron,
1284 2530 1353 2558 Epist.
1371 2530 1409 2552 53.
1427 2529 1491 2559 (alias
1509 2530 1583 2559 =103.),
1600 2536 1660 2559 quae
1677 2531 1724 2558 agit
1741 2531 1770 2554 de
1787 2534 1834 2554 stu-

992 2569 1031 2591 dio
1049 2569 1233 2597 scripturarum,
1257 2569 1366 2597 August„
1390 2569 1412 2591 ll.
1438 2569 1467 2591 de
1492 2569 1598 2591 Doctrina
1622 2569 1757 2597 christiana,
1774 2576 1793 2592 e.
1811 2570 1832 2592 9.

991 2614 1014 2630 n.
1033 2607 1074 2634 14;
1091 2607 1160 2635 Epist.
1180 2607 1232 2629 437.
1250 2607 1314 2635 (alias
1331 2608 1361 2636 3.)
1380 2613 1399 2630 c.
1421 2608 1438 2630 i.
1456 2614 1477 2630 n.
1496 2608 1523 2635 35
1535 2608 1643 2636 Gregor.,
1655 2609 1679 2631 11.
1692 2609 1768 2631 Moral.
1780 2615 1799 2631 c.
1815 2610 1833 2631 1.

991 2652 1014 2668 n.
1032 2647 1057 2672 i;
1076 2646 1166 2674 lsidor.‚
1185 2646 1200 2668 1.
1218 2646 1278 2668 Sent.
1295 2651 1316 2668 c.
1335 2646 1369 2667 18.
1387 2652 1410 2668 n.
1428 2647 1450 2668 2.
1467 2652 1531 2675 seqq.
1549 2649 1572 2669 et
1588 2647 1620 2669 ΙΙΙ.
1634 2652 1654 2669 c.
1667 2647 1688 2670 8.
1699 2653 1722 2670 n.
1734 2646 1754 2669 4.
1767 2653 1832 2676 seqq.

1054 2683 1063 2696 ⁹
1080 2685 1150 2712 Epist.
1168 2685 1204 2706 53.
1224 2685 1287 2711 (alias
1305 2684 1366 2713 403.)
1384 2691 1406 2707 n.
1425 2685 1451 2712 3,
1470 2684 1509 2707 ubi
1526 2691 1569 2713 pro
1586 2685 1747 2709 resistentibus
1764 2686 1802 2716 (ita
1814 2688 1831 2709 A

992 2724 1008 2745 Β
1019 2722 1045 2752 C)
1064 2723 1100 2746 ed.
1119 2724 1126 2744 l
1148 2729 1201 2745 cum
1219 2725 1280 2745 textu
1297 2723 1401 2751 originali
1418 2723 1605 2752 destruentibus,
1623 2725 1673 2748 Vat.
1691 2724 1833 2748 distribuen-

992 2761 1060 2785 tibus.
1077 2762 1193 2790 Allegatur
1211 2762 1255 2784 Tit.
1272 2763 1296 2790 l,
1314 2762 1340 2791 9,
1357 2768 1427 2791 quem
1445 2766 1521 2785 tamen
1539 2765 1612 2786 textus
1629 2763 1746 2792 originalis
1763 2766 1833 2786 trans-

991 2800 1057 2828 ponit
1073 2801 1116 2822 hoc
1133 2800 1215 2823 modo:
1233 2801 1284 2823 Tito
1300 2801 1424 2829 praecipit,
1441 2804 1488 2824 ut...
1506 2801 1624 2824 scientiam
1647 2808 1741 2831 quoque
1763 2803 1831 2831 eligat

992 2839 1175 2867 scripturarum:
1193 2838 1350 2868 Obtinentem,
1368 2840 1453 2869 inquit,
1469 2846 1523 2863 eum
1540 2840 1582 2870 qui
1599 2840 1730 2865 secundum
1747 2841 1833 2865 doctri-

990 2883 1048 2900 nam
1064 2879 1098 2900 est
1113 2877 1205 2907 fidelem
1220 2883 1366 2906 sermonem,
1378 2879 1405 2901 ut
1414 2880 1498 2908 potens
1509 2878 1540 2902 sit
1550 2878 1677 2902 exhortari
1687 2879 1712 2903 in
1723 2879 1831 2903 doctrina

990 2922 1051 2940 sana
1066 2918 1088 2939 et
1104 2916 1288 2940 contradicentes
1305 2917 1433 2941 revincere.
1450 2918 1531 2941 Sancta
1548 2919 1637 2947 quippe
1652 2919 1767 2942 rusticitas
1789 2922 1832 2942 etc.

990 2968 1021 2972 —-
1038 2955 1125 2978 Nomen
1142 2955 1249 2985 decipula
1266 2956 1327 2979 idem
1344 2957 1404 2979 valet
1420 2963 1447 2979 ac
1464 2957 1568 2986 laqueus.
1587 2970 1617 2974 -
1634 2957 1680 2981 Cfr.
1696 2959 1720 2981 S.
1737 2959 1831 2986 Tuom„

991 2994 1076 3022 opusc.
1093 2997 1171 3017 contra
1189 2995 1352 3023 impugnantes
1368 2995 1408 3018 Dei
1426 2996 1513 3019 cultum
1531 2999 1553 3019 et
1569 2996 1723 3026 Religionem,
1740 3003 1760 3020 c.
1778 2998 1815 3021 Μ.

1889 1041 1944 1061 Utilis
1956 1042 1985 1060 ent

1852 1065 1930 1084 scientia
1936 1064 1985 1084 Seri-

1852 1090 1925 1112 ptume.
