2133 3317
246 215 303 242 710

498 253 553 275 FRA

246 293 291 315 513
315 294 332 315 1.
351 293 396 315 568
414 299 427 314 a
443 305 474 308 —
491 293 514 314 ln
538 292 576 314 via
602 292 749 320 providentia
777 291 815 314 Dei

246 333 385 355 miraculose
402 332 470 354 mittit
487 337 572 359 panem
586 331 630 353 513
644 332 652 352 1
668 343 700 347 —-
712 333 816 353 moratur

245 372 275 394 ad
292 371 462 394 Portiunculam
480 370 526 393 514
544 370 558 392 5
575 382 606 386 —
623 372 727 392 moratur
743 370 766 392 in
784 373 816 392 tu-

246 411 314 439 gurio
332 411 392 433 iuxta
404 410 517 432 Assisium
536 410 581 432 513
594 410 615 432 3.
629 410 673 432 568
687 415 699 431 a
711 421 742 425 -—
754 415 815 431 men·

247 451 284 472 tali
308 450 385 478 potius
405 456 477 478 quam
503 449 577 472 vocali
595 449 692 471 orationi
719 449 816 471 intendit

247 489 301 512 ibid.
319 502 349 506 —
367 489 493 517 praecipue
510 488 595 511 amavit
605 488 776 511 Portiunculam
794 491 816 510 et

247 528 365 551 Fratribus
382 528 557 550 commendavit
573 530 598 550 ut
616 527 704 555 Virgini
729 527 817 549 carissi-

249 574 311 590 mam
330 568 375 590 509
394 568 406 589 8
424 580 454 584 -
472 567 504 589 lbi
522 567 639 590 humiliter
662 567 750 595 coepit,
772 567 816 588 vir-

248 610 314 629 tuose
332 607 441 635 profecit,
460 607 554 629 feliciter
572 607 745 629 consummavit
761 605 816 629 ibid.

252 646 307 669 Vide
324 653 345 669 υ.
363 646 530 669 Pei-cimicum.
554 658 582 661 —
604 646 777 668 demonstratur
795 645 816 667 in

247 692 317 708 curru
334 686 404 714 igneo
421 685 466 708 513
479 685 500 708 4.
519 685 563 707 568
582 685 597 707 b
611 698 639 701 —-
655 685 816 713 evangelicum

248 725 342 748 volebat
359 725 479 748 observari
497 725 613 747 silentium
632 725 677 747 518
694 725 707 747 6
726 737 756 740 —
781 726 818 747 Sa-

248 765 327 787 lutatio
344 765 418 793 ipsius
435 764 480 786 510
498 765 511 786 2
535 777 566 780 —
588 764 684 787 instituit
706 763 815 786 Ordinem

249 804 279 827 de
296 804 435 832 poenitentia
454 806 476 826 et
493 805 516 826 S.
533 803 613 826 Clarae
630 803 675 826 514
690 804 702 825 6
722 816 751 819 —-
776 804 817 826 Re-

249 836 393 872 latio'ipsius
410 843 438 866 ad
456 843 566 866 Ordinem
584 843 753 865 Poenitentium
771 843 816 865 369

249 889 260 905 a
279 895 310 899 —
326 886 423 911 apparet
440 882 534 905 duobus
546 881 641 904 ensibus
655 882 759 910 signatus
771 882 816 904 515

249 922 270 944 9.
289 922 334 945 569
352 928 365 944 a
381 934 412 938 —-
430 922 540 950 Magnum
558 923 612 944 thau
631 922 654 943 in
671 922 721 944 eius
742 923 817 944 trente

248 961 390 989 conspicitur
407 961 453 984 515
470 961 492 983 9.
510 961 554 983 569
573 967 585 983 a
602 973 632 977 —
649 964 763 984 convocat
775 960 816 983 Ca-

249 1001 347 1029 pitulum
365 1001 472 1029 generale
489 1001 518 1023 ad
537 1001 707 1023 Portiunculam
725 1000 770 1022 515
791 1001 816 1022 10

248 1053 279 1057 -
297 1040 408 1069 Capitulis
425 1040 608 1068 provincialibus
633 1046 675 1068 per
696 1040 816 1063 sollicitam

249 1086 330 1102 curam
348 1080 479 1108 regiminis,
499 1080 629 1102 instantiam
648 1080 723 1108 precis
740 1082 763 1102 et
788 1081 818 1101 ef-

249 1120 353 1142 ficaciam
372 1119 539 1142 benedictionis
556 1125 666 1147 praesens
692 1122 740 1141 erat
763 1118 816 1141 ibid.

248 1171 278 1174 —
295 1159 419 1188 aliquando
437 1159 477 1181 Dei
492 1159 577 1181 virtute
588 1158 709 1181 visibiliter
721 1161 818 1186 apparet

249 1198 303 1222 ibid.
315 1212 345 1215 —
358 1199 379 1221 in
393 1199 498 1227 Capitulo
516 1199 641 1221 Arelatensi
658 1198 680 1220 in
695 1198 748 1220 a'e're
765 1197 818 1220 sub-

249 1239 338 1261 levatus
356 1238 496 1267 conspicitur
508 1238 554 1260 515
567 1238 605 1260 10.
624 1238 669 1260 538
692 1238 725 1260 14.
742 1237 787 1260 572
804 1243 816 1259 0

249 1290 279 1294 -
297 1278 387 1307 quaerit
404 1277 526 1300 consilium
544 1278 574 1300 de
591 1277 696 1306 eligenda
708 1277 755 1299 vita
766 1283 818 1299 con-

249 1318 381 1345 templativa
400 1317 450 1340 sive
467 1317 540 1340 activa
560 1317 604 1339 539
624 1317 645 1339 1.
663 1323 715 1345 sqq.
734 1329 762 1332 —
784 1316 818 1338 in-

249 1357 333 1379 tellexit
355 1363 379 1379 se
405 1357 502 1379 missum
520 1357 550 1379 ad
567 1357 705 1379 lucrandum
728 1357 818 1378 animas

248 1396 293 1418 513
312 1397 334 1418 2,
346 1396 391 1419 568
409 1403 421 1418 0
439 1409 470 1413 -
486 1397 616 1419 animarum
634 1396 731 1419 salutem
744 1396 818 1418 visce-

249 1443 301 1460 rose
318 1437 407 1465 appetit
424 1437 468 1459 526
488 1437 509 1459 3.
527 1436 568 1458 571
590 1443 611 1458 0.
629 1436 675 1458 577
693 1436 708 1458 b
733 1449 763 1452 -
781 1442 817 1458 sa-

249 1477 288 1499 luti
307 1477 437 1499 animarum
456 1476 511 1498 nihil
530 1478 630 1504 praefert
647 1476 687 1498 531
711 1476 723 1498 4
742 1489 771 1491 —
790 1475 817 1498 51-

249 1516 320 1538 tiebat
337 1522 390 1539 cum
417 1515 506 1539 Christo
531 1516 700 1538 multitudinem
726 1516 817 1537 salvan-

250 1556 333 1578 dorum
352 1556 392 1578 531
416 1556 437 1578 4.
455 1555 500 1578 545
520 1557 540 1578 1.
558 1555 598 1578 571
621 1562 633 1577 0
650 1568 681 1571 -
706 1556 817 1583 Martyres

249 1597 379 1619 aemulatur
397 1596 437 1618 531
459 1596 481 1618 5.
497 1602 550 1624 sqq.
567 1595 607 1617 571
631 1595 645 1617 b
668 1608 698 1611 —
721 1595 750 1617 ad
775 1596 817 1622 Sy-

249 1637 306 1658 riam
325 1637 472 1658 transfretare
487 1635 601 1663 disposuit
614 1634 654 1656 531
672 1634 686 1657 5
698 1647 729 1651 —-
742 1634 817 1656 ventis

248 1675 368 1698 contrariis
385 1675 414 1697 ad
433 1675 579 1697 Sclaveniam
597 1674 744 1702 compellitur
761 1673 815 1696 ibid.

247 1727 277 1732 —
296 1715 379 1737 iterum
398 1714 535 1742 martyrium
553 1713 644 1742 quaerit
661 1713 701 1735 531
725 1713 747 1735 6.
770 1714 815 1736 532

247 1755 269 1776 7.
287 1761 339 1783 sqq.
357 1767 387 1770 -
404 1760 488 1776 versus
504 1753 658 1776 Marrochium
676 1753 719 1775 iter
736 1753 817 1780 arripit

248 1794 288 1816 531
312 1794 324 1816 6
342 1806 374 1810 --
391 1793 413 1815 in
430 1793 539 1821 Hispania
556 1793 689 1815 infirmitate
701 1792 817 1814 detinetur

248 1834 293 1856 532
311 1834 324 1855 6
343 1846 373 1849 —
390 1833 420 1855 ad
437 1835 515 1861 partes
533 1832 613 1860 Syriae
624 1832 701 1860 pergit
717 1831 748 1854 ib.
759 1831 773 1853 7
788 1844 816 1847 —

248 1872 366 1901 gaudebat
389 1872 419 1895 de
436 1872 498 1895 bono
516 1873 590 1895 fructu
608 1872 713 1894 Fratrum
737 1871 781 1893 526
801 1872 814 1893 3

247 1925 278 1928 -
295 1912 398 1934 anxiatur
421 1912 450 1934 de
475 1912 585 1934 scandalo
609 1911 745 1939 pusillorum
769 1910 814 1933 527

247 1952 260 1973 3
278 1964 309 1968 —
327 1952 349 1974 in
361 1953 404 1974 hac
415 1952 528 1974 anxietate
539 1952 681 1973 confortatur
694 1957 706 1973 a
718 1950 816 1972 Domino

247 1990 301 2013 ibid.
328 2003 356 2006 —
382 1991 448 2013 Zelus
473 1991 522 2013 eius
545 1991 568 2012 in
591 1990 747 2018 praedicando
771 1989 815 2012 539

247 2031 260 2052 2
280 2043 309 2046 -—
326 2030 446 2058 praedicat
460 2030 509 2052 sine
525 2033 633 2058 respectu
650 2031 752 2052 humano
770 2029 815 2051 540

249 2070 261 2091 8
279 2082 310 2086 -
327 2070 468 2093 Praedicatio
485 2070 559 2098 ipsius
577 2069 635 2092 mire
650 2070 729 2091 efficax
746 2068 775 2091 ib.
793 2069 815 2091 7.

248 2115 283 2137 sq.
301 2121 332 2125 —
349 2109 490 2132 Praedicatio
508 2109 624 2132 miraculis
648 2108 753 2131 redditur
775 2114 816 2131 au-

248 2148 346 2171 thentica
365 2148 410 2171 542
430 2150 458 2171 12
475 2161 506 2165 —
523 2149 642 2176 praedicat
658 2154 737 2171 coram
754 2148 814 2176 Papa

248 2187 292 2210 540
311 2188 324 2209 7
343 2200 373 2204 -
390 2188 510 2215 praedicat
527 2187 610 2210 avibus
627 2188 671 2210 539
690 2188 711 2209 3.
730 2187 775 2209 540
794 2187 814 2208 4.

248 2226 293 2249 574
311 2226 326 2249 b

294 2279 326 2283 —
348 2266 470 2289 anhelabat
496 2267 523 2289 ad
550 2266 641 2294 apicem
667 2266 815 2294 perfectionis

248 2306 293 2329 545
312 2307 321 2328 ¹1
348 2319 379 2323 —
401 2308 450 2328 erat
466 2306 615 2334 perfectIOnis
632 2306 708 2328 omnis
725 2308 815 2328 amator

248 2346 292 2369 327
311 2347 340 2369 32
365 2358 395 2362 —
418 2346 507 2374 positus
524 2348 559 2368 est
575 2346 682 2374 perfectis
700 2346 721 2367 in
738 2351 815 2368 exem-

247 2387 312 2414 plum
330 2385 375 2408 504
393 2386 407 2408 2
424 2398 455 2402 -
480 2388 514 2407 est
531 2385 632 2407 imitator
649 2384 733 2408 Christi
750 2391 815 2412 prae-

248 2426 331 2453 cipuus
349 2426 394 2448 315
413 2426 442 2448 15
468 2437 498 2442 -
523 2428 558 2452 051
575 2425 725 2452 evangelicae
742 2426 815 2452 perfe-

248 2465 330 2488 ctionis
347 2466 476 2493 professor,
494 2465 541 2487 dux
558 2467 580 2486 et
596 2470 682 2492 praeco
700 2464 745 2486 504
760 2465 767 2486 1
784 2476 815 2480 -

248 2505 314 2527 claris
331 2504 393 2527 vitae
410 2507 432 2527 et
448 2504 567 2527 doctrinae
579 2504 673 2526 micavit
685 2503 816 2531 fulgoribus

248 2544 302 2567 ibid.
317 2557 347 2561 —
359 2545 494 2572 designatur
506 2544 593 2572 Angelo
606 2544 700 2571 signum
713 2543 753 2565 Dei
766 2543 815 2565 vivi

249 2583 349 2606 habente
372 2583 426 2607 ibid.
450 2596 481 2600 —-
506 2584 600 2611 signum
618 2583 640 2605 in
661 2589 686 2605 se
703 2582 814 2605 dominici

248 2624 347 2646 foederis
363 2623 546 2652 repraesentavit
563 2622 617 2646 ibid.
634 2636 664 2639 —
683 2626 716 2645 est
733 2622 815 2650 glorio-

248 2670 287 2686 sus
305 2663 386 2686 Christi
403 2663 499 2691 signifer
516 2663 560 2685 389
579 2663 603 2684 11
626 2675 654 2678 ——
673 2665 708 2685 est
721 2662 815 2689 signum

248 2703 362 2725 reducens
380 2703 408 2725 ad
426 2702 542 2725 Christum
560 2702 604 2724 247
627 2702 652 2723 10
670 2714 701 2718 -
718 2704 767 2724 erat
778 2707 817 2723 an-

249 2742 315 2770 gelus
332 2748 401 2764 verae
418 2742 482 2770 pacis
500 2742 546 2764 504
564 2742 572 2763 ·1
602 2755 633 2757 -
660 2744 708 2763 erat
725 2741 761 2763 vir
778 2747 816 2763 an-

248 2782 337 2809 gelicus
354 2782 399 2804 542
421 2783 426 2803 1
449 2794 479 2798 —
490 2781 591 2804 imitator
603 2781 643 2803 fuit
654 2781 760 2809 puritatis
777 2786 816 2803 an-

250 2821 337 2848 gelicae
354 2821 398 2843 504
417 2822 430 2843 2
447 2833 478 2838 —
497 2820 556 2843 Caro
573 2820 663 2848 spiritui
682 2823 704 2843 et
721 2820 816 2848 spiritus

249 2861 297 2883 Deo
314 2861 464 2883 concordavit
481 2861 526 2883 519
544 2861 557 2882 9
575 2872 605 2877 —
622 2860 677 2882 Mira
695 2860 770 2882 carnis
786 2859 816 2892 ad

249 2900 355 2927 spiritum
374 2900 497 2922 concordia
515 2899 560 2922 545
585 2900 593 2921 1
624 2912 653 2915 -
678 2899 816 2922 certificatur

249 2939 278 2961 de
295 2939 431 2961 remissione
447 2939 583 2961 delictorum
602 2938 642 2960 511
666 2939 686 2960 6.
700 2938 745 2961 567
758 2937 773 2960 b
785 2950 816 2954 —

249 2978 356 3005 lacrymis
373 2978 452 3000 oculos
473 2978 583 3000 mentales
607 2978 691 3006 iugiter
716 2978 817 3006 expiavit

250 3017 294 3039 518
314 3018 334 3039 8.
352 3016 397 3039 570
415 3023 427 3039 0
450 3030 479 3032 -
497 3017 597 3039 malebat
620 3018 764 3045 corporalem
782 3017 817 3039 vi-

943 213 1044 241 INDEX
1065 213 1313 242 ALPHABETICUS.

849 298 901 314 sum
919 298 990 320 quam
1008 292 1122 319 lacrymas
1139 291 1244 314 amittere
1270 292 1314 313 518
1333 293 1354 314 8,
1372 292 1417 314 570

849 337 861 353 0
879 344 909 347 -
926 331 979 353 Vita
997 331 1047 353 eius
1064 331 1145 353 similis
1162 334 1196 353 est
1213 331 1278 353 initio
1301 335 1323 353 et
1344 333 1419 359 perfe-

849 370 917 393 ctioni
935 371 1050 393 Ecclesiae
1069 371 1113 392 336
1133 370 1161 392 13
1178 383 1209 385 —
1227 370 1309 398 triplici
1327 370 1418 393 deside-

849 410 883 432 rio
900 410 1008 438 flagravit
1025 410 1070 432 338
1088 417 1099 431 a
1118 422 1148 425 —
1166 412 1200 432 est
1216 409 1279 432 omni
1291 410 1418 432 imitatione

849 449 1002 477 dignissimus
1020 449 1065 471 505
1083 449 1095 471 3
1121 461 1151 465 -
1176 449 1229 471 Post
1247 449 1318 476 ipsius
1336 449 1418 471 doctri-

850 495 903 511 nam
916 491 937 511 et
949 489 1020 511 vitam
1035 488 1149 516 proticisci
1162 492 1196 511 est
1213 488 1354 511 tutissimum
1372 488 1396 518 5⁴1
1405 488 1417 510 4

850 528 863 550 4
880 541 910 544 -
929 529 1001 557 Quale
1018 528 1120 550 officium
1138 527 1245 550 habuerit
1267 527 1311 549 504
1337 529 1356 550 1.
1382 534 1416 557 sq.

850 568 894 590 569
912 574 924 590 a
942 580 972 584 —
990 567 1141 590 Praeconium
1154 567 1297 595 praeclarum
1312 568 1334 589 S.
1348 568 1418 589 Fran-

849 607 904 630 cisci
922 607 967 630 504
981 608 1000 629 1.
1015 607 1059 629 547
1077 608 1081 629 1
1098 620 1128 623 --
1141 609 1175 629 est
1187 607 1227 629 Dei
1245 607 1339 629 nuntius
1358 613 1418 629 ama-

850 646 903 669 bilis
920 646 1024 675 Christo,
1041 646 1159 669 imitabilis
1176 646 1255 675 nobis,
1276 646 1418 669 admirabilis

850 687 938 709 mundo
956 686 1001 708 504
1020 687 1033 708 2

897 739 928 742 —
945 728 980 748 est
996 725 1065 748 totius
1083 725 1218 748 humilitatis
1235 728 1324 748 amator
1342 726 1386 748 509
1406 726 1418 747 6

849 777 881 781 -
898 764 1042 788 admirabilis
1059 765 1100 787 fuit,
1126 765 1254 787 humilitate
1278 765 1322 786 110
1351 766 1359 787 r1
1389 778 1420 781 —

850 808 899 827 erat
916 804 1026 832 magister
1044 804 1178 827 humilitatis
1196 804 1240 826 112
1259 804 1273 826 7
1290 816 1321 820 -
1333 804 1355 826 111
1368 810 1419 832 pro-

850 845 901 872 pria
917 844 1063 872 reputatione
1080 846 1129 866 erat
1145 846 1253 871 peccator
1271 843 1315 865 519
1336 844 1355 865 1.
1374 843 1419 865 520

851 884 872 906 3.
893 884 934 906 521
957 884 978 906 6.
997 884 1042 905 570
1060 890 1073 905 0
1096 896 1126 899 -
1150 883 1171 905 in
1189 883 1286 905 veritate
1304 886 1352 905 erat
1370 889 1420 910 spe-

850 924 928 945 culum
946 923 1072 945 sanctitatis
1090 923 1134 945 519
1157 924 1175 945 1.
1193 922 1238 944 570
1256 929 1267 944 0
1282 935 1311 938 -
1324 923 1418 944 51011001

851 961 968 985 iudicabat
987 962 1112 984 mundanis
1134 962 1208 984 extolli
1232 961 1351 984 favoribus
1373 962 1418 984 520

851 1002 859 1023 1
881 1014 912 1018 --
930 1001 1048 1029 gaudebat
1065 1001 1094 1024 de
1111 1000 1250 1029 opprobriis,
1268 1001 1297 1023 de
1312 1000 1420 1023 laudibus

851 1040 984 1063 tristabatur
1001 1040 1055 1063 ibid.
1067 1053 1098 1057 —
1110 1041 1261 1063 humilitatem
1275 1039 1420 1068 praeferebat

851 1080 979 1103 honoribus
996 1080 1036 1102 521
1069 1080 1081 1101 6
1107 1092 1138 1096 —
1163 1080 1268 1102 humiliat
1293 1086 1318 1102 se
1343 1080 1419 1108 ipsum

851 1119 905 1143 ibid.
921 1132 952 1136 —-
969 1121 993 1142 in
1019 1120 1191 1148 praedicatione
1214 1119 1343 1142 manifestat
1364 1126 1419 1142 suos

851 1160 955 1182 defectus
972 1160 1017 1182 520
1036 1160 1049 1181 2
1067 1159 1262 1182 -humilitatem
1281 1159 1420 1187 penitentiae

850 1202 955 1227 acceptat
971 1199 1016 1221 522
1038 1199 1059 1220 11
1081 1211 1112 1215 —-
1130 1199 1263 1221 humilitatis
1285 1202 1307 1221 ct
1331 1199 1420 1227 pietatis

850 1245 930 1261 amore
947 1239 1045 1266 leprosis
1062 1238 1160 1261 servivit
1176 1238 1217 1260 561
1240 1239 1253 1260 5
1276 1251 1307 1255 —
1330 1245 1355 1261 ex
1380 1240 1419 1261 hu-

850 1278 946 1301 militate
957 1278 1113 1300 sacerdotium
1127 1278 1184 1306 fugit
1197 1278 1241 1300 426
1255 1278 1267 1299 3
1280 1291 1310 1294 —
1322 1278 1419 1301 subesse

850 1318 931 1346 voluit,
942 1324 989 1340 non
1006 1324 1113 1345 praeesse
1125 1317 1170 1340 520
1184 1317 1204 1339 4.
1217 1317 1262 1340 570
1275 1324 1286 1340 a
1299 1330 1330 1334 —
1342 1318 1420 1341 stude-

851 1358 889 1380 bat
908 1358 967 1380 bona
987 1358 1077 1379 Domini
1091 1357 1235 1380 abscondere
1248 1358 1292 1379 520
1305 1358 1318 1379 3
1331 1371 1361 1373 —
1374 1358 1420 1386 epi-

851 1403 948 1425 scopum
958 1397 1072 1419 licentiam
1083 1396 1230 1424 praedicandi
1241 1399 1364 1424 negantem
1378 1398 1420 1419 liu-

852 1436 945 1458 militate
965 1436 1017 1458 vicit
1036 1436 1081 1459 522
1100 1437 1112 1458 8
1131 1449 1161 1452 —
1178 1436 1252 1464 Digne
1264 1436 1373 1459 sectanda
1386 1439 1420 1459 est

851 1476 901 1498 eius
918 1476 1034 1498 humilitas
1052 1476 1096 1497 522
1119 1476 1140 1497 11
1162 1489 1192 1491 -
1210 1476 1332 1498 Humilitas
1350 1476 1420 1498 Fran-

851 1516 904 1538 eisci
927 1515 1009 1537 miram
1036 1515 1172 1543 dIgnitatem
1198 1515 1297 1538 obtinuit
1321 1516 1366 1537 522
1394 1516 1414 1537 11

850 1568 880 1571 -
898 1555 917 1576 V
921 1555 962 1577 isio
980 1555 1103 1577 cuiusdam
1120 1555 1205 1577 Fratris
1223 1555 1252 1577 de
1276 1555 1348 1582 glorta
1371 1560 1420 1577 cae-

851 1594 900 1617 lesti
917 1595 939 1616 S.
958 1595 1030 1616 Patris
1042 1594 1082 1616 521
1100 1595 1113 1616 6
1126 1606 1156 1610 -—-
1169 1594 1339 1616 Detractionem
1352 1594 1420 1617 valde

850 1633 990 1656 abhorrebat
1008 1634 1053 1655 527
1072 1633 1084 1655 4
1111 1646 1140 1649 ——
1166 1633 1260 1656 Afflictis
1283 1634 1340 1656 mira
1359 1640 1419 1656 com-

850 1674 958 1701 passione
975 1673 1141 1695 condescendit
1165 1673 1210 1696 527
1236 1673 1257 1695 5.
1280 1673 1320 1695 571
1351 1679 1363 1695 a
1390 1686 1419 1689 ——

850 1719 969 1741 nunquam
987 1719 999 1734 a
1019 1712 1080 1735 bono
1098 1713 1197 1735 cessavit
1217 1712 1262 1735 542
1277 1713 1284 1734 1
1301 1725 1332 1729 —
1344 1713 1418 1735 otium

850 1758 1001 1780 summopere
1018 1752 1121 1780 fugiebat
1138 1752 1183 1774 517
1202 1752 1215 1774 6
1233 1764 1264 1768 -—
1285 1752 1314 1775 de
1340 1751 1420 1774 labore

850 1798 961 1814 manuum
974 1798 1072 1819 parvam
1086 1792 1133 1814 vim
1146 1791 1244 1814 faciebat
1261 1792 1304 1814 nisi
1324 1794 1420 1820 propter

849 1831 921 1854 otium
944 1831 1108 1853 declinandum
1132 1831 1177 1853 334
1195 1831 1207 1853 9
1233 1844 1265 1847 —
1290 1831 1319 1853 de
1341 1830 1420 1853 labore

850 1877 963 1893 manuum
980 1871 1018 1893 vix
1036 1871 1138 1893 lucratus
1149 1871 1191 1893 fuit
1204 1871 1232 1892 12
1245 1870 1353 1893 denarios
1364 1869 1419 1893 ibid.

851 1923 879 1925 —
897 1912 946 1932 erat
962 1910 1090 1933 litterarum
1109 1910 1229 1938 imperitus
1247 1910 1292 1932 334
1320 1910 1353 1932 10.
1373 1910 1417 1932 538

851 1949 880 1972 14
897 1962 928 1966 -
946 1951 1018 1972 factus
1036 1953 1070 1972 est
1087 1950 1109 1972 S.
1128 1949 1227 1977 Spiritus
1249 1949 1379 1972 eruditione
1396 1949 1419 1971 il-

850 1989 927 2012 lustris
944 1990 989 2012 538
1009 1989 1037 2011 14
1056 2002 1085 2004 -
1103 1989 1125 2011 in
1142 1989 1229 2012 Ordine
1246 1989 1334 2012 orando
1352 1992 1374 2011 et
1391 1989 1419 2011 le-

850 2029 928 2057 gendo
945 2029 969 2051 in
981 2029 1060 2051 litteris
1078 2028 1175 2057 profecit
1187 2028 1232 2051 334
1254 2029 1279 2051 10
1291 2041 1322 2045 -
1340 2027 1420 2050 habuit

849 2069 1048 2096 supernaturalem
1079 2068 1253 2097 intelligentiam
1287 2068 1420 2096 scripturae

850 2108 895 2131 535
910 2109 931 2130 1.
948 2109 993 2131 536
1007 2109 1028 2130 2.
1041 2108 1086 2131 572
1100 2114 1111 2130 0
1124 2121 1155 2125 -
1166 2108 1261 2130 Multum
1275 2108 1319 2135 ipsi
1332 2107 1420 2135 placuit

849 2147 952 2170 studium
969 2154 987 2170 s.
1006 2148 1138 2175 Scripturae
1156 2147 1201 2169 334
1219 2147 1243 2168 10
1258 2160 1286 2162 -
1303 2153 1419 2169 commen-

849 2186 920 2209 dabat
937 2187 1039 2209 studium
1057 2193 1111 2209 cum
1133 2187 1257 2209 devotione
1280 2186 1325 2208 535
1353 2186 1360 2207 1
1388 2197 1419 2201 ·—

848 2225 954 2253 Magnam
972 2225 1125 2247 reverentiam
1144 2224 1224 2247 habuit
1241 2230 1294 2252 erga
1316 2224 1419 2250 clericos,

848 2264 982 2287 sacerdotes
999 2266 1021 2286 et
1038 2264 1145 2286 doctores
1163 2263 1208 2286 334
1230 2264 1264 2286 to.
1282 2263 1369 2286 33510
1388 2276 1418 2280 -

849 2304 929 2326 claruit
946 2304 1027 2331 spiritu
1046 2304 1182 2331 prophetiae
1200 2303 1244 2325 536
1264 2303 1284 2325 3.
1303 2310 1354 2332 sqq,
1373 2303 1418 2325 572

848 2350 861 2366 a
878 2356 909 2360 —
927 2343 1083 2371 cognoscebat
1100 2343 1227 2371 longinqua
1239 2346 1261 2365 01
1270 2345 1356 2365 secreta
1371 2348 1419 2365 cor-

849 2384 913 2406 dium
933 2383 978 2405 572
996 2382 1020 2405 b.
1037 2382 1082 2404 573
1101 2388 1113 2404 0
1130 2382 1312 2404 —daemonum
1325 2388 1417 2409 pugnas

848 2422 970 2445 horribiles
988 2422 1096 2445 sustinuit
1115 2422 1160 2444 522
1180 2422 1216 2443 10.
1234 2422 1279 2444 533
1298 2422 1318 2443 3.
1333 2421 1374 2443 571
1396 2427 1418 2449 a,

848 2462 863 2485 b
881 2475 911 2479 —
928 2462 1034 2484 Daemon
1050 2462 1120 2484 intrat
1138 2461 1161 2483 in
1172 2461 1270 2484 cervical
1283 2461 1359 2483 Sancti
1372 2461 1417 2483 517

849 2503 862 2524 2
888 2515 918 2519 -
944 2508 985 2530 per
1003 2502 1028 2524 B.
1046 2501 1182 2524 Silvestrum
1202 2502 1265 2529 fugat
1291 2501 1418 2523 daemones

848 2543 877 2565 de
895 2542 972 2564 Aretio
990 2542 1036 2564 522
1054 2542 1067 2563 9

895 2581 1045 2604 —'11irabilis
1055 2581 1131 2603 Sancti
1140 2580 1261 2603 austeritas
1274 2580 1318 2602 516
1336 2580 1353 2602 1.
1367 2586 1418 2608 sqq.

849 2634 879 2638 —
897 2622 919 2643 in
937 2622 1029 2643 foveam
1047 2620 1129 2648 glaciei
1145 2626 1170 2642 se
1186 2619 1299 2642 immersit
1325 2620 1370 2642 517
1394 2620 1416 2642 3.

849 2668 884 2690 sq.
902 2661 947 2683 569
961 2660 975 2682 b
986 2673 1018 2677 —
1029 2666 1111 2682 sensus
1128 2665 1220 2682 summe
1232 2659 1356 2682 custodivit
1373 2659 1418 2681 517

850 2701 872 2723 5.
890 2699 968 2723 569-1)
986 2712 1016 2716 -
1033 2706 1057 2722 se
1075 2699 1167 2722 subiicit
1190 2699 1274 2721 ustioni
1297 2699 1418 2721 oculorum

851 2740 895 2762 518
914 2740 936 2762 9.
954 2739 999 2761 573
1017 2739 1032 2761 b
1054 2751 1085 2755 —
1108 2738 1252 2760 infirmitates
1269 2744 1361 2760 sorores
1378 2744 1418 2760 no—

849 2779 953 2801 minabat
972 2778 1015 2801 577
1036 2778 1050 2800 b
1068 2791 1098 2794 —
1116 2778 1178 2800 omni
1197 2780 1303 2805 tempore
1326 2784 1367 2805 per
1391 2777 1419 2799 ie-

849 2819 939 2841 iunium
965 2824 1051 2846 corpus
1076 2820 1099 2840 et
1116 2823 1157 2845 per
1174 2817 1282 2840 ardorem
1308 2817 1418 2839 desiderii

849 2858 956 2886 spiritum
973 2856 1109 2879 immolabat
1126 2857 1166 2879 531
1184 2857 1197 2879 3
1209 2856 1349 2879 —celebrat
1361 2857 1419 2885 Qua-

849 2897 1008 2925 dragesimam
1034 2897 1057 2919 in
1079 2898 1190 2919 honorem
1218 2895 1355 2923 Archangeli
1381 2896 1419 2917 Mi-

850 2937 934 2959 chaelis
952 2937 996 2959 529
1019 2937 1044 2958 10
1063 2949 1092 2951 -
1120 2936 1207 2958 10101101
1232 2935 1262 2957 ab
1289 2935 1415 2963 Epiphania

849 2983 923 3005 usque
933 2976 962 2999 ad
973 2975 1181 3004 Quadi-agesimam
1192 2975 1292 2997 Paschae
1304 2975 1348 2996 530
1365 2975 1377 2996 2
1387 2986 1418 2990 -

849 3018 927 3038 servat
936 3016 977 3038 tria
988 3016 1030 3037 alia
1044 3014 1126 3037 ieiunia
1137 3013 1165 3037 ib.
1179 3014 1191 3036 3
1210 3027 1240 3030 -—
1251 3014 1299 3036 Non
1312 3013 1417 3041 placebat

1710 253 1765 275 FRA

1451 292 1593 314 eidistrictio
1611 292 1660 314 sine
1677 292 1815 315 discretione
1828 293 1872 314 518
1890 293 1904 315 7
1917 305 1948 309 —
1960 293 2018 316 altis-

1451 331 1508 353 sima
1527 334 1664 359 paupertate
1682 331 1783 353 imitatur
1800 331 1915 354 Clu-istum
1940 332 1984 354 523
2004 333 2012 354 1

1452 383 1482 386 —
1491 371 1592 393 venditis
1601 370 1718 397 omnibus,
1729 371 1877 398 margaritam
1888 372 1942 393 011111
1952 377 2020 394 evan-

1451 409 1548 437 gelicam
1567 410 1611 432 538
1635 409 1660 432 14
1677 422 1707 426 —
1734 410 1755 431 in
1774 413 1910 438 paupertate
1931 414 2019 434 ceteros

1451 448 1562 476 cupiebat
1578 449 1690 472 excedere
1708 449 1752 472 524
1779 450 1801 471 6.
1827 450 1871 472 570
1898 449 1912 472 b
1934 462 1966 466 —-
1991 456 2018 472 ex

1451 490 1590 515 paupertate
1607 489 1738 511 inferiorem
1756 495 1781 511 se
1798 488 1908 511 omnibus
1927 492 2019 517 reputat

1451 526 1496 549 524
1515 527 1537 549 6.
1555 526 1600 549 570
1619 527 1633 549 b
1652 541 1680 544 -
1699 528 1743 550 Sua
1762 528 1819 550 mIra
1838 528 1944 551 exercitia
1965 535 2020 556 pau-

1451 566 1546 594 pertatis
1562 566 1607 588 524
1625 566 1639 589 7
1656 579 1688 583 -
1704 573 1729 590 se
1747 568 1860 590 immiscet
1876 567 2020 596 pauperibus

1451 608 1504 628 ante
1518 607 1578 628 fores
1590 606 1699 629 ecclesiae
1711 607 1734 628 S.
1749 607 1807 629 Petri
1820 608 1864 630 507
1880 608 1893 629 6
1906 620 1937 624 —
1948 608 2020 630 Amor

1452 645 1502 667 eius
1519 645 1548 667 ad
1566 651 1682 673 pauperes
1700 646 1744 668 506
1767 647 1784 668 1.
1803 647 1848 669 565
1865 653 1877 668 0
1896 659 1926 662 -
1940 647 2019 669 iucun-

1453 684 1510 707 dum
1528 684 1620 707 dicebat
1636 684 1680 707 sub
1698 685 1803 707 Fratrum
1821 686 1934 708 Minorum
1956 686 2020 709 titulo

1453 724 1586 746 mendicare
1604 724 1651 746 525
1668 724 1689 746 S.
1707 730 1741 753 sq.
1759 737 1789 741 —
1806 725 1899 747 Factum
1912 724 2021 752 notabile,

1453 769 1480 785 ex
1497 769 1545 792 quo
1562 768 1659 791 apparet
1678 763 1784 786 meritum
1809 764 1951 792 paupertatis
1974 764 2019 786 525

1456 803 1483 824 10
1496 815 1526 818 -
1539 803 1664 830 Paupertas
1681 803 1703 825 in
1721 803 1840 831 discipulis
1858 803 1907 826 eius
1921 809 2021 831 magnae

1454 845 1502 864 erat
1519 842 1635 864 efficaciae
1653 842 1698 864 514
1716 842 1730 864 7
1747 854 1779 858 -
1796 843 1880 865 Το111111
1898 845 2021 865 5110111510-

1454 881 1519 903 dium
1537 881 1597 903 circa
1615 887 1708 904 crucem
1722 881 1813 904 Domini
1825 881 1962 904 versabatur
1974 881 2020 905 549

1454 921 1462 942 1
1484 934 1515 936 -
1539 924 1587 943 erat
1605 921 1679 943 crucIs
1696 920 1787 943 baiulus
1804 924 1826 943 et
1850 921 1954 943 minister
1975 921 2021 944 515

1455 960 1483 982 10
1501 973 1531 976 —
1549 961 1641 987 signum
1659 960 1735 983 crucis
1752 966 1839 988 niagno
1865 960 2020 983 venerabatur

1453 1000 1535 1022 affectu
1553 1002 1575 1022 et
1592 1000 1722 1028 frequenter
1739 999 1920 1022 commendabat
1937 999 1982 1022 513
1999 1000 2022 1022 3.

1454 1039 1499 1062 515
1517 1040 1529 1061 9
1548 1052 1578 1055 —
1604 1045 1698 1062 crucem
1723 1039 1794 1062 eorde
1811 1042 1833 1062 et
1858 1045 1956 1067 corpore
1981 1039 2023 1062 cir-

1453 1078 1598 1101 cumferebat
1615 1079 1660 1101 507
1679 1079 1692 1100 6
1717 1091 1749 1095 -
1774 1079 1848 1101 crucis
1866 1084 1948 1102 amore
1973 1085 2021 1101 sen-

1453 1118 1528 1141 suales
1546 1118 1662 1146 appetitus
1679 1119 1861 1141 010011015161.
1879 1125 1931 1148 sqq.
1943 1118 1988 1141 569
2006 1118 2022 1140 b

1452 1170 1482 1174 -—
1492 1157 1576 1180 librum
1594 1158 1669 1180 crucis
1681 1158 1790 1181 continuo
1802 1157 1937 1180 revolvebat
1949 1158 1994 1181 513
2007 1158 2021 1180 3

1453 1210 1483 1213 —
1511 1197 1580 1220 sociis
1605 1198 1688 1225 iugiter
1713 1203 1844 1220 sermonem
1870 1197 1969 1220 faciebat
1991 1197 2021 1220 de

1454 1243 1522 1259 cruce
1539 1236 1594 1260 ibid.
1611 1249 1641 1254 ·—
1667 1237 1735 1260 docet
1756 1237 1815 1259 lilios
1836 1236 1922 1259 librum
1945 1237 2022 1260 erucis

1453 1277 1575 1299 revolvere
1592 1279 1614 1299 et
1631 1277 1705 1299 Deum
1723 1276 1818 1299 laudare
1835 1277 1856 1298 in
1874 1276 1983 1299 omnibus
1999 1279 2022 1299 et

1453 1322 1479 1338 ex
1497 1316 1606 1338 omnibus
1622 1315 1677 1339 ibid.
1693 1328 1725 1332 —
1750 1316 1779 1338 ad
1805 1322 1898 1338 crucem
1920 1315 2021 1338 baiulan-

1454 1356 1507 1378 dam
1526 1356 1640 1383 plurimos
1658 1356 1744 1378 animat
1756 1356 1800 1378 516
1815 1356 1822 1377 1
1839 1368 1870 1372 -
1882 1356 1960 1378 Virtus
1972 1361 2021 1378 cru-

1453 1395 1486 1418 cis
1504 1395 1527 1417 in
1548 1396 1632 1417 Sancto
1654 1396 1798 1418 manifestata
1820 1395 1865 1417 564
1883 1395 1906 1417 7.
1931 1402 1965 1424 sq.
1990 1408 2021 1411 —

1453 1435 1528 1457 crucis
1546 1435 1643 1462 vestigia
1660 1434 1810 1463 sequebatur,
1826 1435 1901 1457 crucis
1919 1434 2020 1457 dulcedi-

1453 1480 1506 1496 nem
1524 1473 1641 1502 sapiebat,
1659 1474 1734 1496 crucis
1751 1474 1848 1502 gloriam
1871 1473 2021 1502 praedicabat

1452 1512 1483 1536 ib.
1501 1514 1513 1535 S
1531 1526 1562 1529 —-
1579 1520 1591 1535 a
1609 1519 1678 1536 cruce
1695 1513 1792 1542 incepit,
1805 1514 1933 1536 seeundum
1946 1514 2021 1536 crucis

1452 1554 1557 1581 regulam
1576 1553 1694 1581 processit,
1716 1553 1738 1575 in
1755 1559 1824 1576 cruce.
1841 1553 1936 1581 perfecit
1957 1552 1987 1576 ib.
2007 1553 2020 1575 9

1453 1594 1523 1615 —ln
1542 1593 1593 1621 ipso
1616 1593 1630 1615 7
1655 1593 1811 1621 apparitiones
1836 1592 1911 1615 crucis
1937 1592 2021 1616 Christi

1454 1635 1594 1655 monstratae
1612 1635 1634 1654 et
1651 1632 1758 1660 impletae
1775 1634 1829 1654 sunt
1841 1632 1886 1655 545
1900 1632 1936 1654 10.
1948 1631 1993 1654 549
2008 1632 2015 1654 1

1501 1685 1532 1689 —
1548 1672 1644 1695 Affectio
1661 1672 1711 1694 eius
1736 1672 1765 1694 ad
1790 1675 1908 1694 creaturas
1935 1672 1979 1694 518
1998 1672 2019 1694 9.

1454 1712 1499 1734 527
1517 1713 1540 1734 6.
1557 1712 1603 1734 570
1620 1711 1635 1734 b
1652 1712 1719 1734 —Ei
1731 1712 1847 1740 applausit
1858 1711 1927 1734 etiam
1938 1713 2020 1734 natura

1454 1751 1577 1774 brutorum
1595 1752 1640 1774 528
1659 1751 1680 1773 6.
1697 1757 1748 1780 sqq.
1767 1764 1797 1767 —
1814 1751 1937 1773 Creaturae
1948 1751 2021 1779 impe-

1453 1791 1487 1813 rio
1511 1791 1561 1813 eius
1582 1790 1735 1813 subiacebunt
1751 1791 1796 1813 519
1815 1791 1841 1817 9,
1860 1791 1889 1812 12
1907 1802 1937 1806 --
1953 1790 2020 1812 Falco

1454 1831 1531 1859 ipsum
1549 1830 1631 1853 excitat
1648 1830 1677 1853 ad
1689 1830 1768 1852 Officia
1781 1829 1919 1852 celebranda
1932 1829 1977 1852 529
1992 1829 2020 1851 10

1453 1870 1610 1898 —peculiari
1635 1870 1720 1892 virtute
1745 1869 1855 1891 orationis
1877 1869 1958 1892 enituit
1975 1868 2019 1891 533

1454 1910 1475 1932 1.
1493 1916 1545 1939 sqq.
1563 1910 1604 1932 571
1627 1909 1642 1932 b
1659 1922 1690 1926 -—
1708 1909 1798 1931 instruit
1815 1908 1891 1931 socios
1909 1909 1931 1930 in
1949 1908 2020 1931 modo

1453 1950 1535 1972 orandi
1554 1949 1598 1971 513
1618 1949 1630 1971 3
1649 1961 1679 1965 -
1696 1949 1816 1977 potissime
1839 1948 1869 1971 ad
1892 1948 2020 1970 0101100001

1453 1988 1563 2011 monebat
1580 1989 1625 2011 334
1643 1989 1656 2010 9
1675 2001 1705 2004 -
1722 1989 1826 2011 hortatur
1844 1988 1902 2010 filios
1919 1987 1949 2010 ad
1966 1993 2021 2010 con—

1453 2028 1592 2051 formitatem
1615 2027 1818 2056 contemplationis
1841 2030 1863 2050 et
1879 2027 2022 2050 uniformita-

1453 2071 1499 2090 tem
1517 2067 1667 2096 professionis
1685 2067 1729 2089 438
1749 2068 1769 2089 1.
1786 2073 1821 2096 sq.
1839 2079 1869 2082 ——
1881 2067 1955 2089 Pietas
1966 2072 2021 2095 qua-

1453 2107 1549 2135 druplex
1568 2107 1643 2135 ipsum
1660 2107 1792 2134 repleverat
1808 2106 1853 2128 526
1873 2106 1881 2128 1
1903 2119 1934 2122 —
1947 2106 2020 2128 divini

1454 2146 1541 2169 amoris
1558 2147 1652 2168 flamma
1669 2145 1794 2173 absorptus
1811 2144 1935 2167 videbatur
1947 2145 1992 2167 530
2006 2146 2014 2167 1

1452 2198 1483 2202 -
1501 2192 1526 2208 ex
1544 2185 1654 2207 omnibus
1671 2184 1813 2207 excitabatur
1830 2184 1860 2207 ad
1872 2191 1976 2207 amorem
1989 2184 2021 2207 di-

1453 2225 1533 2247 vinum
1552 2224 1596 2246 530
1620 2225 1637 2246 1.
1656 2225 1700 2247 570
1714 2223 1729 2246 b
1741 2237 1771 2239 —
1784 2223 1984 2252 contemplabatur
1996 2224 2020 2246 in

1453 2265 1540 2287 cunctis
1558 2264 1631 2286 Deum
1650 2263 1696 2286 530
1716 2264 1736 2285 1.
1754 2263 1798 2285 570
1812 2263 1826 2285 b
1839 2275 1869 2279 —
1881 2262 1977 2291 optabat
1989 2265 2019 2286 to-

1453 2304 1525 2327 taliter
1544 2304 1565 2325 111
1583 2303 1699 2326 Christum
1716 2302 1875 2325 transformari
1894 2302 1939 2325 530
1957 2303 1971 2325 2
1989 2315 2019 2319 —

1452 2342 1554 2365 celebrat
1570 2342 1713 2365 nativitatem
1725 2341 1808 2365 Christi
1821 2342 1866 2364 535
1879 2342 1893 2364 7
1906 2354 1936 2357 —
1947 2342 2019 2364 Amor

1452 2383 1502 2405 eius
1519 2388 1573 2410 erga
1592 2382 1754 2405 eucharistiam
1773 2382 1818 2404 530
1836 2382 1849 2403 2
1863 2394 1892 2397 —
1905 2381 1958 2404 Eius
1978 2381 2018 2404 de-

1452 2422 1515 2444 vetio
1534 2428 1589 2450 erga
1607 2422 1701 2444 Matrem
1713 2421 1803 2448 Christi,
1815 2421 1916 2449 Angelos
1929 2423 1951 2443 et
1964 2421 2020 2443 San-

1452 2465 1501 2484 0105
1518 2461 1547 2484 ib.
1566 2462 1579 2483 3
1595 2473 1627 2477 —
1649 2464 1672 2483 et
1696 2467 1773 2483 sacras
1798 2460 1907 2489 reliquias
1933 2460 1973 2482 521
2003 2460 2018 2482 7

1453 2514 1482 2516 -
1501 2501 1569 2523 Varia
1587 2500 1696 2523 miracula
1714 2500 1791 2522 Sancti
1808 2499 1853 2522 572
1866 2506 1885 2521 a.
1899 2499 1943 2522 573
1957 2505 1982 2526 a,
1995 2498 2018 2521 b.

1452 2540 1497 2562 574
1515 2546 1526 2562 a
1535 2558 1541 2568 ,
1559 2539 1574 2562 b
1585 2553 1616 2556 —
1628 2540 1664 2562 Fr.
1679 2539 1789 2562 Moricum
1802 2542 1868 2561 sanat
1879 2538 1925 2561 514
1938 2539 1960 2560 8.
1972 2538 2017 2560 568

1452 2579 1467 2601 b
1485 2592 1515 2596 —
1532 2579 1646 2602 Creatoris
1658 2579 1803 2607 providentia
1817 2579 1837 2601 ci
1850 2578 2020 2601 condescende-

1452 2619 1491 2641 bat
1513 2619 1542 2641 ad
1565 2619 1675 2647 placitum
1698 2618 1743 2640 519
1763 2618 1786 2640 11
1808 2630 1838 2634 —
1855 2617 1937 2645 Angeli
1954 2616 2019 2640 obse»

1452 2659 1507 2687 quio
1526 2659 1549 2680 in
1565 2658 1696 2680 infirmitate
1713 2657 1838 2685 perfruitur
1856 2656 1918 2684 ibid„
1935 2663 1971 2685 sq.
1987 2668 2019 2673 —-

1452 2704 1553 2726 superna
1570 2698 1620 2720 luce
1638 2697 1788 2725 corporalIter
1805 2696 1912 2724 dirigitur
1929 2699 1951 2718 et
1973 2695 2018 2723 spi·

1451 2738 1561 2760 ritualiter
1586 2738 1725 2760 confortatur
1751 2736 1796 2758 519
1823 2736 1851 2758 12
1874 2747 1904 2752 --
1926 2734 2018 2763 Capillis

1453 2777 1528 2799 Sancti
1547 2777 1605 2799 muri
1623 2776 1722 2799 scissura
1746 2775 1880 2798 mirabiliter
1903 2774 2018 2797 concludi-

1452 2819 1488 2839 tur
1506 2816 1551 2838 525
1571 2817 1594 2838 11
1617 2828 1647 2831 —
1664 2815 1775 2837 miraculo
1798 2814 1913 2837 deficienti
1935 2816 2016 2842 potum

1452 2856 1548 2884 praebet
1566 2855 1610 2878 525
1629 2855 1657 2877 12
1675 2867 1706 2871 -
1723 2854 1765 2876 Per
1778 2854 1858 2876 merita
1871 2853 1943 2881 ipsius
1955 2852 2017 2875 Chri-

1452 2898 1501 2918 stus
1517 2895 1582 2918 cibos
1599 2894 1734 2922 multiplicat
1751 2893 1795 2916 526
1814 2893 1850 2915 13.
1869 2892 1909 2915 531
1932 2892 1953 2914 5.
1971 2891 2016 2914 575

1452 2941 1464 2957 a
1482 2948 1512 2952 —-
1529 2940 1614 2963 aquam
1626 2934 1648 2956 in
1662 2933 1742 2956 vinum
1755 2932 1868 2955 convertit
1880 2931 1925 2954 574
1938 2938 1958 2953 a.
1971 2931 2015 2953 519

1453 2975 1495 3001 10,
1514 2974 1542 2996 12
1559 2986 1590 2990 ·-
1607 2973 1726 3000 navicula,
1748 2972 1784 2994 cui
1811 2970 1942 2997 insedebat,
1967 2970 2016 2992 sine

1452 3013 1540 3041 remige
1567 3015 1674 3035 movetur
1700 3011 1744 3034 540
1768 3011 1788 3033 6.
1812 3010 1887 3032 5740
1905 3022 1935 3026 -
1952 3012 2017 3031 sanat
