2133 3317
182 308 238 328 Ratio
250 308 269 327 2.

165 1528 256 1548 Rationes

153 1553 268 1577 multiplices

154 1576 266 1596 afferuntur.

196 1600 268 1620 Prima.

172 1765 266 1784 Secunda.

196 1859 267 1879 Tertia.

276 220 343 249 *368

287 315 324 319 —
341 299 422 333 ltem,
438 298 503 336 quia
517 298 604 326 maior
619 297 747 334 provenit
758 297 866 326 utilitas
881 297 943 326 inde
961 298 1136 332 animarum,

286 345 352 374 dum
375 345 470 382 plures
491 344 529 373 ibi
550 347 625 373 stare
646 347 762 381 possunt
787 344 959 373 confessores
979 347 1007 374 et
1028 345 1136 382 praedi-

286 395 411 426 catores;
440 391 484 420 vel
505 391 588 420 etiam
610 394 700 428 potest
721 391 757 419 ibi
781 391 880 420 melius
902 391 989 420 teneri
1012 392 1136 421 studium

285 438 454 475 theologiae,
483 437 510 466 in
535 445 591 474 quo
613 437 719 466 habiles
741 441 927 467 exerceantur
949 438 983 467 ad
1004 438 1137 468 eruditio-

285 493 348 514 nem
373 485 501 513 aliorum.
530 484 558 513 ln
587 484 681 521 parvis
709 487 802 513 autem
832 485 976 519 domibus,
1002 485 1069 514 dum
1091 486 1137 514 alii

285 534 350 560 sunt
371 531 398 559 in
421 531 585 566 terminis1,
606 531 652 560 alii
675 531 702 559 in
725 532 790 560 villa
811 540 862 568 pro
884 532 1075 569 eleemosyna,
1090 533 1136 561 alii

284 578 356 607 forte
377 578 481 607 debiles
495 580 523 607 et
538 578 656 612 infirmi,
678 578 723 606 alii
739 579 866 615 occupati
881 579 979 608 officiis
993 579 1020 607 in
1036 579 1117 608 domo
1129 591 1136 614 ;

284 633 335 654 nec
356 624 501 662 disciplina
521 625 670 662 Religionis
690 633 741 654 nec
763 625 886 654 studium
907 634 959 655 nec
977 626 1086 655 devotio
1109 627 1135 655 in

283 672 384 701 divinis
405 672 492 706 valet,
515 675 599 709 prout
620 672 748 709 expedit,
770 672 913 702 observari
925 673 945 701 2.

600 767 740 803 QUAEs'rio
761 767 827 795 XVI.

379 860 440 889 Cur
462 861 585 889 Fratres
605 869 664 889 non
682 865 876 898 promoveam
899 861 1038 890 Ordinem

598 908 820 937 Poeott'tentium.

363 1001 433 1030 Cum
450 1002 595 1031 videamini
607 1002 618 1019 ³
638 1002 773 1031 zelatores
787 1010 847 1031 esse
862 1002 1018 1031 animarum
1034 1006 1061 1032 et
1076 1011 1138 1031 san-

284 1049 320 1078 cti
342 1049 477 1078 Francisci
507 1049 645 1078 deberetis
674 1050 701 1078 in
729 1050 859 1078 omnibus
888 1050 1041 1079 imitatores
1062 1058 1138 1085 esse,

284 1104 335 1125 cur
357 1095 489 1125 Ordinem
511 1096 606 1131 illum,
622 1097 669 1134 qui
685 1097 788 1126 dicitur
803 1097 1034 1131 Poenitentium,
1054 1105 1137 1134 quem

284 1143 343 1180 ipse
364 1143 500 1177 instituit,
523 1151 578 1172 non
599 1144 785 1180 promovetis,
814 1147 846 1172 ut
873 1144 979 1181 ubique
1007 1144 1138 1173 dilatetur

284 1190 312 1219 in
334 1190 469 1225 Ecclesia,
491 1193 519 1219 et
540 1191 621 1219 multi
644 1191 787 1220 salventur
809 1191 836 1219 in
858 1199 906 1226 eo,
928 1199 991 1220 cum
1007 1191 1139 1220 laboratis

284 1240 448 1266 convertere
469 1240 496 1266 et
519 1237 612 1266 fovere
633 1238 666 1266 ad
688 1238 792 1267 bonum
815 1238 862 1275 qui
891 1238 969 1267 vobis
997 1241 1063 1267 sunt
1091 1238 1139 1266 mi-

284 1292 338 1313 nus
360 1292 396 1313 ex
418 1287 534 1322 paterna
555 1285 703 1314 traditione
726 1286 855 1314 annexi?

364 1332 533 1369 Respondeo.
556 1332 634 1369 Quod
656 1333 682 1361 in
698 1332 767 1361 aliis
785 1333 961 1368 laboramus,
977 1336 1009 1362 ut
1024 1341 1139 1362 conver-

285 1382 381 1408 tantur
403 1382 431 1408 et
452 1379 597 1416 proficiant
618 1380 646 1408 in
669 1380 757 1415 bono,
784 1380 821 1409 ibi
851 1381 987 1410 habemus
1015 1380 1139 1409 fructum

284 1429 312 1456 et
333 1434 531 1456 conservamus
553 1427 709 1456 libertatem
731 1431 872 1462 nostram,
894 1436 928 1457 ne
950 1428 1028 1465 plus,
1054 1436 1138 1465 quam

284 1474 364 1503 nohis
385 1474 510 1510 expedit,
532 1482 704 1511 occupemur
725 1482 775 1512 per
796 1482 851 1504 eos.
874 1475 925 1504 Per
947 1475 1017 1504 istos
1045 1478 1139 1504 autem

284 1521 469 1558 poenitentes,
492 1521 515 1550 si
536 1521 806 1558 multiplicarentur,
828 1522 1045 1559 impediremur,
1064 1523 1139 1560 quod

285 1567 345 1596 aliis
366 1567 461 1597 minus
482 1568 613 1605 prodesse
635 1577 793 1606 possemus,
815 1569 881 1598 dum
903 1570 982 1607 quasi
1012 1578 1047 1599 ex
1077 1570 1139 1599 iure

284 1614 431 1652 exigerent
452 1623 468 1643 a
488 1615 583 1650 nobis,
605 1618 637 1644 ut
657 1616 691 1644 ad
707 1617 814 1651 omnia,
830 1625 902 1654 quae
918 1620 1063 1654 tangerent
1077 1625 1138 1652 eos,

284 1670 409 1691 essemus
423 1662 521 1699 parati.
537 1663 663 1700 Alioquin
684 1663 924 1701 improperaretur
939 1664 1034 1699 nobis,
1049 1673 1138 1702 quare

283 1709 317 1738 ad
340 1709 415 1738 hunc
436 1709 568 1738 Ordinem
590 1718 637 1739 eos
658 1710 869 1746 induxerimus,
899 1711 921 1740 si
950 1720 1047 1740 curam
1069 1712 1139 1749 ipso-

284 1764 348 1785 rum
369 1757 514 1786 nollemus.
530 1774 568 1778 —-
583 1757 609 1786 Si
625 1758 812 1795 contingeret,
834 1766 880 1788 cos
901 1759 1050 1796 aliquando
1065 1762 1138 1789 stare

284 1803 385 1833 iudicio
407 1804 450 1833 vel
472 1804 607 1833 saeculari
630 1805 673 1834 vel
695 1805 896 1841 ecclesiastice,
918 1809 1050 1835 vocarent
1072 1815 1135 1841 uos,

283 1854 316 1880 ut
336 1851 376 1880 eis
397 1851 590 1881 assisteremus
611 1855 638 1881 et
659 1860 710 1889 pro
729 1853 768 1882 eis
782 1853 1028 1883 intercederemus.
1050 1870 1088 1874 ——
1111 1855 1137 1883 Si

283 1898 384 1935 aliquis
398 1898 545 1936 impeteret
559 1907 605 1928 eos
620 1907 671 1937 pro
689 1899 789 1929 debitis
804 1900 847 1929 vel
867 1900 987 1935 offensa,
1009 1901 1138 1939 obiurga-

283 1948 347 1974 rent
368 1953 433 1980 uos,
456 1954 544 1983 quare
566 1954 620 1975 non
642 1946 814 1982 faceremus,
836 1947 860 1976 ei
876 1948 1009 1977 iustitiam
1025 1948 1085 1977 fieri
1101 1949 1137 1978 ab

283 1991 330 2021 illo
351 1992 399 2029 qui
428 1992 456 2021 in
484 1995 580 2022 nostro
608 1993 743 2031 regimine
764 1997 792 2023 et
812 1995 968 2024 obedientia
989 2003 1137 2025 conversa-

283 2041 339 2068 tur.
363 2039 394 2068 Et
416 2040 473 2069 sive
494 2040 582 2075 iuste,
604 2041 662 2070 sive
683 2041 785 2070 iniuste
800 2045 976 2077 moveretur,
991 2042 1071 2071 nobis
1086 2043 1137 2071 im-

283 2088 410 2123 putaret,
433 2086 455 2115 si
476 2095 528 2124 pro
542 2087 685 2116 voluntate
700 2096 751 2117 sua
766 2088 790 2117 ei
805 2096 861 2117 non
876 2088 1061 2124 satisfaceret,
1077 2098 1137 2118 ma-

347 2287 355 2300 ¹
374 2288 409 2311 Du
426 2287 517 2316 Cange,
535 2289 676 2311 Glossarium
693 2292 752 2312 etc.:
773 2298 785 2309 a
799 2290 938 2319 Terminus,
962 2298 1050 2320 pagus,
1070 2293 1136 2320 regio

284 2328 388 2350 terminis
405 2328 453 2350 suis
470 2330 493 2350 et
510 2328 621 2351 limitibus
638 2329 826 2357 circumscripta,
844 2330 961 2353 districtus
974 2340 994 2353 n.
1020 2340 1032 2352 α
1047 2331 1136 2355 Termi-

283 2366 350 2390 narit'
373 2367 437 2395 apud
462 2367 561 2390 Ordines
586 2368 745 2391 mendicantes
763 2369 882 2398 dicuntur,
900 2371 941 2399 qui
959 2370 1071 2394 habendis
1095 2378 1136 2400 per

284 2413 353 2434 agros
378 2407 463 2435 cuique
488 2407 612 2430 conventui
632 2408 738 2430 addictos
756 2408 909 2432 concionibus
926 2410 1075 2433 destinantur.
1094 2412 1135 2433 Ha-

283 2444 338 2467 bent
355 2445 417 2467 enim
435 2445 519 2473 singuli
545 2446 658 2469 Ordinum
682 2446 779 2469 istorum
802 2451 931 2471 conventus
948 2449 1077 2477 descriptos
1094 2450 1135 2472 cir-

284 2484 390 2507 cumiecti
408 2485 514 2507 territorii
533 2491 619 2513 pagos,
638 2485 695 2508 intra
709 2492 770 2515 quos
782 2486 901 2509 dumtaxat
918 2488 1077 2516 eleemosynas
1090 2489 1135 2511 col-

283 2523 355 2552 ligere
366 2524 432 2546 liceat
443 2532 454 2544 ιι
474 2526 518 2547 etc.
535 2525 568 2547 De
585 2524 638 2547 villa
655 2526 695 2548 cfr.
714 2532 784 2554 supra
802 2532 857 2554 pag.
875 2527 933 2555 364,
951 2530 1004 2550 nota
1022 2528 1043 2550 5.

346 2561 355 2575 ²
373 2562 418 2586 Csr.
435 2570 506 2591 supra
524 2570 546 2592 p.
565 2565 579 2586 l.
597 2571 620 2593 q.
637 2565 659 2587 6.

346 2600 356 2613 ⁸
374 2603 403 2624 lta
421 2603 458 2625 ed.
476 2603 489 2624 3
499 2611 505 2629 ;
523 2603 579 2625 aliae
596 2602 714 2626 videmini.
733 2604 827 2627 Inferius
842 2611 884 2633 pro
897 2605 1068 2629 Paenitentiam
1086 2607 1133 2629 sola

285 2641 334 2663 Vat.
349 2641 494 2671 poenitentia
517 2641 556 2670 (de
579 2642 719 2665 institutione
742 2644 800 2666 tertii
824 2644 917 2667 Ordinis
935 2646 974 2667 cfr.
993 2647 1015 2668 S.
1032 2646 1133 2673 Bonam,

284 2680 392 2708 Legenda
410 2682 432 2703 S.
450 2681 576 2709 Fiancisci,
594 2688 614 2704 c.
632 2683 658 2710 ⁶2,
672 2681 710 2704 uhi
723 2682 861 2711 insinuatur,
873 2684 937 2713 quod
950 2685 972 2707 S.
984 2685 1133 2713 Franciscus,

284 2719 342 2742 sicut
359 2722 405 2742 tres
427 2720 534 2743 ecclesias
559 2721 689 2743 materiales
711 2721 858 2750 instauravit,
877 2723 906 2745 ita
924 2725 970 2746 tres
987 2723 1085 2747 Ordines
1102 2724 1133 2746 in-

284 2759 398 2788 stituerit).
416 2760 498 2788 Quoad
515 2763 652 2788 argumenta
670 2761 738 2784 huius
756 2762 896 2790 quaestionis
909 2763 966 2785 ratio
982 2763 1088 2786 habenda
1100 2767 1134 2786 est

284 2798 437 2824 gravissimae
453 2799 620 2826 persecutionis
638 2802 701 2828 tunc,
721 2801 856 2828 praesertim
877 2802 980 2829 Parisiis,
997 2806 1076 2825 contra
1094 2803 1133 2825 Or-

284 2835 362 2858 dinem
379 2837 541 2864 praevalentis.
831 2839 840 2852 ⁴
858 2840 919 2863 Libr.
937 2842 974 2863 lV.
991 2842 1048 2869 Reg.
1066 2841 1093 2868 4,
1112 2842 1132 2864 «1,

347 2874 357 2887 ⁵
373 2876 463 2904 Quibus
472 2883 517 2899 non
527 2877 658 2906 intelligitur
666 2882 727 2901 secta
738 2879 773 2902 illa
785 2880 941 2907 Beguinarum
951 2886 962 2902 a
973 2880 1091 2903 Clemente
1104 2881 1132 2904 V.

286 2914 335 2943 (cfr.
348 2915 380 2937 ΙΙΙ.
392 2914 526 2939 Clementin.
544 2917 575 2939 tit.
594 2918 601 2939 ·1
613 2918 631 2939 1.
648 2924 667 2940 c.
682 2919 703 2941 l:
716 2918 775 2942 Cum
787 2918 814 2942 de
826 2919 968 2949 quibusdam
980 2920 1131 2950 mulieribus)

284 2955 307 2976 et
324 2953 405 2976 loanne
422 2954 491 2977 XXII.
510 2955 558 2983 (cfr.
578 2957 668 2979 Extrav.
685 2957 791 2980 eiusdem
809 2958 842 2981 tit.
861 2959 888 2981 7:
906 2959 996 2983 Sancta
1014 2960 1130 2988 Romana)

285 2992 406 3020 damnata,
424 2993 465 3015 sed
482 2997 589 3017 notantur
606 2995 655 3018 illae
673 2996 784 3025 feminae,
801 3003 862 3026 quae
884 2998 913 3020 de
937 2998 982 3021 fide
999 3002 1061 3021 recte
1083 3005 1133 3021 sen-

284 3030 365 3053 tientes
382 3031 467 3060 pieque
484 3032 506 3054 in
522 3034 688 3057 communitate
706 3035 810 3058 viventes
827 3036 919 3059 tertium
937 3036 1047 3060 Ordinem
1065 3038 1132 3065 proti-

648 219 846 248 OPUSCULUM
867 219 932 248 xlii.
954 219 1265 249 DETERMINATIONES
1287 221 1529 258 QUAESTIONUM.
1552 222 1632 251 PARS
1654 223 1683 251 ΙΙ.

1194 299 1269 328 xime
1291 299 1313 328 si
1328 300 1379 328 iste
1393 300 1513 334 diceret,
1529 308 1558 329 se
1573 301 1611 329 nil
1625 300 1715 330 facere
1730 301 1781 329 nisi
1796 301 1830 330 de
1845 304 1940 330 nostro
1954 302 2042 331 consi-

1194 346 1230 374 lio
1250 346 1307 375 sive
1329 347 1416 375 iussu.
1431 363 1470 367 —-
1485 347 1511 375 Si
1526 347 1627 384 aliquis
1641 356 1738 376 eorum
1755 348 1956 385 captivaretur,
1972 349 2013 378 vel
2028 357 2044 378 a
2059 357 2120 381 Quarta

1193 393 1304 422 domino
1326 402 1377 422 suo
1399 394 1441 423 vel
1462 394 1516 423 alio
1530 394 1742 429 molestaretur;
1765 395 1863 430 vellet,
1884 396 1958 432 quod
1980 396 2043 425 Fra-

1194 443 1251 469 tres
1272 449 1383 470 causam
1405 441 1466 470 eius
1486 444 1601 478 agerent
1628 444 1655 470 et
1678 442 1741 471 hinc
1760 442 1823 471 inde
1837 443 2042 479 discurrerent,

1194 490 1226 515 ut
1246 495 1309 516 eum
1332 496 1348 516 a
1374 487 1419 516 tali
1449 488 1575 517 molestia
1602 488 1771 523 liberarent;
1801 489 1873 519 sicut
1900 490 1984 519 vidua
2010 491 2044 519 ad

1195 534 1314 563 Eliseum
1331 535 1422 569 venit,
1441 537 1473 563 ut
1494 543 1554 564 eam
1569 543 1585 563 a
1600 535 1744 565 creditoris
1759 537 1802 565 sui
1818 537 1963 566 vexatione
1978 537 2044 567 libe-

1195 581 1301 609 raret4.
1326 598 1361 601 —
1383 581 1410 610 Si
1431 581 1532 618 aliquis
1552 582 1632 619 inops
1646 586 1718 611 esset
1732 583 1814 612 nimis
1828 586 1854 612 et
1869 592 1924 612 non
1940 584 2044 614 habens

1194 628 1305 657 aliunde
1326 628 1481 657 subsidium
1504 629 1663 666 corporale,
1685 630 1790 659 iustum
1815 630 1957 660 videretur
1979 631 2003 660 ei
2018 634 2045 661 et

1194 675 1270 710 aliis,
1292 675 1367 712 quod
1389 684 1439 705 nos
1459 676 1532 705 sicut
1552 676 1687 705 fratribus
1708 677 1900 714 spiritualibus
1921 678 1961 707 eis
1982 686 2045 716 pro-

1195 722 1369 757 videremus,
1392 725 1419 751 et
1440 722 1511 752 forte
1533 723 1628 760 plures
1649 723 1677 752 in
1698 724 1745 752 illa
1759 732 1807 761 spe
1821 724 1952 754 Ordinem
1967 725 2045 754 illum

1195 772 1385 803 assumerent,
1407 773 1439 798 ut
1460 770 1499 799 eis
1520 770 1547 798 in
1574 770 1734 799 huiusmodi
1762 771 1990 807 subveniremus,
2019 775 2046 802 et

1195 817 1318 846 maxime
1339 817 1457 846 feminae
1472 817 1515 846 vel
1537 817 1673 855 beguinae
1683 818 1703 846 ⁵.
1719 835 1758 838 —
1773 819 1799 847 Si
1814 819 1907 856 aliqua
1920 819 2045 856 ipsarum

1195 864 1228 893 de
1243 864 1337 901 aliquo
1351 864 1467 893 crimine
1481 864 1663 893 infamaretur
1677 865 1866 895 fornicationis
1880 866 1923 895 vel
1941 866 2047 896 adulte-

1196 911 1246 946 rii,
1269 911 1361 940 statim
1383 911 1430 949 qui
1453 920 1504 940 nos
1524 911 1596 941 forte
1617 920 1672 941 non
1697 913 1844 950 diligerent
1871 913 2046 952 divulgarent

1195 957 1269 987 istud
1292 958 1319 986 in
1341 962 1465 987 nostram
1494 958 1650 993 infamiam,
1673 959 1814 989 dicentes:
1843 968 1906 990 ecce
1937 968 2047 990 sorores

1195 1004 1389 1042 nudipedissae
1418 1005 1549 1042 parvulos
1576 1006 1729 1043 nudipedes
1750 1010 1899 1044 procreant
1920 1008 1977 1043 eis;
2000 1008 2047 1037 sed

1195 1060 1211 1081 a
1232 1060 1288 1089 quo
1308 1052 1370 1081 illos
1391 1053 1566 1090 concipiunt,
1589 1053 1640 1082 nisi
1663 1054 1697 1082 ab
1719 1054 1758 1083 eis
1780 1055 1827 1092 qui
1850 1058 1908 1084 toto
1928 1055 1973 1084 die
2001 1063 2046 1084 oc-

1196 1102 1336 1136 cupantur
1357 1107 1421 1128 cum
1443 1099 1534 1137 ipsis?
1556 1100 1588 1128 Et
1616 1101 1710 1129 lascivi
1738 1101 1830 1130 clerici
1859 1102 1903 1131 vel
1930 1102 1992 1131 laici
2020 1102 2047 1131 in

1195 1146 1289 1175 odium
1311 1147 1399 1175 nostri
1421 1147 1508 1184 magis
1529 1150 1621 1176 essent
1641 1148 1786 1177 sororibus
1811 1148 1865 1178 illis
1886 1149 1993 1184 infesti,
2016 1153 2047 1178 ut

1195 1196 1245 1222 aut
1266 1197 1481 1230 corrumperent
1502 1202 1564 1229 eas,
1583 1198 1633 1223 aut
1647 1195 1825 1231 infamarent,
1841 1204 1905 1225 cum
1922 1196 2046 1234 ipsarum

1195 1239 1316 1269 dedecus
1337 1241 1363 1269 in
1386 1249 1436 1270 nos
1454 1241 1517 1277 plus
1532 1250 1615 1279 quam
1637 1242 1664 1270 in
1686 1243 1754 1271 alios
1776 1243 1953 1273 redundaret.
1968 1260 2007 1264 —
2021 1244 2047 1273 Si

1196 1287 1307 1325 quando
1328 1288 1401 1317 inter
1422 1296 1468 1317 eas
1489 1289 1582 1325 aliqua
1603 1289 1683 1318 fieret
1697 1290 1874 1327 disceptatio,
1893 1293 2047 1328 oporteret,

1196 1342 1246 1363 nos
1267 1335 1397 1372 occupari
1419 1335 1447 1364 in
1469 1335 1665 1365 reformatione
1686 1337 1761 1374 pacis
1783 1337 1855 1366 inter
1873 1345 1919 1367 eas
1933 1341 2047 1375 propter

1196 1381 1350 1411 cavendum
1373 1383 1533 1412 scandalum
1554 1383 1682 1412 aliorum.
1699 1400 1735 1404 —
1751 1385 1777 1413 Si
1794 1385 1890 1414 civitas
1909 1385 1952 1414 vel
1970 1385 2047 1423 oppi-

1197 1428 1264 1457 dum
1280 1429 1425 1467 indigeret,
1438 1438 1491 1459 non
1503 1438 1648 1467 possemus
1663 1439 1710 1460 eos
1721 1432 1803 1467 tueri,
1816 1431 1883 1469 quin
1898 1434 2047 1469 oporteret,

1197 1484 1244 1505 eos
1265 1477 1373 1505 solvere
1394 1480 1524 1514 quaestas
1544 1480 1572 1507 et
1593 1478 1703 1507 tallias⁶
1725 1482 1752 1508 et
1773 1479 1923 1509 observare
1941 1479 2047 1517 vigilias

1196 1526 1348 1552 nocturnas
1363 1527 1390 1553 et
1404 1524 1483 1553 exire
1505 1532 1568 1554 cum
1583 1525 1644 1554 aliis
1658 1525 1692 1554 ad
1707 1525 1778 1555 bella
1798 1529 1824 1555 et
1846 1526 1950 1556 habere
1970 1535 2048 1556 arma

1197 1573 1224 1599 et
1245 1578 1347 1607 equos,
1370 1571 1414 1600 vel
1435 1579 1486 1608 pro
1508 1580 1537 1600 se
1561 1572 1672 1601 mittere
1700 1572 1863 1608 bellatores,
1892 1574 1935 1603 vel
1963 1574 2046 1603 etiam

1197 1617 1314 1647 dominis
1329 1618 1402 1653 suis,
1417 1627 1433 1647 a
1447 1619 1551 1656 quihus
1565 1619 1701 1649 haberent
1714 1620 1808 1655 feuda,
1824 1621 1867 1650 vel
1881 1621 1985 1658 quibus
1998 1621 2048 1650 ali-

1197 1667 1239 1694 ter
1254 1665 1373 1701 astricti,
1389 1669 1539 1703 oporteret,
1551 1674 1597 1696 eos
1612 1667 1640 1695 in
1655 1667 1756 1697 talibus
1770 1668 1919 1697 deservire.
1935 1685 1974 1689 —
1988 1668 2047 1698 Cle-

1196 1712 1245 1741 rici
1268 1712 1367 1747 etiam,
1389 1713 1438 1750 qui
1459 1721 1510 1742 nos
1531 1722 1586 1743 non
1607 1714 1741 1751 diligunt,
1761 1715 1937 1752 imponerent
1951 1716 2045 1751 nobis,

1196 1759 1271 1796 quod
1292 1760 1387 1797 plebes
1408 1768 1473 1789 suas
1494 1761 1573 1790 nobis
1594 1762 1729 1791 vellemus
1751 1762 1804 1791 sub
1825 1763 1878 1792 hoc
1899 1763 1991 1792 colore
2005 1766 2046 1792 at-

1196 1807 1309 1836 trahere
1330 1810 1357 1836 et
1378 1811 1489 1837 nostrae
1510 1808 1682 1838 obedientiae
1702 1809 1869 1847 subjugare,
1890 1813 1922 1839 ut
1942 1818 1988 1839 res
2002 1818 2047 1840 eo-

1196 1863 1261 1884 rum
1282 1855 1361 1884 nobis
1383 1855 1513 1885 cederent
1528 1856 1665 1891 totaliter,
1681 1859 1708 1886 et
1722 1864 1794 1894 quae
1808 1857 1875 1894 ipsis
1889 1857 1990 1889 offerre
2004 1857 2047 1887 de-

1195 1902 1309 1937 berent,
1331 1910 1382 1931 nos
1402 1902 1442 1931 eis
1470 1902 1714 1940 praeriperemus3
1736 1906 1764 1933 et
1787 1904 1898 1942 quando
1919 1913 1970 1934 nos
1991 1913 2046 1934 non

1195 1951 1308 1985 possent
1328 1948 1356 1977 in
1378 1949 1505 1986 personis
1525 1950 1628 1979 nostris
1648 1949 1719 1979 forte
1740 1959 1873 1988 gravare,
1899 1951 1960 1981 illos
1981 1959 2046 1989 qua-

1194 2003 1315 2033 cumque
1337 1996 1481 2026 occasione
1502 2000 1670 2034 quaererent
1684 1998 1861 2035 perturbare.
1876 2016 1916 2019 —
1929 1999 2044 2028 Infama-

1194 2047 1257 2072 rent
1271 2043 1353 2072 etiam
1369 2051 1434 2078 nos,
1449 2044 1560 2080 quando
1575 2044 1744 2074 haberemus
1758 2053 1821 2074 cum
1844 2046 1884 2075 eis
1897 2046 2045 2084 aliquando

1194 2093 1300 2119 secreta
1332 2090 1467 2127 capitula,
1500 2091 1579 2128 quasi
1615 2092 1820 2121 celebraremus
1854 2093 2045 2122 conventicula

1193 2292 1299 2315 tebantur
1315 2293 1467 2322 sandaliaque
1486 2300 1550 2316 more
1566 2295 1671 2317 Fratrum
1685 2295 1798 2317 illinorum
1812 2295 1946 2318 deferebant
1957 2302 1984 2319 ac
1995 2302 2044 2319 cae-

1192 2331 1262 2353 libem
1281 2332 1352 2354 vitam
1370 2332 1499 2360 ducebant,
1517 2339 1617 2362 quarum
1635 2334 1692 2356 aliae
1709 2337 1774 2357 erant
1791 2335 1851 2357 votis
1868 2334 1965 2363 liberae,
1986 2335 2043 2358 aliae

1192 2371 1283 2398 ligatae.
1302 2371 1333 2393 De
1351 2372 1398 2394 istis
1416 2372 1500 2394 dicitur
1518 2372 1540 2394 in
1556 2372 1670 2395 Chronico
1683 2373 1837 2396 Normanniae
1849 2374 1906 2397 inter
1918 2375 2042 2403 scriptores

1192 2410 1300 2439 antiquos
1325 2411 1510 2434 Normannorum
1529 2418 1553 2440 p.
1571 2412 1631 2434 4009
1649 2413 1679 2435 ad
1696 2419 1783 2435 annum
1802 2413 1879 2436 4246:
1904 2413 1967 2437 Circa
1986 2415 2042 2437 haec

1192 2451 1297 2476 tempora
1315 2449 1377 2472 Ordo
1396 2451 1460 2472 venit
1477 2451 1577 2473 Parisius
1595 2451 1745 2474 Saccorum...
1763 2455 1901 2476 venerunt...
1920 2456 1942 2476 et
1959 2454 2042 2482 Begui-

1191 2494 1259 2510 nae...
1276 2488 1363 2517 quibus
1384 2489 1494 2513 omnibus
1516 2490 1649 2513 Ludovicus
1666 2497 1704 2513 rex
1721 2492 1862 2514 Francorum
1881 2493 1931 2515 loca
1948 2493 2042 2515 contulit

1192 2528 1291 2551 Parisius
1308 2528 1337 2551 ad
1356 2529 1498 2552 manendum
1521 2530 1684 2559 Beguinasque
1701 2530 1725 2552 in
1741 2537 1813 2559 regno
1831 2538 1873 2554 suo
1891 2532 1938 2554 fere
1955 2531 2042 2561 ubique

1191 2567 1321 2590 seminavit.
1341 2567 1386 2590 Csr.
1404 2569 1441 2591 ed.
1459 2569 1471 2591 3
1489 2569 1622 2592 Admonilio
1644 2570 1739 2598 praevia
1757 2570 1770 2598 S
1788 2571 1829 2597 13,
1854 2570 1893 2593 ubi
1911 2571 1981 2594 etiam
1998 2572 2041 2594 alia

1191 2608 1316 2630 afferuntur
1333 2607 1480 2630 documenta.
1498 2608 1558 2631 Vide
1576 2610 1609 2631 Du
1627 2609 1717 2638 Gange,
1735 2610 1875 2633 GlossarIum
1889 2615 1944 2638 ete,
1962 2610 2003 2634 ubi
2020 2614 2042 2634 et

1190 2645 1220 2668 de
1236 2646 1326 2674 origine
1343 2653 1436 2674 earum,
1457 2653 1517 2676 quae
1537 2648 1573 2670 vel
1594 2648 1622 2670 ad
1643 2649 1749 2678 Beyyam
1766 2649 1841 2677 pipini
1857 2649 1940 2678 filiam,
1958 2650 1995 2672 vel
2011 2650 2041 2673 ad

1191 2684 1344 2708 Lambertum
1362 2685 1382 2709 le
1401 2686 1476 2716 Reque
1493 2686 1574 2716 (1180)
1592 2687 1710 2710 reducitur
1728 2688 1858 2711 secundum
1875 2689 1995 2717 opiniones
2009 2689 2041 2712 in-

1190 2727 1223 2746 ter
1241 2724 1362 2747 historicos
1379 2725 1505 2754 praecipue
1523 2729 1688 2754 propugnatas.
1705 2726 1828 2755 Quomodo
1846 2731 1868 2750 et
1885 2727 1980 2757 quando
2000 2729 2039 2750 Be-

1190 2763 1276 2791 guinae
1292 2764 1314 2786 in
1332 2764 1431 2787 diversis
1448 2765 1583 2793 regionibus
1604 2766 1739 2789 relationem
1755 2773 1810 2789 cum
1831 2767 1897 2790 terlio
1914 2767 1999 2790 Ordine
2017 2768 2039 2790 S.

1190 2802 1315 2830 Francisci,
1328 2806 1353 2825 ut
1364 2804 1401 2826 liic
1413 2803 1562 2832 describitur,
1580 2804 1684 2833 inierint,
1702 2805 1854 2835 relinquimus
1871 2806 1985 2829 historicis
2002 2806 2039 2829 de-

1189 2842 1370 2865 terminandum.

1252 2880 1262 2893 ⁵
1280 2881 1412 2904 Secundum
1430 2882 1465 2904 Du
1484 2882 1574 2911 Cange,
1592 2883 1734 2906 Glossarium
1756 2887 1801 2907 etc.
1824 2883 1928 2912 Quaesta
1947 2887 1981 2907 est
2003 2885 2039 2907 tri-

1189 2919 1284 2949 butum,
1302 2921 1365 2950 quod
1383 2922 1494 2950 exigitur,
1512 2922 1644 2952 quaeritur,
1665 2923 1762 2951 petitum
1781 2923 1849 2947 tallia
1866 2930 1922 2947 vero
1936 2926 2038 2952 praesta-

1189 2959 1234 2987 tio,
1253 2966 1313 2989 quae
1331 2961 1431 2984 dominis
1449 2961 1473 2984 fit
1490 2968 1502 2983 a
1520 2961 1652 2985 tenentibus
1669 2969 1710 2985 seu
1727 2963 1819 2985 vasallis
1837 2963 1859 2986 in
1875 2963 1942 2986 certis
1955 2969 2035 2986 eorum

1189 2999 1363 3022 necessitatibus
1380 3004 1422 3023 etc.
1440 3013 1470 3017 —
1489 3001 1510 3022 ln
1530 3002 1572 3024 hac
1589 3002 1750 3030 propositione
1774 3008 1827 3025 cum
1846 3002 1883 3025 ed.
1900 3003 1913 3024 3
1931 3001 1967 3025 bis
1983 3001 2038 3025 sub-

1188 3038 1304 3061 stituimus
1321 3045 1360 3062 eos
1377 3045 1419 3068 pro
1437 3045 1484 3062 eus.

2122 455 2125 468 Ι

2061 591 2121 615 Quinta

2061 824 2117 846 Sexta,

2064 1248 2121 1273 Septim

2063 1389 2120 1410 Octav¹

2065 1672 2114 1691 Nona

2062 2001 2118 2022 Decin
