2133 3317
108 294 193 330 alapis
223 296 250 321 et
284 292 473 329 conspuitione
507 292 696 321 desiderabilis
731 292 824 321 vultus
855 292 950 328 optimi

109 342 182 374 Iesu,
204 340 250 369 sed
272 340 352 368 etiam
374 339 408 367 ad
429 347 563 375 genarum
584 339 672 375 ipsius
687 339 885 372 vellicationem
900 347 950 367 ex-

107 386 206 416 arsisse
226 389 253 414 et
273 394 289 413 a
310 385 388 414 vultu
410 385 569 414 dulcissimo
590 385 623 413 ad
639 385 855 413 rubricationem
871 393 949 413 rosae

108 437 216 463 nostrae
237 433 399 469 sanguinem
420 432 555 461 elicuisse.
579 432 678 466 Video,
702 432 781 469 Aqui
801 432 875 460 illius
896 431 949 460 im-

107 480 250 509 maculati
262 481 270 496 ¹
293 480 450 516 patientiam
471 479 660 507 admirabilem
683 482 710 507 et
732 479 889 507 imitandam
905 486 950 515 ge-

186 859 209 886 l.
231 858 336 894 Quarta
356 858 497 894 sanguinis
518 857 615 886 effusio
635 860 695 885 erat
717 857 744 885 in
772 865 874 885 corona
899 857 950 885 im-

7 912 94 940 munia
106 905 164 934 miti
185 905 280 941 spinea
301 913 354 933 non
377 904 473 933 leviter
495 904 633 940 imposita,
649 904 696 933 sed
711 903 802 932 invide
817 904 951 940 impressa

7 941 91 980 *iiam
106 951 186 989 eapiti
207 951 366 980 dulcissimo
387 951 473 979 nostri
497 951 556 980 Iesu
567 951 586 979 ³.
609 951 679 979 Satis
694 954 735 980 est
748 951 821 979 enim
836 958 950 979 consen-

106 1002 216 1027 taneum
238 998 362 1032 veritati,
386 1001 417 1026 ut
446 997 569 1026 odientes
600 997 744 1026 veritatem
775 1005 829 1025 non
861 997 949 1025 solum

16 1053 94 1080 rohriqm
105 1044 286 1082 opprobrium
309 1045 382 1073 illlus
404 1044 595 1081 requirerent,
617 1044 663 1073 sed
685 1047 712 1073 et
733 1044 900 1081 supplicium
919 1043 951 1072 11-

9 1077 84 1120 eifflh'
106 1092 167 1121 lius.
182 1092 236 1120 Nec
257 1091 301 1119 hic
320 1095 387 1128 puto
408 1091 482 1120 rivos
503 1091 645 1128 sanguinis
665 1091 797 1125 defuisse,
813 1091 861 1128 qui
876 1099 891 1119 a
906 1098 950 1119 ca-

105 1139 160 1176 pite
180 1137 352 1166 irrisorie‘et
373 1137 463 1166 invide
485 1140 615 1166 coronato
633 1138 838 1167 defluxerunt4
852 1138 879 1166 in
895 1138 951 1166 601-

105 1185 162 1213 lum
184 1184 266 1213 simul
287 1188 313 1213 et
335 1185 362 1213 in
384 1184 480 1213 faciem
502 1184 591 1213 dulcis
612 1185 687 1219 Iesu;
703 1185 849 1222 quoniam,
865 1185 886 1213 si
902 1193 950 1213 no-

105 1232 220 1261 luissent
240 1235 370 1260 60100010
391 1232 475 1260 simul
496 1240 611 1268 poenam
633 1239 696 1261 cum
719 1232 894 1260 irrisionibus
913 1232 950 1260 ir-

624 214 820 243 OPUSCULUM
842 215 873 243 X.
896 215 981 243 VITIS
1001 214 1150 243 MYSTICA.
1173 214 1241 243 CAP.
1264 215 1340 243 XXII.

1799 214 1852 242 185

1008 300 1056 320 nas
1071 292 1262 328 pudicissimas
1277 292 1558 329 impiulicissimorum
1574 291 1716 329 unguibus
1731 292 1853 320 laceran-

1006 338 1055 367 das
1076 347 1138 367 6001
1160 339 1233 367 011101
1257 339 1466 367 mansuetudine
1488 338 1664 375 praebuisse,
1690 341 1721 366 ut
1749 339 1853 375 patien-

1007 388 1049 413 ter
1070 386 1254 419 sufl'eramus,
1276 386 1297 414 si
1319 386 1466 422 aliquando
1488 388 1609 414 nostram
1629 384 1736 422 faciem
1751 384 1853 421 coufu-

1006 432 1050 460 310
1073 435 1185 468 propter
1208 432 1297 468 ipsum
1320 433 1432 469 operiat
1443 433 1462 460 2.

858 613 1018 641 CAPiTuLtui
1039 613 1104 640 XXI.

723 735 762 763 De
782 739 892 772 quctrta
913 734 1051 772 emisione
1070 735 1236 771 scmqm’nz‘s.

1789 827 1799 840 θ

1007 865 1121 893 rogare,
1144 857 1250 886 facilius
1271 858 1304 885 116
1325 858 1385 886 aliis
1407 859 1556 887 viminibus
1579 859 1619 887 vel
1642 859 1758 896 virgulis
1772 860 1853 888 arbo-

1008 904 1046 931 ris
1066 904 1184 932 alicuius
1205 907 1356 940 potuerunt
1378 905 1497 941 plexisse
1518 913 1656 934 coronam.
1679 906 1730 934 Sed
1750 909 1780 934 ut
1796 914 1853 934 mo-

1008 958 1070 978 rum
1092 958 1209 979 suorum
1231 951 1341 979 aculeos
1361 951 1600 987 demonstrarent,
1622 961 1696 982 nunc
1716 953 1813 990 ytoria
1828 957 1854 981 et

1007 996 1114 1025 bonore
1134 998 1329 1026 coronatum⁵
1352 1000 1417 1027 tunc
1444 999 1586 1035 spinarum
1614 1000 1718 1028 aculeis
1738 1008 1853 1028 corona-

1008 1046 1109 1073 verunt
1136 1044 1241 1081 Agnum
1263 1045 1456 1079 mitissimum,
1478 1046 1625 1074 Dominum
1649 1047 1746 1075 Iesum.
1770 1047 1800 1075 Et
1822 1047 1853 1075 li—
1871 1051 1983 1071 Notandum-

1008 1094 1050 1120 cet
1072 1091 1195 1120 irrisorie
1217 1092 1426 1126 coronaverint,
1449 1096 1538 1122 tamen
1561 1093 1708 1122 irridentes
1729 1096 1756 1122 et
1777 1094 1852 1131 igno-

1008 1141 1102 1167 rantes
1122 1142 1284 1167 eoronatum
1307 1146 1401 1176 regem
1429 1139 1564 1173 fatentur,
1593 1140 1658 1177 quia
1687 1148 1783 1177 regum
1812 1143 1853 1169 est

1008 1185 1120 1222 proprie
1141 1193 1242 1214 corona
1253 1185 1280 1213 ⁶:
1302 1194 1368 1222 ergo
1386 1194 1437 1214 rex
1453 1195 1468 1214 a
1482 1187 1669 1216 nescientibus
1682 1187 1853 1216 demonstra-

1008 1234 1070 1266 tur,
1093 1232 1118 1260 in
1141 1232 1226 1269 spinis
1248 1240 1313 1261 vero
1335 1233 1526 1262 coronantium
1549 1234 1650 1262 malitia
1675 1235 1852 1271 exprimitur.

849 1367 1009 1396 Cfflwmn
1030 1367 1106 1396 XXII.

728 1490 767 1518 De
787 1490 890 1528 quinta
910 1489 1048 1528 cffltsione
1068 1490 1233 1527 sanguinis.

186 1615 210 1642 1.
232 1613 333 1650 Quinta
354 1613 495 1650 sanguinis
516 1613 614 1642 effusio
641 1613 763 1641 constitit
788 1613 815 1641 in
843 1613 948 1642 crudeli

0 1672 16 1687 »n
29 1661 287 1698 rqitinflagellatione
308 1660 520 1689 mansuetissimi
542 1660 624 1697 Agrii,
646 1660 718 1688 rosei
741 1660 800 1689 Iesu
812 1660 831 1688 ⁷.
848 1659 870 1688 O
885 1668 948 1688 cum

0 1690 208 1745 Μωιοιιθ’1106111111
228 1707 380 1744 quantitate
401 1710 483 1743 putas
504 1707 580 1735 11111111
602 1707 819 1735 sacratissimum
838 1706 949 1743 sangui-

104 1762 166 1783 nem
188 1754 222 1782 de
243 1753 380 1783 conscisso
400 1761 516 1790 corpore
538 1753 665 1790 flagellati
680 1753 825 1782 distillasse
844 1753 870 1781 in
893 1756 948 1782 ter-

103 1802 177 1830 ram!
200 1800 268 1829 Cum
289 1803 393 1838 quanta
413 1804 495 1837 putas
516 1800 628 1829 saevitia
653 1800 801 1837 impiorum
829 1799 948 1828 fremen-

104 1847 189 1882 tium,
210 1850 314 1884 quanto
334 1847 447 1876 fremitu
468 1847 648 1876 saevientium
671 1847 839 1884 flagellatum
864 1846 947 1875 fuisse

103 1895 211 1924 dulcem
233 1895 338 1928 Iesum,
359 1895 407 1932 qui
430 1894 532 1923 idcirco
553 1894 717 1928 advenerat,
739 1897 771 1923 ut
792 1902 842 1923 nos
862 1902 878 1922 a
900 1894 947 1922 fla-

103 1941 180 1979 gellis
207 1941 327 1970 aeterniS
348 1941 493 1970 liberaret!
520 1953 533 1966 «
549 1941 611 1969 Sine
635 1949 734 1975 causa,
756 1941 877 1978 inquit⁸,
899 1941 948 1969 ssa-

1006 1613 1084 1650 gellis
1105 1613 1265 1642 ceciderunt
1286 1621 1329 1642 me
1343 1625 1370 1642 ».
1393 1614 1463 1643 Vere
1484 1614 1545 1643 sine
1566 1623 1677 1649 caiisa,
1703 1615 1753 1644 nisi
1782 1615 1852 1644 forte

1006 1659 1154 1688 miserrimi
1176 1662 1204 1688 et
1224 1660 1346 1696 perversi
1370 1660 1441 1689 bona
1461 1669 1546 1697 opera
1574 1664 1621 1689 tua
1649 1662 1744 1698 poenis
1770 1662 1852 1699 digna

1006 1706 1179 1741 indicarent,
1213 1707 1266 1745 qui
1298 1707 1446 1736 veritatem
1484 1709 1510 1736 in
1550 1708 1691 1737 mendacio
1725 1709 1851 1738 detinue-

1005 1757 1077 1781 runt
1089 1754 1108 1781 ⁹.

1084 1802 1110 1829 Ξ.
1133 1800 1184 1829 Sed
1205 1804 1232 1829 et
1254 1801 1296 1829 his
1325 1801 1467 1830 moraliter
1495 1801 1657 1836 erudimur,
1686 1806 1716 1831 ut
1745 1803 1852 1840 flagella
1866 1806 1997 1834 Eruditiomo-

1899 1831 1951 1849 ralis.

1004 1847 1153 1876 beatissimi
1185 1847 1272 1876 Patris
1303 1848 1389 1877 nostri
1420 1848 1559 1877 discamus
1588 1849 1790 1886 aequanimiter
1812 1853 1852 1878 to-

984 1894 1110 1928 ·Ierare,
1132 1894 1179 1931 qui
1201 1894 1384 1930 pessimorum
1413 1894 1521 1931 flagella
1548 1903 1599 1931 pro
1627 1895 1706 1924 nobis
1734 1896 1852 1933 indignis

1005 1943 1060 1969 tam
1081 1941 1217 1977 patienter
1238 1941 1370 1970 sustinuit
1397 1941 1574 1970 dulcissimus
1596 1942 1730 1971 Dominus
1758 1945 1851 1972 noster

165 2144 173 2156 ¹
192 2144 261 2172 Epist.
284 2145 298 2166 l.
322 2144 380 2166 Petr.
402 2144 423 2172 sl,
447 2144 482 2166 19.
499 2156 530 2161 -
546 2144 642 2167 Inferius
663 2150 706 2172 pro
729 2144 870 2168 imitandam
891 2145 946 2167 Bon.

103 2182 275 2210 inimitandam,
298 2185 321 2204 et
342 2189 385 2210 pro
408 2181 652 2212 impudicissimorum
674 2182 716 2206 CE
735 2182 946 2213 impudentissimo-

103 2227 166 2244 rum.

165 2259 174 2272 ²
192 2261 272 2283 Psalm.
291 2261 332 2287 68,
350 2261 376 2282 8:
394 2260 490 2288 Operuit
506 2261 610 2283 confusio
629 2261 709 2289 faciem
727 2267 811 2284 meam.
829 2274 858 2277 —
876 2262 947 2289 Supe-

102 2299 151 2322 rius
168 2301 219 2327 post
235 2298 372 2328 praebuisse
388 2300 406 2322 A
424 2299 586 2328 prosequitur:
603 2301 624 2322 et
640 2299 708 2323 nobis
728 2299 853 2323 moraliter
875 2300 947 2324 doca-

102 2340 209 2361 mentum
219 2337 367 2367 praebuisse,
387 2337 552 2368 utaliquando
568 2339 678 2361 nostram
689 2338 774 2368 faciem
791 2338 883 2369 operiat
894 2345 946 2362 con-

103 2376 164 2406 fusio
181 2378 278 2406 propter
303 2376 393 2406 ipsum,
411 2377 483 2400 immo
508 2378 529 2400 et
545 2376 567 2400 si
583 2376 636 2406 quis
652 2383 695 2400 nos
720 2377 803 2401 caedat
819 2377 843 2400 in
859 2377 945 2407 faciem

103 2414 139 2444 [ll.
156 2415 207 2438 Cor.
226 2416 267 2442 11,
285 2414 334 2444 20.]
353 2414 428 2438 verbis
445 2414 481 2438 vel
497 2415 566 2445 factis
575 2417 674 2445 propter
691 2415 783 2439 dulcem
795 2416 873 2439 lesum
886 2416 946 2445 (con-

103 2454 169 2477 sentit
180 2455 216 2477 ed.
235 2455 261 2481 1,
278 2455 358 2482 paucis
376 2455 486 2484 mutatis).

165 2493 174 2506 ³
190 2493 236 2517 Cfr.
254 2495 330 2516 Matth.
348 2494 389 2522 27,
407 2494 449 2522 29;
467 2495 528 2517 ioan.
544 2494 585 2521 19,
603 2495 625 2516 2.
637 2506 668 2510 —
681 2494 721 2517 Ed.
740 2495 747 2516 l
763 2500 816 2517 cum
835 2495 864 2517 A:
876 2495 946 2523 Quar-

103 2536 148 2555 tam
166 2533 284 2561 sanguinis
301 2533 418 2561 purissimi
435 2533 570 2556 effusionem
593 2533 614 2555 in
638 2539 722 2555 corona
740 2533 844 2555 invenire
868 2539 946 2561 possu-

104 2578 155 2595 mus
172 2572 198 2601 [A
216 2571 325 2595 debemus
343 2571 433 2595 inimici
449 2572 487 2601 (1),
504 2572 628 2600 legendum
646 2578 699 2594 6001
716 2572 761 2594 DE
777 2571 874 2599 immiti,
895 2573 946 2595 licet

103 2611 170 2633 etiam
187 2611 203 2634 C
222 2614 292 2639 ponat
307 2611 421 2640 inimici],
435 2612 456 2634 in
468 2618 553 2634 corona
565 2611 657 2639 spinea,
674 2618 719 2634 non
731 2614 806 2634 tamen
825 2612 905 2634 leviter
917 2611 944 2640 [A

104 2651 196 2673 tantum
213 2649 318 2680 leniter-J,
336 2650 376 2673 sed
394 2650 470 2673 valide
488 2650 514 2679 [A
532 2650 616 2679 invide]
634 2651 746 2678 impressa
771 2650 841 2678 capiti
864 2651 946 2673 dulcis-

104 2689 161 2711 simo
177 2689 258 2717 capitis
274 2689 320 2711 mei
343 2688 371 2718 [A
388 2688 477 2718 nostri]
501 2689 575 2712 dulcis
593 2690 649 2711 16511.
671 2689 729 2711 Satis
749 2689 810 2711 611101
833 2690 946 2712 consentit

104 2728 192 2750 veritati
209 2731 252 2750 616.

164 2767 174 2779 ⁴
192 2767 247 2790 Bon.
263 2774 316 2790 cum
334 2767 372 2790 ed.
390 2768 398 2789 l
420 2770 442 2790 et
458 2768 476 2790 A
493 2766 629 2796 defluerent.
647 2767 742 2790 Inferius
759 2774 801 2795 pro
819 2767 945 2790 viminibus

104 2805 140 2828 ed.
161 2806 168 2827 1
190 2806 265 2829 ramis
289 2807 342 2834 (DE
364 2806 472 2829 omittunt
493 2805 620 2829 viminibus
642 2806 701 2834 vel),
718 2809 741 2829 et
757 2813 799 2834 pro
814 2809 945 2836 potuerunt

105 2843 146 2872 (ita
163 2844 179 2867 C
189 2845 207 2867 D
217 2846 241 2873 E)
259 2846 315 2868 alias
329 2847 466 2875 potuerant.

165 2882 174 2895 ⁶
192 2884 271 2906 Psalm.
290 2885 315 2912 8,
332 2885 359 2906 6:
376 2885 450 2907 Gloria
469 2887 491 2906 et
508 2885 596 2907 honore
612 2884 726 2906 coronasti
739 2890 800 2906 eum.
817 2884 862 2907 Cfr.
875 2884 945 2906 Hebr.

104 2922 129 2948 ²,
146 2921 167 2944 7.
186 2922 240 2945 Bon.
259 2926 336 2945 contra
354 2924 370 2945 Α
381 2922 398 2945 C
409 2923 451 2945 DE
468 2926 491 2945 et
510 2923 547 2945 ed.
566 2924 573 2945 l
596 2929 643 2946 non
665 2922 744 2952 qim-itt
761 2924 783 2946 et
799 2922 888 2946 bonore
909 2929 946 2946 60-

103 2961 223 2983 renatum.

164 2997 174 3011 ⁶
193 3000 221 3022 lla
239 2999 255 3021 C
266 3000 321 3027 DE;
338 3000 395 3022 Bon.
412 3006 465 3022 cum
483 3000 519 3023 ed.
541 3001 546 3022 l
569 3003 590 3022 61
607 3001 624 3022 Α
642 2999 757 3023 coronari
773 3003 795 3023 et
807 3000 892 3023 deinde
905 3000 946 3023 Co-

195 3045 221 3069 S.
233 3046 325 3069 Bonae.
335 3059 365 3063 —
378 3046 447 3069 Tom.
457 3046 514 3069 Vlll.

1002 2145 1103 2167 renatus
1120 2149 1177 2173 erqo
1194 2150 1239 2166 rea:
1255 2149 1305 2166 esse
1321 2150 1336 2166 a
1352 2143 1508 2166 nescientibus
1525 2146 1569 2166 ete.
1588 2144 1682 2166 Inferius
1699 2147 1752 2172 post
1771 2143 1849 2174 expri-

1002 2182 1078 2206 mitur
1094 2183 1131 2205 ed.
1150 2183 1158 2205 1
1181 2187 1202 2205 61
1220 2183 1275 2205 Bon.
1292 2189 1345 2205 cum
1363 2183 1394 2210 A,
1412 2183 1494 2205 ceteris
1514 2183 1582 2205 codd.
1606 2183 1789 2211 refragantibus,
1812 2184 1850 2206 ad-

1003 2222 1073 2244 dunt:
1090 2222 1202 2244 Mol-aliter
1218 2225 1295 2244 autem
1314 2222 1437 2249 docemur,
1454 2222 1537 2244 imitari
1549 2225 1620 2250 caput
1636 2225 1752 2251 nostrum,
1769 2229 1849 2251 regem

1003 2263 1025 2282 et
1041 2261 1125 2282 ducem
1137 2263 1254 2287 nostrum,
1271 2260 1363 2282 dulcem
1377 2260 1442 2289 [Bou.
1454 2259 1628 2289 dulcissimum]
1641 2261 1724 2283 Iesum.
1737 2261 1759 2283 Si
1771 2264 1849 2283 autem

1004 2300 1030 2329 [A
1048 2299 1156 2329 quando,
1174 2300 1230 2322 Bon.
1241 2299 1307 2329 erqo]
1325 2300 1439 2322 malorum
1451 2299 1608 2328 quorumlibet
1624 2300 1775 2328 pei-versitate
1787 2306 1850 2322 com-

1003 2339 1131 2367 pungimur
1147 2341 1170 2361 et
1187 2338 1214 2368 [A
1231 2338 1268 2368 si]
1289 2338 1425 2365 irridemur,
1443 2345 1496 2361 cum
1520 2342 1590 2367 caput
1610 2341 1716 2361 nostrum
1740 2339 1769 2361 ita
1787 2345 1848 2361 com-

1003 2381 1127 2406 punctum,
1140 2378 1169 2400 ita
1185 2378 1276 2400 irrisum
1289 2378 1477 2406 conspexerimus
1489 2377 1519 2408 [A
1533 2378 1597 2401 addit
1609 2377 1736 2407 beniqnum
1748 2377 1848 2407 lesum]‚

1002 2423 1047 2439 non
1065 2423 1251 2445 murmuremus,
1273 2423 1319 2439 non
1342 2417 1526 2445 recalcitremus,
1550 2423 1637 2445 pauca,
1659 2423 1719 2446 quae
1737 2416 1804 2439 nobis
1827 2417 1848 2439 in

1003 2456 1048 2477 vita
1066 2456 1181 2483 praesenti
1198 2458 1220 2478 et
1237 2455 1303 2478 brevi
1320 2455 1460 2482 inferuntur,
1478 2461 1531 2477 61101
1549 2455 1611 2477 omni
1629 2455 1807 2484 aequanimitate
1827 2458 1849 2478 et

1003 2494 1109 2522 patientia
1122 2494 1267 2521 sufferendo,
1284 2497 1308 2516 ut
1319 2494 1383 2522 digni
1401 2495 1473 2517 simus
1485 2501 1535 2517 esse
1548 2493 1652 2516 membra
1666 2494 1747 2522 capitis
1764 2494 1847 2521 nostri,

1003 2535 1024 2554 et
1041 2532 1070 2561 [A
1088 2532 1122 2562 ut]
1135 2533 1189 2555 boni
1206 2532 1327 2555 bellatores
1339 2533 1423 2560 simus,
1438 2533 1557 2562 sequendo
1574 2533 1671 2561 vestigia
1688 2533 1790 2561 signiferi
1811 2539 1848 2555 no-

1002 2572 1041 2593 stri
1060 2571 1087 2600 [A
1104 2572 1168 2594 addit
1184 2571 1313 2595 rubicundi
1329 2571 1384 2595 boni
1400 2572 1471 2601 lestiJ.

1066 2610 1074 2623 ⁷
1091 2611 1137 2634 Cfr.
1156 2612 1232 2634 Mattli.
1251 2611 1293 2638 27,
1311 2612 1352 2638 26;
1371 2612 1438 2634 Marc.
1460 2611 1498 2638 15,
1517 2612 1557 2638 l5;
1576 2612 1634 2633 loun.
1657 2612 1695 2638 19,
1717 2612 1735 2633 1.
1757 2623 1787 2628 -
1808 2612 1849 2633 Su-

1003 2650 1081 2678 perius
1098 2656 1141 2678 pro
1152 2649 1255 2673 constitit
1273 2650 1315 2678 (ita
1333 2650 1359 2679 C)
1374 2650 1428 2672 Bon.
1445 2649 1533 2678 ewtitit,
1554 2650 1571 2672 D
1581 2651 1596 2671 E
1613 2649 1705 2677 existit,
1718 2650 1755 2672 ed.
1770 2650 1777 2671 1
1793 2656 1846 2672 61101

1003 2691 1019 2711 A
1038 2689 1093 2717 legit
1110 2688 1199 2717 Quinta
1221 2688 1352 2712 rubricatio
1369 2695 1439 2711 rosae
1456 2688 1484 2718 [A
1507 2689 1571 2711 addit
1590 2688 1697 2718 nostrae]
1719 2688 1847 2712 invenitur.

1003 2728 1099 2750 Inferius
1111 2734 1153 2756 pro
1165 2727 1282 2757 flaqellati
1298 2728 1335 2750 ed.
1349 2728 1355 2749 l
1373 2729 1395 2751 61
1405 2727 1538 2757 flabellum,
1551 2730 1573 2750 et
1585 2734 1627 2755 pro
1639 2726 1765 2750 distillasse
1777 2727 1794 2750 C
1803 2727 1822 2750 D
1832 2728 1847 2750 E

1002 2765 1125 2789 distillare.

1065 2804 1074 2816 ⁸
1092 2804 1192 2827 Breviar.
1211 2805 1318 2831 Roman„
1336 2804 1451 2827 dominica
1470 2805 1566 2827 Palmar.
1584 2805 1653 2832 Resp.
1670 2804 1698 2827 ud
1720 2804 1742 2827 9.
1759 2805 1809 2826 lect.
1826 2806 1848 2826 et

1003 2843 1056 2866 feria
1075 2844 1112 2866 lV.
1134 2844 1215 2865 maior.
1240 2843 1349 2866 hebdom.
1373 2844 1441 2871 Resp.
1467 2843 1496 2866 ad
1513 2844 1536 2866 3.
1560 2844 1610 2866 lect.
1629 2856 1657 2859 —
1680 2843 1784 2870 Hieron„
1810 2843 1848 2865 IV.

1002 2882 1131 2905 Comment.
1150 2883 1170 2905 in
1189 2883 1265 2905 lllattli.
1283 2883 1325 2909 27,
1343 2883 1385 2905 26:
1403 2883 1450 2905 Hoc
1467 2887 1543 2905 autem
1562 2884 1647 2905 factum
1665 2885 1709 2909 cst,
1735 2885 1771 2910 ut,
1793 2882 1846 2911 quia

1002 2922 1114 2949 scriptum
1131 2924 1179 2944 erat
1197 2922 1242 2950 [Ps.
1265 2922 1302 2950 31,
1320 2921 1381 2951 40.]:
1404 2921 1480 2945 Multa
1502 2921 1598 2952 111196ίί11
1618 2923 1783 2951 peccatorum,
1809 2922 1847 2943 illo

1003 2961 1128 2989 flagellato,
1146 2967 1187 2983 nos
1203 2967 1215 2983 a
1234 2960 1371 2984 verberibus
1387 2961 1539 2984 liberaremur
1553 2963 1596 2984 etc.

1065 2999 1074 3012 ⁹
1092 3000 1157 3022 Rom.
1178 3001 1201 3028 l,
1223 3001 1261 3022 l8:
1279 3000 1322 3028 Qui
1340 3001 1460 3023 veritatem
1479 3000 1518 3023 Dei
1537 3001 1558 3022 in
1576 3000 1683 3023 iniustitia
1702 3000 1811 3022 detinent.

1722 3046 1751 3068 24
