2133 3317
143 1092 196 1115 Item,
210 1094 229 1111 te

111 1121 178 1135 exerce
205 1116 230 1134 ad

111 1141 149 1158 tres
172 1139 229 1158 virtu-

112 1165 146 1182 tes.

114 1280 184 1303 Primo,
198 1280 222 1299 ad

122 1304 146 1322 tri
161 1304 216 1322 licem

109 1332 140 1346 mo
155 1328 228 1346 estiam.

104 2040 198 2063 Secundo,
206 2041 230 2060 ad

120 2064 214 2091 triplicem

119 2090 218 2107 iustitiam.

251 210 305 239 130

247 292 406 327 peccantem
430 292 484 317 tam
508 288 643 325 patienter
665 287 812 321 sustinuit,
829 290 883 316 tam
906 288 1099 325 longanimiter

250 336 434 372 exspectavit,
457 338 513 363 tam
535 334 751 363 misericorditer
773 334 807 362 ad
839 334 1035 371 poenitentiam
1058 343 1100 363 re-

247 383 345 416 duxit,
367 382 415 411 tibi
438 381 612 410 concedendo
634 381 758 415 veniam,
780 381 950 410 infundendo
972 381 1098 418 gratiam,

247 428 434 467 promittendo
455 436 603 462 coronam,
625 428 692 457 dum
724 431 815 457 tamen
844 428 933 457 eidem
955 428 1099 465 impendas

247 493 284 498 —-
306 477 350 505 vel
371 476 463 513 potius
484 475 518 504 ab
540 475 599 512 ipso
621 475 755 512 suscipias
770 475 844 512 quod
859 475 883 504 ei
903 475 1039 512 rependas
1059 492 1098 496 -—

246 523 429 558 sacrificium
452 522 643 551 contribulati
662 523 797 559 spiritus,
819 522 918 551 cordis
940 523 1061 551 contriti
1074 526 1099 551 et

247 570 397 599 humiliati
408 570 417 586 ¹
434 577 484 606 per
506 569 755 606 compunctionem
769 577 906 604 amaram,
922 578 972 606 per
987 569 1098 607 confes-

245 618 353 646 sionem
370 616 529 651 veridicam,
546 624 595 653 per
609 615 841 653 satisfactionem
857 617 1029 654 condignam.
1046 618 1098 646 De-

246 663 351 697 sidera,
373 663 503 700 inquam,
524 662 701 691 vehementer
722 663 842 691 divinam
858 663 1098 700 complacentiam

246 718 296 748 per
327 710 431 747 largam
464 710 663 738 immissionem
695 710 815 746 Spiritus
846 710 950 745 sancti,
972 710 1098 739 desidera

245 756 439 785 vehementius
460 757 580 785 divinam
604 755 840 794 conformitatem
862 765 911 794 per
933 765 1097 794 expressam

245 804 425 833 imitationem
438 804 540 832 Christi
556 804 695 838 crucifixi,
711 804 838 833 desidera
852 803 1098 833 vehementissime

246 851 367 880 divinam
383 850 665 888 comprehensionem
687 859 737 888 per
759 855 883 888 apertam
900 852 1034 881 visionem
1049 852 1098 880 Pa-

246 898 297 927 tris
318 898 440 932 aeterni,
462 901 494 926 ut
515 898 651 926 veraciter
683 906 746 926 cum
770 899 930 935 Propheta2
951 899 1096 927 decantes:

246 945 344 974 Sitivit
358 945 462 973 anima
473 953 538 973 mea
553 945 594 973 ad
606 945 697 973 Deum
712 944 829 983 fortem,
845 945 964 979 vivum,·
978 946 1097 984 quando

245 992 362 1021 veniam
389 996 414 1020 et
435 991 584 1029 apparebo
606 996 672 1020 ante
692 991 801 1029 faciem
824 993 876 1021 Dei
883 992 896 1020 f>

326 1040 352 1067 8.
375 1039 476 1073 Porro,
498 1042 530 1068 ut
552 1039 627 1068 hunc
649 1039 676 1067 in
699 1039 747 1068 te3
763 1039 892 1076 spiritum
909 1039 1034 1073 timoris,
1049 1039 1097 1068 do-

246 1087 313 1115 loris
339 1090 366 1115 et
387 1086 495 1115 ardoris
516 1086 684 1115 intrinsecus
705 1094 817 1120 serves,
842 1095 941 1115 exerce
969 1090 993 1114 te
1020 1085 1097 1123 foris

246 1134 280 1162 ad
293 1133 479 1162 omnimodam
494 1133 680 1167 modestiam,
696 1133 852 1166 iustitiam,
865 1133 1012 1170 pietatem,
1029 1141 1097 1170 qua-

247 1183 328 1209 tenus
349 1180 429 1209 iuxta
450 1180 649 1209 documentum
664 1180 809 1217 Apostoli4
825 1179 975 1218 abneyans
996 1179 1097 1216 impie—

245 1231 331 1256 tatem
353 1232 378 1256 ct
398 1227 569 1256 saecularia
600 1227 762 1261 desideria,
791 1227 886 1256 sobrie
917 1231 942 1255 et
974 1227 1048 1256 iuste
1073 1231 1097 1255 et

244 1275 290 1312 pie
310 1275 395 1303 vivas
416 1275 448 1303 in
479 1273 531 1303 hoc
561 1275 686 1303 saeculo.
711 1292 746 1295 —
770 1275 876 1304 Exerce
898 1275 992 1312 itaque
1015 1278 1040 1303 te
1062 1274 1097 1303 ad

244 1322 430 1351 omnimodam
453 1322 634 1357 modestiam,
651 1325 682 1351 ut
696 1323 777 1351 iuxta
798 1322 918 1359 Apostoli
940 1321 1096 1350 doctrinam

243 1369 385 1398 modestia
407 1372 459 1397 tua
479 1373 549 1398 nota
569 1369 609 1398 sit
630 1369 764 1398 omnibus
786 1368 961 1398 hominibus.
984 1369 1021 1397 Ad
1036 1378 1097 1397 mo-

243 1417 381 1450 destiam,
404 1416 535 1453 inquam⁷
555 1417 759 1453 parsimoniae
780 1417 808 1445 in
831 1417 906 1445 victu
929 1419 957 1445 et
978 1416 1095 1450 vestitu,

242 1464 271 1493 in
285 1472 382 1493 somno
403 1467 430 1492 et
450 1464 557 1501 vigilia,
579 1464 607 1492 in
628 1464 683 1492 otio
698 1467 725 1493 et
741 1464 848 1499 labore,
864 1467 896 1493 ut
909 1464 937 1492 in
952 1464 1029 1493 nullo
1044 1472 1095 1493 ex-

243 1511 332 1540 cedas.
350 1527 389 1531 --
403 1511 440 1539 Ad
455 1511 627 1539 modestiam
648 1511 822 1548 disciplinae
843 1520 892 1548 per
915 1512 1094 1540 moderamen

243 1558 343 1587 silentii
366 1561 393 1587 et
415 1558 557 1595 loquelae,
579 1559 737 1588 moeroris⁵
759 1562 786 1587 et
801 1559 907 1596 gaudii,
933 1562 1095 1588 mansuetu-

243 1605 315 1634 dinis
336 1609 364 1634 et
384 1605 501 1642 rigoris,
524 1606 604 1634 iuxta
635 1606 711 1643 quod
741 1607 936 1643 opportunitas
958 1607 1045 1643 exigit
1069 1610 1096 1635 et

243 1655 319 1681 recta
340 1652 411 1681 ratio
432 1652 525 1681 dictat.
547 1669 587 1672 -
608 1653 645 1681 Ad
667 1653 839 1681 modestiam
864 1652 1023 1682 honestatis
1046 1662 1095 1690 per

242 1699 443 1736 regulationem
452 1699 472 1734 ⁶,
482 1699 682 1728 ordinationem
695 1703 722 1728 et
733 1700 959 1736 compositionem
971 1704 1094 1734 actuum,

242 1750 386 1781 motuum,
413 1750 560 1783 gestuum,
590 1747 820 1776 vestimentorum
849 1756 899 1776 seu
930 1747 1094 1781 habituum,

242 1793 435 1822 membrorum
457 1797 484 1822 et
505 1802 654 1829 sensuum,
677 1794 757 1823 iuxta
778 1795 853 1832 quod
875 1795 988 1824 moralis
1010 1795 1095 1823 hone-

242 1843 298 1869 stas
319 1844 346 1869 et
368 1841 506 1878 regularis
527 1842 704 1870 observantia
726 1842 751 1870 id
773 1842 915 1879 exposcit,
938 1845 970 1870 ut
996 1842 1095 1871 merito

242 1888 280 1916 sis
310 1888 344 1917 de
372 1888 485 1917 illorum
517 1896 650 1923 numere,
677 1889 780 1926 quibus
809 1889 955 1926 Apostolus
986 1889 1094 1918 dicit⁷:

245 1935 352 1964 Omnia
386 1934 499 1964 honeste
533 1939 558 1965 et
591 1936 753 1965 seeundum
788 1936 920 1965 ordinem
953 1936 1028 1974 fiant
1064 1937 1095 1965 in

242 1982 331 2011 vobis.

323 2030 349 2057 9.
372 2030 478 2059 Exerce
500 2033 525 2059 te
546 2038 659 2068 quoque
680 2030 714 2059 ad
729 2030 892 2065 iustitiam,
908 2033 941 2059 ut
956 2030 1004 2059 tibi
1026 2030 1096 2059 illud

244 2076 462 2113 propheticumS
484 2077 620 2106 veraciter
643 2077 728 2114 possit
749 2077 855 2114 aptari:
879 2078 1005 2114 Propter
1020 2078 1095 2106 veri-

795 210 992 239 OPUSCULUM
1014 210 1067 238 Vll.
1090 210 1133 238 DE
1155 211 1311 240 REGIMINE
1333 212 1462 241 ΑΝΙΜΑΕ.

1156 292 1243 317 tatem
1271 294 1295 317 et
1317 291 1572 319 mansuetudinem
1600 294 1624 319 et
1645 291 1792 320 iustitiam
1813 295 1864 321 etc.
1893 292 1931 321 Ad
1962 292 2007 320 iu-

1155 336 1282 370 stitiam,
1304 336 1432 373 inquam,
1454 337 1600 375 integram
1621 346 1671 375 per
1685 338 1783 366 zelum
1804 338 1899 367 divini
1919 337 2007 367 hono-

1155 383 1210 417 ris,
1226 391 1276 419 per
1290 383 1507 412 observantiam
1529 385 1646 413 divinae
1667 385 1747 422 lepis,
1767 393 1816 422 per
1828 385 2007 414 desideriam

1156 428 1310 466 fraternae
1330 430 1445 459 salutis.
1468 447 1507 451 —-
1528 432 1565 460 Ad
1587 432 1732 460 iustitiam
1754 432 1924 460 ordinatam
1957 440 2006 469 per

1156 476 1346 505 obedientiam
1360 477 1394 505 ad
1409 478 1577 514 superiores,
1592 486 1641 515 per
1655 478 1896 507 sociabititatem⁹
1911 479 1944 507 ad
1959 487 2007 515 pa-

1156 531 1209 558 res,
1228 532 1277 560 per
1299 524 1520 562 castiyationem
1535 525 1569 553 ad
1583 525 1734 554 inferiores.
1750 542 1788 546 -
1804 526 1841 554 Ad
1862 526 2007 554 iustitiam

1153 570 1332 608 perfectam,
1354 574 1386 599 ut
1406 572 1479 600 omni
1502 572 1620 600 veritati
1648 572 1797 607 assentias,
1821 572 1944 601 bonitati
1968 573 2007 601 fa-

1156 626 1235 653 veas,
1257 618 1389 647 malitiae
1410 619 1566 648 adverseris
1597 622 1653 647 tam
1682 622 1773 648 mente
1805 628 1889 656 quam
1921 620 2006 649 verbo

1159 673 1242 702 quam
1264 673 1364 702 opere,
1386 665 1456 694 nihil
1476 674 1560 703 agens
1581 666 1642 700 alii,
1664 666 1738 702 quod
1770 666 1818 695 tibi
1841 666 1911 695 nolis
1932 666 2006 701 fieri,

1158 712 1228 741 nihil
1250 720 1353 749 negans
1374 712 1436 747 alii,
1458 713 1532 750 quod
1554 713 1602 741 tibi
1624 713 1692 741 velis
1712 713 1849 749 impendi,
1869 716 2008 750 quatenus

1156 759 1268 787 illorum
1291 759 1329 788 sis
1350 759 1486 787 imitatrix
1502 759 1638 796 perfecta,
1654 759 1757 796 quibus
1771 759 1873 788 dicitur
1886 760 1924 788 ¹⁰:
1940 759 2007 789 Nisi

1156 805 1352 834 abundaverit
1374 806 1491 834 iustitia
1510 809 1609 834 vestra
1627 806 1696 843 plus
1717 815 1808 845 quam
1831 806 2006 835 Scribarum

1156 857 1182 881 et
1202 851 1456 887 Pharisaeorum,
1478 861 1537 881 non
1568 853 1719 881 intrabitis
1740 853 1772 881 in
1793 862 1917 891 reynum
1943 862 2007 882 cae-

1155 900 1261 928 lorum.

1237 948 1280 976 lo.
1302 948 1409 976 Eat-erce
1424 952 1448 976 te
1463 947 1573 976 tandem
1595 947 1636 975 ad
1655 947 1806 984 pietatem,
1822 947 1903 984 quia,
1920 951 1950 976 ut
1965 947 2005 976 di-

1155 995 1191 1023 cit
1213 995 1359 1032 Apostolus
1372 996 1403 1029 ¹1,
1422 995 1518 1032 pietas
1540 994 1580 1023 ad
1601 995 1702 1023 omnia
1719 994 1811 1029 valet,
1833 995 2004 1032 promissio-

1154 1051 1219 1071 nem
1241 1041 1349 1071 habens
1370 1042 1462 1076 vitae,
1485 1051 1560 1080 quae
1580 1050 1659 1070 nunc
1686 1045 1743 1076 est,
1769 1045 1794 1070 et
1814 1040 1945 1079 futurae.
1968 1041 2005 1070 Ad

1152 1089 1304 1126 pietatem,
1327 1090 1456 1126 inquam,
1478 1089 1573 1117 divini
1593 1089 1706 1123 cultus,
1729 1092 1845 1123 attente,
1860 1089 1958 1117 devote
1979 1091 2006 1117 et

1156 1140 1317 1165 reverenter
1338 1137 1423 1165 horas
1451 1136 1596 1164 canonicas
1624 1136 1821 1173 persolvendo,
1844 1136 2004 1173 quotidiana

1154 1183 1310 1211 confitendo
1331 1186 1443 1219 peccata
1464 1186 1492 1211 et
1513 1183 1695 1219 deplorando,
1718 1183 1931 1212 sacratissimam
1954 1190 2005 1219 pro

1156 1232 1280 1265 tempore
1302 1229 1498 1258 eucharistiam
1532 1229 1668 1258 sumendo
1699 1232 1727 1258 et
1751 1229 1874 1266 quotidie
1896 1229 2005 1258 Missam

1154 1276 1300 1305 audiendo.
1322 1293 1361 1297 —
1382 1276 1420 1305 Ad
1438 1277 1576 1314 pietatem
1606 1277 1780 1305 salvationis
1812 1277 2001 1310 animarum,

1153 1332 1228 1352 nunc
1250 1324 1405 1352 adiuvando
1437 1332 1486 1361 per
1514 1324 1672 1353 orationum
1704 1324 1906 1361 frequentiam,
1928 1331 2003 1352 nunc

1154 1379 1203 1408 per
1225 1379 1385 1400 sermonum
1408 1371 1646 1405 informationem,
1675 1379 1750 1400 nunc
1781 1379 1831 1408 per
1862 1371 2005 1407 exemplo-

1152 1426 1217 1446 rum
1239 1418 1432 1452 incitamenta,
1454 1421 1486 1446 ut
1507 1418 1559 1456 qui
1579 1418 1665 1446 audit
1687 1418 1786 1446 dicat:
1816 1418 1927 1446 Veni12.
1950 1418 2005 1446 Hoc

1153 1469 1243 1494 tamen
1267 1465 1305 1494 sic
1327 1465 1465 1502 sapienter
1487 1468 1596 1502 oportet
1618 1465 1694 1499 fieri,
1711 1468 1742 1494 ut
1763 1465 1861 1494 salutis
1876 1465 2005 1502 propriae

1152 1513 1328 1550 dispendium
1350 1521 1404 1541 non
1427 1513 1563 1541 incurras.
1587 1529 1623 1532 —
1645 1512 1682 1541 Ad
1701 1512 1839 1549 pietatem
1856 1512 2005 1540 relevatio-

1152 1560 1199 1588 nis
1221 1560 1423 1597 corporalium
1454 1560 1658 1588 necessitatum
1684 1560 1712 1588 in
1741 1559 1931 1596 supportando
1957 1567 2005 1596 pa-

1152 1607 1266 1641 tienter,
1288 1607 1453 1635 consolando
1474 1607 1666 1641 amicabiliter,
1688 1606 1926 1635 subministrando
1952 1606 2005 1635 hu-

1152 1654 1270 1687 militer,
1292 1654 1419 1682 hilariter
1445 1657 1472 1682 et
1504 1654 1735 1688 misericorditer,
1757 1657 1788 1682 ut
1813 1653 1852 1682 sic
1883 1653 2005 1682 divinam

1152 1701 1268 1738 impleas
1289 1701 1393 1738 legem,
1417 1709 1480 1729 cum
1509 1701 1582 1729 dicat
1607 1701 1751 1738 Apostolus
1763 1700 1802 1728 1³:
1827 1700 1907 1729 Alter
1934 1700 2005 1729 alte-

1151 1748 1218 1776 rius
1240 1756 1331 1776 onera
1349 1751 1477 1785 portate,
1500 1751 1524 1776 ct
1545 1747 1588 1776 sic
1603 1747 1798 1784 adimplebitis
1812 1747 1902 1784 legem
1919 1746 2003 1776 Chri-

1151 1795 1197 1823 sti.
1220 1795 1258 1823 Ad
1283 1803 1355 1832 quae
1376 1794 1468 1823 omnia
1489 1794 1683 1831 prosequenda
1704 1802 1788 1831 super
1810 1794 1902 1823 omnia
1921 1794 2003 1823 credo

1152 1842 1245 1871 valere
1267 1842 1429 1871 memoriam
1451 1841 1595 1876 Crucifixi‚
1610 1845 1642 1870 ut
1656 1841 1774 1870 dilectus
1789 1844 1856 1870 tuus
1871 1844 2003 1878 tanquam

1151 1888 1318 1926 fasciculus
1339 1888 1481 1927 myrrhae
1506 1889 1579 1917 inter
1610 1889 1710 1918 mentis
1731 1893 1798 1917 tuae
1820 1888 1911 1917 ubera
1933 1888 2003 1925 iugi-

1153 1939 1199 1965 tur
1221 1940 1418 1965 commoretur
1429 1937 1469 1970 14;
1490 1936 1565 1974 quod
1581 1936 1628 1965 tibi
1644 1936 1702 1973 ipse
1717 1939 1859 1973 praestare
1874 1935 2004 1973 dignetur

1152 1984 1200 2021 qui
1222 1987 1264 2012 est
1284 1984 1447 2013 benedictus
1468 1984 1495 2012 in
1517 1984 1627 2013 saecula
1648 1984 1833 2013 saeculorum.
1857 1983 1950 2012 Amen.

1513 2077 1647 2105 Expucn.

306 2311 314 2323 ¹
333 2312 415 2334 Psalm.
433 2311 476 2338 50,
495 2311 531 2333 19.
550 2324 580 2327 -
597 2312 672 2339 Supra
695 2318 737 2339 pro
759 2311 823 2341 quod
839 2311 861 2334 ei
877 2312 928 2334 Vut.
947 2315 969 2334 et
985 2311 1001 2335 C
1019 2311 1093 2341 eique.

306 2349 314 2363 ²
334 2351 414 2373 Psalm.
434 2350 458 2372 41
470 2369 474 2378 ,
492 2351 514 2372 3.
532 2351 559 2379 [A
568 2351 585 2373 Β
595 2350 612 2373 C
629 2351 717 2380 sontem
729 2350 830 2380 vivum}
841 2363 872 2367 —
885 2351 960 2379 Supra
972 2357 999 2373 ex
1011 2350 1028 2373 C
1040 2357 1095 2379 sup-

242 2389 358 2418 plevimus
375 2388 483 2412 desidera
499 2392 552 2411 ante
568 2389 727 2412 vehementius
744 2392 767 2412 et
784 2392 835 2412 ante
852 2389 1060 2413 vehementissime.

305 2428 314 2441 ³
332 2429 386 2451 Fide
403 2428 473 2452 ΑΒΕ
490 2429 652 2457 supplevimus
669 2429 694 2451 in
711 2430 739 2452 te.
755 2428 828 2451 Codd.
841 2430 885 2451 AB
898 2430 934 2452 luc
947 2430 1096 2457 praemittunt

242 2468 373 2492 rubricam:
390 2468 505 2498 Sequitur
522 2467 663 2492 exercitium
681 2468 775 2492 virtutis
788 2468 820 2491 ad
831 2470 910 2492 eoetra.
924 2469 975 2491 Vat.
988 2471 1040 2497 post
1051 2468 1095 2498 spi-

242 2508 317 2531 ritam
334 2508 399 2530 addit
415 2507 489 2535 vilae,
502 2510 524 2530 et
541 2507 625 2530 deinde
639 2507 757 2530 substituit
773 2508 886 2537 acquiras
899 2514 942 2536 pro
954 2514 1044 2536 serves,
1060 2515 1095 2530 re-

244 2546 387 2575 fragantibus
405 2548 421 2569 A
434 2547 449 2569 Β
459 2546 483 2570 C.

305 2585 314 2598 4
331 2586 375 2608 Tit.
394 2587 420 2613 2,
440 2587 475 2608 12.
492 2598 523 2603 —-
540 2586 613 2609 Codd.
631 2587 675 2609 AB
694 2586 801 2616 Apostoli
817 2586 951 2610 doctrinam
969 2593 1012 2615 pro
1025 2586 1093 2610 docu-

241 2626 348 2648 mentum
365 2625 478 2655 Apostoli.
496 2638 527 2641 —
545 2627 597 2654 seq.
615 2626 680 2649 locus
696 2629 730 2648 est
747 2626 803 2648 Phil.
817 2626 841 2655 4,
855 2627 882 2654 5,
894 2629 1030 2656 postquem
1042 2627 1094 2649 Vat.

241 2665 325 2687 omittit
341 2664 366 2687 in
383 2668 435 2687 ante
451 2671 535 2688 somno
552 2668 575 2688 et
591 2668 643 2688 ante
660 2665 714 2688 otio.

305 2703 315 2716 ⁵
333 2705 384 2727 Vat.
410 2705 515 2732 praefigit
536 2711 581 2734 per
605 2704 759 2728 moderamen
782 2705 818 2728 hic
841 2708 863 2728 et
884 2708 937 2728 ante
959 2707 1094 2729 mansuetu-

241 2741 316 2770 dinis,
333 2742 503 2771 refragantibus
520 2743 589 2767 ABG
600 2744 651 2766 DF.

305 2780 315 2793 ⁶
333 2782 362 2804 lta
375 2781 404 2810 C,
418 2782 470 2804 Vat.
481 2786 503 2805 et
516 2783 556 2805 EF
571 2789 694 2811 perperam
711 2783 892 2813 qloriationem,
909 2784 953 2806 AB
970 2783 1095 2813 relegatio-

241 2827 303 2844 nem.
317 2821 369 2843 Post
381 2821 573 2851 compositionem
583 2823 634 2845 vat.
646 2822 711 2845 addit
722 2822 821 2851 scilicet,
834 2823 1005 2851 refragantibus
1016 2824 1035 2845 A
1044 2823 1061 2845 Β
1069 2822 1093 2846 C.

306 2859 314 2872 ⁷
332 2860 401 2888 Epist.
420 2861 434 2882 l.
452 2860 503 2883 Cor.
523 2861 564 2888 tt,
583 2861 620 2884 40.
637 2874 668 2878 —
686 2862 761 2890 Supra
779 2868 821 2890 pro
839 2861 939 2885 moralis
951 2862 1062 2885 honestas
1073 2863 1096 2885 et

242 2898 363 2928 regutaris
381 2898 532 2923 observantia
549 2901 567 2923 A
577 2901 594 2923 B
611 2900 717 2930 reliqiosi
734 2901 823 2925 Christi
837 2901 961 2925 servitoris
975 2901 1094 2924 honestas.

242 2938 287 2961 Csr.
305 2944 377 2966 supra
394 2945 448 2967 pag.
467 2939 524 2967 428,
543 2942 595 2962 nota
615 2941 635 2962 t.

306 2976 314 2989 Β
333 2978 415 3000 Psalm.
433 2978 475 3006 44,
493 2978 514 3000 ὃ,
532 2991 562 2994 -—
579 2979 622 3001 Pro
640 2979 722 3009 aptari
737 2979 781 3002 AB
798 2979 923 3009 applicari.
936 2981 994 3003 lnsra
1007 2986 1049 3008 pro
1062 2979 1094 3002 di-

242 3015 292 3040 vz'ni
308 3016 406 3040 honoris
425 3017 474 3039 Vat.
492 3020 571 3041 contra
588 3017 605 3040 C
623 3017 698 3041 divini
713 3018 813 3042 attioris.

1215 2311 1225 2323 ⁹
1243 2313 1273 2334 lta
1291 2312 1373 2334 melius
1391 2311 1419 2339 C,
1437 2311 1494 2333 alias
1510 2312 1652 2334 societatem.

1217 2349 1235 2364 ¹⁰
1252 2351 1328 2372 Matth.
1347 2350 1373 2378 5,
1392 2350 1429 2372 20.
1448 2362 1477 2365 —-
1495 2351 1569 2377 Supra
1588 2349 1634 2371 fide
1651 2350 1694 2371 AB
1705 2349 1721 2372 C
1737 2348 1899 2371 substituimus
1909 2348 2006 2372 veritati

1152 2389 1268 2412 assentias
1282 2395 1323 2417 pro
1341 2388 1436 2411 veritati
1452 2388 1600 2417 consentias,-
1617 2388 1671 2411 dein
1689 2395 1743 2410 cum
1758 2389 1775 2410 A
1786 2388 1802 2410 Β
1812 2387 1828 2411 C
1838 2388 1879 2410 EF
1896 2388 2004 2416 expunxi-

1153 2435 1205 2451 mus
1221 2428 1286 2451 omni
1297 2432 1349 2450 ante
1362 2427 1460 2451 bonitati
1471 2431 1492 2449 et
1504 2431 1557 2450 ante
1568 2427 1689 2456 malitiae,-
1702 2430 1753 2455 post
1765 2426 1918 2457 l‘mpendiAB
1927 2433 2004 2455 prose-

1152 2470 1256 2496 quuntur
1270 2467 1356 2495 taliler,
1372 2466 1436 2497 quod
1446 2466 1479 2490 sis
1492 2466 1591 2490 illorum
1603 2466 1708 2490 imitator
1719 2466 1850 2496 perfectus,
1864 2465 1948 2496 quibus
1960 2469 2002 2489 etc.

1216 2507 1234 2520 ¹¹
1253 2507 1323 2536 Epist.
1341 2508 1356 2530 Ι.
1375 2507 1436 2530 Tim.
1453 2507 1479 2535 4,
1497 2507 1519 2529 7.
1537 2513 1585 2535 seq.
1598 2507 1640 2529 Pro
1651 2506 1713 2529 rcalet
1730 2505 1746 2529 C
1759 2513 1811 2528 cum
1825 2507 1923 2534 Vulgata
1937 2506 2002 2529 utilis

1151 2549 1200 2575 est,·
1218 2550 1271 2575 post
1288 2553 1351 2570 'lunc
1368 2548 1404 2570 est
1419 2547 1471 2569 Vat.
1484 2546 1549 2569 addit
1557 2546 1659 2576 pariter,
1671 2547 1802 2574 refragante
1814 2546 1882 2568 etiam
1898 2546 2003 2574 Vulgata.

1153 2600 1182 2602 —
1199 2588 1257 2609 infra
1281 2589 1333 2614 post
1354 2585 1485 2616 confitendo
1504 2587 1602 2615 peccata
1619 2586 1636 2607 A
1647 2585 1663 2607 Β
1680 2585 1788 2607 omittunt
1805 2586 1827 2607 et
1842 2584 2001 2614 deplorando,

1152 2629 1174 2648 et
1190 2628 1279 2654 ponunt
1295 2625 1472 2648 sanctissimam
1490 2631 1533 2653 pro
1549 2624 1749 2647 sacratissimam.

1215 2664 1234 2678 ¹2
1252 2666 1324 2693 Apoc.
1342 2666 1384 2693 22,
1403 2665 1440 2687 Π.
1456 2678 1487 2680 -
1504 2665 1579 2692 Supra
1597 2667 1649 2686 ante
1657 2670 1702 2693 per
1715 2664 1765 2686 Vat.
1779 2663 1814 2686 bis
1831 2664 1914 2686 omittit
1930 2669 2002 2687 nunc.

1215 2703 1235 2716 ¹³
1252 2705 1300 2726 Gal.
1319 2705 1345 2732 6,
1363 2705 1385 2726 2.
1400 2716 1428 2719 —
1440 2705 1515 2732 Supra
1532 2704 1584 2726 Vat.
1596 2709 1719 2731 perperam
1729 2702 1840 2732 pietatem
1852 2702 2002 2726 revelationis

1152 2750 1195 2772 pro
1209 2744 1322 2773 pietatem
1338 2742 1490 2767 relevationis
1508 2745 1587 2765 contra
1604 2742 1620 2765 C
1631 2742 1706 2765 DEF.

1215 2782 1235 2796 ¹4
1246 2783 1375 2811 Respicitur
1384 2782 1448 2806 Cant.
1461 2784 1480 2810 1,
1494 2784 1528 2805 12.
1538 2795 1570 2799 —
1581 2783 1630 2805 Vat.
1643 2785 1696 2810 post
1705 2781 1768 2812 qaod
1778 2782 1862 2804 omittit
1871 2781 1919 2805 tibi.
1928 2781 2001 2805 Codd.

1151 2824 1168 2845 A
1179 2824 1195 2845 Β
1213 2823 1242 2845 ita
1260 2823 1412 2845 concludunt:
1430 2821 1494 2852 qnod
1510 2821 1552 2845 tibi
1568 2821 1616 2851 ipse
1626 2823 1753 2851 praestare
1765 2821 1884 2851 dignetur,
1896 2820 2002 2844 cuicum

1151 2862 1223 2885 Patre
1239 2863 1262 2885 et
1277 2861 1371 2891 Spiritu
1386 2862 1468 2884 sancto
1486 2862 1521 2884 est
1537 2860 1614 2883 omnis
1631 2860 1709 2883 honor
1725 2862 1746 2883 et
1763 2859 1842 2890 ⁴(storia
1859 2859 1883 2883 in
1904 2859 2001 2883 saecuta

1149 2900 1312 2923 saeculorum.
1329 2902 1412 2923 Amen.
1426 2900 1497 2922 tidem
1509 2899 1665 2928 subiungant:
1678 2899 1772 2927 Explicit
1784 2899 1950 2927 compendiosa
1962 2898 2000 2921 do-

1150 2940 1222 2962 ctrina
1238 2940 1300 2962 vitae
1317 2940 1442 2968 spiritualis
1459 2946 1472 2961 a
1490 2939 1615 2967 Seraphico
1632 2939 1729 2961 doctore
1745 2941 1824 2961 sancto
1841 2939 2001 2960 Bonaventura

1151 2979 1243 3001 Ordinis
1254 2979 1359 3001 Fratrum
1372 2980 1485 3001 Minorum
1503 2979 1632 3007 conscripta
1649 2978 1679 3008 [A
1693 2977 1735 3002 sed
1745 2977 1834 3007 scripta
1845 2983 1909 3000 anno
1925 2977 2001 3007 1490}

1150 3031 1181 3034 —
1198 3019 1231 3041 De
1248 3018 1299 3041 cod.
1317 3018 1334 3041 C
1351 3021 1374 3041 et
1390 3019 1428 3041 ed.
1445 3018 1530 3041 Bonelli
1547 3018 1601 3040 vide
1618 3024 1671 3046 pag.
1691 3018 1748 3046 428,
1765 3021 1843 3040 notam
1862 3017 1883 3039 sl.

2026 957 2095 980 Tertio,
2107 958 2130 977 ad

2034 980 2125 1004 triplicem

2032 1004 2127 1027 pietatem.

2021 1803 2123 1822 Notandum
