2133 3317
137 402 267 420 continuatur.

140 1176 192 1203 ltem,
208 1176 269 1202 curio-

171 1201 239 1218 sitatis.

142 1958 195 1980 nem,
207 1963 271 1982 super-

186 1982 235 2001 biae.

285 234 340 261 6020
691 231 887 260 OPUSCULUM
911 232 928 260 1.
951 232 1123 260 SPECULUM
1143 232 1352 260 DlSClPLlNAE.
1374 233 1454 261 PARS
1476 232 1633 261 SECUNDA.

282 312 312 337 nt
331 312 417 343 pateat
436 311 500 342 qnod
519 310 588 335 iuxta
607 310 748 341 Sapientem
768 310 871 335 dicitur:
896 309 1032 341 Compedes
1051 310 1079 334 in
1090 317 1133 341 pc-

284 355 358 379 (tibus
371 354 450 378 stulto
465 353 591 377 doctrina.
605 352 738 377 Aazz'matts
751 352 826 376 homo
839 360 892 376 ozon,
901 353 1014 383 percipit
1026 360 1055 377 aa
1068 360 1134 383 quae

283 398 344 422 sunt
363 396 477 427 Spiritus
495 396 554 420 Det.
574 410 609 413 —
628 396 749 426 Tepidus,
769 396 794 419 in
817 396 975 420 conversione
987 395 993 407 ¹
1015 396 1133 420 remissus

284 440 395 472 publicos
418 447 498 464 mores
517 440 542 463 et
561 439 668 463 doctoris
694 439 788 463 monita
813 439 934 470 negligit,
954 446 982 463 03
1000 446 1062 470 quae
1088 439 1133 464 Dei

284 484 343 508 sunt
362 483 479 514 languide
498 482 625 513 operatur.
648 482 673 506 Si
692 482 756 513 quod
775 482 876 506 inchoat
895 482 998 511 bonum,
1018 483 1059 506 vix
1078 490 1134 513 per-

284 528 349 557 ficit,
368 527 439 551 tarde
458 526 489 551 ad
508 526 617 550 divinum
642 526 747 550 officium
774 526 799 550 et
824 533 934 557 quaeque
960 526 1134 550 conventualia

284 571 398 595 occurrit.
412 570 468 595 Otio
481 569 584 601 gaudet,
605 569 688 593 labore
708 569 747 593 vel
766 569 859 593 modico
878 568 1000 597 laeditur,
1020 569 1045 593 et
1062 569 1133 593 facile

284 621 309 637 se
333 612 460 637 infirmum
479 612 518 636 vol
547 612 679 636 admodum
704 610 839 642 fatigatum
864 611 1019 642 praetendit;
1044 612 1085 636 sed
1110 612 1134 636 et

283 663 366 681 amore
386 656 484 686 privato
513 663 538 680 se
564 655 683 686 diligens,
712 661 778 685 [stacte
806 655 893 679 carnis
914 656 975 679 sunt
1000 654 1089 685 sapit²
1110 655 1134 679 et

284 699 443 730 prosequitur
471 707 499 723 ex
530 698 628 723 affectu.
648 698 761 723 Aliorum
787 705 883 729 quoque
911 698 1059 726 defectibus,
1085 706 1134 723 non

284 742 421 767 virtutibus
446 742 565 771 haerens,
586 742 607 765 si
626 741 685 772 qnid
713 741 795 765 minus
814 741 853 765 vel
877 741 1032 772 negligenter
1051 741 1134 765 actum

283 786 431 816 inspexerit,
451 785 513 809 illud
532 785 557 809 111
577 785 716 815 exemplum
735 784 767 808 ad
785 792 844 809 suae
864 785 976 809 velamen
995 784 1134 815 tepiditatis

284 828 399 853 assumit.
412 828 483 852 Ficta
497 828 517 852 ei
531 828 556 852 et
573 827 690 852 indevota
709 827 842 856 confessio,
862 835 921 851 rara
940 827 965 851 et
977 827 1060 851 brevis
1073 834 1134 852 com-

284 872 400 903 punctio,
419 871 527 902 insipida
546 872 571 896 et
590 871 642 895 sine
661 871 799 895 attentione
819 870 910 901 oratio,
930 870 1135 901 incircumspecta

285 914 310 939 et
339 915 390 939 siue
416 914 585 938 aedificatione
612 913 697 942 lectio,
724 913 876 938 obedientiae
904 920 1002 938 morosa
1030 913 1055 937 et
1083 913 1135 937 sine

285 958 422 982 devotionis
447 957 538 981 affectu
565 958 607 981 vix
631 957 748 988 aliqualis
773 956 893 988 impletio.
923 956 1042 981 «Multos
1070 957 1135 981 enim

285 1001 389 1025 remissa
407 1001 533 1025 conversio
552 1001 578 1024 iu
598 1000 718 1031 pristinos
743 1007 839 1025 errores
864 1000 960 1024 reducit
984 1007 1013 1024 ac
1038 999 1135 1024 vivendi

285 1044 370 1075 tepore
388 1042 509 1069 10501111,Ξ
524 1054 548 1072 >›,
568 1043 598 1068 ut
625 1050 803 1074 nonnunquam
828 1050 858 1067 ex
883 1050 925 1067 ore
946 1042 1056 1067 Domini
1084 1050 1135 1067 evo-

285 1088 399 1111 vittantur.

356 1130 382 1154 4.
402 1130 520 1155 Ouriosus
539 1137 587 1154 nou
601 1129 711 1154 curanda
728 1129 813 1158 curat,
828 1130 967 1153 necessaria
979 1129 1097 1160 negligit,
1111 1128 1136 1153 et

286 1173 325 1197 sui
343 1173 450 1202 oblitus,
465 1173 546 1197 aliena
559 1172 712 1201 considerat,
727 1172 800 1197 notat
813 1172 837 1197 et
850 1172 971 1203 explorat.
986 1172 1009 1196 81
1024 1172 1088 1203 quod
1101 1172 1135 1196 in-

285 1216 397 1240 sonuerit
416 1216 532 1245 verbum,
552 1215 656 1240 anhelat
672 1215 794 1240 sollicitus
812 1215 844 1239 ad
862 1215 999 1244 sciendum,
1020 1214 1045 1239 et
1063 1214 1136 1239 hone-

286 1259 352 1284 state
371 1259 525 1290 postposita,
545 1259 570 1283 id
588 1259 619 1283 ab
637 1259 724 1283 invitis
747 1259 772 1283 et
791 1259 870 1283 celare
890 1258 975 1283 forsan
995 1258 1136 1283 volentibus

285 1302 449 1327 inverecunde.
468 1302 580 1333 requirit.
594 1302 665 1327 Locis
679 1302 725 1326 sibi
739 1309 787 1327 non
801 1302 935 1329 concessis,
949 1302 1137 1333 congregationi

286 1346 311 1370 et
324 1346 528 1371 collocutmnibus
541 1346 660 1370 Fratrum
675 1353 700 1370 se
713 1346 805 1377 ingerit
818 1353 867 1370 11011
880 1346 991 1370 vocatus.
1007 1345 1068 1369 Cum
1081 1353 1135 1370 eum

286 1389 371 1414 abesse
390 1389 530 1420 putaveris,
557 1389 628 1414 adest
656 1389 787 1420 impudens
805 1389 892 1417 lateri,
921 1388 993 1413 adest
1020 1389 1088 1417 auri,
1109 1388 1137 1413 ut

286 1440 330 1457 nec
346 1432 468 1457 secretum
487 1433 571 1457 valeas
597 1432 720 1457 occultare
740 1440 884 1457 sermonem.
912 1431 1035 1456 Observat
1058 1439 1138 1463 angn-

285 1476 335 1505 los,
355 1477 427 1507 vagis
445 1475 613 1507 circumspicit
631 1476 719 1505 oculis,
739 1475 826 1500 haeret
844 1476 876 1500 ad
892 1476 1005 1507 singula,
1026 1483 1088 1506 quae
1101 1482 1137 1500 oc-

287 1520 406 1549 currunt,
427 1526 568 1544 communes
588 1519 684 1544 obsidet
703 1519 841 1549 transitus,
864 1519 1093 1550 supervenientium
1113 1518 1137 1543 et

287 1563 421 1588 forensium
441 1562 534 1594 gaudet
553 1570 664 1587 occursu.
683 1562 833 1587 Rumoribus
853 1562 878 1586 et
897 1562 1067 1586 saecularibus
1085 1568 1137 1585 ver·

286 1606 325 1631 bis
344 1606 488 1631 hauriendis
507 1606 532 1630 et
550 1606 685 1630 referendis
703 1605 820 1630 intendit.
839 1605 888 1629 Res
907 1605 953 1629 sibi
966 1612 1016 1629 non
1036 1604 1138 1636 deputa-

287 1650 327 1674 tas
347 1650 441 1674 curiose
461 1650 587 1674 revolvere
606 1656 655 1674 nou
675 1648 786 1680 quiescit.
806 1648 917 1673 Litteras
934 1648 1008 1673 etiam
1028 1648 1136 1677 alienas,

288 1693 309 1717 si
327 1700 386 1717 casu
405 1692 507 1723 apertas
526 1692 650 1721 inveniat,
671 1693 793 1723 inspicere
815 1699 864 1716 uon
883 1692 998 1721 veretur,
1018 1698 1080 1722 quas
1099 1692 1138 1715 ta-

288 1744 357 1766 men,
377 1736 435 1761 licet
454 1737 567 1767 apertas,
588 1735 770 1767 quomodolibet
782 1736 898 1760 inventas
921 1736 962 1759 vix
980 1735 1071 1766 aliquis
1090 1735 1137 1759 nisi

289 1780 401 1811 superior
420 1780 486 1804 licite
505 1780 618 1810 inspicit,
639 1779 678 1803 vel
697 1779 754 1803 aliis
772 1778 940 1810 inspiciendas
959 1778 1068 1809 exponit.
1093 1778 1138 1802 Re-

287 1831 344 1848 rum
362 1830 458 1855 qnoque
483 1823 622 1854 apparatus
641 1830 701 1847 cura
726 1822 853 1853 superflua
871 1822 1024 1847 curiositatis
1050 1822 1138 1846 vitium

287 1867 380 1892 clamat
394 1865 410 1891 ⁴.

360 1910 384 1934 5.
404 1910 480 1942 Signa
498 1917 556 1935 vero
576 1910 706 1941 superbiae
718 1908 847 1940 Prosper⁵
861 1916 1023 1937 enumerans,
1042 1908 1137 1937 «illos,

288 1955 383 1986 inquit,
403 1954 520 1979 dolendos
539 1953 655 1983 ostendo,
676 1960 737 1984 quos
756 1953 803 1977 iam
819 1959 951 1977 conversos
970 1951 1087 1982 superbia
1100 1958 1139 1976 oc-

288 1998 354 2023 culte
374 1998 494 2028 captivat.
514 1997 560 2026 Hi,
587 1997 634 2026 ait,
659 1997 783 2021 seniorum
809 2003 910 2020 suorum
929 2003 979 2020 non
1004 1994 1140 2020 observant

288 2041 425 2072 imperata,
446 2041 489 2065 sed
501 2040 623 2070 iudicant3
644 2040 672 2064 (10
692 2040 743 2064 suis
756 2039 917 2071 negligentiis
936 2038 1075 2069 obiurgati,
1095 2038 1140 2062 aut

289 2084 414 2109 rebellant
433 2083 582 2113 insolenter,
602 2083 648 2107 aut
666 2082 835 2107 murmurant.
854 2081 1045 2112 Simplicitatem
1066 2081 1140 2112 spiri-

290 2127 397 2152 tualium
416 2127 535 2151 Fratrum
554 2126 687 2151 irridenter
711 2125 853 2157 exagitant,
874 2124 995 2155 praeferri
1020 2131 1045 2148 se
1064 2124 1139 2148 etiam

289 2170 433 2195 melioribus
446 2170 603 2201 impudenter
616 2169 742 2194 affectant.
756 2168 879 2199 Obsequia
892 2167 976 2192 delata
992 2167 1139 2198 fastidiunt,

288 2213 381 2245 negata
400 2212 562 2244 pertinaciter
575 2212 708 2243 quaerunt.
728 2211 834 2235 Natales
848 2210 957 2235 moribus
970 2209 1139 2240 anteponunt,

288 2257 397 2281 iuniores
417 2263 474 2281 suos
494 2255 554 2280 elati
572 2254 726 2286 despiciunt,
750 2253 856 2279 conferri
881 2253 928 2278 sibi
953 2253 1049 2284 aliquos
1068 2260 1140 2284 posse

289 2307 339 2325 non
358 2299 471 2324 credunt.
499 2299 557 2323 Non
577 2298 679 2323 servant
707 2298 732 2322 iu
761 2297 876 2328 obsequio
904 2296 1083 2326 reverentiam,
1114 2296 1140 2320 111

291 2350 402 2368 sermone
424 2342 582 2372 modestiam,
596 2342 622 2366 in
641 2341 751 2367 moribus
764 2340 935 2371 disciplinam3
955 2339 1049 2364 habent
1067 2340 1093 2363 in
1106 2340 1140 2363 in-

290 2386 401 2411 tentione
415 2386 590 2417 pertinaciam,
610 2386 635 2409 in
655 2384 726 2410 corde
739 2384 872 2413 duritiam,
892 2384 918 2408 in
937 2383 1141 2408 sermocinatione

1189 310 1349 341 iactantiam3
1370 311 1430 336 sunt
1442 312 1467 336 in
1486 311 1629 336 humilitate
1642 311 1755 341 fallaces,
1775 312 1800 336 in
1814 312 1936 337 locutione
1948 311 1957 324 ⁵
1977 320 2038 337 mor-

1190 353 1275 383 daces,
1296 354 1640 385 subiectionisimpatientes,
1660 355 1786 379 temerarii
1798 355 1823 379 in
1842 355 1965 384 audendo,
1989 355 2039 380 013-

1190 397 1281 421 morosi
1299 397 1324 421 in
1343 397 1478 428 loquendo,
1498 397 1621 422 fastidiosi
1646 399 1672 422 in
1694 397 1828 426 audiendo,
1854 398 2038 428 praesumtnosi

1189 439 1216 463 in
1243 439 1366 469 docendo,
1396 439 1509 464 effrenati
1539 439 1682 464 deformiter
1709 441 1734 464 111
1762 440 1951 470 cachinnando,
1980 440 2040 465 haec

1190 483 1263 512 sunt,
1282 482 1370 511 infert,
1391 483 1521 513 superbiae
1539 483 1680 513 grassantis
1698 483 1789 507 indicia
1801 493 1826 507 >›.

1261 526 1286 551 6.
1305 524 1451 557 Superbus⁷
1477 533 1502 550 50
1526 525 1557 550 3(1
1584 533 1667 550 01111105
1692 527 1807 556 propriae
1832 526 1971 551 voluntatis
1996 526 2039 550 im-

1191 570 1279 600 pulsus
1308 569 1476 594 accommodat
1499 576 1543 593 nec
1563 577 1587 593 se
1607 569 1676 598 aliis,
1696 569 1738 593 sed
1761 570 1823 594 alios
1842 569 1888 594 sibi
1913 569 2039 600 applicare

1191 613 1328 643 contendit,
1348 613 1420 637 facile
1440 613 1487 637 sibi
1506 612 1560 637 fieri
1584 612 1759 637 contumeliam
1781 612 1888 641 iudicat,
1913 612 1945 636 ad
1964 620 2038 643 quam

1191 656 1351 688 irrogandam
1370 656 1408 680 est
1435 655 1547 686 validus,
1567 655 1599 679 ad
1627 655 1782 679 tolerandam
1808 655 1937 685 infirmus3
1966 655 1991 680 et
2015 662 2041 680 50

1191 700 1285 731 grande
1305 699 1398 730 aliquid
1418 706 1471 723 esse
1491 699 1597 729 putans,
1617 698 1712 723 deferre
1731 698 1802 723 sociis
1821 698 1978 729 dedignatur.
1998 698 2041 723 Le-

1191 743 1265 774 gibus
1284 741 1375 767 subdi⁸
1395 742 1419 766 et
1438 742 1566 773 propriam
1592 748 1765 772 recognoscere
1785 742 1883 772 culpam
1909 741 2039 766 erubescit.

1191 786 1225 810 Et
1243 786 1301 810 licet
1319 786 1389 810 iuxta
1418 784 1518 809 Ordinis
1538 792 1617 809 mores
1643 792 1668 808 se
1689 792 1774 815 regere
1802 784 1909 814 nesciat,
1939 784 1965 808 in
1990 785 2042 809 suis

1191 829 1276 853 tamen
1295 829 1372 853 oculis
1392 829 1492 858 sapiens
1512 828 1537 851 ct
1556 827 1693 858 perfectus,
1713 827 1745 852 ad
1770 827 1874 852 aliorum
1898 827 2042 852 instructio-

1191 880 1260 901 nem,
1280 879 1339 896 suae
1367 871 1513 902 praesertim
1540 871 1649 901 opinioni
1668 870 1834 900 contrariam,
1862 870 2042 895 stomachatur.

1192 915 1367 946 Reprehensos
1396 914 1542 943 offenditur,
1572 921 1638 939 nunc
1665 921 1764 938 causam
1794 914 1824 938 ut
1853 914 2042 939 insufficientem

1192 959 1231 983 vel
1251 958 1380 987 frivolam,
1400 965 1466 981 nunc
1493 956 1623 981 monitor-Is
1644 957 1743 981 modum
1768 957 1937 985 calumnians,
1961 956 2001 986 nt,
2022 957 2043 981 51

1193 1002 1342 1033 persuadere
1361 1001 1455 1032 aliquid
1469 1000 1544 1029 velis,
1558 1000 1677 1029 instabit,
1698 1000 1762 1031 quod
1776 1000 1863 1025 modus
1882 1000 1975 1029 artem,
1994 1006 2042 1024 mo-

1192 1045 1254 1069 nitio
1274 1045 1383 1069 studium
1404 1043 1500 1075 exigat,
1520 1051 1567 1074 (1110
1587 1043 1631 1073 fit,
1645 1043 1685 1072 nt,
1705 1043 1846 1068 huiusmodi
1865 1043 2043 1075 allegationum

1193 1089 1289 1113 obsitus
1308 1089 1387 1119 spinis
1407 1087 1472 1112 sicut
1490 1087 1610 1116 hericius,
1630 1087 1670 1111 vel
1689 1087 1858 1118 irrefragabili
1876 1087 1983 1118 ratione,
2004 1087 2043 1111 vel

1193 1131 1343 1156 auctoritato
1365 1138 1415 1155 non
1430 1129 1439 1142 ‘⁹'
1459 1130 1581 1161 capiatur.
1604 1130 1646 1154 Fit
1663 1129 1741 1160 igitur
1766 1130 1797 1154 ad
1823 1129 2044 1160 obtemperandum

1193 1174 1300 1199 difficilis
1319 1174 1344 1198 et
1363 1174 1395 1198 ad
1413 1174 1589 1198 correctionem
1607 1173 1755 1204 impatiens,
1775 1173 1834 1198 adeo
1857 1173 1996 1202 interdum,
2016 1173 2045 1197 ut

1193 1224 1219 1241 se
1237 1217 1386 1247 discipulum
1405 1216 1531 1245 abnuens,
1551 1216 1633 1246 ipsum
1653 1216 1727 1240 etiam
1747 1215 1894 1247 deputatum
1914 1216 1960 1240 sibi
1979 1215 2045 1240 refu-

1192 1260 1246 1291 giat
1266 1259 1450 1284 instructorem.

1266 1303 1289 1327 7.
1308 1303 1376 1327 Haec
1398 1303 1480 1327 omnia
1509 1303 1573 1327 servi
1603 1302 1647 1327 Dei
1667 1302 1738 1333 quasi
1767 1301 1861 1333 pestem
1891 1301 2044 1327 mortiferam

1193 1346 1361 1375 detestantes,
1382 1345 1489 1377 perfecte
1509 1345 1540 1370 ad
1559 1345 1693 1370 Dominum
1718 1346 1910 1375 convertantur,
1930 1345 2000 1370 iuxta
2018 1345 2045 1370 il-

1193 1390 1237 1414 lud
1256 1390 1442 1414 Deuteronomii
1457 1388 1491 1413 ¹⁰:
1516 1388 1650 1418 Perfectus
1668 1389 1719 1413 cris
1742 1390 1766 1413 εἰ
1784 1389 1839 1414 sine
1857 1388 1961 1413 macula
1988 1395 2045 1413 cum

1193 1434 1307 1458 Domino
1327 1433 1381 1457 Deo
1401 1434 1451 1457 ttto.
1477 1432 1528 1457 Vae
1547 1432 1646 1462 duplici
1665 1431 1739 1456 eorde
1758 1433 1782 1456 et
1795 1432 1927 1462 peccatori
1950 1433 2045 1456 terram

1194 1477 1348 1508 inprcclienti
1367 1476 1467 1501 (limbus
1485 1476 1533 1500 viis
1545 1476 1553 1500 ,7
1572 1476 1596 1500 81
1615 1476 1670 1507 quis
1684 1483 1741 1500 vero
1755 1475 1906 1500 sufficienter
1919 1475 2046 1506 exspecta-

1194 1521 1236 1545 tus
1255 1521 1280 1545 et
1298 1520 1422 1549 monitus,
1443 1526 1523 1544 mores
1542 1519 1665 1550 corrigere
1684 1526 1712 1543 ac
1731 1519 1868 1550 Religionis
1890 1518 1995 1543 formam
2011 1519 2046 1543 in—

1194 1563 1269 1587 duere
1290 1562 1409 1594 negligit,
1438 1562 1586 1593 praesertim
1614 1562 1635 1586 si
1662 1562 1776 1591 rebellis,
1805 1561 1850 1585 aut
1877 1561 2046 1586 contentiosus

1194 1606 1332 1636 exstiterit,
1352 1613 1401 1631 non
1420 1605 1459 1630 est
1478 1605 1659 1636 proficientium
1678 1612 1780 1630 nurnero
1799 1604 1983 1636 aggregandus.
2002 1604 2046 1629 Irt-

1194 1648 1292 1680 ftdeiis,
1312 1649 1334 1673 si
1353 1648 1472 1678 discedit,
1493 1648 1607 1672 discedat
1621 1646 1650 1679 ¹¹,
1670 1655 1700 1672 ne
1719 1654 1769 1672 una
1788 1648 1841 1672 ovis
1860 1647 1972 1672 morbida
1990 1654 2048 1672 con-

1194 1691 1295 1723 tagione
1314 1690 1442 1716 mortifera
1461 1691 1541 1715 totum
1561 1697 1661 1722 gregem
1682 1689 1842 1715 contaminet.
1861 1689 1999 1714 Perversus
2022 1689 2047 1714 et

1194 1734 1305 1759 insolens
1324 1735 1349 1758 in
1369 1741 1431 1759 onus
1450 1734 1587 1765 Religionis
1607 1734 1631 1758 et
1650 1733 1838 1758 dissolutionem
1859 1733 2011 1757 admittitur.

1515 1820 1663 1844 0111101..οΜ
1681 1819 1727 1845 VI.

1462 1907 1502 1932 Dc
1520 1907 1594 1931 novis
1611 1906 1739 1938 professis
1751 1905 1781 1931 ¹².

1267 1994 1291 2019 1.
1311 1994 1351 2018 Ad
1370 1994 1548 2025 professionem
1567 1993 1683 2018 admissis
1702 1993 1736 2017 sit
1754 2000 1827 2024 quam
1847 1992 1955 2017 maxima
1970 1999 2046 2022 cura,

1195 2045 1226 2062 ne
1245 2037 1362 2062 defluant.
1383 2036 1490 2061 Perfecti
1508 2037 1597 2068 quique
1616 2043 1708 2068 magna
1728 2043 1753 2060 se
1772 2035 1927 2060 discretionis
1949 2034 2048 2059 subtili—

1196 2081 1249 2106 tate
1268 2080 1439 2112 conspiciunt,
1459 2087 1490 2104 ne
1514 2080 1546 2104 ad
1568 2079 1691 2104 deteriora
1716 2086 1826 2110 unquam
1842 2078 1882 2103 vel
1908 2079 1935 2102 in
1963 2085 2046 2109 opere,

1196 2124 1236 2149 vel
1253 2125 1280 2148 in
1299 2124 1448 2155 cogitatione
1476 2122 1625 2147 delabantur
1637 2121 1666 2146 ¹³.
1689 2131 1702 2144 «
1714 2122 1739 2146 Si
1764 2129 1851 2146 curare
1869 2128 1948 2152 parva
1969 2121 2049 2153 negli-

1196 2168 1292 2198 gimus,
1312 2166 1491 2191 insensibiliter
1517 2165 1624 2194 seducti,
1644 2165 1764 2189 audenter
1783 2165 1858 2189 etiam
1883 2165 1977 2189 maiora
1996 2171 2049 2195 per-

1197 2210 1364 2241 petramus».
1388 2209 1533 2240 Susceptam
1559 2208 1634 2233 etiam
1659 2208 1778 2233 examinis
1803 2207 1914 2238 tempore
1943 2207 2049 2238 discipli-

1197 2260 1256 2277 nam
1281 2252 1391 2283 prudens
1410 2259 1459 2277 non
1479 2252 1577 2281 abiicit,
1596 2252 1670 2276 immo
1689 2258 1734 2275 nec
1756 2258 1829 2275 snum
1847 2251 1964 2276 continuo
1976 2251 2048 2282 quasi

1198 2296 1246 2320 ian]
1267 2296 1314 2320 sibi
1334 2295 1459 2320 sufficiens
1483 2294 1575 2319 deserit
1598 2294 1783 2319 instructorem.
1803 2293 1868 2325 Eget
1892 2293 1987 2319 rectore
2005 2301 2047 2319 no-
2061 2298 2114 2321 Egon:

1197 2339 1287 2368 vitius,
1307 2338 1363 2370 eget
1381 2345 1461 2363 novus
1481 2338 1601 2363 directore
1620 2337 1756 2369 professus.
1774 2337 1861 2362 Vanus
1881 2337 1906 2362 et
1921 2336 2003 2367 fictus,
2019 2336 2048 2361 ut

1174 2412 1177 2413 .
1197 2382 1358 2407 instructoris
1371 2389 1455 2406 curam
1475 2381 1595 2411 evaserit,
1610 2381 1748 2411 insolescit,
1769 2380 1876 2405 assumit
1894 2387 1999 2410 cornua,
2019 2379 2049 2404 fit

355 2540 363 2553 ²
381 2541 411 2562 Ita
430 2541 492 2567 Vat.,
511 2540 532 2562 in
549 2539 599 2562 aliis
615 2538 640 2562 in
657 2538 841 2562 conversatione.
860 2538 954 2560 Inferius
971 2544 1013 2566 pro
1031 2537 1059 2560 Si
1079 2537 1142 2567 quod

292 2572 329 2594 ed.
346 2573 360 2594 2
377 2571 500 2601 siquidem.

355 2603 364 2616 ²
382 2604 448 2626 Rom.
461 2604 487 2630 8,
500 2603 521 2625 5.
533 2615 564 2618 -—
576 2602 689 2630 Superius
702 2608 744 2629 pro
756 2600 886 2624 admodum
898 2601 950 2623 Vnt.
966 2600 998 2623 (ul
1013 2599 1142 2623 ‘'rzodicmn.

355 2634 364 2647 ³
383 2635 474 2661 Isidor.,
492 2635 516 2657 ΙΙ.
534 2635 595 2656 sent.
612 2640 632 2655 c.
650 2634 687 2655 110.
706 2640 727 2655 n.
747 2633 768 2655 l.
786 2633 828 2655 Pro
845 2632 966 2655 conversio
985 2632 1000 2654 C
1012 2632 1054 2654 DE
1071 2634 1093 2654 et
1105 2631 1142 2654 ed.

294 2667 302 2687 ι1
324 2665 483 2693 corti-arsatio,
501 2668 523 2687 et
545 2672 587 2693 pro
610 2667 688 2694 lepore
706 2664 757 2686 Vat.
780 2670 834 2687 cum
851 2664 888 2686 ed.
911 2665 915 2685 Ι
938 2665 1045 2692 torpore,
1069 2665 1142 2685 textus

294 2697 412 2725 originalis
430 2699 542 2726 tempore.
558 2709 589 2713 -—
611 2696 715 2718 Subinde
737 2696 859 2723 respicitur
884 2696 956 2723 Apoc.
979 2696 1005 2722 3,
1029 2695 1073 2717 lo:
1097 2694 1141 2716 Sed

293 2729 346 2757 quia
365 2729 457 2757 tepidus
474 2735 498 2750 05
515 2731 537 2750 et
555 2734 596 2750 uec
624 2727 720 2755 [rigidus
737 2733 779 2749 nec
797 2727 896 2753 calidus,
919 2726 1027 2754 incipiam
1050 2729 1072 2748 te
1090 2731 1142 2748 evo-

294 2766 357 2782 mere
374 2766 401 2782 ex
419 2767 459 2782 ore
484 2766 543 2782 meo.
561 2772 592 2776 —
610 2759 721 2786 Superius
739 2765 781 2786 pro
806 2758 856 2781 sine
875 2757 1003 2780 attentione
1020 2757 1036 2780 C
1047 2757 1090 2779 DE
1121 2760 1143 2779 et

294 2792 348 2814 edd.
367 2792 393 2818 4,
413 2793 425 2813 2
443 2791 493 2814 sine
510 2790 649 2818 intentione,
668 2796 710 2818 pro
728 2789 793 2813 lectio
811 2790 828 2811 B
845 2792 867 2812 et
884 2789 920 2812 ed.
939 2790 952 2811 2
971 2788 1064 2811 locutio.

357 2822 366 2835 ⁴
384 2822 429 2845 Csr.
448 2823 566 2850 rhomen,
583 2822 613 2844 (10
630 2823 652 2844 8.
665 2822 766 2844 Anselmi
783 2820 975 2843 similitudinibus
993 2820 1060 2848 (iuter
1072 2826 1142 2847 opera

294 2854 422 2882 Anselmi),
439 2860 458 2876 0.
477 2854 560 2881 25-36,
578 2853 617 2876 ubi
636 2853 664 2875 lili
682 2859 765 2881 genera
783 2853 921 2875 curiositatis
938 2853 1072 2874 asseruntur.
1085 2851 1144 2873 Vide

295 2885 363 2907 etiarn
382 2886 504 2911 Bernard„
528 2886 626 2907 Tractat.
648 2885 678 2907 de
703 2884 820 2907 Gradibus
845 2883 990 2910 humilitatis,
1016 2889 1038 2910 p.
1064 2883 1087 2905 11.
1106 2882 1144 2911 (de

296 2916 408 2944 gradibus
425 2916 556 2944 superbiae)
575 2922 593 2939 c.
613 2916 648 2938 -10,
666 2922 689 2938 n.
706 2917 745 2938 28.
761 2922 827 2944 seqq.
843 2927 875 2931 —-
892 2915 1004 2942 Superius
1027 2920 1069 2942 pro
1087 2919 1144 2943 quo-

296 2947 421 2970 73οᾱ0111)θί
432 2948 467 2970 ed.
481 2949 494 2969 2
508 2947 607 2975 ubilibet,
619 2953 680 2976 quae
691 2948 759 2969 etlam
773 2947 823 2969 voci
836 2947 969 2975 apparatus
982 2945 1089 2974 praefigit
1100 2944 1143 2968 vel.

360 2977 369 2990 ⁵
387 2978 447 3000 Libr.
466 2979 497 3000 111.
514 2979 543 3001 (10
558 2979 609 3000 Vita
621 2978 813 3006 contemplativa,
830 2984 849 3000 0.
868 2979 889 3000 8.
908 2984 929 3000 u.
948 2978 997 3005 11-3,
1015 2976 1056 2999 nbi
1068 2980 1145 2998 tamen

297 3012 370 3032 textus
387 3010 504 3037 originalis
531 3010 594 3037 plura
618 3010 741 3032 hincinde
763 3009 884 3032 interserit.
905 3010 928 3031 ln
952 3008 1065 3037 principio
1091 3008 1143 3030 Vat.

297 3040 353 3069 hos,
373 3040 463 3070 inquit,
481 3040 561 3063 dolens
578 3040 687 3069 enuntio,
706 3047 764 3070 qnos
782 3044 825 3063 etc.

1261 2535 1270 2548 ⁵
1288 2537 1316 2558 113
1336 2537 1380 2558 DE
1397 2538 1419 2558 et
1436 2536 1472 2558 ed.
1495 2536 1517 2562 l,
1536 2536 1587 2557 Vat.
1608 2537 1630 2557 et
1647 2534 1683 2557 cd.
1702 2535 1714 2556 2
1733 2533 1860 2561 iocatione,
1883 2536 1958 2556 textus
1979 2533 2047 2561 origi-

1198 2568 1255 2590 nalis
1272 2568 1327 2596 legit
1338 2567 1363 2590 in
1380 2567 1433 2590 odio
1442 2567 1585 2596 pertinaces.
1603 2566 1697 2588 Interius
1710 2572 1752 2593 pro
1769 2564 1877 2588 audendo
1890 2568 1911 2587 et
1928 2563 2046 2587 audiendo

1198 2600 1250 2622 Vat.
1267 2606 1320 2622 cum
1338 2599 1375 2621 ed.
1397 2600 1402 2620 1
1424 2598 1542 2621 [tutlientlo
1559 2601 1581 2620 ct
1593 2596 1744 2620 advertendo.
1762 2596 1866 2619 Subinde
1882 2602 1925 2624 pro
1942 2595 2014 2626 infert
2030 2596 2046 2618 B

1198 2635 1221 2653 01.
1237 2631 1274 2653 ed.
1291 2632 1304 2652 2
1322 2630 1406 2660 inquit.

1263 2661 1271 2674 ⁷
1290 2662 1330 2684 Ed.
1348 2664 1361 2683 2
1379 2661 1444 2684 addit
1461 2660 1567 2690 denique.

1262 2692 1271 2705 ⁸
1289 2693 1346 2716 Cod.
1364 2694 1381 2715 A
1400 2696 1422 2715 ct
1438 2693 1475 2715 ed.
1493 2693 1506 2714 Ξ).
1524 2694 1648 2714 annectunt
1665 2689 1840 2714 communibus.

1262 2723 1272 2736 ⁹
1290 2725 1320 2747 lta
1339 2724 1402 2751 Vat.‚
1420 2725 1442 2746 iu
1460 2724 1509 2746 aliis
1525 2729 1574 2746 ozon
1591 2722 1670 2745 dubia.

1263 2754 1283 2768 ¹⁰
1301 2756 1357 2784 Cap.
1378 2757 1417 2783 18,
1439 2756 1477 2782 13,
1495 2757 1547 2782 post
1564 2760 1634 2783 quem
1652 2754 1719 2776 Eccli.
1736 2755 1763 2780 2,
1782 2753 1818 2775 14.

1263 2786 1282 2800 ¹¹
1300 2788 1370 2815 Epist.
1389 2788 1405 2809 1.
1421 2786 1472 2809 Cur.
1490 2786 1518 2813 7,
1536 2786 1573 2808 45,
1590 2798 1621 2802 -—
1639 2785 1732 2807 inferius
1749 2791 1791 2812 pro
1808 2783 1934 2813 mortifera.
1947 2783 1963 2806 C
1974 2784 2016 2806 DE
2028 2785 2050 2805 et

1200 2819 1238 2841 ed.
1256 2820 1269 2841 2
1284 2818 1410 2848 pestifero,
1428 2821 1449 2840 et
1467 2817 1565 2840 vocibus
1583 2816 1605 2839 in
1624 2822 1685 2839 ottus
1704 2816 1755 2838 Vnt.
1773 2816 1880 2844 praefigit
1892 2815 1999 2843 nonnisi,
2012 2814 2050 2837 ed.

1201 2852 1214 2873 2
1233 2850 1288 2894 legg
1301 2850 1330 2904 ¹23
1347 2851 1447 2903 qullzisC‘g
1463 2848 1596 2902 deiqssnge
1606 2847 1834 2908 ῗξὲδιῗίιέιιίῗιιΐῗέςεὶε
1867 2877 1905 2900 0111
1923 2878 1966 2900 Vat
1996 2883 2049 2899 cum

1315 2894 1325 2903 ,ι
1349 2893 1357 2903 e
1455 2889 1460 2907 ς
1482 2887 1489 2894 ³
1509 2897 1513 2902 .
1532 2895 1545 2902 ,2
1654 2886 1658 2897 ἰ
1699 2885 1704 2890 “
1745 2885 1750 2890 “
1841 2897 1847 2906 ,
1968 2894 1973 2900 .

1201 2913 1238 2935 ed.
1257 2913 1265 2934 ,1
1288 2913 1352 2935 addit
1368 2912 1392 2935 in
1411 2911 1507 2935 Ordine.

1266 2943 1284 2958 ¹⁸
1302 2944 1347 2967 Csr.
1364 2944 1474 2971 Gregor.,
1493 2943 1506 2965 Ι.
1523 2942 1607 2964 Homil.
1629 2942 1651 2964 in
1669 2942 1749 2963 Ezecli.
1767 2941 1846 2963 homil.
1864 2941 1885 2962 8.
1905 2947 1927 2963 n.
1945 2941 1966 2962 2.
1984 2942 2007 2962 et
2024 2939 2048 2962 11.

1201 2975 1281 2997 homil.
1300 2975 1321 2997 9.
1338 2981 1360 2997 n.
1380 2975 1416 2996 r15.
1443 2975 1496 3003 Seq.
1513 2973 1623 2996 sententia
1649 2976 1683 2995 est
1700 2973 1772 3000 ipsius
1792 2973 1901 2999 Gregor.,
1927 2972 1956 2994 X.
1973 2971 2048 2993 Moral.

1202 3013 1221 3029 0.
1241 3007 1277 3029 111.
1296 3013 1316 3028 n.
1336 3007 1379 3034 21,
1395 3006 1418 3028 in
1436 3012 1481 3035 qua
1499 3011 1541 3033 pro
1558 3003 1724 3027 insensibiliter
1744 3005 1794 3026 Vat.
1811 3009 1865 3026 curn
1883 3003 1919 3025 ed.
1938 3003 1946 3023 ,1
1968 3008 2050 3030 perpe-

1201 3044 1251 3060 ram
1269 3037 1417 3061 sensibiliter.

2061 1304 2130 1324 Admoi'

2094 1994 2133 2059 ,1

2062 2043 2115 2062 fluam

2116 2295 2133 2339 t!

2054 526 2133 546 continu:-
