2133 3317
589 209 786 239 OPUSCULUM
806 210 849 238 xl.
871 210 1032 239 APOLOGIA
1053 210 1234 240 PAUPERUM.
1256 210 1324 239 CAP.
1347 210 1376 239 11.

111 289 230 326 Baptista
243 288 319 317 aliud
334 288 476 321 militibus,
487 287 562 316 aliud
576 287 746 324 praecipitur
760 287 914 324 publicanis
925 290 956 315 »ἵ

111 336 180 365 Haec
210 334 402 371 Hieronymus.
430 334 538 370 Quibus
568 335 695 370 patenter
725 333 859 367 ostendit,
886 334 956 362 hanc

112 389 206 416 suam,
227 381 312 409 immo
339 380 548 417 Scripturarum
576 387 636 408 esse
664 379 843 413 sententiam,
872 387 955 416 quam

112 428 157 458 hic
177 427 303 456 novellus
323 426 434 460 doctor,
457 426 586 455 loviniani
601 433 750 455 erroneum
764 425 863 462 dogma
878 433 956 454 secu-

12 484 51 512 ωῳ
62 481 101 502 veri
113 478 167 509 tus,
188 473 354 502 haereticam
376 473 475 502 asserit
489 476 516 501 et
530 472 724 510 periculosam.
739 488 776 493 —
799 473 868 500 Sane
882 471 956 508 quod

10 509 56 551 2:⁸1¹?
69 511 98 525 ω
113 521 202 555 addit,
230 520 366 549 mandatis
397 520 538 549 hominem
565 519 759 556 imperfectum
786 527 841 547 non
869 518 956 552 effici,

112 568 178 605 quia
197 566 373 596 mandatum
402 569 556 600 sanctum,
578 566 688 594 iustum
720 568 747 593 et
773 564 881 593 borium
901 573 956 593 non

112 616 243 652 operatur
264 616 382 642 mortem
395 614 414 647 ¹,
435 613 483 642 sed
508 612 707 649 «imperfectio
725 611 860 649 quaedam
882 618 957 640 mors

111 664 153 691 est
166 671 197 694 »;
216 659 358 689 manifeste
378 667 477 689 verum
492 659 613 696 probans
627 667 676 696 per
690 658 833 687 manifeste
846 658 956 692 falsum,

111 707 193 737 simul
213 707 257 736 sui
278 706 365 743 ipsius
386 706 508 735 declarat
538 705 752 743 imprudentiam
773 708 801 734 et
821 712 955 734 errorem.

111 753 223 783 Certum
251 756 293 782 est
320 753 406 787 enim,
428 752 502 790 quod
530 752 658 780 mandata
685 759 736 780 nec
761 751 897 788 perfectos
917 751 957 779 fa-

111 800 188 829 ciunt
215 807 266 828 nec
296 799 487 836 imperfectos,
516 806 579 828 cum
608 801 664 827 tam
690 798 719 826 hi
748 806 831 835 quam
862 797 901 826 illi
922 797 957 826 ad

111 847 235 884 ipsorum
250 846 453 875 observantiam
468 846 666 882 astringantur.
681 845 794 873 Certum
809 847 851 873 est
865 844 956 878 etiam,

111 893 186 931 quod
206 893 377 930 imperfectio
398 901 414 921 a
435 892 602 929 perfectione
633 900 688 920 non
709 891 863 928 discrepat,
885 890 957 920 sicut

111 947 187 969 mors
207 948 223 968 a
246 940 300 968 vita
319 939 409 968 distat.
432 939 459 968 Si
474 939 547 968 enim
569 938 740 975 imperfectio
754 946 830 966 mors
844 941 894 971 est,
909 939 958 966 aut

108 986 258 1024 poenalis,
280 989 328 1015 aut
349 985 512 1023 culpabilis.
535 985 561 1014 Si
580 985 730 1022 poeualis;
751 985 846 1014 nullus
867 987 908 1013 est
929 984 957 1012 in

112 1033 164 1062 hac
184 1033 241 1062 vita
261 1032 416 1070 perfectus,
437 1040 488 1061 nec
510 1033 568 1069 ipse
588 1032 731 1066 Christus3
747 1032 769 1060 si
784 1031 957 1068 culpabitis;

112 1079 160 1109 sed
181 1087 257 1108 mors
277 1079 422 1116 culpabilis
443 1082 484 1108 est
505 1079 587 1116 culpa
607 1079 749 1113 mortalis,
764 1078 859 1107 nullus
873 1078 958 1115 igitur

113 1129 154 1156 est
174 1125 366 1162 imperfectus,
387 1125 434 1162 qui
456 1134 512 1154 non
534 1125 569 1154 sit
597 1133 647 1162 per
675 1125 792 1154 mortale
813 1127 957 1161 peccatum

9 1180 91 1223 opu-133
113 1173 169 1202 vita
189 1172 323 1209 privatus.
345 1189 383 1192 —
404 1172 505 1209 Quodsi
527 1172 615 1206 dicat,
636 1180 665 1201 se
686 1175 804 1201 mortem
819 1171 959 1209 quandam

92 1216 204 1249 'dicere
225 1219 359 1248 venialem
380 1219 506 1256 culpam,
527 1219 606 1248 valde
634 1218 786 1256 improprie
817 1219 958 1255 loquitur,

112 1273 163 1295 nec
184 1268 275 1294 tamen
295 1265 413 1294 declinat
434 1273 573 1299 errorem,
594 1265 676 1302 quia,
698 1265 720 1294 si
742 1265 824 1302 culpa
845 1265 959 1293 venialis

112 1315 153 1342 est
183 1320 259 1341 mors
285 1312 388 1341 faciens
415 1312 623 1349 imperfectum,
649 1320 712 1341 cum
739 1320 793 1340 non
825 1312 860 1341 sit
888 1312 958 1340 ratio

111 1359 199 1388 maior
220 1359 254 1388 de
274 1367 331 1388 uno
352 1359 450 1388 veniali
472 1367 557 1396 quam
578 1358 612 1387 de
633 1359 701 1393 alio,
716 1358 825 1395 quoties
839 1358 903 1395 quis
918 1358 959 1386 in-

112 1405 177 1435 cidit
198 1405 225 1434 in
247 1405 352 1435 veniale
373 1409 534 1442 peccatum,
557 1405 637 1434 toties
657 1414 673 1434 a
687 1405 864 1442 perfectionis
884 1404 958 1433 deci-

111 1452 151 1481 dit
165 1454 248 1481 statu.
270 1452 302 1480 Et
322 1452 433 1486 iterum,
448 1459 512 1481 cum
526 1452 621 1481 nullus
635 1454 895 1488 quantumcumque
916 1451 958 1480 iu-

113 1501 173 1528 stus
193 1498 229 1528 sit
258 1498 369 1527 omnino
397 1498 529 1527 immunis
556 1506 572 1526 a
599 1498 769 1532 venialibus,
790 1498 885 1527 nullus
905 1497 959 1526 erit

112 1546 141 1575 in
162 1546 214 1574 hac
236 1546 291 1574 vita
312 1545 452 1582 perfectus
472 1553 504 1574 ea
524 1545 708 1582 perfectione,
734 1553 817 1582 quam
839 1545 959 1574 consulit

113 1592 278 1626 Christus2;
300 1592 375 1629 quod
395 1595 436 1621 est
457 1592 629 1621 haereticum
650 1595 677 1620 et
697 1591 893 1620 damnandum.

193 1640 218 1667 7.
240 1638 278 1667 Ad
299 1638 404 1667 erroris
425 1638 508 1667 etiam
529 1638 572 1667 sui
593 1638 808 1667 cumulationem
824 1638 957 1666 maiorem

3 1694 6 1698 ·
26 1694 101 1713 ...eruo
114 1685 316 1722 subsequenter
337 1684 473 1719 annectit,
496 1684 730 1721 imperfectionem
761 1692 821 1713 esse
853 1684 957 1713 claudi-

0 1698 265 1766 ffimfffl'cationem,
287 1739 358 1769 quae
380 1732 432 1760 sub
463 1734 610 1769 praecepto
642 1740 696 1760 non
728 1731 815 1765 cadit,
837 1731 885 1760 sed
906 1731 959 1760 sub

114 1779 300 1816 indulgentia,
331 1779 564 1816 quemadmodum
595 1787 654 1807 sua
684 1782 808 1816 repetere
835 1786 890 1807 non
918 1781 959 1807 est

113 1826 287 1861 mandatum,
302 1826 350 1855 sed
371 1826 519 1855 indultum.
534 1842 573 1846 —
587 1826 665 1862 Quod
686 1829 728 1854 est
749 1826 829 1862 plane
850 1825 959 1859 falsum,

113 1882 177 1903 cum
192 1873 383 1910 indulgentia,
395 1873 548 1902 secundum
560 1872 743 1910 Augustinum
758 1872 793 1901 de
807 1873 881 1901 Bono
895 1880 959 1901 con-

113 1920 196 1958 iugali
209 1920 229 1955 ³,
251 1920 374 1949 includat
393 1922 555 1957 peccatum,
577 1922 604 1948 et
624 1923 749 1956 repetere
773 1928 831 1948 suet
858 1919 960 1956 imper-

113 1967 192 1996 fectis
213 1967 248 1996 sit
268 1967 390 2001 licitum,
413 1967 485 1996 sicut
515 1967 621 2003 primae
641 1967 675 1995 ad
696 1966 853 1995 Corinthios
880 1970 960 1996 sexto

113 2013 180 2042 dicit
200 2013 311 2042 Glossa:
338 2024 351 2038 α
365 2013 484 2041 Infirmis
505 2013 568 2042 licet
582 2020 633 2042 sua
647 2015 788 2049 repetere,
804 2012 886 2041 etiam
902 2021 959 2041 mo-

0 2072 47 2092 m,
58 2068 102 2088 aua.
114 2060 203 2090 vendo
217 2068 327 2089 causam
342 2063 405 2089 ante
419 2060 538 2089 iudicem
554 2072 580 2088 ».
604 2076 639 2079 —-
662 2060 728 2088 Huic
745 2068 856 2097 quoque
871 2059 960 2088 simile

114 2110 168 2141 est,
190 2107 280 2144 quod,
302 2106 468 2144 quibusdam
497 2107 574 2136 vanis
595 2110 622 2136 et
642 2106 748 2136 frivolis
775 2106 959 2143 interpositis,

114 2154 232 2188 addidit,
253 2154 327 2191 quod
352 2154 408 2182 «in
433 2162 504 2183 novo
533 2156 711 2187 testamento,
739 2153 821 2182 etiam
849 2153 960 2190 quaudo

114 2200 288 2230 contrabitur
309 2208 392 2230 causa
419 2200 505 2238 prolis
535 2201 759 2235 matrimonium,
792 2203 833 2229 est
863 2200 960 2229 imitu-

115 2251 178 2275 tum
192 2259 218 2274 n.
241 2247 290 2276 Cui
321 2249 416 2284 aperte
446 2246 609 2276 contradicit
635 2247 806 2284 Augustinus
833 2247 866 2276 de
887 2247 961 2276 Bono

115 2294 290 2331 coniugali4:
317 2294 438 2327 «Certe,
460 2293 563 2330 inquit,
591 2293 719 2322 dubitare
750 2293 791 2322 fas
821 2302 876 2322 non
904 2297 960 2329 est,

115 2341 227 2378 nuptias
248 2349 302 2369 non
324 2348 384 2370 esse
404 2343 558 2377 peccatum.
579 2340 638 2369 Non
659 2340 753 2377 itaque
777 2341 898 2377 nuptias
919 2348 961 2370 se-

116 2387 237 2417 cundum
259 2387 366 2416 veniam
395 2387 519 2416 concedit
546 2387 706 2424 Apostolus,
728 2387 775 2415 sed
796 2387 874 2416 illum
895 2395 961 2415 cou-

117 2434 247 2463 cubitum
268 2435 421 2464 secundum
443 2434 550 2463 veniam
569 2434 708 2468 concedit,
730 2433 779 2470 qui
800 2433 831 2462 fit
853 2442 901 2470 per
920 2434 961 2462 in-

117 2481 326 2516 continentiam,
341 2489 394 2510 non
410 2481 499 2510 solum
521 2488 604 2510 causa
618 2480 795 2517 procreandi,
811 2479 858 2509 sed
879 2480 961 2508 etiam

182 2683 190 2697 ¹
207 2685 275 2707 Rom.
291 2685 313 2713 7,
333 2685 367 2707 12.
385 2691 446 2714 seq.:
465 2685 543 2714 ltaque
560 2685 594 2707 lex
611 2685 706 2713 quidem
723 2688 801 2707 sancta
823 2688 845 2707 et
870 2685 962 2707 manda-

119 2727 167 2746 tum
184 2727 289 2746 sanctum
306 2727 329 2746 et
345 2724 431 2746 iustum
449 2726 471 2746 et
488 2723 584 2746 bonum.
595 2724 662 2752 Quod
679 2730 735 2751 ergo
751 2724 840 2746 bonum
853 2727 894 2750 est,
906 2724 961 2746 mihi

119 2763 204 2784 factum
221 2765 255 2784 est
272 2763 353 2784 mors?
371 2761 442 2784 Absit.
461 2763 506 2785 Sed
524 2766 657 2790 peccatum,
668 2765 693 2784 ut
710 2765 822 2790 appareat
833 2765 962 2790 peccatum,

120 2808 160 2830 per
178 2801 265 2824 bonum
282 2804 403 2829 operatum
421 2805 455 2824 est
473 2801 528 2824 mihi
547 2804 646 2824 mortem
663 2804 705 2824 etc.

181 2839 190 2852 ²
207 2841 284 2863 lilattb.
301 2840 326 2869 5,
344 2840 385 2863 48:
403 2841 477 2863 Estote
495 2846 551 2868 ergo
576 2846 619 2862 vos
643 2840 753 2868 perfecti,
769 2840 827 2863 sicut
851 2843 873 2863 et
897 2841 962 2863 Pater

120 2883 195 2902 vester
213 2879 315 2902 caelestis
332 2881 448 2907 perfectus
465 2882 507 2902 est.

183 2917 192 2930 ³
208 2917 264 2946 Cap.
285 2919 318 2940 10.
336 2924 358 2940 n.
380 2918 419 2940 tl:
437 2918 492 2946 Quis
512 2918 627 2946 ambigat,
644 2917 811 2940 absurdissime
835 2918 893 2944 dici,
915 2924 961 2940 non

120 2962 160 2979 eos
171 2962 290 2985 peccasse,
302 2956 388 2985 quibus
405 2957 471 2979 venia
489 2957 573 2979 datur?
585 2969 616 2973 —
627 2957 660 2979 De
677 2957 755 2980 Glossa
769 2957 792 2979 in
805 2957 820 2979 l.
837 2957 889 2980 Cor.
906 2958 927 2986 6,
938 2957 961 2984 7,

120 3001 181 3024 quae
196 2995 316 3018 exhibetur
333 3001 345 3018 a
363 2995 429 3018 Petro
447 2995 578 3018 Lombardo
596 2999 617 3018 et
634 2996 724 3024 Lyrano
738 2999 761 3018 ut
773 2995 906 3025 ordinm-iu,
921 2997 961 3018 cfr.

213 3041 239 3065 S.
252 3042 343 3065 Bonae.
354 3054 384 3059 -
397 3042 466 3064 Tom.
476 3042 532 3065 Vlll.

1798 209 1851 238 ⁹241

1012 288 1160 325 aliquando
1190 288 1267 317 nulla
1296 296 1379 317 causa
1410 288 1592 325 procreandi,
1628 295 1711 325 quem
1743 287 1856 324 nuptiae

1013 334 1073 363 fieri
1094 343 1149 363 non
1170 339 1285 372 cogunt,
1304 335 1350 364 sed
1372 336 1474 373 ignosci
1502 336 1659 373 impetrant.
1687 334 1856 363 Concubitus

1013 381 1085 409 enim
1108 382 1166 410 sola
1186 389 1270 410 causa
1299 382 1447 419 generandi
1477 382 1667 419 inculpabilis,
1695 381 1770 411 solus
1798 381 1856 418 ipse

1013 427 1144 463 nuptialis
1158 430 1200 456 est
1211 440 1237 456 ι».
1252 428 1322 457 Haec
1336 428 1520 465 Augustinus;
1535 429 1584 457 ubi
1602 429 1675 457 inter
1696 428 1786 465 ipsum
1808 427 1856 456 do-

1013 476 1117 502 ctorem
1138 474 1284 511 antiquum
1309 478 1337 504 et
1361 475 1436 504 hunc
1463 476 1604 504 novellum
1636 478 1711 504 tanta
1741 478 1782 504 est
1814 482 1857 503 re-

1013 520 1164 556 pugnantia
1185 528 1317 549 sensuum
1339 525 1366 550 et
1386 522 1551 556 verborum,
1573 525 1604 551 ut
1625 530 1737 551 necesse
1757 521 1801 555 sit,
1816 521 1855 549 al-

1013 569 1104 595 terum
1126 574 1224 595 eorum
1245 568 1397 597 asseruisse
1417 568 1525 597 falsum.
1541 569 1567 597 Si
1593 569 1678 606 igitur
1693 577 1747 598 non
1762 576 1856 603 suam,

1013 612 1061 641 sed
1081 613 1184 650 egregii
1214 613 1335 642 doctoris
1360 615 1420 643 vult
1450 615 1528 652 sequi
1559 615 1739 650 sententiam,
1768 623 1802 644 ne
1829 615 1857 643 in

1013 660 1119 688 foveam
1150 659 1229 688 cadat
1259 661 1377 694 erroris,
1408 661 1515 690 desinat
1542 662 1776 698 imperfectionem
1808 669 1858 698 per

1013 705 1213 734 distortionem
1234 709 1261 734 et
1282 706 1524 735 claudicationem
1538 708 1708 741 describere,
1729 715 1763 736 ne
1784 715 1858 736 con]-

1013 752 1133 789 pellatur
1154 760 1190 781 ex
1211 752 1263 781 hoc
1285 755 1415 789 tanquam
1437 753 1571 782 distortus
1595 758 1622 783 et
1643 754 1758 783 claudus
1782 763 1798 783 a
1812 762 1858 783 ve-

1013 798 1103 827 ritatis
1124 799 1235 827 tramite
1255 798 1374 827 deviare.

1092 846 1118 874 8.
1141 846 1220 882 Quod
1240 849 1333 874 autem
1356 845 1461 879 subdit,
1482 846 1624 875 Christum
1656 848 1732 876 nulla
1762 847 1859 876 fecisse

1014 900 1098 930 opera
1119 896 1226 922 tantum
1255 892 1387 921 imitanda
1414 892 1558 929 perfectis,
1580 901 1631 929 pro
1662 902 1694 922 eo
1720 894 1794 930 quod
1815 901 1859 922 ne-

1013 938 1081 967 mini
1102 939 1298 976 perfectionem
1319 938 1432 973 invidit,
1454 939 1532 975 quasi
1554 948 1609 968 non
1624 940 1709 976 possit
1723 948 1782 968 esse
1797 948 1860 977 gra-

1014 986 1067 1015 dus
1087 989 1115 1015 et
1135 986 1274 1015 distinctio
1305 986 1332 1014 in
1364 986 1500 1023 exemplis
1527 986 1628 1015 Christi
1651 995 1682 1015 ac
1704 987 1796 1015 verbis
1817 995 1860 1016 re-

1015 1036 1111 1070 spectu
1132 1033 1271 1070 graduum
1293 1036 1321 1062 et
1341 1035 1465 1061 statuum
1496 1032 1672 1061 diversorum
1703 1033 1730 1061 in
1753 1033 1859 1062 hierar-

1015 1080 1077 1108 chia
1099 1079 1245 1113 Echesiae3
1262 1087 1438 1116 nequaquam
1459 1082 1501 1108 est
1522 1087 1674 1108 consonum
1688 1080 1860 1109 documentis

1015 1127 1184 1163 Scripturae.
1206 1127 1272 1155 Nam
1295 1126 1422 1155 Christus
1437 1126 1508 1155 dixit
1522 1126 1676 1163 specialiter
1692 1126 1860 1163 Apostolis5:

1021 1173 1104 1202 Vobis
1124 1173 1228 1202 (latiam
1250 1176 1291 1201 est
1321 1181 1404 1201 nosse
1432 1173 1604 1210 mysterizmz
1625 1173 1710 1210 requi
1732 1173 1796 1207 Dei,
1818 1181 1860 1202 ce-

1016 1220 1085 1249 teris
1106 1223 1204 1248 autem
1225 1220 1257 1248 iu
1275 1219 1437 1256 parabolis.
1461 1219 1491 1248 Et
1512 1219 1613 1248 iterum
1635 1220 1751 1256 loquens
1765 1220 1798 1248 ad
1814 1220 1861 1248 Pa-

1016 1269 1088 1295 trem
1108 1266 1160 1295 ait:
1183 1266 1370 1295 Abseoudisti
1401 1265 1470 1294 llaec
1502 1275 1521 1294 α
1541 1266 1722 1303 sapientibus
1742 1271 1768 1295 et
1785 1275 1860 1303 pru-

1015 1313 1149 1342 dentibus
1170 1316 1194 1341 et
1215 1313 1351 1342 revelasti
1371 1321 1405 1341 ea
1423 1313 1570 1350 parvulis.
1599 1313 1729 1350 Nunquid
1750 1313 1860 1342 invidus

1016 1360 1105 1394 Deus,
1127 1359 1193 1397 quia
1213 1368 1267 1388 non
1296 1360 1426 1389 omnibus
1457 1359 1606 1396 sapientiae
1637 1367 1704 1388 suae
1729 1359 1861 1388 revelavit

1015 1410 1168 1435 arcanum?
1189 1407 1322 1435 Constans
1343 1410 1384 1435 est
1405 1409 1515 1440 autem,
1547 1406 1621 1443 quod
1642 1406 1713 1435 sicut
1734 1406 1861 1435 Christus

1015 1461 1066 1482 sua
1080 1461 1131 1490 pro
1145 1453 1199 1482 illis
1213 1453 1261 1490 qui
1276 1461 1307 1482 ea
1322 1453 1480 1490 capiebant,
1496 1453 1666 1490 proponebat
1687 1453 1810 1490 eloquia,
1826 1453 1863 1481 ita

1015 1500 1120 1537 pariter
1141 1503 1169 1529 et
1189 1500 1325 1537 exempla.
1347 1516 1386 1521 -—
1406 1500 1584 1537 Nequaquam
1601 1500 1685 1537 igitur
1700 1508 1736 1528 ex
1751 1499 1861 1533 invidia,

1016 1547 1063 1576 sed
1088 1555 1125 1576 ex
1153 1547 1286 1576 altissima
1312 1547 1515 1583 dispensatione
1546 1547 1694 1583 sapientiae
1716 1547 1763 1575 Dei
1789 1546 1862 1575 ‹tioi-

1016 1594 1108 1622 dentis
1129 1594 1207 1622 domo
1234 1600 1292 1622 sua
1322 1594 1462 1631 stimulis,
1482 1598 1573 1630 prout
1603 1593 1696 1627 *vztlt‘ffi
1726 1593 1861 1630 quaedam

1016 1644 1212 1677 proponuntur
1233 1640 1364 1669 imitanda
1386 1641 1527 1678 praelatis,
1544 1649 1598 1669 non
1623 1640 1755 1675 subditis;
1778 1648 1862 1677 quae-

1015 1688 1078 1717 dam
1093 1688 1298 1725 spiritualibus,
1314 1696 1368 1716 non
1384 1688 1565 1721 animalibus;
1578 1687 1712 1724 quaedam
1724 1687 1861 1724 perfectis,

1016 1743 1072 1763 non
1101 1734 1285 1771 imperfectis;
1317 1734 1451 1771 quaedam
1480 1734 1615 1768 fortibus,
1646 1742 1700 1762 non
1732 1734 1861 1768 infirmis,

1016 1781 1088 1810 sicut
1109 1784 1183 1818 patet
1204 1781 1366 1818 expressius
1387 1781 1415 1809 in
1436 1781 1600 1810 auctoritate
1615 1780 1787 1818 praemissa⁷
1802 1780 1862 1809 Hie-

1016 1827 1125 1864 ronymi
1146 1830 1243 1856 contra
1264 1827 1444 1856 lovinianum.
1465 1827 1519 1856 Nec
1541 1830 1630 1856 tamen
1646 1827 1772 1861 dicimus,
1788 1826 1862 1864 quod

1016 1882 1101 1911 opera
1121 1874 1299 1903 consiliorum
1314 1877 1342 1903 et
1356 1874 1633 1911 supererogationum
1648 1874 1701 1903 illis
1716 1874 1781 1903 solis
1796 1882 1860 1911 pro-

1016 1923 1168 1957 ponantur,
1190 1921 1238 1957 qui
1259 1921 1312 1949 iam
1335 1921 1448 1957 perfecti
1470 1923 1548 1954 sunt,
1570 1920 1638 1957 quin
1660 1920 1752 1957 potius
1773 1920 1861 1949 omni-

1016 1968 1085 2002 bus,
1107 1967 1155 2005 qni
1176 1967 1210 1996 ad
1231 1967 1407 2004 perfectionis
1428 1968 1538 1996 culmen
1553 1967 1738 1996 conscendere
1753 1967 1861 2001 volunt;

1017 2014 1091 2052 quod
1112 2015 1223 2052 quidem
1245 2017 1377 2051 tanquam
1410 2014 1521 2043 difficile
1549 2017 1577 2043 et
1603 2015 1724 2044 arduum
1745 2023 1799 2044 non
1821 2017 1863 2043 est

1017 2061 1155 2096 omnium,
1177 2061 1224 2089 sed
1246 2069 1408 2098 paucorum.

1096 2109 1121 2136 9.
1144 2108 1242 2142 Porro,
1264 2108 1334 2136 ratio
1355 2108 1416 2142 illa,
1437 2116 1493 2144 qua
1521 2108 1722 2145 subsequenter
1744 2112 1860 2137 conatur

1016 2157 1159 2189 astruere,
1180 2154 1282 2184 Christi
1303 2163 1388 2191 opera
1402 2158 1429 2184 et
1443 2155 1571 2192 exempla
1585 2155 1739 2192 aequaliter
1754 2156 1861 2185 cunctis

1016 2209 1076 2230 esse
1097 2201 1250 2238 proposita,
1272 2202 1352 2239 quia,
1374 2202 1396 2230 si
1428 2202 1532 2239 aliquid
1560 2202 1629 2239 egit,
1652 2202 1726 2239 quod
1754 2205 1861 2231 tantum

1017 2247 1182 2276 imitandum
1210 2250 1283 2276 esset
1309 2247 1493 2285 imperfectis,
1515 2248 1657 2277 videretur
1684 2252 1766 2283 tunc,
1787 2249 1861 2285 quod

1017 2294 1157 2323 debuisset
1177 2302 1297 2323 uxorem
1325 2295 1450 2332 accipere
1477 2298 1504 2324 et
1525 2295 1747 2324 contentionibus
1775 2303 1804 2324 se
1825 2296 1862 2324 in-

1017 2349 1130 2378 gerere,
1152 2344 1184 2370 ut
1215 2341 1316 2370 horum
1346 2342 1513 2379 imperfectis
1544 2342 1672 2379 exempla
1700 2342 1861 2379 praeberet,

1017 2388 1122 2417 nullius
1142 2391 1184 2417 est
1203 2388 1355 2423 efficaciae,
1377 2388 1446 2417 sed8
1468 2397 1583 2426 magnae
1605 2389 1765 2417 dementiae.
1788 2389 1863 2417 Nun-

1018 2442 1102 2471 quam
1123 2435 1197 2463 enim
1218 2435 1352 2464 rationem
1374 2435 1445 2463 hanc
1459 2435 1628 2471 probabilem
1651 2435 1789 2470 crederet,
1811 2435 1863 2464 nisi

1018 2481 1218 2517 experientiam
1254 2481 1372 2510 carnalis
1407 2481 1526 2511 libidinis
1559 2485 1586 2510 et
1620 2482 1861 2519 compugnantiam

1019 2686 1123 2713 August„
1142 2686 1255 2708 Enchirid.
1282 2692 1302 2708 c.
1321 2686 1359 2707 78.
1377 2691 1399 2707 n.
1417 2686 1455 2707 2¹.
1479 2684 1552 2707 Codd.
1570 2684 1639 2707 ΑΒΕ
1651 2685 1668 2707 D
1685 2685 1792 2707 omittunt
1808 2686 1862 2708 ante

1019 2724 1127 2747 iudicem.
1145 2724 1203 2747 Vide
1219 2725 1314 2751 Bonav.,
1331 2724 1458 2747 Comment.
1477 2724 1499 2746 in
1517 2725 1570 2746 Luc.
1589 2731 1608 2746 c.
1626 2724 1648 2746 6.
1666 2731 1688 2746 n.
1705 2724 1743 2746 74.
1763 2730 1811 2753 seq.

1080 2762 1090 2774 ⁴
1108 2762 1164 2790 Cap.
1185 2762 1218 2784 10.
1236 2769 1259 2784 n.
1279 2763 1314 2784 il.
1331 2762 1376 2784 Cfr.
1393 2762 1407 2784 l.
1425 2762 1477 2784 Cor.
1494 2762 1516 2789 7,
1540 2763 1561 2784 2.
1584 2769 1656 2791 seqq,
1674 2761 1713 2784 ubi
1731 2769 1754 2785 v.
1772 2763 1796 2785 6:
1816 2763 1862 2785 lloc

1019 2804 1096 2823 autem
1113 2801 1165 2823 dico
1186 2801 1316 2824 secundum
1340 2801 1506 2829 indulgentiam
1532 2800 1653 2831 [veniam]‚
1671 2808 1717 2824 non
1734 2802 1862 2824 secundum

1019 2840 1152 2868 imperium.

1082 2878 1091 2891 ὅ
1108 2879 1163 2901 Luc.
1180 2880 1207 2906 8,
1225 2879 1266 2906 to,
1284 2882 1336 2907 post
1353 2885 1423 2908 quem
1441 2879 1518 2902 Matth.
1536 2879 1573 2907 li,
1591 2879 1628 2902 25.

1082 2917 1091 2930 θ
1109 2918 1178 2946 Epist.
1197 2919 1210 2940 l.
1229 2918 1278 2940 Cor.
1300 2919 1339 2946 ¹2,
1360 2918 1394 2940 ll.
1732 2917 1740 2931 ⁷
1758 2919 1824 2941 Num.
1842 2919 1862 2941 6.

1082 2956 1091 2969 ⁹
1108 2956 1180 2979 Codd.
1197 2957 1215 2979 Α
1226 2957 1241 2979 Β
1250 2956 1266 2979 C
1277 2958 1292 2979 E
1309 2958 1337 2980 et.
1355 2956 1458 2980 Subinde
1472 2963 1514 2985 pro
1527 2957 1657 2987 Nunquam
1676 2958 1715 2985 (ita
1733 2958 1749 2980 Β
1758 2957 1774 2979 C
1785 2958 1802 2979 D
1813 2959 1828 2980 E
1839 2957 1862 2985 F)

1020 2996 1073 3019 edd.
1086 2996 1251 3026 Nequaquam,
1268 2999 1290 3019 et
1307 3002 1349 3024 pro
1367 2996 1585 3020 condescemlentiae
1597 2997 1650 3019 edd.
1665 2997 1862 3020 condescensioni.

1740 3045 1765 3066 31

1872 855 1914 873 Alia
1925 854 2005 874 assertio

1888 878 1988 897 refellitur.

1877 1508 1925 1534 'sera
1934 1509 2007 1534 septen-

1880 1533 1905 1549 tia
1918 1533 2000 1555 ponitur.

1888 2119 1947 2138 Etiam
1960 2119 2009 2138 ratio

1879 2143 1924 2161 salsa
1944 2147 2009 2167 repro-

1878 2166 1939 2185 batur.
