2133 3317
868 248 967 276 INDEX
988 247 1180 276 GENERALIS.

148 330 200 353 Car.
218 330 264 352 Vll.
283 330 316 352 De
333 330 433 358 perfecta
448 329 488 351 Dei
506 328 599 351 caritate
601 343 843 349 .......
880 332 937 355 pay.
952 326 992 348 124

172 385 183 396 ιι
220 376 274 399 Vlll.
292 376 324 398 De
341 375 404 398 finali
424 373 595 403 perseverantia
598 389 883 395 ........
917 381 928 392 ιι
950 372 993 394 125

454 442 622 467 OPUSCULUM
641 442 686 465 Vll.

149 516 181 539 De
198 522 303 539 3301111133
320 521 402 538 ‚imme
404 529 884 537 .............
917 521 927 532 ι
950 512 993 534 128

300 583 399 607 OPUSC.
416 584 468 606 Vlll.
486 584 523 606 DE
540 584 596 606 SEX
613 584 674 606 ALlS
691 583 840 605 SERAPHIM.

148 657 259 683 Prologus
287 669 883 677 ................
916 661 926 673 ιι
949 653 988 674 131

147 702 199 726 CAr.
217 703 233 725 1.
245 702 359 730 Seligendi
368 702 414 730 apti
424 701 560 730 Superiores
571 701 630 723 inter
641 701 738 727 multos;
750 699 885 728 incipientes

273 749 376 777 indigent
387 749 511 777 magistr03
524 748 635 776 magistro
647 754 693 770 non
705 747 835 775 indigentes
847 746 884 769 de-

274 795 328 818 bent
345 795 430 818 habere
447 798 547 824 quatuor
563 795 717 823 perfectiones
719 810 883 816 .....
917 802 928 813 ιι
961 792 992 815 ib.

167 851 179 862 ιι
215 843 238 865 11.
252 842 284 864 De
296 842 370 870 prima
379 842 414 864 ala
423 842 586 870 praelatorum,
595 847 655 869 quae
667 843 701 862 est
712 840 774 862 zelus
786 839 884 862 iustitiae
916 848 926 860 ιι
951 840 992 862 133

169 897 180 908 ιι
216 889 249 911 111.
266 888 299 911 De
316 888 416 911 secunda
434 888 467 910 ala
486 888 650 916 praelatorum,
667 892 727 915 quae
744 889 779 908 est
795 886 882 914 pietas.
916 894 926 905 ιι
949 886 992 907 136

167 943 179 956 ιι
215 935 252 957 lV.
270 935 303 957 De
320 935 384 957 tertia
402 935 436 957 313
454 935 617 963 praelatorum,
634 939 694 962 quae
711 936 745 955 est
758 932 866 961 patientia
878 949 883 954 .
916 941 927 952 ιι
951 932 992 954 138

167 990 179 1002 ιι
214 981 242 1003 V.
259 981 293 1004 De
301 984 381 1010 quarta
392 981 425 1003 ala
435 981 598 1009 praelatorum,
607 986 668 1009 quae
679 983 713 1002 est
724 979 884 1007 exemplaritas

274 1028 335 1050 vitae
366 1043 882 1050 ..............
916 1034 926 1046 ιι
949 1025 993 1047 140

167 1084 178 1096 ι
215 1076 253 1098 Vl.
262 1076 294 1098 De
302 1075 381 1105 quinta
390 1075 425 1097 313
435 1075 598 1103 praelatorum,
605 1080 665 1102 quae
673 1076 708 1096 est
715 1073 882 1101 circumspecta

273 1123 380 1146 discretio
405 1136 883 1144 .............
916 1128 926 1140 ιι
948 1119 993 1141 112

167 1178 179 1190 ιι
215 1170 259 1192 Vll.
278 1169 309 1191 De
326 1172 386 1192 sexta
404 1169 438 1191 313
456 1169 619 1196 praelatorum,
631 1173 691 1196 quae
703 1170 737 1190 est
748 1167 841 1190 devotio
853 1166 883 1189 ad

273 1217 345 1239 Deum
365 1230 883 1239 ..............
916 1221 927 1233 ιι
949 1212 992 1234 147

146 1262 335 1286 Additamentum
367 1276 883 1285 ..............
916 1268 926 1280 ιι
948 1259 988 1282 151

457 1332 625 1354 OPUSCULUM
644 1332 681 1354 lx.

146 1403 251 1426 officium
269 1410 297 1425 or,
317 1409 417 1425 PASSlONE
435 1403 513 1425 00111131
520 1418 882 1424 ..........
916 1409 926 1421 ιι
951 1400 992 1423 152

379 1473 478 1496 OPUSC.
495 1473 525 1495 X.
542 1473 617 1495 VlTlS
635 1471 758 1494 MYSTlCA

336 1525 374 1542 seu
396 1525 524 1541 mactmus
546 1525 574 1541 oe
596 1525 696 1541 mssuone
719 1524 801 1541 numm.

145 1591 257 1618 Prologus
284 1605 882 1612 ................
915 1597 926 1608 ιι
951 1588 992 1610 159

145 1637 198 1661 CAr.
215 1638 231 1660 l.
248 1638 280 1660 De
297 1636 478 1666 proprietatibus
495 1636 547 1658 vitis
565 1651 883 1658 .........
917 1644 928 1655 ιι
961 1635 991 1657 ib.

167 1693 178 1704 ιι
215 1685 238 1707 11.
256 1685 288 1707 De
305 1684 448 1713 praecisione
467 1684 520 1706 vitis
521 1699 882 1705 ..........
915 1691 926 1702 ιι
950 1682 991 1704 160

167 1739 178 1751 ιι
214 1731 247 1754 111.
264 1731 296 1753 De
312 1731 503 1754 circumfossione
520 1730 573 1753 vitis
601 1746 882 1752 ........
915 1738 926 1749 ιι
950 1729 991 1751 162

166 1787 177 1798 ιι
213 1778 250 1800 lV.
268 1778 300 1800 De
316 1778 413 1806 ligatura
433 1777 487 1800 vitis
520 1793 880 1800 ..........
916 1784 927 1797 ι
950 1776 991 1798 165

1839 246 1895 275 753

1049 326 1101 349 CAr.
1119 326 1146 348 V.
1165 326 1196 348 De
1208 325 1354 347 similitudine
1367 325 1440 352 ipsius
1450 324 1514 352 vitis,
1526 327 1548 347 et
1560 324 1636 352 primo
1647 324 1725 353 quoad
1737 324 1787 346 eius

1176 378 1261 400 corpus
1268 388 1744 394 .............
1782 377 1840 400 pay.
1854 372 1895 393 168

1071 427 1081 438 ι>
1118 419 1155 441 Vl.
1173 419 1205 441 De
1222 418 1324 441 secunda
1336 418 1485 440 similitudine
1501 418 1551 440 sive
1568 418 1597 440 de
1615 418 1672 440 foliis
1689 418 1749 445 vitis,
1763 420 1786 440 et

1175 465 1252 493 primo
1269 465 1291 487 in
1309 465 1409 492 generali
1426 481 1786 487 ..........
1818 473 1829 485 ιι
1854 465 1891 487 171

1070 520 1081 532 ιι
1119 511 1164 534 Vll.
1182 512 1214 534 De
1233 512 1290 534 foliis
1307 512 1359 534 vitis
1379 512 1400 534 in
1418 512 1523 540 speciali,
1535 514 1557 534 et
1574 512 1603 534 de
1620 512 1696 540 primo
1714 511 1786 534 verbo

1175 557 1258 581 Christi
1279 558 1301 580 in
1318 564 1387 581 cruce
1389 575 1785 581 ...........
1819 567 1829 579 ιι
1854 558 1895 580 172

1071 613 1081 625 ιι
1118 605 1173 627 Vlll.
1190 605 1223 627 De
1240 605 1342 627 secundo
1364 605 1417 627 folio
1435 604 1487 627 vitis
1503 605 1552 627 sive
1569 604 1642 627 verbo
1662 604 1744 627 Christi
1762 605 1786 627 in

599 1893 821 1931 OPUSGULA
845 1893 905 1930 AD
930 1892 1130 1930 ORDINEM
1155 1891 1441 1929 SPEGTANTIA.

145 2015 243 2038 OPUSC.
252 2015 290 2038 Xl.
299 2015 439 2038 APOLOGlA
453 2014 601 2037 PAUPERUM
613 2014 729 2037 CONTRA
740 2013 990 2037 CALUMNlATORElll.

145 2109 256 2137 Prologus
284 2124 840 2131 ...............
880 2113 935 2136 puy.
945 2107 990 2129 233

145 2155 196 2179 CAr.
215 2156 229 2178 1.
245 2156 335 2178 Primae
352 2155 508 2183 responsionis
519 2155 594 2183 prima
607 2155 718 2183 particula
731 2155 881 2183 primumque

271 2202 411 2231 capitulum,
428 2202 451 2224 in
467 2208 514 2231 quo
531 2201 703 2224 calumniatoris
720 2201 814 2224 intentio
832 2207 881 2229 per·

272 2255 338 2272 versa
350 2249 478 2277 detegitur,
491 2252 514 2271 et
524 2255 594 2271 verae
605 2248 808 2271 condescensionis
819 2247 881 2270 Chri-

270 2295 298 2318 sti
314 2295 420 2318 sublimis
437 2295 546 2322 perfectio
563 2295 691 2317 declaratur
716 2310 878 2316 .....
913 2302 923 2314 ι
944 2293 990 2316 235

166 2352 178 2363 ιι
213 2343 237 2365 ll.
253 2342 341 2364 Primae
363 2341 518 2370 responsionis
540 2341 642 2363 secunda
668 2341 778 2368 particula
803 2346 882 2363 secun-

269 2389 374 2417 dumque
391 2388 530 2416 capitulum,
543 2388 564 2410 in
581 2394 628 2416 quo
640 2387 744 2415 capitalis
760 2393 824 2410 error
841 2387 882 2409 cir-

270 2441 296 2458 ca
320 2435 498 2457 notificationem
517 2434 662 2462 perfectionis
684 2438 705 2456 et
727 2433 881 2462 imperfectio-

269 2483 304 2505 nis
321 2483 424 2510 eliditur,
447 2485 469 2504 et
491 2488 560 2504 verae
582 2481 727 2510 perfectionis
749 2481 882 2509 exemplari-

269 2532 303 2552 tas
319 2533 341 2552 et
358 2529 485 2552 differentia
499 2529 572 2557 ipsius
588 2529 617 2551 ad
636 2528 833 2556 imperfectionem
848 2534 881 2550 re-

269 2579 358 2599 seratur
360 2592 879 2599 ..............

166 2634 176 2645 n
213 2625 246 2647 ΙΙΙ.
263 2624 352 2646 Primae
369 2623 526 2652 responsionis
542 2623 605 2645 tertia
618 2622 727 2651 particula
741 2622 880 2651 tertiumque

269 2671 409 2699 capitulum,
426 2670 449 2692 in
461 2675 508 2699 quo
525 2669 674 2697 evangelicae
685 2668 831 2697 perfectionis
849 2669 880 2691 in-

270 2717 363 2745 tegritas
380 2717 501 2745 panditur,
520 2716 616 2745 eiusque
638 2719 710 2739 status
732 2715 837 2739 sublimis
859 2718 881 2738 et

271 2764 359 2792 gradus
376 2763 522 2786 multiformis
543 2763 645 2791 aperitur
679 2779 880 2785 ......
912 2770 924 2783 n
945 2761 989 2784 244

165 2820 176 2831 ιι
213 2811 249 2833 Ν.
266 2810 387 2833 Secundae
412 2809 569 2838 responsionis
590 2809 663 2838 prima
686 2809 797 2837 particula
814 2814 880 2838 quar-

270 2860 365 2886 tumque
382 2857 521 2885 capitulum,
538 2857 562 2879 in
579 2863 626 2885 quo
643 2856 759 2884 appetitus
776 2855 879 2883 martyrii

270 2904 300 2926 dc
317 2910 342 2926 se
354 2905 469 2932 perfectus
486 2903 626 2929 ostenditur,
637 2906 660 2925 et
670 2909 683 2925 e
695 2902 808 2925 contrario
826 2903 879 2930 fuga

270 2950 374 2978 martyrii
390 2950 419 2972 de
436 2956 460 2972 se
477 2950 610 2978 imperfecta
629 2952 769 2972 monstratur
795 2967 800 2972 .
834 2967 840 2972 .
874 2966 880 2972 .
912 2958 923 2969 n
943 2949 988 2971 252

166 3007 176 3018 ιι
215 2998 242 3020 V.
258 2998 377 3020 Secundae
394 2997 550 3025 responsionis
567 2997 667 3019 secunda
687 2996 796 3025 particula
814 2995 879 3025 quin-

238 3069 264 3094 S.
275 3069 365 3092 Βοιιαυ.
376 3081 406 3086 -
418 3069 486 3091 Tom.
498 3069 554 3091 Vlll.

1177 657 1246 674 cruce
1268 668 1786 674 ..............
1819 660 1830 671 ιι
1854 651 1894 673 173

1071 707 1082 718 ιι
1117 699 1155 721 lx.
1173 698 1205 720 De
1218 698 1283 720 tertio
1296 698 1348 720 folio
1360 698 1413 720 vitis
1424 698 1474 720 sive
1485 697 1558 720 verbo
1570 697 1652 720 Christi
1669 698 1693 720 in
1709 704 1786 720 cruce.
1819 706 1829 718 ι
1851 697 1894 720 174

1071 753 1081 765 ιι
1118 745 1148 767 X.
1162 745 1195 767 De
1207 748 1289 773 quarto
1302 745 1356 767 folio
1368 744 1420 767 vitis
1431 745 1481 767 sive
1492 744 1565 767 verbo
1576 744 1659 767 Christi
1674 745 1697 767 in
1708 750 1784 767 cruce.
1819 753 1829 764 n
1850 744 1895 767 175

1071 801 1082 812 ιι
1118 792 1155 815 ΧΙ.
1168 792 1201 814 De
1211 792 1292 821 quinto
1306 792 1358 815 folio
1372 792 1425 814 vitis
1436 792 1485 814 sive
1498 791 1570 814 verbo
1581 791 1663 815 Christi
1676 792 1697 814 in
1710 798 1785 814 cruce.
1818 800 1830 812 ιι
1853 791 1894 814 176

1070 847 1081 859 ιι
1117 839 1164 862 xit.
1182 839 1214 861 De
1231 842 1294 861 sexto
1306 839 1358 861 folio
1370 839 1423 861 vitis
1434 839 1483 861 sive
1496 838 1568 861 verbo
1580 838 1663 861 Christi
1675 839 1697 860 in
1709 844 1785 861 cruce.
1818 847 1828 859 ιι
1854 838 1894 860 178

1069 893 1081 906 ιι
1117 886 1173 908 xm.
1191 886 1223 908 De
1242 885 1340 914 septimo
1361 886 1413 908 folio
1433 885 1486 908 vitis
1505 885 1554 908 sive
1572 885 1644 908 verbo
1661 885 1743 908 Christi
1763 885 1785 907 in

1176 939 1244 955 cruce
1267 949 1784 955 ..............
1819 941 1830 952 ιι
1851 932 1894 954 179

1071 987 1081 999 ιι
1118 979 1179 1001 XlV.
1198 979 1231 1001 De
1248 979 1313 1001 tertia
1330 979 1480 1002 similitudine
1496 979 1553 1015 vitis⁸
1569 979 1646 1008 quoad
1664 979 1747 1001 flores.
1781 997 1785 1001 .
1819 988 1831 999 ιι
1864 979 1896 1001 ih.

1070 1035 1081 1046 ιι
1118 1026 1169 1048 XV.
1189 1026 1220 1048 De
1236 1027 1292 1048 ssore
1309 1032 1376 1048 rosae
1389 1025 1492 1048 rubentis
1503 1029 1525 1048 et
1537 1026 1637 1048 ardentis
1654 1025 1675 1047 in
1693 1031 1785 1053 genere.
1819 1035 1829 1046 ι
1854 1026 1895 1048 180

1071 1082 1080 1092 ιι
1118 1073 1177 1095 XVl.
1196 1073 1227 1095 De
1244 1079 1296 1095 rosa
1313 1073 1412 1095 caritatis
1428 1089 1784 1095 ..........
1819 1080 1829 1092 ιι
1854 1072 1895 1094 182

1071 1128 1082 1140 ιι
1119 1120 1188 1142 xvn.
1205 1120 1237 1142 De
1254 1126 1304 1142 rosa
1323 1119 1436 1148 passionis
1468 1136 1787 1141 .........
1821 1127 1831 1138 ιι
1865 1117 1896 1141 ib.

1069 1175 1081 1186 ι>
1116 1166 1195 1189 XVlll.
1211 1167 1243 1188 De
1260 1166 1334 1194 prima
1352 1166 1463 1188 effusione
1480 1165 1599 1193 sanguinis
1619 1166 1668 1188 lesu
1686 1165 1784 1188 Christi.
1818 1174 1827 1185 ιι
1854 1165 1895 1187 183

1071 1221 1082 1233 ιι
1118 1212 1179 1235 XIX.
1197 1213 1229 1234 De
1245 1212 1347 1235 secunda
1364 1212 1475 1234 effusione
1490 1211 1610 1239 sanguinis
1620 1228 1784 1234 .....
1818 1220 1829 1231 ιι
1853 1211 1895 1233 184

1071 1268 1082 1279 ιι
1118 1259 1171 1282 XX.
1189 1259 1221 1281 De
1238 1259 1304 1281 tertia
1321 1259 1432 1281 effusione
1448 1258 1569 1286 sanguinis
1578 1275 1784 1280 ......
1819 1267 1830 1278 ιι
1864 1257 1894 1280 ib.

1071 1316 1081 1327 ιι
1118 1307 1179 1329 ΧΧΙ.
1196 1306 1228 1329 De
1245 1309 1326 1335 quarta
1344 1306 1455 1328 effusione
1471 1305 1590 1334 sanguinis
1622 1321 1784 1327 .....
1819 1313 1829 1325 ιι
1851 1305 1895 1327 185

1071 1362 1081 1373 ιι
1118 1353 1186 1376 xxn.
1205 1353 1237 1375 De
1254 1353 1333 1382 quinta
1350 1353 1461 1375 effusione
1477 1353 1597 1380 sanguinis
1623 1368 1786 1374 .....
1819 1361 1829 1372 ιι
1865 1351 1895 1374 ib.

1071 1408 1081 1419 u
1117 1400 1196 1422 XXlll.
1214 1400 1246 1422 De
1263 1402 1325 1422 sexta
1342 1402 1365 1421 et
1381 1399 1478 1427 septima
1496 1399 1608 1421 effusione
1620 1398 1745 1426 sanguinis.
1780 1416 1785 1420 .
1819 1406 1828 1418 ιι
1854 1398 1895 1420 186

1071 1455 1082 1466 n
1117 1446 1199 1469 XXlV.
1218 1446 1319 1469 Hortatio
1336 1446 1365 1468 ad
1390 1446 1592 1474 contemplandam
1616 1446 1746 1474 passionem
1764 1448 1786 1467 et

1175 1493 1294 1516 caritatem
1312 1493 1393 1515 Christi
1425 1509 1786 1515 ..........
1819 1501 1828 1512 ιι
1854 1492 1894 1514 187

1049 1540 1238 1563 Additamentum
1258 1540 1263 1562 l
1267 1555 1784 1562 ..............
1819 1547 1829 1558 ι
1854 1538 1895 1560 189

1138 1596 1149 1607 ιι
1255 1587 1270 1609 11
1272 1601 1784 1609 ..............
1817 1593 1827 1605 ιι
1850 1585 1894 1607 ’190

1139 1644 1150 1655 ιι
1257 1634 1281 1657 111
1283 1649 1785 1656 ..............
1818 1640 1829 1652 ιι
1853 1632 1890 1654 191

1139 1690 1149 1701 ιι
1256 1681 1284 1703 lV
1288 1695 1784 1702 ..............
1817 1687 1828 1698 ιι
1852 1678 1893 1700 192

1136 1737 1148 1748 ιι
1255 1728 1274 1750 V
1277 1743 1784 1750 ..............
1817 1734 1828 1746 ι
1850 1726 1895 1748 216

1139 1783 1150 1795 ιι
1257 1775 1284 1797 Vl
1288 1790 1784 1797 ..............
1818 1781 1829 1793 ιι
1850 1773 1890 1795 221

1172 2015 1269 2040 tumque
1285 2011 1425 2040 capitulum,
1438 2011 1517 2040 inquo
1535 2010 1685 2033 abstinentiae
1701 2010 1751 2032 1335
1762 2012 1785 2032 et

1172 2059 1282 2087 perfectio
1304 2058 1443 2086 declaratur,
1466 2060 1488 2080 et
1512 2057 1616 2080 eiusdem
1639 2056 1784 2085 impugnatio

1173 2106 1312 2128 calumniosa
1330 2105 1439 2128 refellitur
1461 2120 1743 2127 ........
1781 2109 1838 2133 paq.
1848 2103 1892 2125 257

1047 2153 1100 2176 CAP.
1118 2153 1155 2175 Vl.
1171 2152 1291 2175 Secundae
1307 2152 1463 2180 responsionis
1480 2151 1543 2174 tertia
1559 2151 1669 2179 particula
1687 2153 1785 2173 sextum-

1173 2205 1219 2228 que
1235 2199 1374 2227 capitulum,
1390 2198 1412 2221 in
1424 2204 1471 2227 quo
1483 2198 1558 2220 ieiunii
1571 2197 1685 2220 arctitudo
1697 2200 1721 2219 ut
1732 2203 1785 2219 con-

1173 2253 1228 2269 sona
1246 2246 1379 2274 perfectioni
1396 2245 1539 2274 defenditur,
1557 2248 1578 2268 et
1596 2245 1646 2268 eius
1668 2245 1783 2273 multiplex

1173 2291 1344 2315 commendatio
1359 2292 1499 2315 subinfertur
1501 2308 1783 2315 ........
1817 2300 1828 2311 ιι
1849 2292 1893 2314 266

1068 2348 1079 2360 ιι
1117 2340 1160 2362 Vll.
1183 2340 1274 2362 Tertiae
1298 2339 1455 2367 responsionis
1480 2339 1554 2366 prima
1582 2338 1691 2366 particula
1717 2338 1784 2366 septi-

1174 2392 1287 2414 mumque
1303 2385 1443 2413 capitulum,
1461 2385 1482 2407 in
1499 2391 1547 2414 quo
1564 2384 1692 2407 voluntaria
1708 2387 1730 2406 et
1747 2391 1784 2412 pe-

1173 2432 1264 2455 nuriosa
1287 2434 1412 2460 paupertas
1435 2431 1610 2454 fundamentum
1637 2431 1783 2459 evangelicae

1173 2479 1318 2508 perfectionis
1346 2479 1467 2506 astruitur,
1497 2481 1519 2501 et
1545 2485 1606 2507 quae.
1631 2478 1684 2500 huic
1709 2478 1782 2500 videri

1172 2529 1270 2554 possunt
1291 2525 1404 2547 contraria
1421 2525 1579 2547 dissolvuntur
1581 2541 1783 2546 ......
1816 2533 1827 2544 ιι
1847 2524 1892 2547 272

1068 2582 1078 2593 ιι
1116 2573 1168 2596 Vlll.
1187 2572 1277 2595 Tertiae
1294 2572 1450 2601 responsionis
1466 2572 1566 2594 secunda
1591 2572 1699 2600 particula
1720 2574 1781 2594 octa-

1172 2626 1275 2648 vumque
1291 2619 1430 2648 capitulum,
1443 2619 1464 2641 13
1477 2625 1524 2648 quo
1540 2618 1712 2647 possessionum
1730 2618 1783 2640 levi-

1173 2667 1268 2689 ticarum
1286 2669 1308 2689 et
1325 2666 1529 2688 ecclesiasticarum
1543 2665 1656 2688 affluentia
1670 2668 1781 2687 monstra-

1173 2716 1208 2736 tur
1220 2713 1354 2741 perfectioni
1367 2712 1509 2741 paupertatis
1526 2718 1571 2735 non
1588 2718 1638 2734 esse
1654 2712 1782 2738 contraria,

1171 2760 1212 2783 sed
1230 2763 1252 2782 et
1268 2760 1439 2783 commendatio
1450 2759 1583 2782 divitiarum
1595 2759 1723 2781 ostenditur
1735 2764 1779 2781 non

1172 2813 1221 2829 csse
1239 2813 1318 2829 secura
1341 2822 1782 2829 ............
1814 2813 1824 2825 ιι
1846 2806 1890 2827 286

1067 2863 1077 2875 ι
1114 2855 1152 2877 lx.
1168 2854 1259 2876 Tertiae
1275 2853 1432 2882 responsionis
1444 2853 1508 2875 tertia
1521 2853 1630 2881 particula
1646 2858 1781 2880 nonumque

1170 2901 1310 2929 capitulum,
1327 2901 1348 2922 in
1366 2907 1413 2929 quo
1429 2900 1633 2922 abrenuntiationis
1650 2899 1708 2922 ratio
1726 2899 1778 2922 falsa

1170 2948 1274 2975 eliditur,
1292 2950 1314 2970 et
1330 2947 1467 2976 penuriosae
1484 2946 1624 2975 paupertatis
1637 2946 1780 2969 duodenaria

1171 2994 1332 3023 praerogativa
1350 2997 1489 3016 monstratur
1495 3009 1778 3016 ........
1813 3001 1822 3012 ι
1844 2992 1888 3014 291,

1766 3063 1795 3085 95
