2133 3317
164 1193 273 1217 Exemplum

149 1216 220 1235 Christi
232 1217 274 1235 imi-

149 1240 227 1259 tandum
250 1245 273 1259 ex

148 1268 221 1283 amore.

289 223 348 252 [494

290 303 415 338 oportet,
439 299 616 336 obsequendo
642 301 669 327 et
693 298 875 327 ministrando
905 299 1034 334 assistas,
1062 298 1137 327 omni

291 346 475 375 consolatione
500 352 546 374 eos
574 347 707 381 reputans
738 352 798 373 esse
825 344 938 381 dignos,
967 345 1035 379 nisi,
1063 344 1138 382 quod

289 393 374 427 absit,
396 393 434 420 ita
455 392 503 420 tibi
525 392 553 420 in
573 392 667 428 aliquo
686 394 793 428 pateret
814 391 907 420 divina
927 392 1040 426 offensa,
1063 392 1138 429 quod

290 438 364 468 omni
385 438 566 467 excusatione
586 441 710 472 careret;
731 437 765 466 de
780 446 835 475 qua
850 438 1041 474 compatiendo
1056 441 1083 467 et
1105 438 1138 467 ti-

290 485 390 514 mendo
411 493 447 513 ex
469 485 566 513 intimo
588 484 671 513 corde
691 484 797 519 doleas,
819 488 955 521 quantum
972 488 1058 522 potes.

488 579 513 606 7.
538 578 577 606 De
598 577 759 606 honoribus
779 577 939 616 fugiendis.

369 670 535 708 Septimum,
558 674 602 705 ut,
624 671 720 699 vivens
734 671 809 700 omni
825 674 949 708 tempore
964 672 991 700 in
1007 672 1106 701 timore
1119 674 1138 707 ¹,

289 717 436 747 blanditias
458 718 542 746 huius
563 718 682 753 saeculi,
706 718 841 753 honores,
870 719 972 756 glorias
1001 719 1043 748 vel
1063 719 1139 748 favo-

289 773 335 794 res
355 772 496 802 aurasque
517 772 603 793 vanae
624 765 728 802 gloriae
749 765 828 802 quasi
861 765 1019 795 mortiferas
1047 769 1139 803 pestes

289 812 401 840 omnino
422 811 512 849 fugias
542 814 600 840 toto
627 820 728 849 posse,
751 815 883 849 stansque
910 813 1041 842 continuo
1063 813 1090 842 in
1113 816 1139 842 te

289 859 365 896 ipso,
386 858 460 887 omni
482 859 552 887 hora
572 858 675 887 habeas
696 862 723 888 te
745 863 922 896 suspectum,
950 860 1031 897 quia,
1054 861 1075 889 si
1097 861 1138 890 tui

289 905 377 942 ipsius
398 905 540 942 perfecte²
562 905 706 934 victoriam
737 905 825 935 fueris
856 909 1017 941 assecutus,
1043 907 1139 936 nullus

289 952 377 981 hostis
399 952 513 981 interior
534 952 577 981 vel
599 952 723 981 exterior
745 952 864 982 ulterius
885 953 934 982 tibi
956 954 1072 983 nocebit.

526 1046 553 1074 8.
577 1046 617 1074 De
637 1044 802 1075 humilitate
822 1056 902 1076 vera.

369 1138 521 1173 Octavum,
542 1142 575 1168 ut
595 1147 691 1168 amore
711 1139 786 1169 illius
818 1140 882 1177 qui,
904 1148 968 1169 cum
990 1141 1025 1170 sit
1046 1141 1140 1170 Domi-

291 1194 344 1214 nus
364 1185 487 1214 omnium
510 1186 685 1220 caelestium,
709 1187 884 1216 terrestrium
907 1191 934 1216 et
955 1188 1138 1222 infernorum,

290 1239 341 1269 pro
363 1231 442 1260 nobis
472 1232 604 1261 assumsit
635 1232 759 1261 vilissimi
791 1233 864 1262 servi
895 1233 1029 1268 formam,
1059 1234 1085 1262 in
1108 1242 1140 1263 ea

290 1279 438 1307 subiiciens
459 1286 488 1307 se
511 1279 666 1307 voluntarie
687 1279 830 1308 hominum
858 1281 985 1317 potestati
998 1281 1025 1315 ³3
1047 1281 1139 1310 bumi-

290 1325 381 1354 liando
402 1328 429 1354 te
450 1326 558 1363 ipsum,
579 1334 688 1355 omnem
712 1326 850 1355 hominem
867 1331 980 1364 reputes
995 1330 1074 1356 tuum
1091 1328 1138 1356 do-

290 1373 397 1401 minum
419 1376 446 1401 et
467 1376 493 1402 te
515 1373 660 1402 verissime
688 1376 801 1410 reputes
829 1382 941 1403 servum
963 1374 1087 1403 omnium
1112 1377 1140 1403 et

290 1419 318 1448 in
339 1419 469 1448 omnibus
490 1419 564 1448 circa
584 1420 724 1449 hominem
747 1423 773 1449 te
795 1424 909 1457 reputes
929 1421 1001 1449 sicut
1015 1429 1138 1450 servum.

290 1466 333 1495 Sic
354 1467 427 1495 enim
449 1466 678 1503 tranquillitatem
700 1470 728 1495 et
742 1475 837 1504 pacem
853 1476 916 1496 cum
932 1468 1061 1497 omnibus
1076 1476 1139 1505 per-

289 1516 402 1551 petuam
423 1513 567 1548 obtinens,
589 1514 748 1543 scandalum
771 1515 881 1551 penitus
902 1515 1052 1552 ignorabis.

353 1608 378 1635 9.
404 1607 442 1635 De
460 1616 533 1644 pace
554 1607 686 1641 animae,
708 1612 733 1636 et
755 1609 897 1646 quomodo
918 1607 1071 1637 habeatur.

368 1701 492 1735 Nonum,
514 1704 546 1729 ut
566 1701 636 1729 nihil
657 1709 755 1730 eorum
788 1704 898 1738 tangas,
921 1710 993 1739 quae
1014 1705 1040 1731 te
1062 1702 1140 1739 spiri-

289 1748 355 1776 tuali
379 1748 497 1777 utilitate
512 1756 566 1776 non
582 1751 712 1785 tangunt,
728 1748 780 1777 hoc
795 1752 852 1783 est,
873 1748 907 1777 de
921 1749 998 1777 nulla
1012 1757 1043 1778 re
1057 1757 1140 1778 cures

289 1795 332 1824 vel
353 1795 477 1832 implices
498 1798 524 1824 te
546 1795 574 1823 in
595 1795 689 1832 aliquo
711 1796 838 1824 exterius
867 1796 909 1825 vel
931 1796 1049 1825 interius
1070 1804 1139 1833 quo-

289 1850 344 1880 quo
365 1842 461 1877 mod0‚
483 1842 531 1871 ubi
560 1851 615 1871 non
647 1842 754 1871 invenis
782 1843 890 1872 animae
918 1846 982 1872 tuae
1011 1843 1138 1879 lucrum,

288 1897 379 1926 neque
400 1889 483 1918 etiam
515 1889 541 1917 in
572 1889 731 1918 huiusmodi
764 1892 791 1918 te
822 1890 857 1918 ab
887 1890 981 1927 aliquo
1002 1890 1138 1927 implicari

288 1936 448 1972 permittas,
469 1936 596 1965 mirabile
616 1936 689 1965 enim
705 1936 750 1965 bic
765 1936 831 1965 latet
844 1937 1009 1974 mysterium
1024 1937 1139 1966 abscon-

288 1982 377 2011 ditum
399 1983 553 2020 inexpertis
564 1983 584 2011 ¹².

502 2078 545 2105 10.
569 2077 609 2105 De
630 2077 764 2105 custodia
785 2085 933 2105 sensuum.

368 2170 527 2204 Decimum,
549 2173 581 2198 ut
602 2170 673 2198 visui
699 2178 730 2198 ac
758 2170 807 2198 ori
830 2170 985 2206 ceterisque
1013 2170 1138 2207 corporis

288 2216 416 2246 sensibus
436 2217 622 2245 omnimodam
644 2217 809 2245 custodiam
829 2217 946 2253 ponas⁵
968 2217 1014 2251 ita,
1036 2220 1069 2245 ut
1096 2217 1138 2245 ni-

288 2264 328 2292 hil
358 2272 475 2301 prorsus
503 2264 571 2292 velis
602 2263 711 2298 videre,
743 2263 840 2292 audire
868 2264 911 2292 vel
939 2267 1052 2301 tangere
1084 2264 1135 2293 nisi

287 2311 366 2339 utilia
387 2310 494 2339 animae
516 2313 587 2339 tuae.
611 2310 744 2347 Linguam
766 2311 848 2339 etiam
878 2310 998 2347 perfecte
1020 2311 1136 2339 restrin-

288 2365 350 2394 gas,
372 2360 404 2386 ut
424 2357 493 2386 nihil
515 2357 638 2394 loquaris
660 2357 712 2385 nisi
735 2357 937 2394 interrogatus,
959 2358 1003 2386 vel
1021 2358 1137 2386 necessi-

288 2407 343 2433 tate
366 2404 408 2433 vel
429 2404 547 2433 evidenti
576 2404 694 2433 utilitate
716 2407 843 2438 coactus,
864 2408 891 2433 et
921 2407 986 2433 tunc
1007 2412 1070 2433 cum
1093 2412 1137 2433 re-

288 2451 412 2480 verentia
442 2454 469 2480 et
500 2451 599 2480 timore
620 2451 761 2488 animique
791 2450 937 2480 dulcedine
958 2451 1081 2480 breviter
1109 2454 1137 2480 et

352 2623 359 2636 ¹
378 2624 447 2651 Edd.,
464 2624 634 2652 refragantibus
651 2625 732 2652 EFG,
751 2626 776 2648 ut
798 2625 864 2648 omni
884 2627 988 2655 tempore
1009 2625 1033 2648 in
1052 2625 1136 2649 timore

287 2664 360 2686 stans.

351 2701 359 2714 ²
376 2703 431 2724 Fide
446 2702 461 2725 C
472 2703 487 2724 E
497 2703 512 2724 F
529 2702 689 2731 supplevimus
700 2703 807 2732 perfecte.
820 2703 915 2726 lnferius
933 2710 975 2731 pro
989 2703 1088 2727 interior
1100 2703 1136 2727 vel

287 2740 392 2763 anterior
409 2740 511 2764 *ulterius
528 2741 582 2764 edd.
599 2747 652 2763 cum
671 2742 750 2769 paucis
763 2742 830 2764 codd.
848 2741 948 2765 interius
966 2742 1002 2765 vel
1021 2742 1135 2765 earm-tus.

350 2778 359 2791 ³
376 2779 422 2802 Cfr.
440 2780 495 2801 Phil.
514 2780 541 2807 2,
559 2781 580 2802 6.
599 2786 664 2808 seqq.
684 2781 725 2802 Pro
743 2780 853 2803 vilissimi
870 2780 912 2809 (ita
931 2781 1008 2810 EFG)
1029 2781 1083 2803 edd.
1102 2781 1136 2804 vi-

289 2817 416 2846 lissimam,
433 2821 455 2840 et
472 2824 514 2846 pro
529 2818 641 2847 potestati
657 2819 676 2841 D
696 2818 819 2842 voluntati.
841 2831 872 2835 —
896 2820 989 2842 inferius
1012 2821 1029 2842 G
1053 2820 1136 2842 omittit

288 2856 417 2879 omnium...
434 2863 539 2880 servum.

350 2894 360 2907 4
378 2897 408 2917 Ex
426 2896 441 2917 Β
452 2896 467 2918 C
478 2897 545 2918 EFG
571 2897 733 2925 supplevimus
758 2896 890 2920 mirabile...
907 2897 1037 2927 iueaepertis
1064 2898 1089 2925 (E
1109 2900 1136 2921 ut

287 2933 367 2957 sciunt
383 2934 496 2963 emper-tt).

351 2971 360 2984 ⁵
378 2973 458 2994 Psalm.
471 2973 508 3000 38,
521 2974 547 2995 2:
561 2973 627 2996 Posui
640 2974 672 2996 ori
686 2980 738 2996 meo
751 2974 893 3001 custodian„
905 2976 945 2996 cfr.
957 2975 992 2997 Ps.
1007 2975 1057 3002 140,
1071 2976 1092 2997 3.
1105 2987 1135 2991 —

288 3011 382 3033 Inferius
405 3017 447 3038 pro
467 3012 569 3041 perfecte
588 3012 721 3042 restrinyas
739 3013 755 3035 C
766 3013 834 3035 EFG
850 3013 951 3042 perfecte
975 3014 1134 3043 restrz'nyens,

719 221 916 250 OPUSCULUM
937 221 1002 250 XXl.
1025 220 1180 250 EPISTOLA
1201 221 1245 250 DE
1267 221 1335 250 XXV
1356 221 1607 250 MEMORIALIBUS.

1194 299 1346 334 submisse,
1361 299 1383 328 si
1406 302 1497 336 potes,
1512 307 1621 337 semper
1636 299 1761 328 devitans
1776 299 1963 336 prolixitatem
1977 308 2041 329 ver-

1194 346 1294 374 borum
1316 354 1470 383 eorumque
1491 346 1647 375 occasiones
1668 346 1748 375 iuxta
1766 354 1853 383 posse
1871 346 2040 382 praecidens.

1384 441 1427 468 11.
1451 440 1491 468 De
1511 439 1667 468 solitudine
1687 443 1713 469 et
1734 439 1852 478 viyiliis.

1274 532 1466 566 Undecimum,
1488 535 1520 561 ut
1540 535 1647 569 gratam
1668 536 1847 570 sanctamque
1867 533 2042 562 solitudinem

1195 579 1369 613 desiderans,
1400 579 1474 607 omni
1508 581 1631 616 tempore
1662 579 1851 616 operationem
1884 579 2042 616 vigiliarum

1196 627 1298 655 habeas
1319 627 1484 663 pretiosam,
1506 626 1532 654 in
1555 626 1622 663 ipsis
1642 634 1752 663 semper
1772 626 1891 655 offerens
1912 627 1968 655 Deo
1981 634 2044 655 ora-

1196 674 1284 702 tiones
1305 676 1367 702 tuas
1388 681 1451 702 cum
1473 673 1623 702 attentione
1643 673 1808 707 verborum,
1823 673 1976 702 devotionis
1989 672 2045 702 fer-

1196 728 1275 755 vore,
1298 720 1455 749 bumilitate
1476 719 1622 757 profunda.

1448 814 1491 841 12.
1515 813 1555 841 De
1574 813 1674 841 divino
1695 812 1796 851 officio.

1275 906 1490 940 Duodecimum,
1512 909 1559 940 ut,
1581 901 1653 935 cuin·
1667 906 1751 935 debes
1775 906 1900 935 divinum
1921 906 2044 936 officium

1196 953 1350 987 celebrare,
1372 953 1410 981 ita
1430 953 1520 982 factus
1540 953 1568 981 in
1594 956 1621 982 te
1641 953 1700 990 ipso
1721 953 1833 990 quietus
1847 953 1874 987 ⁶,
1897 956 1928 982 ut
1947 953 2044 982 oblivi-

1196 1000 1282 1029 scaris
1312 1000 1436 1028 omnium
1468 1003 1662 1034 terrenorum,
1694 1003 1833 1037 quatenus
1864 1000 1921 1028 fixa
1953 1003 2044 1030 mente

1197 1048 1362 1077 caelestibus
1382 1047 1533 1076 insistendo
1554 1047 1709 1083 mysteriis,
1731 1055 1795 1076 cum
1818 1050 1894 1076 tanta
1914 1048 1983 1077 illud
1997 1047 2045 1077 de-

1197 1094 1322 1128 votione,
1354 1094 1526 1128 reverentia,
1557 1094 1658 1131 gaudio
1689 1102 1720 1123 ac
1756 1095 1856 1124 timore
1886 1094 2044 1131 persolvas,

1196 1141 1274 1178 quasi
1291 1141 1363 1170 inter
1378 1141 1543 1178 Angelorum
1558 1141 1668 1178 agmina
1682 1141 1859 1176 constitutus,
1873 1141 1966 1170 divino
1981 1149 2045 1170 con-

1197 1188 1303 1226 spectui
1326 1188 1421 1217 laudes
1441 1188 1661 1225 praesentialiter
1685 1189 1785 1217 offeras
1806 1196 1869 1217 cum
1890 1188 1994 1217 eisdem
2005 1188 2024 1217 ⁷.

1252 1282 1295 1311 13.
1320 1282 1405 1318 Quod
1425 1290 1515 1319 super
1537 1282 1637 1310 omma
1659 1281 1767 1311 habeas
1787 1282 1819 1311 iu
1840 1282 1986 1311 devotione

1458 1329 1606 1366 Viryz'nem
1625 1328 1795 1366 gloriosam.

1275 1423 1556 1457 Tertiumdecimum,
1585 1425 1617 1451 ut
1645 1422 1793 1460 gloriosam
1821 1422 1966 1459 Reginam,
1992 1423 2042 1451 Do-

1197 1470 1264 1498 mini
1286 1470 1373 1498 nostri
1395 1470 1523 1503 Matrem,
1538 1469 1565 1497 in
1581 1477 1692 1498 summo
1713 1469 1816 1498 habeas
1830 1470 1905 1498 omni
1919 1472 2043 1507 tempore

1197 1516 1382 1545 venerationis
1404 1516 1504 1545 affectu
1526 1519 1552 1545 et
1573 1517 1601 1544 in
1623 1516 1730 1545 cunctis
1761 1516 1795 1545 ad
1817 1524 1877 1545 eam
1898 1516 2045 1545 necessita-

1197 1566 1257 1592 tum
1279 1563 1427 1592 articulis8
1449 1571 1480 1591 ac
1509 1563 1649 1600 pressuris
1680 1566 1814 1600 tanquam
1840 1563 1874 1592 ad
1905 1563 2044 1600 refugium

1197 1610 1368 1639 tutissimum
1390 1614 1417 1639 te
1438 1614 1599 1644 convertas,
1627 1610 1715 1647 ipsius
1746 1611 1848 1639 tutelae
1875 1610 2044 1647 praesidium

1196 1657 1360 1694 flagitando,
1382 1664 1499 1694 eamque
1525 1657 1552 1685 in
1584 1660 1661 1685 tuam
1688 1657 1842 1694 suscipiens
1869 1657 2044 1692 advocatam,

1196 1704 1372 1733 devotissime
1386 1712 1417 1732 ac
1429 1712 1527 1733 secure
1540 1707 1615 1733 tuam
1630 1705 1654 1733 ei
1670 1712 1781 1733 causam
1796 1704 1960 1739 committas,
1974 1712 2046 1742 quae

1196 1751 1282 1780 Mater
1296 1754 1338 1780 est
1353 1751 1574 1785 misericordiae,
1590 1751 1712 1788 quotidie
1732 1751 1847 1780 studens
1861 1751 1885 1780 ei
1900 1751 2046 1788 specialem

1196 1806 1228 1827 ac
1249 1798 1419 1835 singularem
1441 1798 1626 1827 reverentiam
1655 1798 1799 1827 exhibere.
1821 1798 1853 1826 Et
1874 1801 1905 1827 ut
1926 1801 1975 1827 tua
1999 1798 2046 1827 de-
2064 1805 2133 1840 uota-31

1197 1845 1270 1874 votio
1291 1845 1326 1874 sit
1346 1848 1458 1882 accepta
1480 1848 1507 1874 et
1529 1845 1686 1874 reverentia
1700 1847 1791 1882 grata,
1806 1845 1894 1882 ipsius
1915 1845 2045 1882 puritatis

1196 1892 1374 1927 munditiam,
1396 1893 1471 1921 omni
1493 1892 1597 1921 virtute
1611 1895 1703 1921 mente
1727 1895 1754 1921 et
1775 1900 1892 1930 corpore
1913 1892 2044 1921 illibatam

1196 1938 1224 1967 in
1246 1940 1272 1967 te
1294 1938 1353 1975 ipso
1374 1938 1526 1973 servando,
1548 1941 1605 1967 toto
1630 1941 1731 1967 conatu
1762 1938 1860 1967 nitaris
1881 1938 2045 1968 humilitatis

1196 1993 1228 2014 ac
1250 1985 1492 2014 mansuetudinis⁹
1513 1985 1574 2014 eius
1594 1985 1709 2022 vestigia
1729 1985 1840 2014 imitari.

1245 2079 1288 2107 14.
1313 2079 1397 2115 Quod
1416 2077 1560 2116 fugienda
1580 2079 1641 2107 siut
1661 2079 1810 2107 consortia
1830 2078 1997 2108 mulierum.

1274 2171 1567 2207 Quartumdecimum‚
1599 2175 1630 2200 ut
1658 2172 1763 2209 ubique
1790 2172 1922 2201 mulieres
1949 2180 2044 2202 omnes

1194 2218 1365 2255 iuvenesque
1386 2218 1524 2247 imberbes
1536 2218 1560 2235 ¹⁰
1582 2222 1692 2255 praeter
1710 2219 1881 2248 necessitatis
1896 2219 1939 2248 vel
1956 2220 2043 2249 mani-

1194 2265 1279 2294 festae
1299 2265 1426 2294 utilitatis
1440 2273 1553 2294 causam
1566 2265 1679 2294 devites.
1696 2282 1731 2286 —-
1748 2266 1854 2300 Unum,
1872 2266 2042 2304 ubicumque
2055 2271 2133 2316 &⁹2¹3

1193 2312 1296 2346 fueris,
1318 2312 1387 2348 elige
1408 2312 1456 2340 tibi
1489 2315 1612 2349 patrem,
1647 2312 1736 2341 virum
1765 2313 1877 2350 quidem
1898 2316 2093 2348 sanctum,‹1u⁸.

1193 2358 1358 2393 discretum,
1379 2362 1556 2387 mansuetum
1578 2362 1605 2388 et
1633 2359 1725 2396 pium,
1747 2359 1859 2388 doctum
1880 2360 1972 2396 potius
1992 2368 2042 2389 ex-

1194 2405 1328 2442 perientia
1349 2405 1441 2442 operis
1463 2414 1547 2443 quam
1576 2406 1745 2435 sublimitate
1774 2407 1925 2442 sermonis,
1946 2407 1994 2444 qui
2016 2410 2042 2436 te

1193 2452 1286 2481 verbis
1307 2455 1334 2481 et
1355 2453 1491 2489 exemplis
1514 2452 1672 2482 efficacibus
1699 2456 1727 2482 et
1747 2453 1840 2491 ignitis
1861 2454 1895 2482 ad
1915 2453 2039 2483 divinum

1193 2626 1246 2648 edd.
1264 2625 1442 2655 diliqeutissime
1461 2625 1606 2655 restrinqas,
1625 2633 1685 2655 quae
1702 2627 1770 2649 etiam
1790 2633 1832 2654 pro
1849 2628 1871 2650 et
1887 2626 1970 2650 timore
1989 2626 2040 2650 aui-

1192 2665 1271 2694 mique
1295 2664 1417 2688 dulcedine
1434 2671 1486 2687 cum
1511 2665 1555 2687 BD
1572 2665 1713 2688 substituunt
1735 2665 1811 2688 animi
1832 2667 1853 2688 et
1877 2665 1970 2689 timoris
1990 2665 2040 2688 dul-

1192 2703 1278 2727 ceddae.

1254 2742 1264 2755 ὃ
1281 2742 1354 2765 Codd.
1372 2743 1388 2764 Β
1399 2743 1465 2765 EFG
1484 2743 1591 2765 omittunt
1608 2743 1707 2772 quietus.

1255 2781 1263 2794 ⁷
1281 2782 1325 2805 Cfr.
1343 2788 1413 2810 supra
1431 2788 1485 2810 pag.
1505 2782 1562 2809 476,
1580 2785 1633 2804 nota
1652 2782 1673 2804 3.

1254 2820 1263 2833 ⁸
1282 2822 1311 2843 lta
1329 2821 1435 2849 CEFG3
1453 2821 1506 2843 edd.
1527 2820 1713 2849 necessitalibus,
1728 2821 1849 2850 periculis.
1869 2822 1962 2844 inferius
1979 2821 2039 2844 voci-

1192 2860 1236 2882 bus
1253 2859 1327 2889 ipsins
1345 2859 1431 2883 tutelae
1449 2860 1465 2882 C
1482 2860 1589 2888 praefigit
1605 2859 1755 2890 fiducialiter.

1254 2898 1263 2911 ‘³
1282 2899 1337 2921 Edd.
1356 2902 1434 2921 contra
1452 2900 1493 2921 EF
1511 2898 1643 2922 humilitate
1657 2900 1679 2921 et
1692 2899 1881 2922 mausuetudine.

1254 2936 1274 2949 ¹⁰
1292 2939 1320 2959 lta
1339 2938 1379 2959 EF
1389 2938 1418 2965 G;
1436 2938 1489 2960 edd.
1510 2939 1536 2960 ut
1553 2937 1695 2967 ubicumque
1716 2937 1828 2961 mulieres
1851 2939 1872 2961 et
1891 2937 1994 2967 viraines
2016 2938 2037 2960 el

1191 2975 1285 2998 invenes
1302 2982 1471 3005 quoscumque.
1493 2976 1589 2998 inferius
1611 2982 1653 3004 pro
1675 2976 1734 3005 eliqe
1754 2977 1769 2998 Ε
1780 2977 1823 2999 FG
1840 2976 1935 3006 eligens,
1955 2979 1977 2998 et
1992 2982 2035 3004 pro

1191 3013 1270 3043 z'qnitis
1289 3015 1331 3042 (ita
1350 3015 1365 3036 C
1376 3015 1391 3036 E
1402 3015 1454 3043 FG)
1472 3015 1526 3037 edd⁴
1545 3014 1658 3044 probatis.
