2133 3317
0 1107 46 1126 uum·
61 1109 91 1128 ge-

0 1133 23 1149 Ιτι
34 1129 91 1147 bono·

0 1157 19 1172 m
34 1151 92 1171 homi-

0 1181 28 1200 int·

0 1297 10 1312 n
20 1291 91 1317 primis,

0 1767 1 1775 κ
6 1759 94 1779 novandis.

0 2411 23 2432 Ilo
32 2413 97 2432 tertiis.

551 218 746 247 OPUSCULUM
767 218 830 246 VIII.
853 219 895 247 DE
918 219 979 247 SEX
999 219 1069 247 ALIS
1090 218 1257 247 SERAPIIIM.
1280 218 1348 247 CAP.
1370 218 1398 247 II.

104 298 265 334 religiosus,
287 298 359 326 inter
380 300 486 326 ceteras
510 296 592 324 debet
621 295 809 332 singularibus
839 296 949 324 virtuti-

107 344 160 373 bus
177 344 365 381 praefulgere,
381 343 452 372 sicut
467 342 548 371 Isaias
562 342 658 370 scribit
670 343 678 358 ¹
694 340 863 378 Seraphim,
879 350 950 378 quae

105 394 171 420 sunt
192 389 442 427 praeeminentiora
473 388 631 417 caelestium
654 388 803 424 spirituum
825 389 948 424 agmina,

103 446 154 466 sex
184 437 241 465 alis
269 439 384 465 ornata.
408 435 439 463 Et
460 435 575 464 sortasse
596 434 656 463 ideo
686 435 713 462 in
746 435 791 463 tali
821 434 948 463 similitu-

103 483 166 513 dine
187 483 358 512 sanctissimo
373 482 443 511 Patri
459 485 554 511 nostro
568 482 711 510 Francisco
727 481 752 509 in
770 481 815 509 illa
829 481 948 518 gloriosa

1793 218 1847 247 133

1006 296 1109 325 visione
1124 296 1256 325 Dominus
1270 297 1414 333 apparuit,
1429 296 1539 334 quando
1553 304 1617 325 eum
1633 296 1766 333 passionis
1781 304 1848 324 suae

1005 342 1179 379 stigmatibus
1200 343 1356 380 insignivit,
1378 346 1410 372 ut
1430 343 1602 377 ostenderet,
1624 343 1663 371 sic
1687 343 1773 371 alatos
1794 343 1849 379 spi-

1006 389 1143 417 ritualiter
1165 397 1224 418 esse
1245 390 1346 419 debere
1361 390 1407 427 qui
1430 390 1490 419 eius
1511 390 1629 418 familiae
1647 389 1752 418 utIIiter
1774 397 1850 426 prae-

1004 443 1063 463 esse
1084 435 1224 464 deberent.
1247 437 1289 465 Sic
1310 440 1337 465 et
1358 440 1485 474 quatuor
1499 436 1646 465 animalia
1662 436 1782 474 sinyula
1796 435 1848 465 Iza-

1005 481 1106 509 bebant
1126 482 1191 510 alas
1211 491 1313 517 senas,
1335 484 1509 520 Apocalypsis
1529 487 1630 521 quarto
1641 484 1660 512 ².

869 615 1030 643 CAeirrLuiu
1052 615 1080 643 lI.

535 739 573 767 De
590 738 693 775 prima
714 737 765 766 ala
782 736 1003 774 praelatorum,
1025 745 1100 775 quae
1120 740 1160 765 est
1180 737 1262 765 :etita
1283 737 1421 766 riustitiae.

191 863 215 890 l.
239 862 327 890 Prima
349 862 391 890 ala
412 861 528 890 rectoris
559 860 713 889 animarum
742 863 783 888 est
804 859 885 888 zelus
907 859 952 887 iu-

105 909 218 942 stitiae,
250 917 306 945 qua
326 916 380 936 non
401 911 491 944 potest
511 906 614 944 aliquid
647 906 781 934 iniustum
810 906 868 934 sine
890 913 951 934 cor-

105 956 147 984 dis
168 963 313 984 murmure
342 955 369 983 in
400 962 428 983 se
459 957 486 983 et
517 954 544 982 in
575 953 635 981 aliis
663 953 809 981 sustinere.
832 953 950 980 Tantum

106 1002 178 1031 enim
200 1002 319 1039 quisque
340 1002 429 1030 bonus
450 1000 636 1029 aestimandus
667 1003 723 1034 est,
755 1003 859 1036 quanto
888 999 950 1036 plus

107 1051 134 1078 et
155 1049 254 1085 purius
274 1048 331 1076 odit
352 1048 469 1081 malum;
493 1050 628 1084 quantum
650 1046 723 1075 enim
746 1054 790 1074 res
811 1045 950 1082 diligitur,

107 1097 214 1124 tantum
229 1094 262 1123 de
277 1095 337 1123 eius
351 1094 538 1123 destructione
552 1093 670 1121 doletur.
693 1093 768 1121 Unde
789 1092 950 1126 notandum,

108 1142 182 1179 quod
203 1144 268 1170 sunt
289 1144 409 1178 quatuor
430 1148 532 1177 genera
546 1140 690 1168 hominum
714 1140 740 1168 in
763 1139 894 1176 religione
908 1139 950 1167 vel

109 1189 135 1217 in
159 1188 292 1222 Ecclesia,
314 1196 384 1225 quos
405 1187 492 1216 bonos
512 1187 604 1216 dicere
626 1187 754 1215 solemus.

187 1236 213 1264 ⁶2.
237 1235 317 1263 Primi
340 1238 419 1268 sunt,
441 1234 488 1271 qui
512 1234 613 1262 malum
636 1242 690 1262 non
712 1233 816 1261 faciunt
841 1241 891 1261 nec
912 1236 952 1261 ta-

108 1290 170 1311 men
193 1282 220 1310 in
243 1282 321 1310 bonis
341 1282 473 1318 operibus
494 1290 522 1310 se
544 1281 664 1310 studiose
686 1283 833 1314 exercent,
854 1283 886 1309 ut
904 1280 951 1317 qui

108 1330 201 1367 quiete
222 1332 249 1358 et
270 1329 382 1366 pacifice
404 1337 466 1357 cum
488 1328 548 1357 aliis
564 1329 675 1362 vivunt,
690 1328 798 1356 nullum
814 1328 953 1357 ostenden-

108 1379 149 1405 tes
170 1383 220 1404 nec
241 1384 327 1412 pravo
348 1383 431 1412 opere
452 1375 681 1407 scandalizantes;
697 1374 777 1411 primi
795 1375 897 1411 Regum
913 1375 952 1402 vi-

107 1422 211 1460 gesimo
232 1422 371 1459 quinto-⁹²:
394 1422 531 1450 Homines
552 1421 601 1450 isti?
624 1421 699 1449 satis
731 1421 798 1449 boni
827 1420 951 1458 ficerunt

107 1469 189 1497 nobis
210 1473 234 1497 et
255 1477 312 1497 non
334 1469 444 1497 molesti
464 1471 515 1497 etc.
538 1469 602 1497 Nam
624 1471 651 1497 et
673 1468 700 1496 in
722 1476 775 1496 usu
802 1468 951 1502 habemus,

107 1516 176 1544 tales
195 1515 287 1544 dicere
309 1515 395 1543 bonos
416 1523 490 1549 esse,
512 1515 559 1552 qui
584 1515 663 1543 mites
684 1518 749 1543 sunt
780 1515 905 1543 moribus
926 1518 953 1543 et

108 1562 244 1591 socialiter
265 1569 294 1590 se
315 1570 378 1591 cum
394 1562 522 1590 omnibus
538 1561 685 1595 babentes,
700 1562 763 1590 licet
778 1561 844 1590 alias
861 1561 952 1598 quoad

108 1609 244 1637 virtutum
280 1609 413 1637 exercitia
448 1609 623 1645 aliquatenus
656 1608 763 1637 desides
797 1608 952 1636 videantur.

109 1655 188 1684 Pueri
210 1656 291 1684 etiam
313 1655 442 1692 baptizati
464 1655 559 1684 eodem
582 1655 662 1683 modo
684 1655 751 1683 boni
771 1655 938 1683 iudicantur.

187 1702 213 1730 3.
235 1702 352 1731 Secundi
374 1705 438 1730 sunt
459 1702 602 1735 meliores,
634 1702 681 1738 qui
715 1702 785 1730 mala
812 1702 888 1730 nulla
916 1701 954 1729 fa-

110 1749 201 1783 ciunt,
223 1749 338 1785 insuper
359 1749 385 1777 in
408 1749 486 1777 bonis
507 1749 638 1785 operIbus
653 1756 682 1777 se
697 1749 858 1785 frequenter
872 1756 954 1777 exer-

110 1799 190 1825 cent:
213 1796 240 1824 in
262 1795 422 1829 sobrietate,
455 1796 594 1829 castitate,
618 1796 787 1830 bumilitate,
809 1795 954 1824 dilectione

111 1842 232 1880 proximi
254 1845 280 1871 et
301 1842 433 1871 orationis
455 1842 584 1870 instantia
604 1845 631 1870 et
653 1842 805 1876 similibus,
821 1850 892 1878 quae
914 1842 954 1870 iu-

110 1889 238 1926 telligunt
258 1897 317 1918 esse
339 1889 418 1917 bona.
441 1889 492 1917 Sed
514 1889 565 1917 hoc
587 1888 689 1917 habent
711 1888 865 1925 proprium,
880 1888 954 1925 quod

111 1937 183 1965 sicut
203 1936 272 1964 nihil
293 1936 436 1972 negligunt
457 1944 493 1964 ex
515 1935 558 1964 his
579 1943 650 1972 quae
671 1938 787 1972 possunt
805 1939 831 1964 et
846 1935 952 1969 sciunt,

111 1983 149 2012 ita
169 1983 249 2012 etiam
272 1982 382 2011 videtur
403 1983 443 2011 eis
464 1982 593 2011 sufficere
614 1982 733 2016 honum,
749 1982 822 2019 quod
838 1982 954 2016 faciunt,

110 2037 161 2058 nec
182 2029 216 2058 ad
236 2029 370 2066 ampliora
391 2032 418 2058 et
443 2028 607 2066 perfectiora
638 2029 790 2057 sanctitatis
820 2029 956 2058 desideria

112 2077 290 2105 incalescunt.
306 2076 413 2105 Sufficit
427 2076 466 2105 eis
481 2079 588 2104 tautum
604 2076 726 2113 vigilare,
743 2079 849 2105 tantum
865 2084 955 2111 orare,

112 2126 220 2152 tantum
242 2131 293 2160 pro
313 2123 369 2152 Deo
390 2123 456 2151 dare
477 2123 520 2151 vel
546 2123 669 2152 ieiunare
700 2123 743 2151 vel
775 2123 900 2152 laborare
929 2126 956 2152 et

112 2169 289 2204 huiusmodi;
311 2173 339 2198 et
360 2169 403 2198 his
424 2169 542 2198 contenti
575 2169 736 2206 quiescunt,
768 2169 866 2197 altiora
894 2169 956 2198 aliis

112 2217 315 2254 relinquentes;
338 2217 513 2245 Ecclesiastae
535 2217 654 2245 tertio4:
673 2215 864 2253 Deprehendt',
884 2215 958 2245 nilzit

113 2271 172 2291 esse
191 2263 310 2297 melius,
332 2272 423 2301 quam
444 2263 550 2292 laetari
570 2262 714 2292 hominem
734 2263 766 2292 in
787 2271 870 2300 opere
884 2271 954 2297 suo,

113 2312 139 2337 et
159 2308 235 2337 Ιιαησ
255 2317 314 2337 esse
331 2314 447 2346 partem
469 2309 557 2337 iltius.

192 2355 218 2383 [ι.
241 2355 324 2384 Tertii
348 2358 413 2383 sunt
433 2355 524 2384 adbuc
545 2355 588 2384 his
608 2356 752 2389 meliores,
783 2355 831 2392 qui
853 2355 956 2384 malum

114 2402 286 2431 detestantur
306 2405 334 2431 et
354 2402 464 2439 fugiunt
484 2405 511 2431 et
532 2402 619 2436 bona,
651 2410 723 2439 quae
744 2405 876 2439 possunt,
898 2406 957 2431 stu-

113 2449 189 2478 diose
209 2452 360 2482 exercent;
383 2452 410 2477 et
431 2456 493 2477 cum
516 2449 615 2477 omnia
643 2448 780 2486 fecerint,
812 2456 884 2485 quae
912 2457 957 2477 va-

114 2495 187 2530 lent,
206 2504 318 2533 parum
339 2504 369 2524 se
388 2494 489 2532 fecisse
517 2495 676 2532 reputant-‘⁵
705 2498 833 2532 respectu
861 2503 958 2523 eorum

115 2551 186 2580 quae
207 2542 378 2577 desiderant,
400 2543 532 2577 scientes,
554 2542 628 2579 quod
659 2541 823 2579 corporalis
850 2542 958 2570 exerci-

180 2730 187 2743 ¹
205 2730 261 2758 Cap.
279 2731 305 2758 6,
323 2732 348 2753 2:
370 2739 382 2751 u
394 2730 514 2758 Seraphim
532 2730 622 2752 stabant
639 2736 709 2758 super
727 2731 794 2758 illud;
812 2737 849 2753 sex
862 2731 910 2753 alae
923 2731 960 2753 uui

118 2772 140 2791 et
156 2775 194 2791 sex
211 2770 260 2791 alae
277 2769 373 2791 alteri».
391 2769 423 2791 De
441 2769 528 2791 risione
545 2770 569 2791 S.
585 2769 699 2791 Francisci
722 2769 775 2791 vide
799 2770 897 2796 Bonav.,
922 2770 962 2791 Le-

119 2808 194 2835 genda
211 2808 234 2830 S.
250 2808 362 2830 Francisci
380 2814 399 2830 c.
421 2808 467 2837 13.;
485 2810 524 2830 cfr.
543 2808 642 2831 Itinerar.
661 2808 741 2830 mentis
762 2808 782 2830 in
805 2808 889 2836 Deum,
909 2814 962 2836 pro-

119 2846 165 2875 log.
182 2853 204 2868 n.
225 2847 244 2869 l.
261 2848 284 2869 2.
327 2855 330 2857 “

181 2884 190 2898 ²
209 2885 274 2908 Vei-S.
291 2886 312 2908 8.

182 2923 191 2937 ³
209 2925 274 2947 Vers.
293 2925 333 2952 ⁴5,
352 2924 390 2947 ubi
409 2925 460 2947 Yat.
477 2925 559 2947 omittit
575 2924 653 2953 nobis,
674 2926 803 2953 refragante
821 2925 889 2947 etiam
909 2925 963 2947 Vul-

120 2966 185 2991 gata,
202 2969 228 2986 ac
245 2963 328 2986 deinde
344 2964 366 2986 et
383 2966 435 2986 ante
452 2963 475 2986 in
494 2970 547 2986 usu.

182 3000 192 3013 ⁴
210 3002 274 3024 vers.
293 3003 329 3024 22.

987 2731 991 2870 1

1007 859 1077 887 tatio
1099 860 1138 888 acl
1159 859 1306 888 modicum
1338 860 1419 888 utitis
1450 861 1484 889 ab
1516 862 1641 898 Apostolo
1670 863 1849 898 perhibetur,

1009 906 1113 942 primae
1134 906 1167 934 ad
1189 906 1363 935 Timotheum
1386 910 1493 943 quarto.
1518 907 1548 935 Et
1564 908 1623 936 ideo
1644 909 1761 937 virtutes
1775 918 1851 939 men-

1008 953 1075 981 tales
1096 957 1123 981 et
1144 953 1267 982 internae
1289 953 1441 982 devotionis
1463 962 1588 990 saporem
1610 959 1637 984 et
1664 956 1712 984 Dei
1737 956 1851 986 familia-

1009 1008 1066 1028 rem
1098 1000 1222 1028 notitiam
1250 1003 1277 1029 et
1308 1000 1410 1029 amoris
1441 1001 1501 1029 eius
1532 1002 1732 1038 experientiam
1761 1004 1851 1040 suspi-

1008 1046 1094 1075 rando
1115 1047 1284 1081 desiderant,
1306 1047 1375 1075 nihil
1390 1055 1418 1075 se
1440 1055 1499 1076 esse
1521 1048 1562 1076 vel
1578 1048 1680 1077 babere
1701 1049 1852 1079 iudicantes

1008 1101 1058 1122 nec
1079 1093 1198 1130 aliquam
1222 1094 1433 1122 consolationem
1457 1094 1490 1122 de
1513 1095 1709 1131 temporalibus
1731 1096 1772 1124 vel
1798 1097 1852 1133 spi-

1009 1140 1157 1169 ritualibus
1185 1141 1364 1177 recipientes,
1385 1141 1519 1178 quamdiu
1552 1150 1601 1178 pro
1624 1145 1685 1170 voto
1707 1143 1853 1179 praedictis

1009 1187 1144 1216 virtutum
1161 1188 1302 1216 exercitiis
1317 1192 1343 1216 et
1361 1188 1513 1217 devotionis
1527 1188 1671 1217 dulcedine
1686 1198 1739 1218 non
1755 1190 1853 1219 fruun-

1010 1237 1071 1268 tur;
1094 1242 1144 1263 nec
1165 1237 1256 1263 tamen
1278 1237 1372 1263 contra
1395 1235 1512 1263 aliorum
1535 1235 1601 1263 vitia
1622 1239 1649 1264 ct
1677 1239 1852 1273 pcccatorum

1009 1281 1132 1318 pericula
1147 1282 1204 1310 zelo
1219 1281 1335 1310 fervoris
1350 1281 1572 1316 inflammantur,
1588 1283 1742 1319 cupientes,
1757 1292 1853 1313 omnes

1009 1336 1068 1357 esse
1090 1329 1175 1357 bonos
1203 1332 1229 1357 et
1251 1329 1361 1362 beatos,
1387 1329 1433 1357 sed
1461 1329 1507 1357 ubi
1538 1329 1588 1357 hoc
1611 1337 1663 1357 non
1694 1330 1852 1364 inveniunt,

1009 1374 1085 1402 nullo
1106 1374 1208 1403 doloris
1237 1375 1351 1403 vulnere
1373 1375 1546 1408 sauciantur,
1573 1375 1681 1404 sibimet
1702 1376 1797 1404 intenti
1827 1381 1853 1405 et

1009 1422 1073 1450 Deo.
1102 1422 1196 1455 Tales,
1225 1421 1259 1450 ad
1280 1421 1398 1449 aliorum
1428 1421 1548 1458 regimen
1573 1422 1676 1456 vocati,
1706 1422 1797 1451 miuus
1826 1423 1853 1452 in

1010 1469 1060 1497 hac
1082 1471 1160 1505 parte
1185 1471 1250 1496 sunt
1278 1468 1380 1501 idonei,
1409 1468 1474 1505 quia
1495 1469 1622 1505 propriae
1651 1469 1736 1506 quieti
1758 1478 1853 1505 curam

1010 1516 1121 1544 illorum
1137 1519 1314 1552 postponunt,
1330 1515 1410 1544 iuxta
1428 1515 1494 1544 illud
1510 1515 1632 1544 Indicum
1649 1525 1721 1545 nono
1732 1517 1756 1544 ⁶:
1773 1517 1854 1545 Nun-

1010 1562 1081 1600 quz'd
1100 1570 1219 1598 possum
1249 1562 1377 1590 deserere
1402 1562 1580 1590 dulcedinem
1607 1571 1701 1591 meam
1723 1562 1855 1600 fructus*

1010 1618 1064 1647 que
1084 1609 1278 1637 suavissimos
1299 1613 1324 1638 et
1345 1609 1397 1643 ire,
1420 1613 1451 1637 ut
1473 1610 1549 1637 inter
1571 1613 1665 1638 cetera
1687 1610 1767 1647 layna
1786 1619 1855 1647 pro-

1010 1656 1147 1684 movear?

1091 1704 1116 1731 5.
1139 1703 1234 1739 Quarti
1257 1706 1322 1731 sunt
1343 1703 1452 1740 optimi,
1474 1703 1520 1740 qui
1538 1711 1600 1732 cum
1623 1703 1762 1740 prioribus
1778 1704 1856 1733 bonis

1012 1750 1183 1778 innocentiae
1204 1753 1232 1778 et
1260 1750 1396 1778 vlrtutum
1418 1750 1476 1778 zelo
1504 1750 1624 1779 iustitiae
1645 1753 1672 1779 et
1700 1751 1855 1779 animarum

1011 1797 1116 1830 calent,
1138 1796 1185 1833 qui
1207 1804 1261 1824 nou
1284 1796 1422 1832 recipiunt
1437 1796 1649 1825 consolationem
1672 1796 1705 1825 de
1727 1797 1855 1833 propriae

1013 1843 1110 1871 salutis
1124 1842 1306 1879 profectibus,
1321 1843 1372 1871 nisi
1388 1843 1455 1871 alios
1470 1851 1564 1872 secum
1580 1844 1692 1872 trabant
1706 1843 1739 1872 ad
1755 1844 1856 1877 Deum,

1012 1889 1140 1926 exemplo
1162 1889 1282 1924 Domini,
1305 1890 1351 1926 qui
1374 1897 1437 1918 cum
1459 1890 1530 1918 inse
1552 1890 1663 1927 plenum
1686 1898 1794 1927 semper
1809 1891 1858 1919 ha-

1013 1936 1075 1965 beat
1096 1936 1240 1973 gaudium,
1262 1944 1316 1964 non
1338 1939 1483 1965 contentus
1505 1937 1619 1973 gloriam
1642 1937 1717 1965 solus
1738 1937 1857 1972 habere,

1013 1983 1115 2017 exivit,
1131 1986 1253 2012 assumta
1278 1983 1366 2011 forma
1386 1983 1471 2017 servi,
1491 1984 1592 2012 multos
1614 1984 1684 2012 filios
1702 1983 1728 2012 in
1743 1984 1859 2021 gloriam

1013 2037 1107 2058 secum
1129 2029 1267 2058 adducere
1281 2038 1365 2066 opere
1386 2033 1413 2058 et
1434 2030 1566 2058 doctrina.
1583 2030 1664 2059 Zelus
1685 2030 1757 2059 enim
1780 2030 1858 2059 iusti-

1013 2076 1066 2104 tiae
1088 2076 1165 2113 quasi
1181 2085 1283 2105 coccus
1298 2076 1341 2104 bz's
1362 2077 1469 2105 tinctus
1481 2077 1491 2094 ⁷
1510 2077 1612 2113 duplici
1628 2077 1750 2106 caritatis
1767 2077 1858 2106 colore

1014 2123 1122 2156 rutilat,
1144 2123 1246 2152 amoris
1268 2123 1315 2152 Dei
1337 2126 1363 2152 et
1379 2124 1508 2160 proximi.
1528 2125 1610 2152 Amor
1628 2124 1678 2152 Dei
1698 2132 1752 2152 non
1768 2124 1857 2153 solum

1015 2170 1153 2199 desiderat
1173 2170 1232 2198 eius
1260 2170 1404 2199 dulcedine
1425 2170 1479 2199 frui
1508 2174 1535 2199 et
1566 2171 1590 2199 ei
1612 2171 1778 2205 adhaerere,
1811 2171 1859 2200 sed

1014 2217 1096 2245 etiam
1111 2217 1215 2254 diligit,
1230 2217 1290 2245 eius
1304 2217 1506 2254 beneplacitum
1530 2218 1653 2254 impleri,
1675 2218 1735 2247 eius
1753 2218 1859 2247 cultum

1014 2264 1139 2300 ampliari
1162 2267 1189 2292 et
1211 2264 1343 2292 honorem
1367 2264 1526 2298 sublimari3
1549 2264 1608 2293 vult
1629 2264 1716 2299 enim,
1738 2273 1801 2293 eum
1827 2265 1861 2293 ab

1014 2310 1144 2338 omnibus
1165 2309 1290 2347 agnosci,
1312 2310 1347 2339 ab
1367 2310 1496 2339 omnibus
1517 2311 1617 2344 amari,
1638 2311 1673 2339 ab
1694 2311 1822 2339 omnibus
1836 2310 1860 2339 ei

1015 2357 1112 2386 servIri
1135 2359 1162 2385 et
1183 2365 1268 2394 super
1288 2358 1380 2386 omnia
1402 2357 1541 2386 honorari,
1564 2358 1646 2386 Amor
1663 2358 1795 2395 proximi
1814 2358 1860 2386 de-

1015 2403 1117 2432 siderat
1143 2411 1196 2432 nou
1229 2406 1334 2432 tantum
1357 2404 1417 2433 eius
1448 2405 1619 2441 corporalem
1648 2405 1805 2441 sospitatem
1834 2408 1861 2433 et

1016 2450 1194 2486 temporalem
1217 2450 1444 2486 prosperitatem,
1468 2450 1514 2479 sed
1537 2451 1623 2487 magis
1645 2451 1705 2479 eius
1719 2453 1859 2479 aeternam

1016 2496 1141 2525 salutem.
1169 2496 1219 2524 Ubi
1250 2504 1316 2533 ergo
1347 2497 1447 2526 caritas
1475 2497 1527 2525 ista
1548 2497 1707 2533 perfectior,
1739 2497 1775 2525 ibi
1807 2497 1861 2525 fer-

1017 2542 1126 2571 ventius
1156 2542 1322 2571 desiderium
1356 2543 1407 2572 ista
1442 2543 1619 2580 promovendi
1655 2547 1682 2572 et
1715 2543 1862 2572 instantius

1871 1429 1985 1448 Notandum.

1874 1710 1899 1729 De
1913 1710 1991 1734 quartis.

1871 2084 1926 2103 Zelus
1938 2089 1960 2103 ex
1971 2084 2006 2103 du-

1885 2108 1929 2131 plici
1942 2108 1990 2126 cari-

1913 2133 1957 2150 tate.

1080 2730 1089 2742 ⁵
1107 2731 1235 2759 Respicitur
1253 2731 1306 2753 Luc.
1329 2731 1365 2758 ¹7,
1385 2731 1425 2753 to:
1444 2731 1479 2752 Sic
1497 2735 1518 2753 et
1531 2737 1585 2759 vos,
1597 2737 1650 2753 cuni
1664 2731 1760 2754 feceritis
1772 2731 1861 2758 omnia,

1017 2776 1077 2798 quae
1095 2773 1215 2797 praecepta
1234 2773 1287 2792 sunt
1305 2769 1383 2797 robis,
1402 2769 1481 2792 dicite:
1508 2770 1572 2792 Serti
1598 2770 1688 2792 inutiles
1713 2776 1794 2792 sumus
1819 2773 1861 2792 etc.

1020 2808 1105 2830 Deinde
1123 2809 1205 2830 citatur
1222 2809 1236 2830 l.
1255 2809 1314 2830 Tim.
1336 2808 1359 2835 t,
1377 2809 1403 2830 8:
1421 2809 1477 2830 Nam
1495 2809 1621 2836 corporalis
1633 2809 1762 2831 exercitatio
1774 2809 1802 2831 ad
1816 2815 1862 2831 1110-

1018 2847 1096 2869 dicum
1120 2847 1179 2869 utilis
1201 2850 1246 2873 est3
1271 2847 1342 2875 pietas
1365 2850 1442 2869 autem
1463 2851 1505 2869 etc.
1522 2860 1552 2864 —
1570 2847 1619 2870 Mox
1638 2847 1688 2870 Vat.
1705 2854 1800 2870 erronee
1819 2847 1864 2870 riri

1018 2885 1131 2909 mentales
1150 2892 1191 2914 pro
1209 2886 1306 2909 virtutes
1323 2885 1446 2909 mentales.

1082 2923 1091 2936 ⁰
1109 2924 1173 2946 Vers.
1196 2925 1230 2946 ll.

1083 2962 1090 2975 ⁷
1108 2963 1237 2991 llcspicitur
1254 2963 1324 2986 Exod.
1342 2964 1384 2991 26,
1406 2963 1423 2986 1.
1442 2964 1479 2986 31.
1502 2964 1538 2986 36.
1562 2967 1583 2986 et
1605 2964 1668 2986 alibi.
1689 2963 1732 2986 Csr.
1755 2964 1864 2992 Gregor.,

1022 3002 1107 3030 Regula
1126 3002 1233 3030 pastoral.
1251 3008 1274 3030 p.
1292 3002 1314 3024 ll.
1332 3008 1351 3024 c.
1370 3002 1391 3024 3.
