2133 3317
115 292 157 311 Vox
167 291 244 310 Christi.

131 665 187 684 Liber
200 665 244 684 scri-

115 692 158 712 ptus
167 689 217 708 intus
226 690 244 707 et

114 713 168 731 foris.

129 1088 143 1107 N
148 1089 243 1107 otaudum.

114 1418 246 1442 00111οω0100-

126 1443 146 1462 di
165 1442 212 1461 clavi
226 1442 246 1460 iu

126 1466 219 1485 manibus.

264 203 317 231 188
773 197 970 226 OPUSCULUM
991 198 1022 225 X.
1046 197 1130 225 VlTlS
1152 198 1301 226 MYSTICA.
1324 199 1392 227 CAP.
1416 199 1504 227 XXIV.

262 280 456 310 miserabiliter
478 282 505 308 et
526 276 742 307 misericorditer
764 275 925 304 clamantis:
948 276 1110 309 Revertere,

261 331 419 361 revertere,
447 324 628 357 Simamz‘tz's;
649 327 807 357 revertere,
830 325 988 356 revertere,
1011 326 1042 350 at
1067 322 1111 350 iit-

262 379 400 403 taeamar
422 377 446 401 te
457 374 475 400 ¹.
498 373 647 400 Revertere
667 378 683 398 a
705 370 777 398 mala
807 369 963 403 voluntate,
991 377 1007 397 a
1032 369 1112 398 malis

261 422 354 455 factis,
376 420 411 449 ab
431 418 616 448 obstinatione
636 420 664 446 et
684 417 895 453 desperatione3
919 419 1062 445 revertere
1077 416 1111 444 ad

260 477 317 503 me,
339 467 470 505 quoniam
492 473 590 494 aversa
611 464 686 493 suisti
709 472 725 492 a
746 471 806 498 me,
828 466 860 492 ut
874 463 977 492 intuitu
992 463 1110 501 gratiae,

261 523 316 553 quo
338 514 483 543 mulierem
505 511 688 549 peccatricem
710 510 888 548 respeximus
909 513 937 539 et
958 511 1110 544 latronem,

262 563 421 591 intueamur
443 563 470 588 te
482 560 501 587 2.

339 610 366 637 2.
382 609 451 645 Lege
467 615 533 644 ergo
548 614 602 640 me,
617 605 728 634 libram
742 605 818 633 vitae
832 604 977 642 scriptam
992 604 1072 632 intas
1087 606 1113 632 et

260 656 375 694 [11νίδῆ
398 658 425 684 01
447 655 549 683 lectum
572 652 709 689 intellige3
732 652 828 688 collige
850 651 899 680 tibi
921 651 1005 680 flores
1019 659 1111 684 meos,

262 708 292 734 ut
313 702 473 741 paradisum
494 701 573 729 illum
595 700 683 737 possis
705 699 836 733 introire,
858 701 922 727 ante
943 699 1024 727 00105
1038 698 1112 727 fores

261 750 412 780 Cherubim
434 752 475 778 est
496 748 645 777 collocatus
674 754 737 775 cum
759 746 849 783 gladio
871 745 1007 774 flammeo.
1034 745 1112 774 Valet

260 798 332 828 enim
355 796 484 830 scientia,
500 803 584 833 quam
607 795 633 823 in
656 794 724 823 me4
746 793 868 830 plenarie
889 793 995 822 discere
1017 796 1110 830 potes,

259 846 293 875 ad
315 844 500 874 amovendum
516 842 743 879 impedimentum
759 841 925 875 Cherubim3
946 841 1030 869 flores
1045 848 1111 869 vero

260 892 402 930 sanguinei
425 890 506 928 gladii
528 889 666 919 versatilis
687 889 827 917 flammam
853 888 1045 925 exstinguunt.
1068 888 1110 916 ln-

260 943 303 969 tra
324 947 406 976 ergo,
428 947 444 967 0
465 937 572 970 anima,
595 937 670 965 hunc
692 935 851 972 paradisum
873 935 1002 963 omnibus
1031 942 1111 971 para-

259 987 326 1016 disis
358 986 499 1015 meliorem
528 992 602 1013 nunc
624 983 681 1012 solo
706 991 762 1020 quo
793 985 871 1019 potes
903 981 1110 1011 meditationis5

261 1035 377 1068 affectu,
400 1036 430 1062 ut
451 1031 627 1069 postmodum
656 1031 747 1059 anima
768 1033 795 1059 et
817 1038 933 1066 corpore
965 1029 1111 1058 caelestem

263 1081 341 1110 illum
363 1079 523 1117 paradisum
547 1078 638 1106 valeas
659 1077 783 1106 introire.
818 1077 872 1105 Nec
903 1076 1026 1105 breviter
1054 1084 1111 1104 am-

263 1127 419 1166 plexandus
441 1129 481 1155 est
504 1126 551 1154 tibi
575 1125 735 1162 paradisus,
757 1124 804 1153 sed
826 1123 975 1152 volandum
991 1131 1040 1160 per
1056 1123 1111 1151 sin-

262 1176 342 1213 gulos
364 1174 438 1202 illius
459 1173 552 1207 flores,
575 1175 601 1201 et
623 1172 797 1208 singulorum
821 1171 924 1199 [lorum
956 1170 1020 1198 solia
1048 1172 1113 1198 sunt

262 1222 399 1259 sugenda;
422 1229 496 1249 nunc
518 1220 551 1248 ad
573 1220 734 1253 dexteram,
757 1227 832 1247 nunc
853 1218 887 1246 ad
912 1217 1052 1246 sinistram
1079 1217 1113 1245 ri-

261 1277 310 1298 vos
332 1268 474 1306 sanguinis
506 1269 667 1304 spargentes
696 1266 811 1302 propius
834 1268 875 1294 est
897 1264 975 1293 nobis
997 1267 1023 1293 et
1043 1264 1112 1292 inte—

262 1316 321 1345 rius
342 1314 560 1344 accedendumss.
585 1314 691 1351 Ubique
713 1312 872 1350 quaerenda
893 1315 935 1341 est
958 1311 1067 1340 devotio
1086 1314 1113 1340 et

261 1363 350 1401 gratia
375 1363 543 1399 lacrymosae
565 1360 804 1398 compunctionis;
827 1360 961 1396 utrinque
990 1359 1112 1388 conside-

263 1411 397 1444 randum,
430 1418 513 1447 quam
546 1409 665 1437 immites
697 1408 808 1436 fixurae
839 1407 998 1440 clavorum,
1028 1415 1112 1443 quain

262 1466 357 1487 amara
379 1465 512 1486 venarum
534 1456 695 1492 ossiumque
710 1455 860 1483 confractio
882 1454 908 1482 in
932 1454 1060 1482 manibus
1081 1453 1113 1482 il-

261 1506 315 1534 lius
336 1505 383 1542 qui
406 1504 557 1533 fabricatus
578 1506 619 1531 cst
641 1502 748 1530 caelum
767 1504 794 1530 et
810 1501 951 1534 terram7,
974 1501 1113 1538 quomodo

261 1556 399 1590 operatas
420 1555 460 1580 est
481 1550 606 1579 satutem
629 1550 659 1578 ln
679 1549 773 1577 medio
789 1553 898 1582 terrae,
921 1552 948 1577 et
969 1548 1041 1576 inter
1064 1548 1113 1576 110-

261 1608 324 1629 rum
347 1598 593 1628 considerationem
616 1596 798 1633 repetendum
819 1595 997 1632 frequenter:
1020 1595 1114 1623 Redde

262 1646 336 1675 milti
357 1646 498 1675 laetitiam
518 1644 665 1673 salutaris
687 1643 746 1677 tui,
776 1651 825 1680 per
854 1642 1035 1671 imitationem
1056 1642 1113 1679 api-

1169 276 1262 310 culae,
1285 284 1356 313 quae
1378 277 1449 306 inter
1472 278 1619 307 volandum
1641 287 1751 316 semper
1766 280 1903 316 quendam
1919 288 2017 309 sonum

1170 323 1244 352 vocis
1266 323 1349 352 habet
1378 332 1428 353 nec
1461 325 1634 359 conticescit,
1656 326 1743 354 donec
1765 326 1838 354 intra
1858 327 1954 355 florem
1978 327 2018 356 in-

1170 370 1300 404 traverit,
1322 371 1369 399 ubi
1392 372 1480 400 mellis
1501 372 1673 402 dulcedinem
1706 373 1829 410 exoptati
1862 374 1964 411 colligit
1992 377 2019 403 et

1169 417 1289 454 exsugit.
1301 417 1324 446 O
1339 426 1422 455 quam
1438 418 1504 447 felix
1519 419 1583 453 eris,
1598 419 1630 453 si,
1646 423 1791 457 postquam
1807 421 1880 449 intra
1894 421 2018 450 florentis

1169 467 1196 492 et
1216 464 1367 493 dulcissimi
1400 465 1519 501 paradisi
1542 466 1628 495 nostri
1650 466 1734 496 flores
1755 467 1935 504 sanguineos,
1958 468 2018 496 vul-

1168 519 1237 540 nera
1268 511 1372 540 scilicet
1392 512 1510 547 Christi,
1533 512 1619 542 fueris
1650 513 1842 548 intromissus,
1871 515 1905 543 ab
1934 515 2018 544 huius

1169 558 1265 587 mundi
1287 558 1407 595 strepitu
1421 562 1449 588 et
1463 559 1646 588 tentationum
1668 560 1829 589 incursibus
1843 562 1956 590 omnino
1972 570 2018 590 va-

1171 605 1225 634 leas
1248 605 1359 634 liberari
1381 609 1409 634 et
1430 606 1479 635 soli
1501 606 1541 640 ei,
1559 606 1593 635 ad
1609 615 1692 643 quem
1708 607 1836 641 introisti,
1852 616 1953 637 vacans
1967 617 2017 646 gu-

1171 655 1245 681 stare
1266 652 1354 689 possis
1375 655 1403 681 et
1425 653 1593 690 intelligere,
1615 662 1698 690 quam
1721 654 1810 682 bonus
1825 658 1852 683 et
1873 654 1962 684 dulcis
1976 658 2018 684 est

1170 699 1244 728 lesus
1256 699 1281 727 8!
1298 716 1336 719 -—
1351 699 1394 728 Sic
1410 699 1544 728 lustrandi
1560 703 1625 728 sunt
1640 703 1667 729 et
1682 700 1764 737 pedes
1779 709 1832 729 non
1849 701 1942 730 minus
1956 709 2018 730 san-
2030 709 2110 737 Item-,in

1168 746 1260 783 guinis
1282 747 1430 780 habentes,
1453 754 1508 775 non
1530 747 1622 775 minus
1653 747 1756 776 doloris
1787 756 1871 784 quam
1902 756 2017 783 manus,
2061 733 2119 754 ⁰¹¹³¹¹⁵'

1168 794 1284 830 perfossi
1300 794 1350 830 ipsi
1367 797 1394 822 et
1408 793 1550 830 perforati,
1567 794 1725 831 sanguineis
1739 794 1902 824 fluminibus
1920 796 2019 832 guttis-

1168 849 1223 877 que
1244 844 1388 869 manantes
1409 844 1435 869 et
1457 841 1585 877 respersi.

1249 888 1274 917 3.
1297 888 1418 916 Tandem
1440 888 1627 916 accedendum
1642 892 1683 917 est
1703 888 1738 917 ad
1759 896 1806 917 cor
1828 889 1896 917 illud
1914 889 2017 918 humil-
2030 897 2131 918 accerime.

1170 935 1266 964 limum
1297 935 1421 964 altissimi
1455 936 1531 969 Iesu,
1563 943 1612 972 per
1644 935 1754 964 ianuam
1777 936 1903 965 videlicet
1924 937 2018 966 lateris
2038 920 2062 939 θα
2074 920 2123 940 ΞΜ

1169 983 1283 1011 lanceati
1297 982 1326 1017 ⁰3
1350 983 1386 1011 ibi
1408 983 1506 1019 procul
1525 982 1610 1011 dubio
1636 983 1785 1011 thesaurus
1806 983 1951 1012 ineffabilis
1972 983 2018 1012 de-

1170 1029 1324 1058 siderabilis
1355 1029 1477 1058 caritatis
1499 1030 1582 1064 latet;
1608 1029 1709 1058 ibidem
1731 1030 1840 1059 devotio
1861 1030 2018 1065 invenitur,

1170 1077 1232 1105 inde
1248 1077 1433 1113 lacrymarum
1449 1077 1536 1114 gratia
1555 1077 1732 1111 extrahitur,
1754 1077 1869 1106 discitur
1891 1086 2019 1107 mansue-

1170 1124 1237 1152 tudo
1259 1127 1286 1152 01
1306 1124 1438 1160 patientia
1459 1124 1485 1152 in
1508 1124 1647 1158 adversis,
1670 1124 1823 1161 compassio
1844 1125 1871 1153 10
1894 1125 2018 1160 afflictis,

1171 1171 1320 1207 praecipue
1341 1179 1391 1199 cor
1413 1171 1572 1199 contritwii
1586 1174 1612 1199 et
1626 1170 1814 1199 liuiiiiliatam
1829 1172 1851 1188 1⁰
1867 1171 2015 1200 invenitur.

1170 1218 1243 1246 Talis
1264 1226 1295 1246 ac
1317 1221 1411 1246 tantus
1432 1218 1596 1254 complexus
1618 1221 1680 1247 tuos
1707 1218 1860 1252 desiderat,
1890 1219 1952 1248 talis
1977 1222 2018 1254 te,

1171 1268 1202 1293 ut
1223 1265 1439 1302 complectatur,
1469 1268 1627 1301 exspectat3
1650 1269 1733 1302 caput
1753 1265 1901 1300 floridum,
1925 1267 2018 1295 multis

1170 1311 1313 1348 spinarum
1335 1311 1439 1339 aculeis
1460 1311 1603 1340 confixum
1624 1311 1659 1340 ad
1680 1315 1706 1340 te
1727 1311 1855 1346 inclinat,
1871 1315 1903 1340 ut
1917 1312 1951 1341 ad
1972 1321 2019 1349 pa·
2127 1330 2130 1346 ,

1170 1359 1209 1386 cis
1231 1359 1357 1387 osculum
1381 1361 1407 1387 te
1428 1359 1540 1392 invitet,
1562 1358 1640 1395 quasi
1663 1358 1753 1387 dicat:
1776 1367 1855 1393 ecce,
1881 1359 2019 1396 quomodo
2035 1366 2076 1385 Vox
2087 1366 2133 1386 eiu.

1171 1405 1362 1442 configuratus
1383 1413 1461 1439 sum,
1481 1405 1620 1442 quomodo
1635 1405 1793 1439 confossus,
1809 1405 1947 1442 quomodo
1961 1414 2019 1434 ma·
2128 1416 2129 1428 i

1171 1456 1276 1487 clatus,
1298 1456 1330 1481 ut
1352 1456 1378 1481 te
1400 1453 1503 1489 possim
1534 1461 1637 1489 ponere
1668 1461 1753 1489 super
1775 1453 1907 1481 humeros
1928 1461 2018 1487 meos,

1170 1509 1242 1537 quae
1263 1500 1461 1534 aberraveras,
1476 1500 1536 1529 ovis
1557 1501 1668 1534 mea¹¹,
1690 1504 1717 1529 et
1738 1500 1771 1529 ad
1795 1508 1911 1537 pascuae
1933 1501 2019 1530 caele-

1171 1547 1220 1576 stis
1242 1547 1376 1576 reducere
1398 1547 1567 1584 paradisum.
1590 1547 1680 1576 Redde
1694 1547 1781 1576 vicem
1804 1550 1831 1576 01
1851 1555 1936 1584 super
1958 1548 2019 1576 vul-

1170 1602 1238 1623 nera
1259 1602 1320 1623 mea
1341 1594 1529 1623 misericordia
1561 1602 1736 1623 commovere
1763 1597 1790 1623 et
1820 1603 1893 1631 pone
1914 1603 1958 1623 me
1979 1598 2019 1623 ta-

1171 1642 1240 1675 lem,
1263 1642 1373 1678 qualem
1395 1649 1470 1669 nunc
1492 1641 1583 1676 vides,
1606 1644 1639 1669 ut
1658 1641 1847 1679 signaculum
1865 1650 1954 1679 saper
1969 1651 2019 1671 eor

324 1796 331 1809 ¹
350 1796 415 1819 Cant.
427 1796 448 1824 6,
465 1796 498 1817 12.
511 1795 556 1818 Cl'r.
569 1801 639 1823 supra
652 1795 738 1822 Opusc.
751 1795 773 1817 11.
787 1795 879 1823 Soliloq.
892 1801 911 1817 c.
929 1795 945 1816 1.
960 1801 981 1816 n.
996 1794 1034 1816 37.
1046 1800 1112 1822 seqq.

262 1839 284 1858 et
301 1836 387 1864 Opuso.
405 1836 441 1858 lV.
459 1835 489 1857 (10
508 1836 525 1857 V
552 1834 736 1861 Festivitatibus,
760 1834 879 1856 Festivitas
902 1834 929 1855 V.
947 1840 969 1855 0.
988 1834 1007 1855 3.
1026 1845 1056 1849 —
1073 1834 1113 1855 Su-

261 1875 340 1904 perius
358 1877 410 1903 post
426 1873 565 1897 sustinentis
584 1874 611 1903 [D
628 1872 790 1902 suscipientis,
816 1873 837 1895 in
858 1873 963 1900 margine
980 1872 1073 1895 additur
1091 1871 1115 1894 id

262 1916 297 1938 est
312 1913 460 1943 sustinentis]
479 1913 591 1944 affectum
610 1914 652 1935 DE
671 1913 759 1935 addunt
773 1914 904 1942 paratum,
922 1913 958 1934 ed.
978 1912 985 1933 l
1008 1912 1063 1940 legit
1080 1917 1114 1934 co-

261 1959 359 1983 mio-sce,
377 1953 469 1982 suscipe
486 1953 599 1983 affectum
615 1954 731 1982 paratum
748 1951 780 1975 ad
796 1953 849 1974 laos
866 1953 887 1974 et
905 1953 925 1974 te
942 1951 974 1974 acl
984 1957 1041 1974 suos
1054 1950 1114 1974 iiivi-

263 1993 334 2016 tantis
352 1992 497 2022 amplarum
516 1993 571 2014 Bon.
590 1998 691 2021 11911031το
708 1991 858 2020 suscipientis
875 1991 990 2021 affectam
1008 1992 1029 2013 et
1046 1992 1066 2013 te
1083 1990 1115 2013 aa'

262 2038 319 2055 suos
344 2031 465 2055 incitantis
489 2031 625 2060 [implemus.
651 2031 730 2053 Nostra
756 2031 822 2052 lectio
849 2030 974 2058 praebetur
997 2036 1008 2052 a
1036 2029 1114 2052 CDE.

264 2071 367 2094 SubInde
385 2077 427 2099 pro
452 2070 621 2093 miserabiliter
646 2071 701 2092 Bon.
728 2069 870 2092 miseranter
880 2078 889 2097 ,·
913 2070 953 2091 cfr⁴
978 2072 1055 2091 tamen
1079 2070 1113 2091 Du

263 2110 354 2138 Gange,
372 2110 513 2132 Glossarium
532 2112 590 2132 eliz:
608 2108 789 2136 Miserabititas,
808 2108 992 2131 Commiseratio.

326 2148 335 2162 ‘2
353 2149 516 2177 Respiciuntur
534 2150 588 2171 Luc.
605 2149 633 2175 7,
651 2149 689 2170 37.
711 2155 776 2177 seqq.
803 2148 842 2177 (de
862 2149 958 2170 muliero
976 2148 1114 2176 peccatrice)

263 2192 286 2212 et
303 2189 345 2216 23,
365 2189 401 2211 40.
419 2195 484 2217 seqq.
512 2188 551 2215 (de
574 2188 678 2216 latrone).
705 2188 745 2210 Ed.
767 2188 772 2209 1
795 2194 848 2209 cum
867 2189 885 2209 A
903 2190 925 2209 et
942 2188 1012 2210 Bon.:
1036 2193 1112 2210 rever-

264 2230 324 2254 tere,
342 2228 450 2256 inquam,
469 2227 497 2249 ad
517 2233 568 2255 me,
584 2233 645 2255 quae
663 2226 726 2255 [Bon.
745 2226 868 2256 quomam]
887 2233 899 2248 a
918 2232 955 2248 me
973 2232 1054 2248 aversa
1075 2226 1115 2248 sui-

264 2268 304 2295 sti,
323 2270 346 2290 01
364 2267 496 2290 intueamur
514 2266 582 2296 [Bon.
601 2266 705 2295 intuear]
725 2269 745 2288 te
763 2266 845 2288 intuitu
860 2266 959 2293 gratiae,
977 2271 1024 2294 quo
1042 2265 1112 2295 [Bon.

265 2306 394 2336 quomodo]
413 2307 532 2329 mulierem
552 2306 716 2333 peccatricem,
737 2306 830 2327 Petrum
847 2307 869 2327 et
886 2305 998 2327 latronem
1016 2304 1113 2332 respexi.

325 2345 334 2358 ³
352 2346 424 2373 Apoc.
443 2346 468 2373 5,
487 2346 507 2367 1.
526 2345 570 2367 Cir.
590 2345 705 2373 Breviloq.
722 2351 744 2372 p.
762 2345 786 2366 ll.
803 2350 824 2366 0.
840 2344 876 2366 ll.
891 2344 949 2366 Vide
962 2344 1030 2366 etiam
1044 2349 1114 2371 supra

263 2385 348 2413 Opusc.
367 2385 400 2407 111.
423 2385 521 2412 Lignum
548 2384 621 2411 vitae,
640 2391 661 2406 11.
680 2384 716 2406 [16.
734 2396 765 2400 -
783 2383 886 2406 Subinde
911 2383 1033 2411 respicitur
1058 2383 1114 2405 Gen.

264 2424 291 2451 3,
309 2424 353 2446 ‘zi-z
372 2424 489 2452 Electique
510 2423 583 2446 Adam
602 2426 624 2445 et
641 2423 759 2445 collocavit
772 2425 825 2444 anto
838 2422 973 2450 paradisum
991 2422 1115 2450 voluptatis

264 2463 389 2486 Cherubim
407 2465 429 2485 et
446 2464 583 2485 flammeum
600 2462 703 2490 gladium
720 2465 789 2491 atque
802 2462 932 2484 versatilem
945 2462 973 2484 ad
986 2461 1115 2484 custodien-

264 2503 318 2525 dam
336 2503 397 2525 viam
415 2503 469 2531 ligni
488 2503 555 2525 vitae.
574 2514 604 2518 —
617 2501 728 2530 Superius
744 2504 796 2530 post
814 2502 872 2531 Leqe
889 2506 945 2530 0)·ῃο
963 2500 1007 2523 CD
1018 2501 1033 2522 E
1051 2500 1115 2522 omit-

265 2545 315 2565 tunt
331 2548 375 2565 me.
399 2542 494 2564 interius
511 2548 553 2569 pro
572 2543 597 2564 at
611 2540 756 2570 paradisum
773 2540 843 2563 illum
858 2540 936 2570 possis
953 2539 1053 2563 introire
1077 2539 1114 2568 (ita

264 2581 280 2604 C
291 2582 345 2611 DE)
364 2582 419 2604 alias
436 2583 464 2605 at
476 2580 589 2611 paradisi
605 2580 670 2603 iltius
685 2580 763 2610 possis
781 2580 881 2603 ianuam
899 2579 1010 2608 introire,
1030 2582 1052 2602 et
1064 2582 1116 2607 post

264 2620 344 2651 (stadio
362 2621 473 2650 flammeo
492 2622 546 2643 sson.
564 2627 617 2643 cum
635 2620 672 2643 ed.
692 2621 699 2642 1
722 2620 786 2643 addit
802 2626 831 2643 ac
847 2619 962 2643 versatili.

326 2660 335 2672 4
354 2661 382 2682 lta
401 2661 417 2682 A
429 2660 513 2687 ΗΒΕ,
532 2661 587 2682 Bon.
605 2666 658 2682 cum
676 2660 713 2682 ed.
732 2662 739 2682 11
762 2666 792 2682 ab
809 2666 854 2682 vie.
874 2659 970 2682 Interius
989 2665 1030 2687 pro
1048 2658 1115 2688 flam-

264 2705 330 2722 mam
342 2699 501 2728 exstinguant
513 2699 552 2727 (ita
565 2699 581 2721 C
592 2699 609 2721 D
620 2699 644 2728 E)
663 2699 680 2721 A
692 2698 805 2728 flammas
817 2700 930 2721 terrentes
943 2698 1115 2727 exstinguunt,-

264 2739 320 2761 Bon⁴
338 2745 392 2761 eum
409 2739 445 2761 ed.
469 2740 490 2760 t:
509 2739 592 2762 Floras
618 2744 675 2768 erqo
697 2738 823 2768 sanquinis
841 2738 888 2761 ozei
903 2737 980 2768 aladii
996 2736 1114 2761 versatilis

265 2777 376 2807 stammas
394 2777 528 2800 horrendas
545 2783 573 2801 ac
591 2777 633 2800 tibi
647 2777 811 2807 formidabiles
829 2777 968 2800 emtraliaat.

328 2815 336 2828 ⁵
354 2816 395 2838 Ed.
417 2817 421 2837 1
444 2816 605 2846 capitationis,
626 2823 686 2845 quae
704 2817 772 2838 eiiam
799 2816 898 2839 subinde
924 2816 975 2838 voci
993 2815 1114 2839 caelestem

266 2861 319 2877 cuni
339 2856 355 2877 A
373 2858 395 2877 et
411 2856 466 2877 Bon.
486 2856 592 2884 praefigit
609 2857 629 2879 et
647 2857 784 2879 terrestrem
801 2857 828 2879 et.

327 2892 336 2905 ⁵
354 2895 438 2917 Auctor
455 2895 560 2923 opusculi
577 2895 705 2918 instructio
725 2894 852 2918 sacerdotis
878 2901 918 2917 seu
940 2895 1061 2916 Tractatus
1085 2893 1114 2916 de

267 2933 398 2961 praecipuis
415 2934 530 2962 mysteriis
549 2937 641 2956 nostrae
666 2935 783 2962 religionis
810 2935 877 2963 (inter
894 2940 965 2962 opera
986 2933 1114 2962 Bernffl’di),

266 2979 290 3001 p.
308 2973 322 2994 Ι.
340 2979 362 2995 11,
384 2973 425 2995 12:
444 2974 495 2995 Esto
513 2973 623 2996 columba
641 2973 665 2995 in
681 2973 841 3002 foraminibus
857 2975 953 3003 petrae,
973 2973 998 2996 in
1010 2979 1113 2996 caverna

265 3012 384 3035 maceriae
401 3012 474 3041 [Cant.
492 3014 518 3039 2,
541 3012 596 3043 lli.].
613 3014 707 3035 Pervola
726 3019 820 3040 manus,
833 3013 1024 3041 p01·x·olapede5,
1037 3013 1113 3034 invola

1170 1794 1249 1820 lateri3
1266 1793 1321 1815 nibil
1334 1794 1417 1815 borum
1430 1793 1581 1815 inscrutatum
1594 1792 1724 1821 relinquas;
1737 1793 1827 1820 singula
1842 1792 1945 1814 membra
1960 1798 2020 1814 corn-

1172 1833 1286 1861 passionis
1303 1832 1457 1855 amaritudine
1481 1832 1614 1860 perfundas.
1631 1831 1676 1854 Csr.
1693 1838 1762 1859 supra
1782 1832 1867 1859 Opusc.
1886 1832 1909 1854 ll.
1928 1831 2020 1860 Soliloq.

1171 1879 1191 1895 e.
1213 1874 1230 1893 1.
1249 1879 1271 1894 n.
1291 1872 1327 1894 39.
1346 1885 1375 1887 —
1394 1872 1450 1893 Bon.
1468 1871 1551 1893 omittit
1562 1871 1702 1899 principium
1717 1871 1784 1893 liuius
1797 1870 1961 1898 propositionis
1972 1871 2021 1894 Nec

1172 1910 1272 1934 breriter
1289 1909 1466 1940 ampleoeaadus
1478 1911 1513 1933 est
1524 1909 1566 1933 tibi
1576 1909 1624 1939 [ed.
1639 1910 1647 1931 1
1664 1909 1712 1937 liic,
1730 1909 1748 1931 A
1766 1909 1808 1932 tibi
1818 1909 1867 1939 liic]
1879 1908 2016 1939 paradisus,

1171 1954 1193 1973 et
1210 1957 1252 1978 pro
1269 1950 1334 1973 riuos
1351 1949 1478 1979 saizyztiiiis
1494 1950 1634 1979 spargentes
1653 1949 1710 1977 [scil.
1728 1955 1811 1971 manns
1832 1949 1925 1971 dextera
1950 1951 1972 1971 et
1993 1949 2020 1971 si-

1172 1989 1253 2019 nistra]
1271 1990 1307 2011 ed.
1331 1990 1336 2010 1
1363 1995 1416 2011 cum
1434 1990 1453 2011 A
1470 1988 1563 2011 rivulos
1579 1990 1602 2011 et
1618 1990 1698 2018 auitas
1715 1988 1841 2018 sanqiii'nis
1858 1989 2017 2018 sparqentem,

1172 2030 1227 2051 Bon.
1244 2029 1309 2051 rinos
1326 2028 1453 2058 saiigyiiiiii's
1470 2027 1566 2057 cottiae,
1580 2028 1672 2050 omissis
1683 2034 1744 2056 quae
1755 2030 1886 2056 sequuntur
1894 2026 2020 2057 propius...

1171 2067 1336 2091 accedenituiii.

1235 2106 1243 2119 ⁷
1261 2107 1391 2135 Respicitur
1410 2106 1449 2129 lob
1468 2107 1510 2134 34,
1533 2107 1573 2128 13:
1592 2107 1665 2135 Quem
1692 2105 1798 2135 [orbem]
1825 2105 1949 2128 fabricatus
1972 2109 2019 2133 est,

1171 2148 1211 2169 cfr.
1231 2147 1275 2174 37,
1297 2147 1330 2168 18.
1348 2147 1391 2169 Pro
1417 2145 1550 2175 fabricatus
1575 2147 1608 2168 est
1633 2145 1669 2168 ed.
1697 2146 1704 2167 l
1732 2151 1785 2167 cum
1804 2146 1820 2167 A
1838 2144 1972 2174 fabricavit.
1989 2157 2020 2160 —

1173 2187 1222 2209 Duo
1240 2192 1305 2215 seqq.
1323 2186 1366 2208 loci
1383 2189 1436 2208 sunt
1454 2186 1488 2207 Ρ5.
1506 2185 1549 2212 73,
1568 2185 1605 2207 12.
1623 2185 1674 2213 (cfr.
1691 2191 1761 2212 supra
1781 2191 1835 2212 pag.
1853 2184 1909 2212 167,
1921 2187 1973 2205 nota
1988 2184 2018 2212 8.)

1171 2229 1193 2248 et
1211 2226 1252 2254 50,
1275 2225 1308 2247 lli.
1325 2237 1356 2241 —
1373 2225 1484 2253 Superius
1510 2231 1552 2252 pro
1579 2224 1667 2253 Ubique
1692 2224 1728 2246 cd.
1747 2224 1755 2245 ·1
1779 2222 1906 2251 Undelibet,
1933 2226 1955 2245 et
1978 2228 2020 2250 pro

1173 2264 1283 2294 utrinque
1308 2264 1384 2287 CDE
1409 2265 1547 2293 uti-umque.
1574 2263 1669 2286 lnserius
1696 2270 1739 2291 pro
1767 2262 1884 2292 quomodo
1907 2263 2020 2291 operatus

1172 2305 1211 2332 (ita
1229 2304 1254 2331 C)
1272 2304 1327 2326 alias
1345 2304 1386 2334 qui
1402 2305 1526 2333 operatas,
1545 2309 1587 2331 pro
1604 2302 1714 2332 apiculae
1731 2303 1767 2325 ed.
1786 2303 1790 2324 1
1807 2301 1866 2331 apis,
1887 2305 1909 2324 et
1925 2308 1968 2330 pro
1981 2301 2020 2324 do-

1171 2350 1213 2367 nec
1231 2344 1295 2366 intra
1312 2343 1397 2372 florem
1415 2343 1540 2366 intraverit
1556 2343 1613 2365 Bon.
1631 2342 1704 2365 donae
1721 2342 1806 2371 florem
1824 2341 1946 2365 invenerit.

1234 2382 1243 2394 Β
1261 2383 1344 2405 l'salm.
1362 2383 1403 2409 33,
1421 2383 1451 2404 9:
1469 2383 1562 2404 Gustate
1579 2385 1602 2404 et
1618 2382 1706 2408 videte,
1718 2381 1828 2410 quoniam
1841 2380 1920 2402 suavis
1931 2384 1966 2402 est
1977 2380 2021 2401 Do-

1172 2422 1256 2444 minus.
1274 2435 1304 2438 —
1322 2422 1434 2449 Superius
1457 2428 1499 2450 pro
1518 2421 1618 2444 vulnera
1634 2420 1722 2444 scilicet
1740 2419 1829 2443 Christi
1844 2420 1882 2442 ed.
1900 2419 1908 2441 ll
1930 2426 1985 2441 curn
2002 2419 2020 2441 A

1173 2461 1273 2484 vulnera
1290 2460 1355 2489 dico,
1373 2467 1433 2490 quae
1457 2461 1526 2483 etiam
1549 2459 1649 2483 subinde
1674 2466 1726 2482 curn
1751 2459 1770 2481 A
1795 2461 1817 2481 et
1842 2459 1896 2481 Bon.
1922 2458 2021 2481 vocibus

1172 2500 1268 2524 omnino
1286 2500 1366 2523 paleas
1385 2500 1492 2528 praefigit
1510 2506 1554 2529 per
1572 2498 1696 2522 dimidiam
1712 2498 1797 2521 saltem
1814 2497 1908 2521 horam.
1926 2498 2020 2520 Inferius

1173 2546 1215 2568 pro
1230 2538 1335 2569 perfossi
1350 2538 1397 2568 ipsi
1417 2540 1440 2561 et
1451 2537 1573 2568 perforati
1589 2538 1614 2567 [C
1632 2541 1654 2559 et
1670 2537 1707 2559 ed.
1726 2538 1734 2559 ll
1754 2536 1878 2566 perfracti]
1899 2537 1952 2559 Bon.
1967 2542 2019 2566 per-

1171 2580 1250 2609 fossae
1266 2580 1288 2602 et
1302 2579 1453 2609 perforatae,
1472 2578 1512 2607 qui
1533 2578 1601 2600 eiiam
1625 2583 1666 2605 pro
1692 2578 1714 2600 et
1737 2576 1852 2606 respersi,
1871 2576 1933 2605 quod
1951 2576 1988 2599 ed.
2010 2577 2015 2597 1

1172 2618 1268 2645 omittit,
1286 2618 1404 2641 substituit
1420 2619 1443 2640 et
1458 2623 1588 2646 respersae.

1235 2656 1245 2669 ⁹
1262 2657 1306 2680 Cir.
1324 2664 1395 2685 supra
1421 2657 1506 2685 Opusc.
1523 2657 1557 2678 111.
1573 2656 1673 2683 Lignum
1692 2655 1764 2683 vitae,
1783 2661 1805 2677 n.
1823 2655 1860 2676 30.
1877 2667 1908 2670 —
1926 2654 2021 2676 inferius

1172 2703 1215 2725 pro
1233 2695 1320 2719 Ibidem
1337 2695 1427 2719 devotio
1445 2695 1564 2718 invenitin-
1588 2695 1627 2722 (ita
1645 2694 1724 2722 CDE)
1742 2694 1778 2716 ed.
1799 2694 1807 2714 i
1829 2692 1861 2716 ibi
1876 2699 1939 2716 aava
1956 2692 2020 2715 deeo-

1172 2735 1203 2759 tio
1222 2735 1355 2763 invenitur,
1374 2736 1429 2758 Bon.
1447 2735 1513 2757 istam
1532 2734 1714 2762 propositionem
1731 2740 1785 2756 cum
1803 2733 1956 2761 praecedente
1968 2738 2021 2755 con-

1172 2775 1247 2803 iungit
1264 2774 1372 2798 caritatis
1389 2776 1411 2797 et
1427 2773 1555 2797 devotionis
1573 2772 1700 2796 invenitur.

1236 2813 1255 2826 ¹⁰
1273 2815 1354 2836 Psalm.
1373 2814 1416 2841 50,
1434 2814 1470 2835 ⁴9,
1488 2826 1519 2830 —
1537 2813 1632 2835 inferius
1649 2819 1692 2840 pro
1712 2812 1775 2835 Talis
1792 2818 1821 2835 ae
1838 2813 1919 2835 tantus
1937 2811 1975 2839 (ita
1993 2810 2019 2839 C)

1172 2854 1216 2876 DE
1236 2853 1303 2876 Tales
1320 2859 1348 2876 ac
1365 2854 1455 2881 tantos,
1469 2853 1524 2875 Bon.
1537 2858 1590 2875 cum
1609 2852 1645 2874 ed.
1663 2852 1671 2873 11
1694 2852 1745 2881 lpse
1762 2852 1840 2879 lesus,
1853 2850 1951 2873 subinde
1968 2850 2019 2872 1001

1171 2892 1273 2917 inclinat
1289 2894 1344 2916 Bon.
1363 2893 1469 2921 praefigit
1486 2899 1517 2915 se.
1535 2893 1557 2914 ln
1576 2893 1618 2914 liae
1635 2891 1793 2920 propositione
1811 2893 1863 2918 post
1874 2889 2020 2919 0111101ίὶοή-

1171 2932 1241 2960 dum,
1261 2931 1343 2955 maltis
1359 2931 1376 2954 C
1394 2932 1483 2954 desinit.

1234 2970 1253 2984 ¹¹
1272 2971 1400 2999 Respicitur
1412 2972 1467 2993 Luc.
1483 2970 1522 2997 15,
1540 2971 1569 2993 5:
1588 2971 1678 2992 Etcum
1691 2969 1804 2991 invenerit
1815 2975 1866 2990 eam
1880 2967 1958 2997 [ovem
1971 2974 2020 2995 per-

1171 3010 1264 3039 ditam),
1282 3010 1380 3038 imponit
1392 3011 1415 3032 in
1427 3011 1536 3032 humeros
1548 3016 1603 3032 suos
1615 3009 1728 3037 gaudens.
1742 3021 1772 3025 —
1785 3008 1816 3030 De
1829 3006 2020 3035 praecedentibus
