2133 3317
0 624 87 667 '15:³23th

18 810 46 826 om
54 805 87 823 du-

0 806 86 907 §sata

0 1551 6 1578 ξ
15 1545 72 1571 prima

566 205 761 234 OPUSCULUM
781 205 823 233 Xl.
845 205 1006 233 APOLOGlA
1027 205 1208 234 PAUPERL'M.
1231 206 1299 235 CAP.
1322 206 1374 235 vu.

107 291 232 314 annexus
252 283 324 312 vitae
344 282 499 320 praesenti3
523 282 694 319 evangelicae
709 282 879 319 paupertatis
894 285 944 316 est,

105 330 288 368 possessiones
309 333 434 358 terrenas
455 332 590 366 quantum
612 328 645 357 ad
660 329 823 357 dominium
838 332 863 356 et
874 337 944 365 pro-

104 377 253 415 prietatem
281 375 453 412 relinquere,
479 383 567 403 usum
588 382 654 403 vero
675 383 730 403 non
751 374 863 403 omnino
884 375 945 403 reii-

104 430 180 457 cere,
202 422 249 451 sed
269 425 404 455 arctare,
426 421 506 450 iuxta
527 421 595 450 illud
616 421 690 458 quod
713 421 779 450 dicit
800 421 944 458 Apostolus

103 469 136 498 ad
157 468 331 497 Timotheum
344 469 372 496 ¹:
405 467 547 496 Habentes
568 467 707 496 alimenta
728 472 752 496 et
773 468 879 506 quibus
908 471 944 496 te-

100 523 226 553 yamur,
248 513 293 543 Itis
313 514 438 543 contenti
455 514 558 543 simus.

179 561 205 589 [ι.
229 561 269 589 Ex
290 561 334 590 his
355 563 444 598 potest
469 561 558 598 colligi
580 561 751 598 paupertatis
772 561 944 598 evangelicae

103 608 187 642 ratio,
205 607 346 642 videlicet,
368 607 442 644 quod
462 607 521 644 ipsa
535 607 571 636 sit
585 608 675 636 virtus
689 608 882 644 temporalium
897 608 944 636 ab·

102 654 217 683 dicativa
245 653 398 688 bonorum,
420 662 476 691 qua
496 654 575 691 quis,
596 654 634 683 nil
656 654 800 691 proprium
823 654 943 688 habens,

103 703 273 730 sustentatur
294 700 328 729 de
348 709 402 729 non
425 709 484 729 suo.
508 701 539 729 Et
559 701 689 737 quoniam
711 700 857 737 dupliciter
878 708 943 729 con-

102 746 181 783 tingit
202 754 297 775 rerum
319 747 512 784 temporalium
541 747 668 776 abdicare
695 747 864 780 dominium,
892 747 944 775 du-

101 793 208 831 pliciter
229 793 311 822 etiam
332 793 480 822 sustentari
502 793 536 822 de
557 801 611 822 non
633 802 699 828 suo;
721 793 781 822 ideo
796 796 944 830 pauperta-

102 839 136 868 tis
156 839 328 876 evangelicae
348 839 453 876 duplex
475 842 516 868 est
542 840 641 868 modus
668 839 829 876 duplexque
855 839 943 876 perfe-

100 886 161 915 ctio.
183 885 251 914 Cum
274 886 347 914 enim
367 886 472 922 duplex
493 886 528 915 sit
549 893 644 914 rerum
660 885 829 919 dominium,
851 886 943 922 priva-

99 935 158 961 tum
180 932 283 961 scilicet
304 935 330 961 et
352 940 513 966 commune,
535 940 622 961 unum
642 932 752 969 quidem
768 935 895 968 spectans
909 932 942 961 ad

98 978 306 1008 determinatam
338 986 500 1015 personam,
529 978 648 1007 alterum
671 986 738 1007 vero
758 978 792 1007 ad
812 978 943 1007 determi-

98 1027 194 1054 natum
215 1025 377 1061 collegium3
393 1027 420 1053 et
434 1024 556 1061 primum
572 1024 693 1053 abdicari
715 1024 816 1061 possit,
836 1027 943 1053 retento

98 1071 233 1105 secundo,
255 1071 341 1107 possit
355 1071 436 1099 etiam
451 1071 571 1100 abdicari
587 1071 740 1100 secundum
756 1079 820 1100 cuin
835 1071 941 1108 primo:

97 1117 201 1154 duplex
222 1117 275 1146 erit
296 1117 447 1146 secundum
479 1117 554 1146 hunc
581 1117 720 1154 duplicem
741 1117 853 1146 modum
876 1126 943 1154 pau-

97 1164 212 1201 pertatis
232 1164 353 1201 perfecta
374 1163 522 1201 professio,
544 1172 607 1192 una
628 1164 769 1198 videlicet,
791 1172 846 1201 qua
866 1165 941 1201 quis,

99 1210 292 1247 temporalium
324 1210 448 1239 oninium
462 1211 473 1226 ²
501 1211 610 1247 privato
638 1218 687 1240 seu
709 1211 845 1247 personali
866 1211 942 1240 abdi-

99 1259 159 1285 cato
178 1256 314 1290 dominio,
346 1259 518 1285 sustentatur
540 1257 573 1286 de
594 1265 649 1285 non
671 1265 737 1291 suo,
760 1257 787 1285 id
808 1260 865 1291 est,
886 1265 941 1285 non

97 1302 148 1332 sibi
169 1303 298 1339 proprio,
320 1303 460 1332 communi
487 1306 577 1332 tamen
607 1303 668 1332 iure
694 1312 757 1332 cuni
780 1304 840 1332 aliis
861 1304 943 1340 parti-

96 1349 185 1386 cipato
205 1352 233 1378 et
253 1350 335 1378 simul
356 1358 499 1387 possesso;
521 1350 584 1379 alica
598 1358 680 1385 vero,
695 1359 750 1387 qua
768 1351 845 1387 quis,
867 1351 940 1379 omni

97 1403 192 1424 rerum
213 1395 338 1424 abdicato
359 1396 494 1429 dominio,
517 1399 571 1424 tam
603 1396 631 1424 in
659 1396 773 1433 proprio
801 1404 885 1433 quam
913 1396 940 1424 in

97 1442 251 1476 communi,
273 1445 445 1471 sustentatur
466 1442 500 1471 de
520 1451 575 1471 non
597 1450 663 1476 suo,
686 1443 712 1471 id
737 1446 778 1471 est
807 1451 860 1471 non
889 1443 940 1471 sibi

97 1489 225 1526 proprio,
247 1489 295 1518 sed
315 1489 419 1523 alieno,
441 1489 485 1526 pie
506 1492 597 1518 tamen
619 1492 646 1518 et
667 1489 738 1518 iuste
759 1490 793 1518 ab
814 1489 867 1518 alio
889 1489 939 1518 sibi

97 1543 148 1572 pro
162 1536 360 1564 sustentatione
375 1536 480 1564 collato.
498 1552 534 1556 —
551 1536 656 1565 Primae
668 1536 837 1573 paupertatis
852 1536 941 1564 forma

96 1582 244 1619 praecessit
265 1582 293 1610 in
314 1582 397 1611 turba
418 1582 604 1616 credentium,
626 1582 660 1611 de
680 1590 736 1619 qua
757 1582 785 1610 in
806 1581 939 1611 Actibus³

96 1628 217 1657 dicitur:
239 1628 436 1657 Multitudinis
450 1628 628 1657 credentium
650 1632 716 1657 erat
736 1637 786 1657 cor
807 1637 901 1657 unum
915 1631 940 1657 et

96 1674 199 1703 anima
218 1683 298 1709 una,
330 1683 380 1704 nec
412 1675 570 1713 quisquam
596 1684 698 1704 eorum
719 1684 793 1713 quae
810 1675 940 1712 posside-

96 1720 153 1755 bat,
168 1721 283 1759 aliquid
295 1730 384 1750 suum
399 1730 458 1750 esse
471 1721 592 1756 dicebat,
607 1722 658 1750 sed
671 1725 756 1750 erant
767 1721 825 1750 illis
839 1723 940 1750 omnia

95 1768 271 1797 communia.
293 1769 380 1805 Quem
410 1769 570 1805 Scripturae
591 1769 682 1797 locum
704 1772 826 1798 tractans
847 1769 940 1797 Hiero-

94 1822 195 1851 nymus
215 1814 250 1843 ad
270 1814 472 1844 Demetriadem
483 1815 510 1849 4,
526 1814 609 1843 dicit:
629 1826 643 1840 α
658 1815 686 1843 ln
701 1815 812 1843 Actibus
826 1815 939 1851 Aposto-

94 1859 202 1895 lorum,
233 1860 343 1898 quando
364 1861 471 1889 Domini
500 1861 586 1889 nostri
616 1861 676 1889 Iesu
704 1861 806 1890 Christi
834 1861 940 1889 calebat

94 1913 178 1935 cruor
198 1909 226 1935 et
245 1907 369 1936 fervebat
384 1915 479 1936 recens
500 1907 527 1935 in
542 1907 719 1936 credentibus
739 1907 819 1941 fides,
839 1908 939 1936 vende-

94 1952 161 1982 bant
181 1961 277 1982 omnes
305 1953 491 1990 possessiones
512 1961 577 1983 suas
605 1956 632 1983 et
648 1954 747 1991 pretia
774 1962 870 1983 earum
899 1954 939 1982 acl

94 1999 299 2037 Apostolorum
312 2000 505 2037 proiiciebant
523 2001 623 2037 pedes,
641 2003 673 2029 ut
687 2000 876 2035 ostenderent,
892 2009 938 2037 pe—

95 2046 190 2075 cunias
211 2054 271 2076 esse
291 2046 452 2081 calcandas;
474 2050 501 2075 et
522 2046 653 2075 dabatur
679 2047 822 2084 sinyulis,
848 2051 938 2084 prout

95 2100 168 2129 opus
188 2096 292 2121 erat».
315 2093 361 2122 Hic
375 2093 458 2122 etiam
479 2093 579 2122 tradita
599 2094 652 2122 fuit
666 2094 754 2122 forma
771 2093 938 2122 monasticae

95 2146 144 2167 seu
165 2139 349 2168 coenobiticae
369 2139 456 2173 vitae,
478 2139 558 2168 iuxta
578 2140 652 2176 quod
673 2140 768 2169 Glossa
790 2139 876 2168 Bedae
896 2140 938 2168 di-

94 2184 131 2214 cit
150 2185 251 2214 ibidem
262 2185 286 2214 ⁵:
306 2197 319 2210 α
334 2186 386 2222 Qui
401 2186 438 2214 ita
452 2186 562 2220 vivunt,
583 2189 615 2215 ut
629 2186 683 2215 sint
697 2187 737 2215 eis
757 2186 849 2215 omnia
863 2195 938 2216 com-

95 2232 189 2260 munia
209 2231 237 2260 in
266 2232 396 2266 Domino,
418 2232 579 2262 coenobitae
607 2236 749 2262 vocantur.
778 2234 854 2269 Quae
881 2233 937 2262 vita

159 2470 166 2483 ¹
184 2471 253 2498 Epist.
272 2471 285 2493 l.
303 2478 323 2493 c.
341 2472 367 2499 6,
386 2472 407 2493 8.

156 2510 165 2524 ἵ
182 2509 239 2533 Cod.
258 2510 274 2532 B
291 2510 365 2533 omni.
383 2511 478 2532 inferius
495 2517 537 2538 pro
555 2511 621 2533 omui
641 2518 724 2534 rerum
749 2511 788 2539 (ita
806 2512 823 2534 Α
834 2512 858 2539 B)
883 2511 936 2533 edd.

95 2548 202 2571 omnium
213 2555 304 2577 rerum,
318 2552 340 2571 et
351 2548 451 2571 subinde
462 2552 514 2577 post
523 2556 569 2578 pro
580 2550 750 2573 sustentatione
761 2550 779 2572 G
792 2550 856 2573 addit
869 2550 936 2573 citae.

158 2586 167 2599 ³
183 2587 238 2615 Cap.
257 2587 282 2615 4,
303 2588 340 2610 32.

156 2625 165 2638 ⁴
183 2626 252 2654 Epist.
274 2626 324 2648 130.
342 2626 406 2653 (alias
422 2627 452 2655 8.)
472 2633 493 2649 n.
515 2627 548 2649 14.
568 2628 684 2655 Allegatur
701 2628 750 2650 Act.
767 2627 793 2654 4,
816 2628 853 2650 34.
874 2634 935 2656 seq„

95 2663 133 2686 ubi
151 2670 193 2692 pro
206 2664 362 2694 proiiciebanl
378 2666 396 2687 G
414 2671 467 2687 cuni
486 2666 583 2693 vulgata
609 2665 737 2695 ponebant,
765 2667 856 2689 Hieron.
879 2666 936 2695 defe-

94 2702 176 2726 rebant
188 2703 308 2731 (Vulgataz
326 2703 448 2727 vendentes
460 2704 591 2734 afferebant
598 2705 699 2733 pretia...
711 2706 732 2727 et
743 2704 858 2734 ponebant
871 2705 935 2733 ete),

94 2742 132 2771 qui
150 2743 218 2764 etiam
235 2748 288 2765 cum
307 2743 404 2771 Vulgata
422 2743 519 2766 vocibus
536 2749 595 2773 opus
612 2745 664 2766 erut
681 2744 786 2772 praefigit
803 2744 893 2774 cuique.

156 2780 165 2792 ⁵
182 2781 229 2803 Act.
248 2781 272 2807 4,
290 2782 326 2804 32.
343 2782 421 2804 Glossa
440 2784 474 2804 est
489 2782 613 2805 ordinaria
631 2783 693 2810 apud
711 2783 839 2810 Lwanum,
860 2786 935 2806 sumta

94 2826 121 2842 ex
138 2820 208 2848 Beda,
226 2820 287 2842 Libr.
304 2821 478 2843 Retractationis
495 2821 517 2843 in
534 2822 582 2843 Act.
594 2821 693 2849 Apostol.
710 2821 736 2848 4,
748 2821 786 2843 32.
804 2821 880 2844 Proin
893 2822 935 2844 Do-

94 2858 157 2881 mino
177 2859 219 2886 (iia
237 2859 359 2882 ABCDE
376 2866 428 2882 cuni
448 2860 506 2882 Beda
525 2862 547 2882 et
564 2860 651 2888 Glossa)
670 2860 724 2882 cdd.
741 2859 798 2882 ideo.
816 2872 847 2877 -·
863 2861 937 2888 Supe-

95 2897 141 2920 rius
159 2904 200 2925 pro
218 2897 260 2920 Hic
277 2897 347 2921 etiam
366 2898 407 2924 (ita
426 2899 442 2920 Α
454 2898 497 2920 BD
515 2901 536 2921 et
548 2899 584 2920 ed.
607 2899 626 2926 l)
644 2898 685 2921 Cli
702 2898 763 2921 Haec
780 2898 863 2926 etiam,
884 2899 936 2921 Vat.

96 2939 117 2958 ct
133 2936 168 2958 cd.
187 2937 200 2958 2
219 2936 277 2959 Hinc
293 2936 372 2959 etiam.

156 2974 166 2987 θ
182 2975 237 3003 Cap.
259 2976 296 3002 10,
315 2976 336 2997 0.
354 2981 402 3004 seq,

186 3022 212 3045 S.
226 3022 317 3044 Bonan.
327 3034 357 3038 —
370 3022 438 3044 Tom.
449 3022 504 3044 Vlll.

1789 208 1845 236 273

1003 286 1077 311 tanto
1098 283 1203 312 felicior
1223 287 1279 318 est,
1302 287 1406 321 quanto
1427 287 1528 313 statum
1551 284 1638 313 futuri
1663 284 1764 313 saeculi
1788 284 1846 312 imi-

1002 332 1090 363 tatur,
1112 329 1160 357 ubi
1181 329 1272 358 omnia
1294 330 1451 358 communia
1465 342 1491 358 ».

1081 376 1106 403 5.
1122 376 1263 404 Secundae
1273 379 1365 405 autem
1378 377 1549 413 paupertatis
1563 377 1706 414 exemplar
1717 379 1744 406 et
1758 377 1846 405 forma

1002 421 1028 449 in
1043 421 1099 450 vita
1114 422 1263 458 praecessit
1281 423 1487 459 Apostolorum,
1503 432 1586 461 quam
1602 423 1777 461 perfectionis
1791 431 1846 452 ma-

1000 467 1085 503 gister
1100 467 1226 496 Christus
1241 468 1343 497 eisdem
1359 468 1490 503 instituit,
1505 470 1615 506 quando
1631 470 1703 507 ipsos
1718 470 1750 498 ad
1766 478 1844 506 prae-

1000 513 1146 542 dicandum
1169 514 1255 548 misit,
1277 515 1348 543 sicut
1370 515 1471 551 legitur
1492 516 1519 544 in
1542 517 1716 545 Matthaeoss:
1738 516 1844 551 Nolite,

1001 560 1103 597 inquit,
1116 561 1264 597 possidere
1285 570 1397 590 aurum
1412 570 1501 600 neque
1521 566 1674 600 arpentum
1690 571 1779 601 neque
1797 571 1846 600 pe-

1000 607 1120 636 cuniam
1143 607 1173 636 in
1193 608 1279 636 zonis
1299 608 1419 642 vestris,
1441 617 1499 637 non
1511 618 1616 646 peram
1637 610 1668 638 in
1691 611 1739 639 via
1758 619 1846 648 neque

1000 654 1078 682 <litas
1098 654 1214 682 tunicas
1227 663 1317 692 neque
1338 655 1533 684 calceamenta
1547 664 1636 694 neque
1653 657 1778 693 virgam.
1797 656 1846 685 Dt-

999 708 1076 737 9nus
1103 704 1145 729 est
1171 701 1247 729 enimv
1276 701 1432 738 operarius
1453 701 1515 730 cibo
1539 711 1601 731 szto.
1633 702 1681 731 Ubi
1711 703 1843 731 Glossa⁷:

1005 758 1018 771 ει
1034 747 1234 783 Propemodum
1256 748 1411 776 necessaria
1432 748 1503 777 vitae
1524 752 1664 785 amputat,
1686 757 1721 778 ne
1739 749 1782 778 vel
1797 757 1845 778 cu-

1001 796 1062 821 rent
1083 793 1116 822 de
1137 794 1257 822 crastino
1278 794 1326 831 qui
1346 794 1457 828 docent,
1479 795 1571 823 omnia
1593 796 1650 832 regi
1665 804 1680 824 a
1702 796 1773 830 Deo,
1795 803 1846 824 nec

1001 839 1059 876 ipsa
1079 840 1234 868 necessaria
1262 848 1312 869 nec
1340 841 1482 869 cellarium
1508 850 1601 870 secum
1631 843 1747 876 vehant,
1777 842 1844 870 nihil

1000 888 1110 922 praeter
1131 886 1342 921 vestimentum,
1364 895 1414 916 nec
1435 888 1516 916 etiam
1538 888 1690 916 minima».
1705 906 1744 909 -
1759 889 1786 917 In
1801 889 1844 917 his

1000 932 1085 968 igitur
1111 932 1203 961 verbis
1232 933 1364 961 Dominus
1391 934 1525 970 Apostolis
1553 937 1580 963 et
1608 935 1845 971 praedicatoribus

1000 978 1123 1007 veritatis
1144 982 1286 1007 extremae
1300 987 1332 1007 ac
1353 980 1518 1016 penuriosae
1533 981 1705 1017 paupertatis
1729 981 1844 1010 formam

1000 1025 1161 1053 servandam
1177 1025 1293 1062 imponit
1310 1029 1446 1062 quantum
1462 1026 1494 1055 ad
1510 1027 1660 1055 carentiam
1680 1036 1733 1055 non
1755 1028 1844 1056 solum

999 1071 1203 1108 possessionum
1214 1094 1221 1106 ,
1243 1071 1290 1100 sed
1311 1072 1393 1100 etiam
1409 1073 1590 1109 pecuniarum
1612 1076 1639 1101 et
1654 1073 1772 1102 aliorum
1788 1082 1846 1102 lno-

1000 1117 1112 1151 billum,
1134 1118 1236 1155 quibus
1257 1119 1405 1147 sustentari
1429 1119 1471 1148 vel
1493 1119 1660 1148 communiri
1683 1120 1751 1149 solet
1772 1128 1845 1149 com-

1000 1165 1092 1193 munis
1114 1165 1257 1193 hominum
1279 1165 1346 1199 vita,
1366 1169 1409 1199 ut,
1432 1168 1561 1203 tanquam
1585 1167 1643 1195 veri
1666 1175 1802 1204 pauperes
1817 1167 1844 1195 in

999 1218 1107 1239 summa
1128 1219 1224 1240 rerum
1245 1212 1385 1240 constituti
1402 1213 1534 1249 penuria,
1556 1216 1683 1241 carerent
1704 1214 1844 1250 pecuniis,

998 1257 1127 1286 alimenta
1148 1266 1202 1286 non
1224 1258 1342 1293 ferrent,
1357 1259 1473 1295 simplici
1496 1259 1597 1288 vestitu
1619 1260 1739 1288 contenti
1754 1264 1845 1289 essent

998 1307 1025 1332 et
1046 1303 1104 1332 sine
1126 1304 1317 1333 calceamentis
1338 1305 1511 1340 incederent,
1533 1309 1564 1334 ut
1586 1307 1624 1335 sic
1652 1310 1843 1343 paupertatem

998 1350 1158 1379 altissimam
1180 1354 1243 1380 actu
1265 1354 1292 1380 et
1313 1352 1409 1380 habitu
1424 1353 1503 1389 quasi
1518 1353 1655 1389 quoddam
1671 1353 1845 1390 perfectionis

998 1397 1104 1434 insigne
1115 1398 1295 1434 praeferrent.
1309 1399 1381 1427 Hanc
1393 1399 1562 1435 paupertatis
1576 1407 1702 1428 norman]
1714 1402 1843 1436 tanquam

997 1444 1107 1480 speciali
1124 1445 1314 1481 praerogativa
1328 1445 1477 1481 perfectam
1492 1449 1519 1474 et
1535 1445 1670 1474 Christus
1690 1446 1717 1474 in
1736 1454 1765 1475 se
1786 1446 1845 1483 ipso

998 1491 1117 1519 servavit
1138 1494 1165 1519 et
1187 1491 1331 1528 Apostolis
1352 1492 1515 1520 servandam
1537 1492 1670 1527 instituit,
1686 1495 1713 1521 et
1732 1493 1775 1521 his
1796 1493 1843 1530 qui

998 1544 1095 1565 eorum
1117 1537 1240 1573 cupiunt
1262 1537 1378 1566 imitari
1398 1539 1534 1575 vestiyia,
1560 1539 1726 1568 consulendo
1748 1539 1842 1568 suasit.

1076 1585 1101 1611 ὅ.
1124 1583 1202 1620 Quod
1223 1584 1296 1612 enim
1313 1583 1447 1613 Christus
1468 1585 1541 1613 illam
1566 1586 1730 1620 servaverit,
1752 1589 1843 1615 osten-

996 1630 1035 1658 dit
1056 1630 1270 1667 Chrysostomus
1290 1639 1375 1668 super
1392 1631 1560 1660 Matthaeum
1583 1632 1696 1660 homilia
1711 1632 1842 1669 vigesima

996 1676 1155 1705 secunda-⁶³:
1182 1677 1252 1705 «Ne
1271 1677 1462 1714 possizteatz'tv,
1485 1678 1591 1715 inquit,
1620 1687 1731 1707 aurunt
1753 1688 1842 1717 neque

997 1726 1151 1760 arpentum
1182 1732 1272 1761 neque
1299 1732 1403 1760 peram
1435 1725 1466 1753 in
1501 1725 1559 1753 via.
1591 1725 1661 1761 Quia
1692 1725 1764 1753 enim
1792 1734 1841 1762 per

996 1777 1085 1806 opera
1105 1770 1224 1799 ostendit
1245 1778 1292 1804 ea,
1315 1774 1381 1799 tunc
1403 1771 1456 1799 iam
1479 1775 1506 1800 et
1533 1771 1747 1808 legislationem,
1769 1780 1840 1809 quae

996 1819 1037 1845 est
1057 1824 1073 1844 a
1093 1816 1202 1851 verbis,
1232 1817 1391 1846 validiorem
1420 1818 1540 1852 inducit,
1568 1818 1678 1855 quando
1706 1821 1734 1847 et
1764 1818 1840 1847 facile

996 1863 1180 1900 susceptibilis
1202 1871 1293 1892 sermo
1323 1864 1412 1893 factus
1433 1867 1489 1899 est,
1518 1864 1653 1902 operibus
1680 1865 1738 1894 suis
1762 1865 1841 1902 prius

996 1909 1171 1938 certificatus.
1194 1910 1243 1938 Ubi
1260 1910 1344 1947 igitur
1365 1911 1483 1939 ostendit
1498 1919 1548 1948 per
1563 1911 1672 1948 opera?
1693 1912 1761 1940 Audi
1776 1920 1840 1940 eum

995 1955 1150 1984 dicentem:
1173 1956 1268 1985 Filius
1299 1955 1425 1985 bominis
1452 1966 1511 1986 non
1542 1957 1641 1991 habet,
1670 1957 1721 1986 nbi
1751 1962 1841 1995 caput

994 2010 1083 2030 suum
1105 2002 1228 2031 reclinet.
1258 2003 1352 2040 Neque
1374 2003 1400 2032 in
1427 2004 1479 2033 boc
1508 2004 1610 2033 sufficit
1636 2005 1709 2039 solo,
1738 2004 1785 2033 sed
1813 2008 1840 2034 et

994 2048 1021 2076 in
1043 2048 1185 2085 discipulis
1216 2049 1315 2078 tribuit
1342 2050 1413 2079 hanc
1440 2050 1580 2087 apodixim
1600 2062 1626 2078 n.
1658 2051 1727 2080 Haec
1755 2051 1840 2081 verba

994 2094 1190 2131 Chrysostomi.
1206 2112 1242 2116 —
1257 2096 1351 2125 Glossa
1371 2096 1452 2125 etiam
1474 2105 1559 2134 super
1580 2097 1648 2126 illud
1670 2097 1797 2125 Matthaei
1812 2097 1839 2125 ⁹:

1000 2141 1101 2178 Vulpes
1121 2140 1222 2179 foveas
1236 2141 1341 2171 lictbent
1360 2146 1428 2171 etc.:
1455 2154 1468 2168 «
1480 2143 1550 2179 Quid
1569 2151 1612 2172 me
1634 2146 1747 2180 propter
1763 2144 1840 2172 lucra

994 2187 1095 2216 saeculi
1117 2188 1158 2216 vis
1172 2188 1263 2225 sequi,
1285 2196 1349 2217 cum
1364 2189 1401 2217 ita
1421 2189 1472 2218 sim
1488 2197 1606 2226 pauper,
1628 2192 1659 2218 ut
1680 2197 1730 2218 nec
1751 2190 1840 2226 hospi-

993 2234 1106 2268 tiolum,
1128 2235 1201 2271 quod
1223 2243 1315 2264 meum
1331 2235 1378 2269 sit,
1393 2235 1510 2264 habeam
1524 2248 1537 2261 ι)
1550 2239 1561 2264 ‘t
1576 2253 1613 2256 ——
1627 2236 1704 2273 Quod
1726 2236 1747 2265 si
1770 2236 1839 2265 forte

1057 2473 1064 2486 ⁷
1083 2473 1173 2496 Scilicet
1190 2474 1348 2498 interlinearis
1366 2475 1428 2503 apud
1446 2476 1569 2503 Lyranum.
1588 2475 1661 2497 Prima
1684 2482 1738 2503 pars
1755 2479 1788 2498 est
1805 2483 1837 2499 sc-

992 2512 1095 2535 cundum
1113 2513 1204 2535 Hieron.
1222 2514 1245 2535 in
1263 2515 1323 2536 hunc
1341 2515 1428 2542 locnni;
1445 2514 1546 2536 secunda
1564 2514 1622 2536 iuxta
1641 2514 1750 2542 August.,
1768 2515 1791 2537 11.
1808 2515 1837 2537 de

992 2551 1110 2574 Consensu
1128 2552 1264 2579 Evangelist.
1282 2559 1301 2575 c.
1320 2553 1356 2575 30.
1374 2559 1396 2574 n.
1413 2552 1455 2574 74:
1474 2553 1509 2574 llla
1522 2552 1635 2580 Apostolis
1651 2553 1800 2581 loquebatur,
1813 2557 1835 2576 ut

992 2590 1066 2612 securi
1086 2596 1131 2612 non
1149 2590 1293 2618 possiderent
1310 2596 1386 2619 noque
1403 2594 1520 2618 portarent
1538 2591 1591 2613 huic
1608 2591 1669 2613 vitae
1686 2592 1832 2620 necessaria„

992 2635 1034 2650 nec
1052 2635 1146 2656 magna,
1165 2635 1206 2651 nec
1224 2629 1330 2651 minima.
1343 2630 1396 2651 Ideo
1413 2629 1489 2656 posuit
1506 2635 1548 2652 nec
1562 2629 1669 2658 vit-yrun,
1689 2630 1811 2653 ostendens
1823 2638 1834 2652 a

992 2667 1099 2689 fidelibus
1110 2668 1158 2689 suis
1170 2668 1245 2689 omnia
1264 2667 1342 2690 deberi
1360 2668 1468 2690 ministris
1485 2668 1532 2690 suis
1552 2668 1611 2690 nulla
1628 2669 1744 2696 superflua
1762 2670 1836 2698 requi-

992 2705 1102 2728 rentibus.
1120 2707 1162 2728 Pro
1178 2712 1221 2729 nec
1238 2706 1336 2729 minima
1354 2707 1404 2729 Vat.
1422 2710 1443 2729 et
1460 2707 1498 2729 ed.
1515 2708 1528 2729 2
1547 2713 1588 2730 nec
1605 2707 1733 2730 inimismffi

1054 2744 1063 2756 ⁸
1081 2745 1141 2766 Alias
1158 2746 1195 2767 23.
1212 2752 1235 2767 n.
1254 2745 1274 2767 4.
1292 2746 1315 2767 ln
1333 2746 1378 2768 line
1395 2745 1556 2768 substituimus
1573 2752 1626 2768 cuni
1647 2749 1707 2769 textu
1729 2747 1833 2774 originali

991 2783 1032 2806 sest
1043 2784 1065 2806 et
1076 2782 1098 2805 iu
1112 2783 1232 2812 discipulis
1250 2783 1257 2812 (
1265 2778 1326 2805 ἀλλὰ
1339 2782 1376 2805 καὶ
1393 2781 1414 2805 ἐν
1428 2784 1474 2809 τοῖς
1487 2783 1608 2814 μαθηταῖς)
1627 2791 1668 2812 pro
1680 2784 1721 2807 sed
1737 2787 1758 2808 et
1770 2785 1834 2808 disus<

989 2821 1069 2851 pulz's;
1087 2822 1198 2844 recentior
1216 2823 1291 2844 versio
1309 2823 1374 2850 legit:
1397 2831 1406 2842 α
1419 2823 1440 2845 in
1459 2823 1577 2851 discipulis
1594 2823 1641 2846 suis
1659 2824 1740 2846 horum
1759 2830 1834 2846 cxcni-

992 2861 1055 2888 plum
1078 2855 1213 2890 [ἆπόδειξιν]
1236 2861 1404 2889 suppeditat».
1428 2862 1559 2889 Allegantur
1577 2863 1653 2884 lllattli.
1679 2863 1717 2890 10,
1740 2864 1761 2885 0.
1784 2870 1832 2892 seq.

992 2902 1014 2921 ct
1032 2900 1057 2927 Β,
1076 2900 1113 2922 20.

1055 2937 1064 2949 ⁹
1081 2937 1135 2966 Cap.
1154 2940 1181 2965 8,
1198 2939 1235 2960 20.
1252 2939 1330 2961 Glossa
1349 2942 1381 2961 est
1398 2938 1523 2962 ordinaria
1540 2943 1662 2969 suintaque
1679 2946 1706 2962 cx
1729 2941 1834 2966 Hieron..

994 2977 1014 2998 in
1033 2978 1092 2999 hunc
1110 2977 1193 2999 locum.

1710 3026 1740 3047 355

1864 387 1891 406 De
1902 388 1985 407 secunda

1889 411 1954 430 forma.

1877 899 1965 923 Imposita

1870 923 1972 946 Apostolis.

1871 1595 1939 1617 Primo.
1953 1595 1977 1615 de

1884 1619 1964 1638 Christo.

1856 2247 1947 2266 Obiectio.
