2133 3317
437 201 633 230 OPUSCULUM
654 201 684 230 V.
707 202 821 231 TRACT.
844 202 886 230 DE
908 202 1171 231 PRAEPARATIONE
1193 203 1236 231 AD
1257 203 1384 232 MlSSAM.
1406 203 1474 232 CAP.
1497 203 1515 231 Ι.

106 278 286 308 conscientiae
307 278 420 307 domum
441 282 469 307 et
492 278 567 312 vide,
589 286 623 307 ne
644 278 679 307 sit
699 279 774 307 intus
802 279 872 308 forte
900 279 949 308 ali-

106 333 161 363 qua
182 324 325 361 turpitudo
346 325 374 353 in
394 328 502 358 inmite,
524 324 567 353 vel
588 325 697 353 macula
710 328 792 353 extra
806 325 833 353 in
849 334 948 359 carne,

105 379 160 409 qua
180 371 279 400 offendi
302 374 418 408 possunt
438 371 510 400 oculi
532 371 606 401 illius
627 370 675 408 qui
696 374 738 400 est
753 372 869 400 Sanctus
883 372 950 400 San-

105 421 222 447 ctorum.

183 464 275 493 Primo
285 472 360 501 erge,
373 464 482 493 rediens
496 464 635 493 introrsus
649 464 682 493 ad
697 464 869 501 iniquitatem
885 467 949 493 tuae

106 511 221 545 mentia,
248 510 391 540 considera
418 514 522 548 quanta
547 510 629 539 mala
649 511 684 539 ab
705 511 817 539 ineunte
838 511 949 539 aetate¹

106 557 279 591 commisisti,
311 561 415 594 quanta
445 557 520 586 bona
547 557 710 594 neglexisti,
741 565 825 594 quam
854 556 949 586 brevis

105 604 182 638 vita,
206 612 289 641 quam
312 604 424 632 incerta
443 612 541 637 morS,
562 611 646 641 quam
674 603 790 632 lubrica
820 607 846 632 et
870 603 949 641 peri-

65 660 70 664 ·
105 650 205 680 culosa
219 651 269 679 via
288 650 372 679 huius
393 650 533 687 temporis.
556 650 674 679 Maxime
694 653 787 679 autem
800 650 811 667 ²
830 650 948 684 rumina,

47 708 59 726 ·.
105 704 140 725 ne
153 696 239 731 forte,
254 696 327 734 quod
343 696 429 731 absit,
444 699 505 733 post
519 696 730 733 praecedentem
751 696 948 725 confessionem

104 745 132 772 et
151 743 346 780 poenitentiam
378 743 488 780 aliquod
516 743 551 772 sit
572 743 599 771 in
621 746 647 772 te
668 743 783 772 mortale
804 746 947 780 peccatum

105 789 148 818 vel
178 789 308 826 peccandi
340 790 528 826 propositum,
561 789 634 818 unde
662 793 773 818 mortua
793 789 828 818 sit
849 789 950 818 misera

104 836 195 865 anima
215 839 262 865 tua
283 844 332 873 per
355 837 406 866 hoc
427 845 443 865 a
465 836 556 865 radice
576 836 677 865 Christi
699 840 727 865 et
746 836 880 865 Ecclesiae
901 836 949 865 ab-

105 883 203 917 scissa,
226 883 292 920 quia
313 883 358 912 ille
379 884 506 913 vivificus
527 883 605 921 panis
626 887 653 912 et
672 883 783 912 divinus
801 883 880 912 cibus
894 892 948 912 non

105 932 227 966 praestat
247 929 387 958 influxum
409 930 481 958 vitae
501 938 551 958 nec
583 929 785 959 nutrimentum
816 929 948 958 membris

104 976 232 1005 abscissis
262 979 289 1005 et
317 976 450 1011 mortuis,
473 979 541 1005 teste
562 976 744 1013 Scripturass,
766 984 837 1014 quae
864 976 948 1005 dicit:

104 1023 140 1051 In
160 1023 332 1051 malevolam
354 1023 488 1051 animam
508 1031 567 1052 non
587 1023 720 1052 introibit
738 1023 884 1060 sapientia
898 1031 949 1051 nec

105 1067 246 1098 habitabit
261 1069 291 1098 in
306 1078 426 1106 corpore
439 1069 554 1098 subdito
567 1070 701 1107 peccatis.
718 1069 792 1098 Unde
810 1078 826 1098 a
848 1070 949 1099 talibus

104 1116 224 1144 sumitur
247 1116 489 1150 Sacramentum,
517 1116 564 1145 sed
592 1125 645 1145 non
674 1125 721 1145 res
746 1116 947 1150 Sacrmnenti,

103 1162 130 1191 id
152 1165 193 1191 est
214 1163 314 1192 Christi
330 1163 418 1200 gratia
433 1166 460 1192 et
479 1163 630 1192 divinitas4
644 1163 766 1192 caritatis
780 1163 856 1197 eius;
872 1171 946 1192 com-

104 1209 196 1238 editur
217 1213 317 1246 gustu‚
339 1210 386 1238 sed
408 1218 461 1238 non
477 1210 565 1239 reficit
580 1210 724 1247 spiritum;
747 1210 821 1238 vadit
835 1209 869 1238 ad
884 1217 949 1238 ven-

104 1259 190 1290 trem,
213 1256 260 1285 sed
281 1265 335 1285 non
357 1257 441 1285 intrat
465 1259 604 1291 mentem;
635 1257 789 1294 deglutitur
817 1260 948 1294 tanquam

103 1311 119 1332 a
139 1303 222 1332 bruto
243 1303 301 1332 sine
333 1304 376 1332 sui
398 1304 518 1333 laesione
546 1307 572 1333 et
603 1312 657 1332 non
682 1304 802 1332 vivificat
829 1303 948 1332 animam

103 1357 194 1387 neque
225 1350 276 1379 sibi
307 1351 368 1379 unit
399 1353 426 1379 et
458 1351 630 1387 incorporat,
662 1350 709 1379 sed
740 1350 847 1387 potius,
880 1358 949 1378 nau-

103 1403 149 1425 sea
179 1396 374 1433 compellente,
406 1397 488 1425 talem
519 1397 576 1433 ipse
603 1396 730 1425 Christus
758 1397 861 1425 evomit
892 1396 948 1425 vel-

103 1446 135 1472 ut
154 1443 271 1472 cadaver
292 1443 436 1480 putridum
458 1443 552 1472 bestiis
573 1446 601 1472 et
621 1443 720 1472 avibus
744 1443 948 1477 devorandum,

105 1497 168 1519 cum
201 1490 305 1519 scilicet
335 1490 470 1519 infelicem
491 1490 611 1518 animam
633 1490 724 1518 tradat
745 1493 856 1518 satanae
884 1497 948 1518 cru-

104 1537 244 1571 ciandam,
276 1537 347 1566 sicut
378 1537 412 1566 de
443 1537 508 1566 luda
538 1537 673 1573 scriptum
696 1537 779 1565 est⁵:
803 1536 950 1572 Quoniam

6 1591 87 1611 noaino.
100 1587 166 1621 post
188 1583 344 1612 buccellam
366 1583 497 1612 introivit
518 1583 549 1612 in
570 1591 635 1611 eum
663 1586 795 1612 satanas.
824 1584 949 1620 Quapro-

103 1633 181 1668 pter,
203 1630 225 1659 si
248 1630 349 1659 talibus
380 1630 525 1668 laqueatus
545 1638 590 1664 es,
612 1637 694 1664 cave,
722 1638 757 1659 ne
778 1638 829 1667 pro
856 1630 950 1667 aliqua

104 1685 187 1706 causa
217 1677 260 1706 vel
291 1677 453 1706 necessitate
483 1677 589 1714 absque
615 1677 708 1706 debita
728 1676 893 1705 contritione
921 1680 948 1706 et

104 1724 244 1761 proposito
266 1724 421 1761 poenitendi
443 1732 474 1753 ac
496 1723 666 1753 confessione
694 1723 845 1760 praemissa
871 1731 948 1752 acce-

104 1770 169 1799 dere
190 1770 224 1799 ad
245 1771 331 1800 altare
352 1778 530 1807 praesumas,
556 1770 621 1808 quia
642 1769 822 1799 horrendam
843 1774 884 1799 est
903 1771 948 1799 in-

104 1817 197 1846 cidere
218 1817 249 1846 in
270 1826 379 1846 manns
402 1817 453 1846 Dei
473 1817 602 1846 viventis.

183 1864 208 1892 6.
230 1864 282 1893 Sed
304 1864 374 1898 lieu,
396 1866 465 1901 quot
485 1867 551 1892 sunt
572 1863 652 1892 hodie
674 1863 831 1892 sacerdotes
853 1863 946 1892 miseri

0 1913 130 1940 mmaloset
151 1918 217 1940 suae
239 1911 335 1939 salutis
366 1910 528 1948 improvidi,
550 1910 598 1948 qui
620 1910 721 1939 Christi
742 1918 844 1947 corpus
865 1910 892 1939 in
913 1910 948 1939 al-

0 1941 87 1961 melotes.

105 1957 157 1987 tari
178 1958 255 1987 velut
282 1965 380 1987 carnes
411 1957 549 1994 pecudum
580 1957 762 1991 manducant,
785 1961 812 1986 et
832 1957 948 1986 involuti

105 2007 133 2034 et
160 2004 337 2034 contaminati
364 2004 630 2038 abominationibus,
662 2004 696 2033 de
726 2004 829 2041 quibus
856 2004 948 2033 dicere

104 2050 145 2080 fas
165 2059 220 2079 non
241 2054 298 2084 est,
319 2050 460 2079 sceleratis
482 2051 609 2079 manibus
623 2053 650 2079 et
666 2051 778 2087 pollutis
794 2050 873 2079 labiis
887 2058 949 2079 con-

104 2097 211 2134 tingere
231 2105 286 2126 non
314 2100 447 2126 verentur
467 2100 495 2126 et
515 2097 633 2126 osculari
655 2097 752 2126 Filium
776 2097 823 2126 Dei
845 2100 872 2126 et
893 2097 948 2126 Ma-

105 2143 162 2172 riae
189 2143 321 2181 virginis!
350 2144 454 2172 Verum
476 2143 498 2172 si
521 2144 621 2172 horum
643 2143 810 2172 sacrificium
832 2144 947 2181 suscipit

105 2190 193 2224 Deus,
215 2190 303 2219 audeo
323 2190 431 2224 dicere,
453 2190 572 2219 mendax
593 2193 635 2219 est
655 2194 682 2219 et
703 2191 795 2220 socius
823 2194 948 2227 peccato-

105 2245 178 2266 rum.
200 2237 331 2274 Insuper,
353 2237 426 2274 quod
448 2237 571 2266 deterius
591 2241 648 2272 est,
669 2237 704 2266 ad
724 2241 827 2266 tantam
850 2245 948 2275 perve-

105 2287 208 2313 nerunt
242 2284 436 2320 temporibus⁶
468 2284 527 2313 istis
559 2285 767 2321 perversitatem
799 2289 826 2313 et
857 2285 948 2314 stulti-

169 2512 176 2525 ¹
194 2512 268 2535 Codd.
285 2513 301 2534 B
311 2513 326 2534 F
335 2513 353 2534 G
363 2513 381 2534 11
392 2513 408 2535 L
417 2513 436 2535 Μ
447 2513 464 2535 N
481 2518 496 2535 a
512 2511 638 2536 iuventutis
650 2514 737 2540 aetate,
750 2513 786 2541 lQ
797 2519 811 2536 a
824 2513 950 2537 iuventute.

168 2551 177 2564 ²
195 2552 247 2574 Vat.
264 2553 311 2574 tere
328 2552 375 2574 sola
393 2551 476 2574 omittit
491 2551 597 2575 Mna-ime
613 2553 700 2574 autem.

168 2590 177 2603 ³
195 2591 247 2618 Sap.
266 2591 291 2618 l,
309 2590 329 2612 4.
347 2603 378 2607 —
395 2591 506 2619 Superius
523 2597 566 2618 pro
577 2596 592 2613 a
604 2590 683 2613 radice
700 2589 788 2614 Christi
804 2591 821 2613 R
839 2597 854 2613 a
871 2590 951 2614 radice

107 2629 213 2653 caritatis
232 2629 333 2658 Gltristi‚·
351 2633 402 2658 post
418 2629 513 2653 divinus
531 2630 582 2652 Vat.
599 2630 681 2652 omittit
698 2629 770 2652 cibus.

168 2668 178 2681 ⁴
195 2669 247 2691 Vnt.
263 2675 309 2692 non
323 2670 382 2692 male
393 2669 487 2697 unitas,
499 2669 540 2691 sed
552 2672 628 2691 contra
642 2668 723 2695 codd.;
736 2668 817 2691 eadem
835 2669 893 2691 infra
909 2675 950 2697 pro

107 2707 182 2730 intrat
196 2709 297 2731 mentem
314 2707 383 2730 habet
399 2707 474 2738 reficit
490 2709 602 2735 mentem,
616 2714 684 2735 porro
696 2707 757 2730 sicut
768 2706 911 2731 abrotanum
919 2708 949 2735 (l)

108 2753 151 2774 pro
167 2748 283 2776 tanquam
294 2753 309 2769 a
321 2746 390 2770 bruto
396 2756 405 2775 ;
418 2747 519 2776 denique
532 2750 583 2775 post
600 2745 762 2775 compellente,
781 2746 851 2769 talem
868 2747 951 2769 omittit

107 2791 162 2815 ipse.

170 2824 179 2837 ⁵
196 2825 256 2847 loau.
275 2825 316 2853 13,
334 2825 376 2853 27;
394 2831 493 2854 sequens
510 2825 573 2847 locus
590 2828 624 2846 est
640 2824 709 2847 ltebr.
731 2824 769 2852 10,
788 2825 826 2846 31.

171 2862 180 2876 ⁵
198 2863 248 2886 Vat.
266 2862 359 2891 diebus,
379 2870 438 2892 quae
455 2870 524 2891 supra
542 2866 593 2891 post
604 2862 696 2886 Mariae
707 2862 808 2892 viryinis
821 2863 885 2886 addit
900 2863 950 2886 uni⁴

108 2901 220 2931 ⁴qenitum.
239 2903 286 2924 Hoc
303 2903 353 2925 loco
370 2903 387 2924 B
404 2903 468 2925 addit
484 2903 549 2930 plura
567 2902 621 2925 satis
635 2902 728 2924 insulsa.
741 2902 797 2924 lnsra
810 2908 853 2930 pro
864 2902 951 2925 iterant

109 2941 130 2963 el
147 2940 233 2964 iterare
251 2941 301 2963 Vat.
319 2943 406 2964 tantum
424 2940 550 2968 reiterare,
564 2947 633 2969 porro
645 2947 687 2969 pro
699 2939 840 2963 celebrantes
851 2940 950 2970 expiare

109 2980 125 3001 B
137 2980 154 3008 Q
172 2979 314 3003 celebrantes
331 2980 432 3009 πρίω-ι’.

1796 205 1846 232 101

1006 279 1071 308 tiam
1093 280 1222 317 quidam,
1244 284 1276 309 ut
1296 284 1393 318 putent
1415 281 1608 315 infelicissimi,
1630 289 1681 310 sua
1701 281 1805 310 scelera
1823 285 1850 310 et

1005 326 1194 355 immunditias
1215 331 1407 364 peccatorum,
1439 335 1510 365 quae
1542 327 1663 365 quotidie
1695 328 1796 356 iterant
1823 331 1850 357 et

1006 372 1108 401 iterare
1129 376 1303 409 proponunt,
1324 373 1429 411 absque
1444 374 1611 411 poenitentia
1631 376 1659 403 et
1680 374 1849 403 confessione

1006 426 1057 454 per
1078 426 1185 447 sacram
1216 420 1438 449 communionem
1464 420 1587 458 quotidie
1608 420 1779 450 celebrantes
1800 428 1849 450 ex-

1005 464 1090 500 piare.
1114 465 1192 494 Tales
1213 474 1267 494 non
1289 470 1355 495 sunt
1375 467 1547 501 sacerdotes,
1569 467 1616 496 sed
1637 468 1778 504 sacrilegi;
1794 475 1848 496 non

1005 510 1169 545 Christiani,
1191 512 1237 540 sed
1260 513 1400 542 haeretici.
1423 513 1561 548 Profecto,
1590 514 1612 542 si
1641 517 1744 543 rectam
1766 513 1848 543 fidem

1006 556 1157 591 haberent,
1178 560 1227 586 aut
1247 566 1361 594 peccare
1383 559 1528 594 timerent,
1550 563 1598 589 aut
1623 560 1764 589 celebrare
1792 568 1849 589 ces-

1005 605 1106 631 sarent.

1084 651 1110 677 7.
1133 649 1274 684 Secundo,
1303 659 1357 679 non
1380 654 1486 680 tantum
1510 653 1647 687 mentis⁷‚
1669 653 1717 682 sed
1737 657 1764 682 et
1785 662 1849 682 cor-
1888 661 1981 688 secunda.

1003 696 1086 733 poris
1107 699 1149 725 est
1169 696 1334 725 attendenda
1349 698 1491 726 munditia.
1508 698 1569 727 Ideo
1584 707 1665 733 cave,
1680 708 1714 729 ne
1730 700 1848 728 immun·
1865 684 1985 727 ssffiffit‘igfffi

1004 742 1057 771 dus
1077 743 1205 777 accedas;
1227 751 1277 772 nec
1299 746 1407 772 tantum
1427 744 1488 773 dico
1508 745 1542 774 de
1564 745 1737 775 immunditia
1752 747 1849 775 volun-

1005 789 1090 824 taria,
1111 798 1183 826 quae
1205 790 1330 819 mortalis
1350 794 1406 824 est,
1439 791 1486 819 sed
1517 791 1600 820 etiam
1631 793 1665 821 de
1693 793 1848 822 nocturnali

1005 835 1062 864 sive
1093 836 1195 865 casuali
1228 837 1351 871 macula,
1383 845 1454 874 quae
1486 837 1600 874 impedit
1620 839 1849 873 celebrationem,

1005 882 1052 911 ubi
1068 891 1122 911 non
1144 886 1185 912 est
1206 891 1304 920 magna
1324 883 1472 912 necessitas
1503 884 1546 913 vel
1578 885 1662 914 iussio
1690 889 1849 923 praecepto-

1005 937 1078 958 rum.
1093 929 1143 958 Ubi
1164 937 1231 966 ergo
1252 930 1392 967 praedicta
1412 930 1615 966 interveniunt,
1637 935 1664 960 et
1684 932 1772 961 dictae
1793 941 1850 961 ma-

1006 976 1084 1005 culae
1105 984 1159 1005 non
1181 976 1290 1005 dederis
1310 977 1481 1006 occasionem
1504 978 1547 1006 vel
1568 986 1679 1007 causam
1701 987 1750 1015 per
1771 987 1850 1016 prae-

1006 1023 1147 1052 cedentem
1168 1024 1419 1060 concupiscentiam
1441 1024 1485 1053 vel
1499 1024 1682 1053 inordinatam
1698 1026 1849 1062 crapulam,

1005 1078 1055 1099 nec
1076 1073 1171 1099 secuta
1191 1074 1232 1099 est
1254 1071 1381 1100 notabilis
1401 1071 1501 1100 mentis
1522 1071 1676 1108 inquinatio
1697 1080 1747 1109 per
1768 1072 1850 1101 remi-

1005 1117 1167 1146 niscentiam
1189 1120 1216 1146 et
1238 1117 1392 1146 illusionem
1415 1118 1567 1147 carnalium
1589 1119 1850 1155 phantasmatqu

1005 1164 1103 1197 credo,
1125 1163 1197 1201 quod
1224 1164 1354 1193 accedere
1376 1172 1484 1201 posses,
1506 1165 1581 1194 salvo
1604 1165 1711 1194 meliori
1733 1166 1850 1201 iudicio,

1006 1211 1128 1239 maxime
1149 1210 1170 1239 si
1192 1211 1343 1248 singularis
1356 1211 1464 1240 devotio
1486 1212 1591 1240 ratione
1614 1212 1793 1241 solemnitatis
1808 1213 1850 1242 vel

1005 1257 1120 1286 alterius
1150 1257 1247 1286 similis
1277 1266 1376 1287 causae
1398 1261 1424 1287 te
1446 1259 1569 1287 traheret
1590 1258 1623 1287 ad
1644 1259 1848 1288 celebrandum.

1005 1320 1042 1324 —
1064 1304 1208 1333 Custodire
1222 1304 1304 1333 etiam
1319 1305 1402 1334 debes
1418 1305 1577 1342 pudicitiam
1598 1313 1747 1339 manuum,
1763 1314 1851 1343 quan·
1869 1314 1929 1332 Euam
1942 1319 1980 1332 ma.

1005 1354 1065 1379 tum
1086 1354 1180 1387 potes,
1202 1355 1229 1380 et
1249 1351 1372 1380 omnium
1394 1351 1586 1380 membrorum
1608 1355 1721 1380 tuorum
1746 1353 1851 1389 purita-
1891 1342 1955 1356 ”uum'

1005 1400 1069 1426 tem.
1091 1397 1167 1426 Unde
1187 1397 1236 1426 tibi
1261 1398 1388 1432 consulo,
1410 1401 1442 1427 ut
1466 1406 1532 1435 prae
1562 1398 1661 1427 ceteris
1692 1399 1851 1428 hominibus

1006 1444 1079 1472 omni
1102 1447 1241 1481 tempore,
1270 1445 1392 1474 maxime
1423 1445 1490 1474 dum
1519 1445 1627 1474 Missam
1658 1446 1851 1475 celebraturus

1005 1499 1050 1526 eS‚
1071 1499 1167 1520 caveas
1188 1492 1223 1520 ab
1244 1492 1317 1520 omni
1340 1495 1414 1521 tactu
1436 1500 1489 1521 non
1522 1492 1613 1521 solum
1641 1493 1714 1529 turpi
1745 1496 1772 1522 et
1799 1493 1851 1521 im-

1004 1538 1125 1572 mundo,
1147 1538 1195 1576 qui
1217 1538 1248 1567 fit
1268 1547 1332 1568 cum
1353 1542 1482 1576 peccato,
1511 1539 1559 1568 sed
1589 1539 1671 1568 etiam
1691 1548 1707 1568 a
1728 1540 1851 1577 quolibet

1004 1585 1139 1614 indecenti
1160 1588 1187 1614 et
1207 1586 1359 1623 inquinato.
1382 1587 1483 1615 Totum
1504 1587 1552 1615 te⁹
1572 1587 1731 1624 recolligas,
1754 1590 1786 1616 ut
1801 1595 1850 1616 nec

1004 1634 1083 1661 actus
1104 1640 1154 1661 nec
1176 1632 1304 1669 cogitatio
1324 1632 1358 1661 ad
1379 1633 1490 1670 aliquod
1512 1633 1587 1662 aliud
1607 1633 1792 1671 dispergatur.
1813 1649 1849 1655 -

1005 1679 1037 1707 Et
1057 1678 1171 1716 insuper
1192 1687 1289 1708 curam
1309 1679 1412 1709 habeas
1432 1680 1589 1717 diligentem
1610 1680 1643 1709 de
1666 1680 1800 1709 munditia
1823 1683 1851 1710 et
1861 1687 1996 1729 {gerrffiffid

1005 1725 1095 1754 nitore
1116 1729 1342 1762 paramentorum
1366 1726 1461 1755 altaris
1482 1730 1509 1755 et
1530 1734 1674 1756 sacrorum
1702 1734 1994 1762 vasorum,spectantium.

1005 1775 1037 1800 ut
1058 1780 1122 1800 cum
1143 1772 1218 1801 omni
1240 1773 1346 1801 honore
1366 1775 1394 1802 et
1413 1773 1554 1810 diligentia
1574 1776 1710 1802 tractetur
1730 1773 1776 1802 ille
1799 1773 1848 1810 qui

1005 1821 1046 1847 est
1067 1819 1174 1855 Angelis
1195 1822 1222 1847 et
1243 1819 1419 1856 Archangelis
1442 1819 1601 1848 tremendus
1620 1823 1646 1848 et
1662 1819 1849 1849 honorandus.

1005 1913 1022 1947 ς
1044 1912 1071 1940 3.
1100 1912 1212 1946 Tertio,
1237 1913 1358 1951 quisque
1377 1921 1407 1941 se
1428 1912 1526 1950 ipsum
1548 1912 1676 1950 probare
1701 1912 1794 1946 debet,
1816 1921 1850 1941 ex

1083 1962 1195 1997 quanta
1216 1959 1339 1987 caritate
1359 1963 1384 1988 et
1405 1959 1488 1997 quali
1507 1958 1622 1997 fervore
1643 1959 1770 1988 accedat.

1083 2052 1109 2080 8.
1133 2052 1225 2081 Tertio
1246 2052 1334 2089 proba
1354 2055 1381 2081 te
1402 2053 1509 2089 ipsum,
1537 2061 1574 2082 ex
1595 2055 1698 2090 quanta
1728 2053 1851 2081 caritate

1005 2101 1032 2127 et
1046 2099 1120 2136 quali
1141 2097 1257 2136 fervore
1274 2099 1395 2128 accedas.
1411 2099 1468 2128 Non
1483 2099 1572 2128 solum
1588 2100 1660 2128 enim
1679 2100 1806 2128 mortalia
1818 2099 1849 2134 1⁰,
1862 2107 1997 2150 {aagiggffi-

1005 2145 1052 2175 sed
1073 2146 1156 2174 etiam
1175 2146 1291 2175 venialia
1305 2150 1416 2183 peccata
1437 2154 1486 2184 per
1501 2146 1693 2183 negligentiam
1714 2150 1741 2175 et
1762 2146 1849 2175 otium
1870 2154 1977 2178 dispositio-

1005 2192 1187 2229 multiplicata
1208 2195 1235 2221 et
1256 2193 1337 2221 etiam
1359 2201 1409 2230 per
1437 2193 1712 2222 inconsiderationem
1741 2201 1772 2222 ac
1800 2201 1850 2231 per
1897 2183 1948 2197 ¹¹⁹⁰*

1004 2238 1210 2268 distractionem
1223 2240 1244 2256 ¹¹
1266 2239 1415 2269 dissolutae
1436 2240 1507 2269 vitae
1525 2243 1552 2269 et
1566 2240 1654 2269 malae
1675 2240 1850 2269 consuetudi-

1005 2285 1047 2314 nis
1059 2285 1171 2314 —licet
1185 2294 1240 2314 non
1254 2286 1379 2315 occidant
1393 2286 1512 2315 animam
1527 2303 1563 2308 —
1578 2290 1669 2316 tamen
1685 2287 1850 2324 quandoque

1070 2513 1078 2526 ⁷
1096 2514 1146 2537 Vat.
1164 2514 1249 2537 cordis.
1267 2515 1325 2537 infra
1343 2521 1385 2543 pro
1398 2516 1589 2544 praeceptorum.
1604 2513 1646 2537 Ubi
1656 2520 1712 2544 erqo
1726 2515 1769 2543 BQ
1781 2521 1851 2544 prae-

1007 2553 1108 2583 ceptoris
1126 2553 1165 2582 [ita
1187 2553 1255 2576 etiam
1273 2554 1292 2576 K
1303 2553 1340 2583 L].
1363 2553 1407 2576 Ubi
1427 2559 1490 2576 vero.
1514 2554 1584 2576 Porro
1601 2559 1643 2581 pro
1657 2553 1781 2582 praedicta
1798 2554 1850 2576 Vat.

1007 2591 1076 2614 dicta.

1069 2629 1078 2642 Β
1096 2630 1147 2653 Vat.
1162 2630 1354 2660 phantasticam;
1370 2631 1472 2653 nonnulli
1486 2630 1554 2653 codd.
1566 2631 1674 2653 omittunt
1684 2632 1705 2654 et
1716 2630 1850 2654 illusionem

1007 2671 1059 2691 ante
1076 2668 1212 2691 carnatium
1228 2668 1432 2698 phantasmatum.

1070 2705 1079 2719 ⁹
1097 2708 1148 2729 Vat.
1165 2706 1329 2736 coinquinato,
1347 2709 1367 2731 et
1384 2709 1459 2731 lolam
1476 2709 1512 2736 η’,-
1529 2708 1574 2730 BK
1585 2709 1600 2730 L
1611 2709 1628 2730 R
1652 2707 1812 2738 inquinatiro,
1829 2710 1850 2732 el

1006 2747 1027 2769 le
1045 2747 1134 2774 totunm
1146 2746 1244 2769 subinde
1256 2753 1298 2775 pro
1309 2746 1407 2776 aliquod
1417 2746 1485 2770 aliud
1496 2749 1513 2770 Α
1523 2748 1539 2769 Β
1550 2748 1565 2769 Ε
1576 2748 1593 2770 Η
1605 2748 1624 2769 K
1635 2748 1653 2776 Q
1665 2747 1757 2777 aliquid
1767 2747 1850 2776 aliud,-

1007 2785 1107 2814 denlque
1132 2792 1174 2813 pro
1196 2785 1283 2808 habeas
1307 2785 1441 2815 diligentem
1459 2786 1510 2808 Vnt.
1532 2785 1618 2809 habeas
1635 2786 1770 2816 diligenter,
1789 2790 1811 2810 et
1828 2787 1850 2810 in

1007 2825 1052 2847 fine
1070 2824 1236 2848 tremebundus
1254 2831 1297 2853 pro
1314 2824 1450 2848 tremendus
1467 2827 1489 2848 et
1504 2824 1667 2848 honorandus.

1069 2862 1089 2875 ¹⁰
1107 2863 1157 2885 Vat.
1175 2864 1222 2885 fere
1239 2864 1285 2885 sola
1303 2863 1408 2891 adiungit
1423 2863 1520 2886 vitanda
1536 2865 1601 2887 sunt.

1070 2901 1087 2914 ²¹
1108 2902 1149 2924 l‘ro
1162 2907 1191 2925 ac
1203 2908 1247 2931 per
1263 2901 1440 2925 distractionem
1457 2903 1475 2924 R
1492 2904 1514 2926 et
1530 2902 1693 2927 distractiones
1711 2905 1732 2927 et
1748 2903 1850 2933 rcanalio-

1007 2947 1064 2969 ηας,-
1076 2943 1128 2969 post
1140 2940 1247 2964 animam
1264 2941 1281 2963 B
1292 2942 1310 2963 R
1328 2940 1414 2964 habent
1424 2943 1502 2964 tamen
1512 2941 1653 2972 plerumque
1669 2942 1767 2965 reddere
1773 2951 1781 2970 ,·
1799 2942 1851 2964 sub-

1006 2980 1059 3003 inde
1077 2982 1129 3008 post
1146 2981 1224 3003 tamen
1242 2980 1293 3002 Vnt.
1310 2980 1392 3003 omittit
1409 2980 1558 3010 quandoque.
