2133 3317
279 219 320 248 Cll
985 215 1229 245 PROLEGOMENA
1249 215 1277 244 C.
1299 215 1340 244 lll.

346 298 359 326 2]
377 298 397 320 ὅ.
417 296 587 327 Compendium
605 296 632 319 de
649 296 736 319 ruirtute
752 294 902 318 humilitatis.

345 345 385 368 Hie
403 347 524 371 tractatus,
541 344 582 372 (1111
599 346 633 366 051
650 343 700 365 51110
716 343 814 370 prologo
835 344 905 371 atque
925 341 1018 369 incipit:
1041 340 1078 364 Act
1098 340 1130 364 al-

282 391 406 415 titudinem
422 391 563 415 ltumilitatis
587 389 727 418 videndam,
753 390 829 418 primo
850 389 925 412 editus
950 391 984 411 est
1008 395 1021 411 a
1046 388 1130 411 Bonelli

283 439 485 467 (Supplementum
503 440 558 464 etc.,
576 440 631 460 tom.
656 437 687 459 lll.
704 437 747 459 col.
765 437 809 458 228
833 436 920 465 seqq),
938 435 978 464 qui
998 436 1062 458 illum
1085 435 1131 464 (ibi

282 489 304 508 et
316 486 435 508 Prodrom.
458 486 500 508 col.
515 484 570 512 741)
589 486 685 507 conatur
694 483 813 506 vindicare
822 484 845 506 S.
856 483 1043 511 Bonaventurae,
1056 485 1131 506 aucto-

281 533 347 555 ritate
364 532 486 555 cuiusdam
504 531 591 554 codicis
607 531 712 554 Bavarici
731 533 784 553 tunc
801 530 823 553 in
836 530 973 553 monasterio
999 530 1131 558 Pollingano

282 580 398 603 existentis
416 579 472 608 (loc.
490 579 527 601 cit.
544 579 587 601 col.
611 579 655 601 392
673 585 695 600 11.
720 578 775 607 29.).
793 579 878 601 Auctor
904 580 966 600 certe
986 583 1012 600 se
1032 577 1132 600 ostendit

282 633 333 650 esse
350 633 377 649 ex
394 626 480 649 Ordine
497 626 602 648 Fratrum
626 626 753 654 illinorum,
770 626 825 654 quia
847 625 925 648 laudat
946 626 1043 648 Patrem
1065 625 1132 647 Fran-

282 673 378 696 ciscum.
396 673 463 702 Quod
481 675 558 695 autem
581 673 604 695 S.
620 673 796 695 Bonaventurae
818 673 959 700 opusculum
983 672 1012 694 sit
1034 671 1132 694 tribuen-

283 722 338 744 dum
347 738 352 748 ,
365 721 451 743 Bonelli
464 721 532 743 etiam
550 721 663 743 nonnullis
680 719 808 743 rationibus
820 720 926 742 evincere
940 720 1023 742 studet.
1036 720 1081 742 Nos
1094 719 1132 742 uni

282 768 356 791 codici
374 768 485 790 Bavarico
503 768 559 790 alios
572 768 649 795 plures
661 770 730 790 testes
747 767 905 795 adiunximus,
923 767 964 790 sed
976 770 1053 789 tamen
1065 772 1132 795 expe-

282 815 363 837 rientia
382 815 501 842 multiplici
523 814 598 836 edocti
620 821 712 842 sumus⁷
736 815 805 837 etiam
828 821 941 842 magnum
963 814 1071 837 codicum
1095 821 1133 837 nu-

284 868 374 885 merum
392 862 470 891 quoad
488 865 606 885 auctorem
624 862 721 885 alicuius
738 862 816 890 scripti
834 862 1001 890 assignandum
1019 868 1064 884 non
1081 868 1133 884 raro

284 909 400 937 fefellisse,
418 910 554 937 praesertim
572 910 590 932 si
608 912 662 932 sunt
678 910 793 938 sequioris
810 910 896 932 aetatis.
914 910 977 932 Aliae
999 909 1099 932 rationes
1122 916 1133 931 a

284 956 369 978 Bonelli
387 956 466 978 allatae
483 959 537 978 sunt
552 956 691 979 levissimae.
709 956 785 978 Primo
803 956 851 978 vim
870 956 922 978 facit
940 956 962 978 in
979 962 1018 984 eo,
1036 956 1100 984 quod
1112 956 1134 978 in

284 1003 328 1026 hoc
345 1003 431 1031 scripto
449 1003 518 1026 iidem
544 1006 650 1026 auctores
672 1003 781 1030 citentur,
799 1003 839 1032 qui
864 1003 933 1025 etiam
959 1003 1135 1025 Bonaventurae

285 1053 337 1073 sunt
355 1050 489 1078 familiares,
507 1052 532 1072 ut
549 1049 697 1077 Ambrosius,
718 1050 873 1078 Augustinus,
898 1050 1036 1077 Gregorius,
1059 1049 1135 1072 Ansel-

285 1103 338 1120 mus
354 1100 376 1120 et
393 1098 494 1120 Glossae.
512 1098 559 1119 Sed
576 1097 612 1120 vix
630 1103 735 1126 unquam
753 1097 782 1119 de
798 1096 870 1119 rebus
887 1095 1014 1118 moralibus
1032 1095 1135 1118 scribens

285 1145 368 1174 aliquis
384 1147 465 1167 auctor
483 1144 552 1167 medii
570 1145 620 1166 aevi
639 1146 685 1172 est,
703 1144 742 1172 qui
760 1144 809 1166 illos
827 1144 860 1166 Ss.
879 1144 955 1165 Patres
967 1149 1014 1165 non
1023 1143 1095 1165 soleat
1107 1143 1136 1165 ci-

285 1194 341 1214 tare.
358 1205 389 1208 —
411 1192 491 1219 Porro,
517 1192 598 1214 insistit
620 1191 642 1213 in
667 1197 706 1217 eo,
729 1191 794 1219 quod
819 1193 899 1213 auctor
925 1190 994 1213 utitur
1022 1190 1136 1213 nonnullis

285 1239 363 1262 verbis
381 1239 456 1261 minus
481 1239 577 1265 Latinis,
605 1241 628 1261 ut
653 1239 825 1265 Bonaventura,
852 1241 874 1260 et
899 1238 968 1260 etiam
994 1237 1135 1266 quibusdam

286 1287 395 1315 loquendi
415 1287 529 1313 formulis,
548 1292 567 1308 e.
586 1292 609 1313 g.
626 1286 682 1309 unio
700 1285 789 1315 Sponsi
804 1287 826 1308 et
842 1291 943 1314 sponsae
954 1285 980 1315 fit
991 1291 1034 1314 per
1051 1284 1137 1308 carita·

285 1335 331 1357 tem
349 1336 392 1356 010.
410 1333 455 1355 Sed
469 1333 491 1355 hi
508 1333 617 1362 loquendi
631 1333 694 1355 modi
712 1339 758 1355 non
776 1335 829 1355 sunt
840 1332 880 1355 soli
898 1332 1074 1355 Bonax'enturae
1087 1338 1137 1360 pro-

285 1381 342 1408 prii;
360 1383 478 1409 praeterea
502 1381 545 1402 hoc
570 1387 597 1402 eo
616 1380 704 1403 facilius
729 1380 838 1408 explicari
863 1383 951 1408 potest,
977 1380 1031 1409 quia
1056 1382 1136 1402 auctor

285 1428 391 1456 opusculi
408 1431 469 1450 certe
487 1428 527 1450 suit
552 1428 656 1450 eiusdem
678 1433 730 1449 011111
758 1428 919 1450 Bonaventura
944 1428 1048 1454 Ordinis,
1076 1427 1136 1449 unde

286 1475 483 1503 praesumendum
502 1477 547 1502 est,
560 1475 636 1503 ipsum
654 1475 734 1497 saltem
747 1475 823 1503 aliqua
835 1475 920 1502 scripta
932 1474 1036 1497 eiusdem
1054 1474 1137 1502 legisse

286 1526 308 1545 et
325 1522 476 1550 probabiliter
493 1522 561 1544 etiam
585 1528 610 1544 ea
629 1529 689 1551 quae
711 1523 872 1545 Bonaventura
897 1522 927 1545 de
952 1522 1079 1544 humilitate
1102 1528 1137 1545 co-

286 1570 351 1598 piose
368 1570 481 1592 docuerit.
499 1570 555 1592 Nam
581 1572 672 1598 praeter
694 1576 749 1592 vere
774 1570 921 1592 excellentem
947 1570 1087 1598 doctamque
1109 1569 1138 1592 de

287 1618 414 1640 humilitate
433 1617 599 1646 Quaestionem
616 1617 763 1647 disputatum
780 1617 844 1646 (vide
864 1620 919 1639 10111.
931 1617 959 1639 V.
972 1623 1026 1645 pag.
1044 1617 1093 1645 117)
1108 1617 1138 1639 in-

287 1667 379 1693 tegrum
397 1665 523 1692 capitulum
542 1665 571 1687 de
589 1666 631 1687 hac
654 1665 738 1687 virtute
757 1664 849 1692 scripsit
871 1664 893 1686 in
916 1664 992 1686 libello
1014 1664 1042 1686 de
1061 1664 1139 1693 Perse-

287 1711 362 1735 ctione
381 1712 411 1734 ad
428 1711 530 1735 Sorores
549 1711 645 1739 (Opusc.
663 1712 699 1734 Vl.
717 1711 785 1734 huius
802 1711 879 1740 tomi),
898 1710 919 1733 in
937 1710 1027 1740 Requta
1044 1710 1139 1733 novitio-

287 1765 344 1782 rum
363 1759 457 1788 (Opusc.
476 1758 537 1787 XX.)
556 1761 578 1781 et
589 1759 643 1781 alibi
661 1759 761 1787 passim,
774 1759 909 1787 praesertim
922 1759 945 1780 in
963 1758 1139 1781 Commentariis

288 1807 309 1829 in
328 1807 478 1834 scripturam.
497 1807 640 1829 Praedictum
664 1806 830 1834 Quaestionem
856 1806 1018 1836 disputatum,
1036 1813 1049 1829 a
1071 1806 1139 1830 nobis

286 1854 363 1882 primo
380 1853 533 1882 publicatam,
550 1854 569 1876 si
588 1854 671 1876 Bonelli
688 1854 792 1882 legisset,
812 1854 875 1877 t'acile
893 1854 1051 1882 cognovisset,
1069 1860 1139 1883 quan-

288 1905 336 1924 tum
355 1902 443 1924 intersit
460 1901 517 1923 inter
534 1902 595 1924 illam
613 1902 737 1929 genuinam
762 1902 924 1931 Quaestionem
943 1904 965 1924 et
982 1903 1043 1924 hunc
1060 1904 1139 1924 tracta-

288 1953 349 1977 tum,
368 1950 433 1977 pium
452 1950 503 1971 licet
520 1952 542 1971 ct
559 1955 604 1971 11011
622 1949 826 1972 contemnendum.
843 1961 874 1965 —
891 1948 1020 1971 Attentione
1038 1954 1139 1976 praeser-

289 1997 329 2020 tim
347 1997 432 2025 dlgnae
449 1998 501 2019 sunt
518 1996 630 2022 rationes,
647 1995 733 2024 quibus
755 2001 775 2018 e.
793 1996 815 2018 3.
836 2002 858 2017 n.
875 1996 897 2018 3.
914 2001 980 2024 seqq.
1002 1996 1139 2023 explicatur,

289 2044 409 2073 quomodo
422 2045 492 2066 homo
510 2043 623 2065 veraciter
634 2049 659 2065 se
671 2045 749 2071 posset
766 2045 873 2071 reputare
885 2042 994 2065 omnibus
1006 2042 1140 2065 horninibus

289 2092 429 2115 interiorem.
446 2091 552 2114 Doctrina
571 2091 593 2113 in
611 2091 694 2113 eodem
712 2093 808 2113 tractatu
826 2093 932 2113 contenta
944 2090 1003 2113 bene
1015 2090 1140 2118 respondet

289 2140 322 2162 eis
334 2139 426 2168 quaein
439 2138 516 2161 multis
528 2138 584 2161 locis
596 2138 751 2166 genuinorum
764 2143 862 2166 operum
875 2138 1050 2160 Bonaventurae
1063 2143 1140 2160 000111-

289 2189 349 2209 111111.
362 2188 387 2209 Ε1
398 2192 452 2209 011111
465 2187 514 2209 51110
528 2186 626 2214 prologo
638 2188 660 2208 et
672 2185 764 2213 epilogo
777 2185 814 2207 hic
826 2187 935 2208 tractatus
947 2185 1090 2211 inveniatur,
1103 2191 1141 2207 no-

290 2234 325 2257 bis
343 2234 411 2257 valde
428 2233 549 2262 probabile
561 2233 661 2261 videtur,
673 2233 736 2255 illum
749 2232 878 2255 secundum
890 2232 990 2261 aliquem
1008 2238 1140 2254 sermonem

291 2281 362 2304 sancti
379 2281 483 2303 Doctoris
502 2280 532 2303 ab
550 2281 593 2303 alio
610 2282 705 2303 auctore
716 2280 835 2302 redactum
853 2286 903 2302 esse
920 2279 941 2302 in
959 2280 1018 2302 hanc
1035 2280 1140 2302 formam.

571 2372 708 2403 Elenchus
729 2371 860 2403 codicum.

352 2468 369 2490 I.
388 2467 478 2492 Codices
495 2475 509 2491 11
526 2468 590 2492 nobis
607 2475 657 2492 cum
674 2467 743 2491 textu
760 2467 867 2490 editionis
884 2465 971 2490 Bonelli
989 2466 1077 2490 conati.

361 2566 379 2587 1.
396 2564 523 2593 Monacttii,
550 2564 689 2587 bibliotheca
707 2564 792 2592 Regia,
817 2563 870 2586 cod.
897 2563 1070 2592 118651,(1110111
1095 2563 1142 2585 iam

294 2619 365 2641 supra
383 2612 550 2640 descripsimus
568 2617 622 2639 pag.
641 2611 712 2634 XVlll
729 2617 751 2633 n.
770 2610 822 2633 t59.
834 2623 865 2627 —-
882 2609 983 2633 Rubrica
1000 2610 1069 2633 huius
1086 2616 1142 2637 opu-

295 2660 352 2682 sculi
369 2662 403 2682 est
421 2660 457 2682 sol.
476 2659 528 2681 les.
547 2665 569 2681 v.
587 2659 622 2681 his
639 2657 718 2681 verbis
740 2663 861 2686 expressa:
881 2657 912 2680 De
935 2657 1023 2680 virtute
1049 2656 1142 2680 humiti-

296 2707 350 2731 tatis
375 2708 552 2730 Bonaventura.
571 2706 607 2729 Ad
628 2705 778 2729 altitudinem
797 2704 939 2728 humilitatis
957 2704 1082 2728 videndam
1100 2707 1142 2727 etc.

295 2754 382 2777 Desinit
400 2755 437 2777 sol.
463 2755 516 2776 1172.
534 2760 563 2776 r.:
581 2752 655 2777 credit
672 2752 727 2776 aliis
751 2752 819 2776 mala
832 2754 933 2782 propter
949 2759 973 2775 se
989 2752 1076 2776 uenire.
1095 2752 1143 2775 Alia

296 2808 379 2824 manus
396 2801 501 2824 eiusdem
519 2801 570 2823 aevi
592 2801 668 2823 addit:
690 2799 797 2830 Explicit
818 2799 984 2829 compendium
1005 2799 1084 2823 saneti
1100 2800 1144 2823 Βο-

296 2850 428 2872 nacenture
445 2848 472 2871 de
489 2848 576 2871 virtute
593 2847 742 2871 humititatis.
759 2860 789 2863 ——
806 2848 830 2870 ln
849 2848 891 2870 hac
908 2850 986 2870 nostra
1003 2847 1105 2870 editione
1115 2847 1145 2869 si-

297 2899 381 2924 gnatur
399 2896 471 2918 littera
489 2896 515 2917 A.

361 2943 382 2964 2.
400 2941 500 2970 Ibidem,
522 2942 574 2964 cod.
594 2941 679 2964 19817.
696 2943 769 2964 chart.
790 2941 812 2963 in
836 2942 857 2963 8.
882 2947 943 2964 saec.
961 2941 1012 2963 XV.
1029 2953 1059 2957 —
1082 2941 1145 2968 Opu-

298 2990 388 3013 sculum
405 2989 484 3017 incipit
502 2989 539 3011 tol.
557 2989 595 3011 57.
612 2995 630 3010 1.
649 2988 697 3011 sine
714 2988 791 3011 titulo:
809 2987 846 3011 Ad
862 2987 1012 3011 altitudinem
1025 2987 1146 3011 humilita-

1188 294 1216 318 tis
1233 293 1359 317 videndam
1377 296 1419 317 etc.
1441 294 1528 317 Desinit
1551 294 1588 316 sol.
1611 294 1649 316 62.
1672 300 1707 316 v.:
1729 292 1803 316 vitam
1819 295 1929 317 nostram
1946 294 2035 323 ferven-

1188 341 1287 366 tioribus
1304 341 1389 365 studiis
1403 341 1536 371 prevenire.
1553 340 1661 371 Eoeplicit
1670 341 1840 364 Beneventum
1852 340 1879 364 de
1891 341 2034 366 bumilitate.

1188 389 1252 417 Sign.
1270 390 1294 412 B.

1251 438 1273 459 3.
1290 435 1390 465 Ibidem,
1409 437 1460 459 eod.
1479 436 1547 459 5014.
1566 437 1636 458 chart.
1654 436 1677 458 in
1698 436 1718 458 8.
1737 441 1798 458 saec.
1815 436 1866 464 XV,
1884 436 1914 458 de
1941 442 1988 464 quo
2013 439 2035 459 et

1187 488 1258 510 supra
1281 489 1334 511 pag.
1359 483 1453 505 XXXlll
1479 489 1500 504 n.
1528 482 1577 504 141.
1602 495 1630 498 —
1652 482 1698 504 Fol.
1723 482 1760 504 99.
1785 488 1803 504 r.
1821 482 1901 510 incipit
1927 482 1975 505 sine
1992 483 2037 505 ulla

1188 529 1293 553 rubrica:
1310 529 1348 553 Ad
1363 529 1513 553 altitudinem
1530 528 1671 552 humilitatis
1690 528 1814 552 videndam
1832 532 1874 552 etc.
1892 530 1979 552 Desinit
1998 531 2035 553 sol.

1189 578 1242 599 111.
1260 580 1284 600 ut
1302 577 1324 599 in
1341 577 1449 599 editione.
1467 577 1532 604 sign.
1550 576 1575 599 C.

1254 623 1390 651 1101110111,
1416 624 1469 646 cod.
1492 623 1560 646 3037.
1587 624 1659 645 chart.
1682 623 1705 645 in
1726 623 1746 645 8.
1767 629 1827 645 saec.
1854 623 1905 645 XV.
1931 636 1962 640 —
1989 624 2036 647 Fol.

1190 671 1243 694 t78.
1260 678 1294 694 r.:
1315 671 1441 694 Tractatus
1458 670 1624 693 Bonauenture
1640 669 1668 693 de
1682 670 1826 700 perfectione
1838 669 1988 693 humititatis.
2001 670 2038 694 Act

1189 719 1339 743 altitudinem
1356 718 1496 741 humilitatis
1514 717 1639 741 videndam
1656 720 1699 740 etc.
1719 718 1804 740 Desinit
1821 718 1858 740 sol.
1883 718 1932 740 181.
1945 724 1977 740 1.;
1994 718 2038 748 fer-

1189 765 1333 790 ventioribus
1350 765 1435 789 studiis
1449 765 1547 795 preiret.
1567 765 1630 793 Sign.
1649 765 1675 787 D.

1253 812 1275 834 5.
1293 811 1392 840 Ibidem,
1410 812 1463 834 cod.
1482 811 1551 834 4775.
1568 813 1640 834 chart.
1658 812 1681 833 in
1702 811 1722 833 4.
1741 817 1802 834 saec.
1819 811 1870 834 XV.
1889 824 1920 827 —
1937 811 1983 834 Fol.
2002 811 2038 834 40.

1191 866 1212 881 v.
1226 860 1321 887 legitur:
1340 859 1508 882 Bonaeentura
1525 858 1552 881 de
1567 858 1700 881 humilitate
1708 858 1822 888 perfecta.
1836 858 1873 881 Ad
1889 857 2039 882 altitudinem

1192 905 1333 929 humititatis
1356 905 1481 929 videndam
1505 908 1548 928 etc.
1571 905 1658 928 Desinit
1682 906 1719 928 sol.
1737 905 1774 927 49.
1800 911 1836 927 v.:
1857 904 2039 934 ferventioribus

1191 953 1275 977 studiis
1289 954 1387 983 preti-et.
1406 953 1511 983 Explicit
1527 953 1554 977 cle
1571 953 1705 977 bumilitate
1723 954 1895 976 Bonaeenture.
1913 953 1978 981 Sign.
1995 954 2020 975 E.

1255 1001 1277 1023 6.
1294 1000 1393 1029 Ibidem,
1412 1001 1463 1024 cod.
1482 1001 1566 1023 11740.
1584 1002 1655 1023 chart.
1673 1001 1696 1023 in
1715 1001 1735 1023 4.
1752 1006 1813 1023 saeC.
1824 1000 1876 1022 XV.
1889 1013 1918 1016 —
1937 1000 2039 1028 011115011-

1192 1049 1239 1071 111111
1257 1049 1336 1077 incipit
1354 1049 1391 1071 sol.
1411 1049 1460 1071 100,
1478 1055 1496 1071 r.
1513 1048 1604 1071 verbis:
1623 1048 1660 1071 Ad
1675 1047 1827 1071 altitudinem
1844 1047 1985 1071 humilitatis
1998 1049 2040 1070 etc.

1194 1096 1279 1118 Desinit
1296 1097 1333 1119 sol.
1356 1096 1403 1118 ll5.
1422 1103 1439 1118 r.
1463 1099 1486 1118 nt
1508 1096 1663 1124 praecedens,
1686 1095 1775 1118 addito:
1794 1094 1901 1124 Eoeplicit
1918 1095 2040 1117 301101υο11-

1193 1145 1249 1166 tura
1266 1143 1293 1166 de
1310 1143 1451 1166 humilitate.
1469 1143 1533 1171 Sign.
1551 1143 1574 1165 F.

1256 1191 1282 1212 lli
1300 1196 1339 1213 sex
1357 1190 1459 1217 codices,
1477 1190 1577 1217 exceptis
1594 1190 1675 1217 paucis
1692 1189 1753 1212 vitiis
1770 1192 1791 1211 et
1807 1188 1878 1211 rcbus
1891 1188 1975 1211 nullius
1993 1194 2042 1211 mo-

1194 1237 1278 1265 menti,
1297 1237 1325 1259 ita
1352 1238 1452 1265 perfecte
1477 1237 1632 1264 conveniunt,
1658 1239 1683 1258 ut
1704 1236 1803 1259 eandem
1832 1236 1940 1258 familiam
1959 1235 2043 1258 consti-

1194 1286 1266 1306 tuant.

1408 1377 1438 1400 11.
1456 1377 1546 1401 Codices
1563 1384 1577 1400 a
1593 1377 1657 1400 nobis
1674 1384 1718 1400 non
1734 1376 1822 1400 collati.

1257 1474 1279 1496 7.
1297 1473 1416 1502 Basileue,
1439 1473 1577 1495 bibliotheca
1600 1472 1715 1500 Civitatis,
1741 1472 1793 1495 cod.
1816 1472 1841 1494 B.
1858 1472 1887 1494 X.
1904 1472 1925 1494 6.
1943 1471 2042 1494 membr.

1195 1520 1217 1543 in
1235 1522 1256 1543 8.
1274 1527 1334 1543 sace.
1352 1521 1411 1543 XlV.
1431 1533 1459 1536 —
1477 1521 1525 1542 Hoc
1550 1520 1690 1548 opusculum
1715 1519 1795 1547 incipit
1811 1522 1864 1547 post
1882 1519 1924 1542 alia
1944 1519 1981 1541 sol.
1998 1525 2044 1541 non

1195 1571 1317 1591 numerato
1334 1575 1365 1590 r.:
1384 1567 1420 1591 Ad
1445 1567 1570 1591 videndam
1594 1566 1744 1590 altitudinem
1768 1566 1910 1590 humilitatis
1937 1565 2044 1590 attenda-

1195 1623 1250 1639 mus
1267 1619 1311 1639 etc.
1328 1616 1414 1638 Desinit
1431 1621 1451 1637 c.
1464 1616 1485 1637 3.
1498 1622 1521 1637 n.
1536 1615 1557 1637 t.
1568 1614 1657 1637 verbis:
1677 1614 1720 1638 hoc
1732 1614 1811 1644 ipsum
1823 1613 1944 1644 ignorabit
1960 1613 2044 1637 anima

1195 1670 1256 1687 mea.
1273 1663 1319 1686 Hec
1336 1662 1399 1686 dictu
1417 1662 1544 1693 sufficiant.

1259 1711 1281 1732 8.
1298 1709 1439 1739 Erfordiae,
1458 1709 1596 1731 bibliotheca
1621 1709 1706 1737 Regia,
1733 1708 1785 1731 cod.
1811 1708 1848 1730 116.
1874 1709 1946 1731 chart.
1973 1708 1996 1730 in
2022 1708 2043 1730 8.

1196 1764 1256 1781 saec.
1273 1758 1324 1780 XV.
1341 1770 1372 1774 —-
1389 1758 1533 1786 Opusculum
1550 1757 1630 1785 incipit
1646 1757 1683 1779 tol.
1702 1756 1722 1778 4.
1740 1763 1760 1779 r.
1777 1756 1826 1779 sine
1843 1756 1921 1779 titulo:
1938 1755 1975 1779 Ad
1991 1755 2044 1779 alti-

1196 1804 1302 1828 tudinem
1319 1804 1460 1828 bumititatis
1478 1807 1519 1827 etc.
1538 1803 1625 1826 Desinit
1641 1804 1678 1826 fol.
1701 1803 1723 1826 6.
1739 1810 1762 1825 v.
1779 1809 1833 1826 cum
1851 1803 1981 1826 additione:
1999 1803 2043 1826 Ex-

1194 1852 1261 1882 plicit
1277 1851 1304 1875 de
1322 1851 1455 1875 bumilitate
1468 1851 1583 1881 perfecta.

1260 1900 1280 1922 9.
1300 1898 1406 1927 Graevii,
1424 1898 1563 1921 bibliotheca
1585 1898 1758 1925 Universitatis,
1775 1898 1827 1921 cod.
1846 1897 1914 1920 1649.
1932 1899 2004 1920 chart.
2021 1898 2044 1920 in

1197 1948 1233 1970 112.
1251 1953 1312 1970 saec.
1328 1947 1388 1969 XVl.
1406 1947 1514 1969 ineuntis.
1530 1959 1561 1963 —
1578 1946 1631 1968 Post
1649 1946 1691 1968 alia
1708 1951 1780 1974 opera
1798 1946 1835 1968 fol.
1854 1951 1901 1967 non
1922 1947 2044 1968 numerato

1196 1995 1316 2023 sequitur:
1336 1995 1462 2017 Tractatus
1479 1993 1507 2016 de
1524 1992 1664 2016 humilitate.
1682 1992 1719 2015 Ad
1735 1991 1884 2016 altitudinem
1902 1991 2045 2015 humilitatis

1196 2041 1322 2065 videndam
1339 2044 1382 2064 etc.
1402 2041 1486 2063 Desinit
1503 2041 1542 2063 sol.
1558 2047 1590 2063 r.:
1607 2039 1790 2070 ferventioribus
1811 2039 1896 2063 studiis
1910 2039 2045 2069 prevenire.

1196 2088 1302 2119 Eaeplicz't
1320 2089 1489 2111 Beneventum
1506 2087 1534 2111 de
1551 2087 1692 2111 bumilitate.

1262 2136 1297 2158 10.
1316 2134 1447 2165 Herbipoli,
1469 2134 1607 2157 bibliotheca
1623 2134 1795 2162 Universitatis,
1808 2134 1859 2156 cod.
1872 2140 1894 2163 q.
1909 2134 1960 2156 106.
1973 2135 2044 2156 chart.

1197 2189 1258 2206 saec.
1286 2183 1337 2205 XV.
1354 2195 1384 2199 --
1400 2183 1447 2205 Fol.
1470 2183 1524 2204 268.
1540 2188 1572 2204 r.:
1590 2181 1674 2211 Incipit
1691 2182 1808 2205 tractatus
1833 2181 2001 2204 Bonacenture
2018 2180 2045 2204 de

1198 2230 1338 2253 humilitate.
1358 2229 1395 2253 Aa
1410 2229 1561 2253 altitudinem
1578 2228 1721 2252 humititatis
1738 2231 1780 2251 etc.
1799 2228 1886 2251 Desinit
1898 2229 1936 2251 sol.
1948 2228 2002 2250 279.
2014 2234 2045 2251 r.:

1197 2277 1380 2307 ferventioribus
1396 2276 1481 2300 studiis
1496 2277 1584 2306 preire.
1602 2276 1707 2306 Explicit
1724 2277 1842 2299 tractatus
1866 2275 1943 2298 brevis
1966 2277 1989 2299 et
2003 2274 2046 2298 uti-

1199 2325 1227 2349 lis
1245 2325 1272 2348 de
1289 2324 1421 2348 humilitate
1438 2331 1452 2347 a
1470 2323 1552 2347 devoto
1569 2323 1665 2347 doctore
1681 2324 1851 2346 Bonaeentzwa
1868 2322 2019 2352 compilatus.

1262 2373 1298 2395 11.
1323 2372 1429 2401 Mellicii,
1453 2371 1592 2395 bibliotheca
1615 2370 1756 2398 monasterii,
1780 2370 1833 2393 eod.
1852 2370 1878 2393 N.
1902 2369 1925 2398 7,
1948 2369 1978 2392 de
2000 2375 2047 2398 quo

1198 2421 1290 2449 egimus
1308 2423 1362 2443 tom.
1380 2420 1408 2442 V.
1426 2426 1481 2448 pag.
1499 2419 1565 2441 XXX
1583 2425 1605 2441 n.
1623 2418 1661 2441 64.
1678 2431 1709 2435 —
1731 2418 1779 2440 Hoc
1800 2417 1940 2446 opusculum
1968 2416 2048 2445 incipit

1198 2468 1247 2490 sine
1264 2468 1329 2490 titulo
1347 2468 1383 2490 sol.
1401 2467 1438 2489 ⁶24.
1457 2473 1486 2489 r.:
1499 2466 1536 2490 Ad
1552 2465 1701 2489 altitudine-m
1713 2464 1854 2488 humititatis
1866 2464 1992 2488 videndam
2004 2466 2046 2487 etc.

1199 2515 1285 2537 Desinit
1303 2515 1339 2537 sol.
1358 2514 1395 2536 24.
1413 2521 1436 2536 v.
1452 2513 1546 2536 verbis:
1571 2513 1645 2536 vitam
1666 2514 1775 2536 nostram
1799 2510 1983 2541 ferventioribus
2000 2512 2047 2534 stu-

1200 2561 1244 2585 diis
1259 2561 1391 2591 prevenire.
1409 2560 1514 2590 Eatplicit
1531 2561 1701 2584 Beneventum
1718 2559 1746 2582 de
1762 2558 1904 2582 humilitate.

1264 2609 1300 2631 112.
1318 2608 1449 2637 Monactiii,
1468 2608 1606 2630 bibliotheca
1631 2607 1716 2636 Regia,
1737 2607 1791 2630 cod.
1818 2606 1887 2629 4610.
1907 2605 2006 2628 membr.
2024 2605 2048 2628 in

1201 2657 1221 2679 lt.
1239 2662 1298 2679 saec.
1319 2656 1371 2678 XV.
1389 2655 1493 2678 ineuntis.
1506 2668 1537 2672 —
1553 2655 1600 2677 Fol.
1620 2655 1672 2677 109.
1688 2661 1718 2677 r.:
1732 2653 1815 2683 Incipit
1826 2655 1943 2677 tractatus
1956 2652 2049 2676 domini

1200 2704 1366 2727 ammomum-e
1382 2702 1410 2726 de
1427 2702 1567 2726 humilitate.
1584 2702 1602 2724 I.
1620 2701 1761 2731 capitulum.
1778 2700 1815 2724 Ad
1836 2700 1988 2724 altitudinem
2005 2699 2047 2723 lizi-

1200 2749 1307 2773 militatis
1325 2752 1367 2772 cte.
1385 2750 1471 2772 Desinit
1489 2749 1526 2771 tol.
1550 2749 1603 2771 t32.
1625 2755 1647 2771 v,
1666 2754 1719 2771 cum
1737 2748 1866 2770 additione:
1883 2746 1991 2776 Explicit
2006 2747 2048 2770 Bo-

1200 2798 1334 2820 naconem-e
1353 2796 1380 2819 de
1397 2796 1538 2820 humilitate.
1555 2796 1602 2819 Deo
1620 2795 1723 2825 aralius.

1265 2845 1300 2867 1131.
1319 2843 1419 2872 Ibidem,
1437 2844 1488 2867 cod.
1506 2844 1577 2866 7338.
1594 2844 1665 2865 chart.
1683 2843 1704 2865 in
1724 2842 1744 2865 4.
1758 2848 1817 2865 saeC.
1830 2843 1881 2865 XV.
1894 2855 1921 2858 —
1935 2842 1982 2864 Fol.
1996 2842 2047 2864 110.

1202 2900 1233 2915 r.:
1253 2892 1336 2921 Incipit
1356 2893 1473 2915 tractatus
1496 2890 1524 2914 de
1544 2890 1676 2914 bumilitate
1697 2890 1870 2913 Bonaeenture.
1890 2889 1925 2913 Ad
1941 2888 2048 2912 altitudi-

1201 2946 1256 2963 nem
1273 2939 1414 2963 humilitatis
1432 2941 1474 2962 etc.
1493 2939 1579 2961 Desinit
1596 2939 1632 2961 sol.
1652 2938 1703 2960 119.
1721 2943 1752 2960 1·.;
1761 2936 1944 2966 ferventioribus
1961 2935 2047 2960 studiis

1200 2987 1297 3017 preiret.
