2133 3317
15 591 48 610 nus
55 589 121 608 violae.

62 1402 118 1422 Odor.

58 1573 117 1592 Color.

574 205 770 234 OPUSCULUM
792 206 822 234 X.
845 206 931 234 VlTIS
951 206 1100 235 MYSTICA.
1123 207 1384 236 ADDITAMENTUM
1406 207 1448 236 lV.

139 285 202 309 enim
221 284 266 309 flos
284 283 330 309 1100
348 283 449 309 flosculo
467 283 548 308 minor
567 283 626 308 est?
644 283 710 308 Nam
729 283 755 307 et
772 283 878 308 humiles
890 284 917 308 in
930 290 983 309 ocu-

137 328 169 352 lis
188 327 239 352 suis
258 327 330 357 parvi
349 326 416 351 sunt.
435 326 474 350 Sic
492 326 557 350 enim
582 325 619 350 ait
643 326 672 351 de
691 333 717 351 se
743 326 785 350 ille
809 325 983 357 Apostolus1,

138 370 179 402 (101
198 369 255 400 plus
274 369 387 394 omnibus
399 368 574 394 laboraverat:
589 368 648 399 Eyo
660 375 718 393 sum
730 368 855 393 minimus
867 369 984 393 ommam

137 412 338 443 Apostolorum,
357 411 403 442 qui
420 418 472 436 uon
490 418 548 436 sum
566 411 661 442 cliyuus
679 411 766 435 vocari
778 410 929 442 Apostolus.
940 411 983 435 vVi-

137 456 192 484 des,
211 455 251 480 hic
269 462 375 486 magnus
387 461 461 486 (103111
475 461 568 485 parvus
587 453 634 478 sibi
652 453 722 478 erat!
740 453 774 478 Et
786 453 848 478 miro
861 453 931 479 modo
944 453 983 483 fit,

136 498 166 523 ut
183 497 223 522 his
241 497 330 528 quibus
349 496 498 522 conscientia
517 503 603 521 secura
622 496 673 525 est,
693 496 735 527 qui
752 495 815 520 nihil
828 496 875 520 sibi
893 496 983 521 conscii

137 540 209 569 sunt,
235 540 287 564 tam
314 539 418 564 humilia
442 539 471 564 de
496 539 636 570 semetipsis
654 538 747 564 sentire
770 538 900 570 contingat
910 537 928 562 ².
947 551 983 557 -—

138 582 209 608 Situs
227 582 301 607 huius
319 582 387 608 floris
406 582 488 607 terrae
505 582 544 607 est
557 582 697 613 proximus,
711 582 736 606 et
749 582 849 613 optime.
861 582 904 607 Ita
917 582 983 606 enim

136 625 212 651 habes
225 625 351 651 docentem
364 625 513 656 Apostolum
523 624 533 637 ⁵
545 634 550 650 :
570 625 634 650 Non
651 625 706 650 alta
717 625 857 656 sapientes,
876 624 921 649 sed
938 624 983 649 hu-

136 668 238 694 milibus
256 669 446 693 consentientes.
463 668 521 694 Non
533 668 627 693 habent
638 667 703 692 hauc
716 667 895 698 proprietatem
908 667 982 692 istius

136 711 204 736 floris
222 711 264 742 (101
283 718 308 736 30
327 711 383 735 31113
402 711 515 736 meliores
534 710 641 742 putant,
663 710 704 735 vel
728 710 785 735 aliis
809 710 923 735 meliores
945 710 983 734 vi-

136 754 187 779 deri
205 754 308 785 volunt,
328 754 441 785 quamvis
461 753 622 784 sibimetipsis
650 753 721 784 parvi
749 753 809 777 sint.
831 753 895 777 Sunt
916 753 981 777 enim

135 797 263 826 nonnulli,
291 797 333 828 qui
360 797 458 828 quidem
485 797 511 822 in
539 796 695 821 conscientiis
721 796 772 820 suis
799 802 824 820 se
852 794 981 820 abiectos*

135 840 258 869 iudicant,
278 839 320 864 sed
339 840 422 864 tamen
441 839 519 864 videri
536 839 596 865 foris
615 839 703 864 volunt
722 839 778 863 aliis
791 839 914 863 meliores.
932 838 982 863 Isti

135 884 264 908 staturam
277 882 351 907 huius
364 882 432 908 floris
444 882 550 911 habent,
563 882 621 913 quia
633 882 681 906 sibi
694 882 763 906 intus
776 882 801 906 iu
814 882 896 906 animo
910 882 982 912 parvi

136 925 211 954 sunt,
230 925 310 950 situm
323 932 380 950 vero
393 932 442 949 non
454 924 561 954 habent,
581 925 639 955 quia
657 924 746 949 volunt
758 923 818 949 foris
831 931 906 954 super
919 923 981 949 alios

135 968 240 998 elevari,
260 968 289 992 de
308 967 398 999 quibus
416 967 476 992 dicit
493 967 608 992 Salomon
619 966 645 992 ⁵:
665 967 793 992 Mensura
809 968 832 991 et
843 973 981 997 mensura,

130 1011 235 1042 pondus
253 1012 277 1035 et
290 1010 409 1042 pondus,
422 1011 561 1041 utrumque
574 1010 732 1035 abominatio
746 1011 783 1035 est
795 1009 866 1040 apud
878 1010 963 1034 Deum
974 1018 982 1039 ,-

136 1054 161 1079 et
179 1055 205 1078 in
223 1054 289 1085 Lege
306 1054 386 1085 Moysi
403 1053 494 1084 duplex
506 1053 603 1084 pondus
616 1053 763 1083 prohibetur
775 1053 870 1077 haberi.
884 1053 982 1084 Duplex

135 1097 226 1128 quippe
245 1096 342 1128 pondus
360 1096 436 1121 habet
448 1097 501 1127 qui,
516 1096 563 1120 sibi
575 1096 698 1121 malorum
710 1097 835 1126 conscius,
849 1096 942 1121 malum
955 1103 981 1121 se

134 1139 241 1169 iudicat,
259 1139 316 1164 aliis
334 1146 392 1164 vero
411 1139 468 1163 vult
486 1138 545 1164 foris
565 1138 644 1164 bonus
662 1139 688 1163 et
711 1138 768 1163 aliis
792 1138 878 1164 melior
903 1146 982 1170 appa-

134 1190 202 1212 rere,
222 1189 266 1207 suo
284 1182 373 1207 iudicio
401 1182 483 1207 terrae
509 1182 636 1212 proximus
655 1182 707 1211 est,
727 1182 752 1206 et
770 1182 827 1206 aliis
845 1182 914 1213 cupit
933 1182 982 1206 ele-

134 1225 209 1250 vatus
226 1225 313 1250 videri.
332 1225 471 1256 Agitantur
489 1224 529 1253 hi,
555 1225 700 1256 quicumque
729 1224 794 1250 tales
821 1224 895 1254 sunt,
920 1224 981 1250 vitio

134 1268 305 1300 hypocriseos,
324 1268 353 1293 de
372 1268 462 1299 quibus
480 1268 506 1292 111
525 1275 650 1297 sermone,
665 1275 737 1299 quem
756 1267 785 1293 de
803 1267 893 1292 Parvis
905 1266 914 1280 θ
927 1275 982 1293 con-

135 1312 293 1343 scripsimus,
313 1311 411 1342 plenius
431 1318 517 1335 sumus
535 1311 633 1336 elocuti.

206 1347 250 1379 543
271 1354 340 1380 Odor
358 1354 437 1379 violae
463 1355 547 1379 suavis
575 1354 614 1379 est
632 1354 657 1379 et
676 1354 797 1383 salubris,
824 1354 881 1385 quia
906 1353 981 1379 etiam

135 1398 202 1429 apud
219 1398 287 1429 ipsos
305 1397 425 1428 superbos
444 1397 500 1422 laus
519 1396 670 1421 humilitatis
688 1396 823 1422 exaltatur.
842 1397 904 1428 Ipsa
916 1398 981 1421 enim

134 1440 200 1465 fama
218 1439 351 1465 laudabilis
370 1440 483 1464 suavitas
501 1439 540 1463 est
558 1439 653 1468 odoris,
673 1439 698 1463 et
716 1446 774 1464 vere
793 1439 913 1464 salutaris
928 1439 981 1469 est,

134 1483 159 1508 et
177 1490 354 1514 nonnunquam
374 1482 403 1507 de
422 1482 494 1507 laude
512 1482 644 1507 humilium
663 1482 789 1507 auditores
803 1482 980 1511 emendantur,

135 1526 156 1551 si
174 1526 258 1551 tamen
276 1525 328 1550 sint
345 1525 423 1554 tales,
443 1526 485 1556 qui
503 1525 580 1550 istum
604 1525 703 1550 odorem
728 1525 867 1549 admittunt
885 1525 910 1550 et
928 1525 981 1550 dili-

134 1569 222 1601 genter
240 1568 399 1594 considerant
409 1567 426 1592 ⁷.
439 1582 475 1586 --
490 1567 574 1599 Color,
588 1568 652 1593 sicut
664 1568 783 1599 apparet,
798 1568 908 1593 abiectus
928 1568 980 1598 est,

133 1612 185 1636 illis
204 1612 345 1642 praecipue,
365 1611 407 1642 qui
425 1610 545 1635 virtutem
573 1610 669 1635 flosculi
695 1610 831 1641 ignoraut;
861 1610 904 1635 sed
928 1610 979 1634 vim

134 1654 203 1680 floris
221 1654 413 1686 agnoscentibus
441 1653 471 1678 fit
497 1654 572 1678 etiam
590 1654 670 1684 ipsius
689 1653 757 1678 floris
776 1653 899 1684 despectio
918 1660 981 1678 com-

135 1697 281 1722 mendabilis
300 1697 325 1722 et
343 1697 440 1722 dilecta.
459 1697 513 1722 Hoc
531 1697 557 1721 in
575 1697 654 1728 ipsius
673 1696 825 1721 humilitatis
844 1696 980 1728 magistro,

134 1740 240 1772 benigno
258 1740 329 1771 Iesu,
348 1740 419 1765 facile
438 1747 600 1771 agnoscemus
624 1739 760 1764 secuudum
788 1739 850 1764 illud
878 1739 980 1764 verbum

134 1782 286 1815 Apostoli⁸:
314 1783 384 1814 Nos,
403 1783 499 1814 iuquit,
514 1783 700 1813 praedicamus
722 1782 855 1808 Christum
882 1782 980 1812 erucifi-

133 1833 210 1858 xum,
229 1826 334 1851 Iudaeis
353 1826 453 1857 quidem
481 1826 650 1857 scandalum,
677 1825 796 1857 ‚uentibus
819 1833 878 1850 ‘vero
896 1825 981 1850 stulti-

134 1869 212 1900 tiam,
232 1869 296 1900 ipsis
314 1876 372 1894 vero
394 1869 490 1894 vocatis
508 1869 605 1894 sanetis
627 1868 772 1900 Christum,
791 1868 842 1893 Dei
860 1869 980 1893 virtutem

133 1913 157 1937 et
174 1912 225 1937 Dei
243 1912 405 1943 sapientiam.
425 1912 549 1937 Nimirum
569 1911 685 1936 Christus
703 1911 835 1936 crucifixus
854 1912 920 1936 viola
933 1911 980 1936 est.

132 1955 165 1980 In
182 1962 254 1980 cruce
280 1955 345 1980 enim
372 1955 527 1980 humillimus
551 1954 633 1980 factus
655 1954 701 1979 est.
720 1955 752 1979 In
771 1954 817 1980 hac
836 1954 980 1979 humilitate

134 1998 213 2023 solum
238 1998 344 2023 colorem
368 1998 524 2023 intuentibus
542 1998 643 2022 Iudaeis
662 1998 687 2023 et
704 1997 822 2029 gentibus
841 1998 894 2029 ipse
913 1998 980 2023 color

133 2041 190 2066 vilis
209 2041 343 2072 apparuit3
362 2041 433 2066 nobis
452 2048 523 2069 vero,
543 2041 585 2072 qui
602 2041 724 2065 virtutem
743 2041 901 2072 agnoscimus
924 2048 980 2072 pas-

134 2084 223 2113 sionis,
249 2083 324 2109 etiam
351 2085 407 2115 ipsa
434 2084 550 2115 despecta
568 2084 712 2113 humilitas,
730 2084 860 2108 humilitas
886 2083 980 2109 Christi

134 2126 216 2158 placet
233 2126 258 2151 et
276 2134 320 2158 per
338 2126 506 2151 humilitatem
533 2127 638 2151 maxime
666 2126 861 2151 commendatur.
880 2141 916 2144 —
935 2126 979 2151 De-

134 2169 229 2200 spectui
248 2176 306 2201 ergo
323 2169 412 2194 coloris
431 2169 583 2200 adiungatur
602 2177 663 2200 quae
682 2168 746 2194 latet
765 2170 846 2194 virtus
864 2169 932 2195 floris
945 2170 980 2194 in-

133 2212 222 2241 terior,
241 2212 270 2236 ut
289 2219 333 2243 per
351 2212 493 2237 interiorem
512 2212 632 2236 virtutem
650 2212 696 2237 1100
714 2212 779 2243 (10οἀ
798 2212 906 2237 exterius
930 2212 979 2237 vile

135 2255 247 2284 videtur,
266 2262 316 2280 non
334 2255 522 2284 contemnatur,
542 2254 648 2280 verum⁹
668 2256 776 2286 amplius
797 2255 926 2287 diligatur.

197 2462 204 2475 ¹
223 2463 293 2491 Epist.
310 2463 324 2485 l.
341 2462 392 2485 Cor.
414 2463 452 2489 15,
469 2463 490 2485 9,
503 2463 559 2485 Bon.
571 2470 624 2485 cum
642 2464 740 2491 Vulgata
758 2464 842 2487 omittit
858 2464 976 2493 omnium,

135 2494 174 2523 qui
191 2494 259 2516 etiam
277 2494 371 2516 interius
388 2493 486 2516 vocibus
503 2494 541 2517 liic
558 2500 661 2523 maanus
678 2495 785 2523 praefigit
802 2496 836 2518 ui.

197 2524 205 2538 ²
223 2525 279 2548 Cod.
297 2527 312 2547 A
331 2524 492 2550 concedatur„

197 2555 206 2568 ³
223 2557 288 2579 Rom.
311 2557 349 2583 12,
370 2557 404 2578 16.
422 2569 452 2573 -—
469 2556 526 2579 Cod.
544 2558 560 2579 Α
579 2555 691 2579 (licentem
709 2557 857 2586 Apostolum.

196 2587 205 2600 ⁴
224 2588 254 2610 lta
271 2588 304 2614 Α;
321 2588 378 2610 Bon.
395 2594 448 2610 cum
466 2588 503 2610 ed.
525 2588 530 2609 l
551 2587 674 2611 subiectos.

197 2618 206 2631 ⁵
223 2619 290 2641 Prov.
308 2620 351 2645 20,
372 2619 410 2645 lo,
428 2619 450 2641 in
468 2619 534 2641 cuius
552 2619 596 2641 fine
613 2619 651 2642 ed.
667 2620 672 2641 l
689 2625 741 2641 cum
756 2620 773 2641 A
785 2618 930 2643 abominatio
945 2621 978 2643 est

134 2649 243 2673 Domino.
259 2663 290 2665 —
307 2650 410 2673 Subinde
427 2651 539 2678 allegatur
558 2651 620 2672 Deut.
640 2651 682 2677 25,
705 2651 781 2672 13-16.

197 2680 207 2693 ⁴³
224 2680 281 2704 Cod.
298 2682 315 2703 A
332 2681 360 2704 de
376 2681 468 2704 Pueris.
494 2682 523 2703 Ex
547 2683 589 2703 liac
616 2681 751 2709 allegatione
776 2681 919 2704 mabillonius
945 2682 976 2710 (in

134 2712 248 2740 principio
265 2713 333 2734 huius
350 2713 464 2740 opusculi)
483 2713 611 2740 concludit,
628 2716 745 2735 auctorem
758 2713 878 2740 scripsisse
888 2719 977 2742 parvos

134 2749 266 2771 sermones,
285 2744 340 2766 Bon.
354 2750 409 2766 vero
424 2747 501 2771 putat,
515 2743 592 2766 verbis
605 2744 744 2772 praenotatis
756 2744 852 2766 indicari
864 2744 941 2767 serm.
957 2743 977 2767 Ἰ.

135 2774 162 2797 de
177 2776 259 2798 saneto
284 2774 385 2798 Antonio
412 2774 538 2803 Puduano,
565 2776 586 2797 in
612 2782 659 2804 quo
684 2775 761 2803 egitur
781 2776 811 2797 de
835 2775 978 2803 expositione

135 2806 190 2828 Gen.
210 2806 249 2832 43.
266 2806 311 2828 29:
330 2806 373 2829 Iste
390 2807 423 2829 est
439 2806 516 2835 frater
535 2807 609 2829 vestm·
624 2806 757 2835 parvulus,
774 2806 802 2829 de
819 2812 865 2835 quo
882 2806 978 2829 (limera-

135 2836 164 2860 tis
180 2836 258 2859 milii?
276 2837 320 2859 Sed
346 2837 400 2859 salso
417 2838 553 2866 supposuit,
571 2838 757 2860 Bonaventuram
783 2844 834 2860 esse
859 2840 976 2860 auctorem

136 2868 204 2890 huius
219 2868 377 2890 additamenti.

197 2896 205 2910 ⁷
224 2899 252 2921 lta
270 2900 303 2926 A;
321 2899 377 2921 Bon.
393 2906 446 2921 cum
464 2900 502 2922 ed.
523 2900 530 2921 l
553 2899 647 2923 etiamsi
671 2899 718 2922 sini
742 2899 813 2928 tales,
840 2899 881 2929 qui
906 2899 977 2923 istum

135 2929 231 2953 oum-om
248 2929 371 2957 amittant,
389 2930 441 2953 lieet
457 2929 581 2960 diliqenter
598 2930 753 2954 considerent.

197 2959 206 2973 Β
223 2961 291 2989 Epist.
310 2962 324 2983 l.
341 2961 393 2984 Cor.
414 2962 432 2988 l,
449 2962 486 2984 ⁴23.
504 2968 552 2990 seq.
571 2963 613 2984 Pro
630 2962 718 2985 sanctis
736 2963 793 2984 Bon.
809 2968 862 2985 curn
879 2962 976 2990 Vulgata

136 2991 228 3015 ludaeis
244 2994 314 3021 alque
331 2992 436 3016 Graecis.

229 3039 351 3062 S.Bouu1.*.
369 3052 399 3055 —
417 3039 483 3061 Toni.
496 3039 551 3061 vlit.

1827 208 1883 237 ⁴193

1111 285 1154 309 55.
1173 285 1246 310 Nunc
1265 293 1323 317 ergo
1342 285 1482 316 perfectiori
1500 285 1526 310 et
1545 286 1639 317 puriori
1652 286 1722 311 oculo
1735 285 1885 316 intueamur,

1040 327 1162 357 quantum
1189 327 1238 352 isto
1265 327 1325 352 flore
1353 327 1466 353 floruerit
1489 328 1532 353 ille
1550 327 1596 353 flos
1615 328 1765 359 singularis,
1784 328 1813 353 de
1838 335 1886 360 quo

1040 369 1161 400 scriptum
1181 370 1219 394 est
1230 368 1267 394 ¹⁰:
1287 370 1446 401 Eyreciietur
1463 371 1538 402 virya
1551 371 1581 396 cle
1592 370 1678 396 radice
1696 371 1778 402 Iesse,
1798 373 1822 396 et
1837 371 1886 401 flos

1040 411 1069 436 de
1088 412 1175 437 radice
1193 413 1248 437 eius
1266 413 1396 445 ascendet,
1415 414 1439 438 et
1456 414 1594 445 requiescet
1604 421 1682 445 super
1694 421 1751 439 eum
1770 413 1886 445 Spiritus

1039 454 1156 479 Domini.
1174 455 1259 480 Bonus
1277 455 1336 485 flos,
1357 463 1432 488 super
1450 464 1522 488 quem
1541 457 1650 488 Spiritus
1669 457 1768 482 Domini
1782 458 1886 483 sanctus

1039 497 1184 528 requiescit;
1204 498 1229 522 et
1247 498 1305 523 licet
1322 498 1368 523 flos
1381 499 1434 528 1110,
1446 500 1533 525 noster
1552 500 1671 525 Dominus
1690 500 1775 530 Iesus,
1795 501 1837 532 qui
1856 501 1885 526 de

1040 546 1065 563 se
1083 538 1143 564 dicit
1154 538 1173 551 ¹¹
1185 549 1191 564 :
1211 539 1269 571 Eyo
1288 547 1345 565 sum
1358 540 1406 570 flos
1418 542 1516 573 campi,
1536 542 1644 567 omnium
1658 543 1684 567 in
1697 550 1722 568 se
1735 542 1824 568 florum
1837 543 1886 568 vir-

1039 581 1119 606 tutem
1147 582 1263 607 habuerit
1280 583 1306 607 et
1324 583 1434 608 decorem
1453 584 1505 609 sine
1524 584 1685 610 diminutione
1704 585 1801 617 aliqua,
1821 586 1885 611 nulli

1039 624 1123 649 tamen
1142 624 1197 650 fiori
1224 626 1304 656 magis
1327 626 1442 651 convenit
1469 634 1542 658 quam
1562 628 1653 657 violae,
1673 628 1703 653 ut
1720 629 1746 653 iu
1765 636 1792 654 eo
1811 629 1886 660 Spiri-

1039 667 1081 691 tus
1099 666 1201 692 sanctus
1220 668 1366 699 requiescat.
1385 669 1437 694 Nec
1455 677 1499 701 ego
1518 670 1563 696 hoc
1580 671 1692 700 affirmo,
1711 671 1754 696 sed
1772 672 1825 703 ipse
1842 672 1885 703 (101

1039 709 1098 734 dicit
1109 708 1146 734 ¹²:
1167 709 1249 741 Super
1268 718 1342 742 quem
1360 713 1496 743 requiescet
1515 712 1629 744 Spiritus
1647 721 1717 739 meus
1738 715 1791 740 uisi
1809 722 1885 746 super

1039 752 1160 778 humilem
1179 755 1203 777 et
1222 753 1334 784 quietum
1351 756 1375 779 et
1395 756 1539 780 trementem
1556 763 1684 782 sermones
1702 757 1794 782 meos?
1821 757 1885 787 Quid

1038 796 1173 826 apertius?
1191 796 1311 827 Nunquid
1329 803 1378 822 non
1398 798 1520 828 potuisset
1539 806 1629 829 ponere
1647 806 1729 824 rosam
1749 800 1885 830 patientiae

1038 838 1063 863 et
1081 838 1209 868 caritatis,
1236 839 1317 864 lilium
1345 840 1484 870 castitatis,
1504 848 1601 866 crocum
1620 841 1802 872 abstinentiae,
1828 849 1885 867 cum

1038 881 1114 906 vellet
1133 881 1262 907 ostendere
1282 883 1390 914 requiem
1414 883 1523 914 Spiritus
1542 884 1643 909 sancti?
1662 884 1756 914 Quibus
1776 885 1884 916 praeter-

1038 925 1134 954 missis„
1154 925 1244 949 violam
1264 925 1348 956 posuit
1365 925 1530 956 humilitatis,
1555 928 1624 952 cuius
1643 927 1801 959 pedissequae
1825 928 1885 953 sunt

1038 968 1107 999 quies
1120 968 1145 993 et
1158 968 1245 998 timor,
1265 976 1328 999 quae
1348 969 1404 999 post
1417 970 1553 1000 ponuntur.
1566 970 1623 995 Non
1636 970 1701 995 enim
1715 971 1821 1001 possunt
1836 978 1885 996 1110-

1038 1011 1090 1035 veri
1107 1011 1200 1040 violae,
1220 1011 1245 1036 id
1263 1011 1302 1036 est
1320 1011 1440 1041 humiles,
1460 1019 1475 1036 a
1493 1012 1568 1037 vento
1587 1013 1729 1044 superbiae,
1758 1014 1799 1044 qui
1821 1021 1885 1038 30111-

1039 1061 1083 1085 per
1102 1054 1200 1085 quaerit
1212 1054 1266 1079 alta
1278 1055 1364 1084 corda,
1384 1062 1447 1086 (1030
1459 1055 1598 1085 0011001131,
1612 1056 1676 1081 sieut
1689 1056 1789 1087 quidam
1802 1056 1838 1081 ait
1849 1055 1883 1081 ¹³:

1165 1141 1260 1163 Summa
1279 1141 1334 1169 petit
1351 1142 1422 1169 livor,
1439 1142 1537 1169 perflant
1554 1142 1662 1164 altissima
1679 1142 1749 1165 venti.

1039 1223 1103 1247 Dum
1116 1223 1180 1248 euim
1193 1223 1355 1248 inveniuntur
1368 1223 1481 1253 humiles,
1492 1231 1541 1249 non
1554 1224 1660 1255 possunt
1670 1225 1762 1249 moveri
1773 1223 1802 1248 ¹⁴.
1816 1224 1886 1254 Quie-

1039 1266 1112 1291 scunt
1124 1273 1183 1298 ergo
1196 1266 1221 1291 et
1234 1266 1354 1298 Spiritum
1368 1274 1443 1298 super
1456 1274 1481 1292 se
1501 1267 1665 1298 quiescentem
1678 1274 1728 1293 uon
1741 1268 1885 1299 excutiunt,

1037 1309 1096 1334 dum
1108 1317 1153 1334 nec
1165 1310 1294 1340 superbiae
1312 1317 1357 1334 nec
1375 1310 1481 1335 invidiae
1500 1310 1574 1335 vento
1586 1310 1779 1335 commoventur,
1799 1310 1846 1335 Est
1859 1311 1884 1335 et

1038 1352 1121 1382 timor,
1134 1359 1183 1378 non
1194 1352 1298 1384 quilibet
1311 1353 1449 1383 perdendae
1462 1353 1587 1384 pecuniae,
1600 1360 1650 1378 non
1662 1353 1782 1378 bonorum
1795 1354 1885 1378 transi-

1039 1395 1172 1424 toriorum,
1195 1395 1237 1420 sed
1255 1396 1330 1421 timor
1344 1403 1484 1421 sermonum
1498 1396 1597 1421 Domini
1609 1396 1760 1421 humilitatis
1780 1397 1885 1427 pedisse-

1038 1446 1104 1470 qua;
1123 1439 1194 1470 quia,
1213 1439 1271 1464 dum
1290 1439 1392 1463 humilis
1410 1439 1473 1464 nihil
1500 1439 1529 1464 de
1555 1446 1600 1464 sua
1618 1439 1712 1464 virtute
1731 1440 1882 1470 praesumit,

1039 1488 1164 1506 sermones
1191 1482 1290 1507 Domini
1309 1489 1354 1513 pro
1373 1489 1418 1507 sua
1436 1482 1603 1507 consolatione
1622 1482 1768 1511 attendens,
1788 1490 1884 1514 semper

1039 1524 1124 1554 timet,
1144 1532 1174 1550 ne
1193 1532 1243 1550 non
1261 1525 1397 1556 adimpleat
1416 1525 1562 1556 praecepta,
1576 1532 1606 1549 ne
1620 1525 1721 1550 Patrem
1734 1526 1883 1557 praecipien-

1038 1568 1089 1593 tem
1114 1576 1159 1593 sua
1184 1568 1383 1599 transgressione
1409 1568 1525 1593 offendat.
1551 1568 1635 1593 Bonus
1659 1569 1737 1600 igitur
1765 1568 1811 1593 flos
1837 1568 1884 1594 iste

1040 1611 1147 1642 quietem
1166 1618 1289 1642 generans
1308 1611 1333 1635 et
1350 1611 1478 1640 timorem,
1504 1611 1617 1636 timorem
1643 1611 1728 1642 utique
1747 1611 1884 1643 genitorem

1038 1653 1194 1683 securitatis,
1209 1654 1278 1685 quia,
1293 1654 1357 1679 sicut
1370 1654 1490 1685 scrIptum
1503 1654 1542 1679 est
1553 1653 1587 1684 ¹⁵,
1602 1654 1647 1685 qui
1659 1654 1730 1679 timet
1742 1655 1885 1679 Dominum

1037 1696 1115 1727 faciet
1134 1697 1218 1727 bouem
1238 1704 1282 1728 pro
1301 1697 1390 1728 quibus
1409 1697 1482 1722 factis
1501 1697 1559 1728 quid
1578 1697 1679 1722 dabitur
1698 1697 1815 1723 mercedis
1834 1698 1882 1722 nisi

1038 1738 1159 1764 securitas
1179 1739 1352 1770 sempiterna?

1109 1782 1151 1807 56.
1169 1782 1255 1808 Bonus
1274 1782 1383 1813 profecto
1402 1782 1447 1808 flos
1466 1783 1545 1812 viola,
1565 1783 1607 1814 qui
1634 1783 1719 1808 florem
1738 1783 1882 1814 caelestem,

1037 1825 1147 1850 Verbum
1165 1826 1261 1851 aeterni
1279 1826 1364 1851 Patris
1384 1827 1409 1851 in
1428 1826 1527 1851 uterum
1545 1826 1639 1852 terreni
1666 1826 1748 1856 floris,
1772 1827 1883 1852 beatissi-

1037 1875 1091 1893 mae
1109 1868 1235 1900 Virginis,
1254 1868 1358 1893 mirifica
1377 1869 1504 1894 dulcedine
1523 1869 1561 1893 301
1583 1869 1664 1894 odoris
1683 1869 1803 1899 attraxit,
1828 1869 1884 1901 ipsa

1036 1912 1183 1941 attestante,
1197 1919 1259 1944 quae
1272 1907 1308 1937 ait
1318 1911 1353 1936 ¹⁶:
1368 1912 1519 1937 Exsultcwit
1530 1912 1639 1943 spiritus
1651 1919 1722 1937 meus
1736 1913 1762 1937 iu
1776 1913 1831 1938 Deo
1845 1920 1884 1938 sco-

1038 1955 1120 1980 Zutari
1137 1962 1206 1985 meo,
1226 1955 1289 1986 quia
1302 1955 1412 1986 respexit
1424 1955 1595 1980 humilitatem
1614 1955 1725 1980 anciliae
1738 1963 1808 1981 suae.
1821 1955 1884 1985 Quid

1037 1998 1118 2023 dicis?
1137 1998 1257 2029 Nunquid
1275 2005 1325 2023 non
1344 1998 1406 2023 alios
1425 1998 1498 2023 flores
1525 1997 1623 2023 habes?
1650 1998 1750 2027 Habeo,
1774 1999 1884 2030 inquam.

1037 2041 1099 2066 Tota
1118 2041 1183 2066 enim
1203 2041 1291 2070 floreo,
1310 2041 1405 2065 nullius
1424 2040 1491 2066 floris
1511 2048 1609 2072 expers,
1629 2042 1687 2072 quia.
1705 2041 1776 2066 nulla
1790 2041 1884 2066 virtute

1036 2091 1121 2113 careo,
1134 2091 1189 2109 cum
1209 2083 1264 2109 tota
1283 2084 1393 2115 speciosa
1412 2084 1472 2113 sim,
1492 2084 1517 2108 et
1536 2084 1633 2108 macula
1651 2091 1700 2109 non
1721 2084 1792 2109 sitin
1806 2083 1884 2109 me¹⁷.

1036 2127 1122 2152 Habeo
1140 2127 1220 2152 lilium
1239 2126 1378 2156 castitatis,
1398 2127 1456 2158 quia
1483 2127 1564 2158 prima
1592 2127 1677 2152 votum
1702 2127 1884 2152 conservandae

1036 2169 1191 2201 virginitatis
1211 2170 1267 2194 vovi
1286 2169 1399 2194 Domino.
1419 2169 1504 2194 Habeo
1524 2177 1606 2195 rosam
1625 2170 1752 2199 caritatis,
1772 2170 1843 2201 quia,
1864 2171 1884 2194 si

1036 2220 1086 2238 non
1105 2220 1182 2244 usque
1208 2213 1268 2237 adeo
1293 2213 1433 2237 dilexissem
1461 2212 1608 2242 Dominum,
1634 2213 1698 2237 unde
1726 2212 1786 2237 mihi
1811 2213 1884 2238 tanta

1037 2255 1139 2284 fiducia,
1171 2255 1235 2280 unde
1266 2255 1327 2279 mihi
1357 2255 1430 2279 tanta
1461 2255 1577 2285 audacia,
1608 2255 1637 2279 ut
1668 2262 1758 2280 novum
1791 2255 1883 2286 aliquid

1699 2460 1717 2468 ,ρ

1098 2463 1108 2477 ⁹
1125 2464 1181 2487 Cod.
1198 2465 1215 2487 A
1234 2470 1317 2487 verum
1334 2464 1412 2487 etiam.

1098 2495 1118 2508 ²⁰
1135 2496 1184 2518 lsai.
1203 2496 1239 2523 ll,
1258 2496 1278 2518 l.
1295 2502 1343 2524 seq.
1361 2508 1391 2511 —
1410 2495 1522 2523 Superius
1546 2501 1589 2523 pro
1611 2495 1680 2518 Nunc
1697 2500 1753 2524 erqo
1775 2495 1793 2517 A
1814 2494 1883 2518 Nunc

1037 2533 1151 2580 Uero'nef]
1164 2533 1210 2555 quo
1228 2526 1327 2579 subinde
1345 2530 1396 2577 {⁰³1
1414 2528 1532 2580 quantum
1549 2526 1711 2579 supplevimus
1729 2525 1773 2549 isco
1791 2525 1858 2554 flore.

1153 2560 1198 2580 ant.
1216 2559 1243 2585 2,
1262 2569 1282 2580 v.
1301 2570 1329 2573 —
1348 2558 1460 2585 „uperius
1511 2558 1594 2579 omittit
1618 2557 1655 2580 zie.

1098 2588 1117 2601 ¹²
1135 2589 1184 2611 lsai.
1202 2589 1244 2616 66,
1263 2589 1289 2616 2,
1307 2588 1346 2611 ubi
1365 2589 1568 2616 Septuagintazfit
1581 2594 1652 2616 super
1669 2594 1739 2617 quem
1760 2589 1882 2616 respiciam

1035 2620 1078 2642 nisi
1096 2622 1154 2648 etc.;
1172 2620 1286 2648 Vulgata:
1303 2620 1338 2642 Ad
1355 2626 1426 2648 quem
1444 2623 1521 2642 autom
1539 2620 1661 2647 respiciam
1679 2619 1720 2642 nisi
1738 2620 1769 2642 ad
1786 2626 1883 2648 pauper-

1035 2652 1112 2674 culum
1130 2654 1152 2673 et
1169 2652 1292 2674 contritum
1310 2651 1391 2679 spiritu
1410 2654 1432 2673 et
1449 2653 1585 2673 trementem
1603 2654 1646 2673 etc.

1098 2680 1117 2695 ¹⁸
1134 2682 1215 2710 Ovid.‚
1232 2683 1328 2705 Remed.
1347 2683 1446 2709 amoris,
1463 2689 1486 2704 v.
1504 2682 1557 2704 369.

1098 2713 1117 2726 ¹⁴
1135 2713 1193 2736 Cod.
1209 2714 1226 2735 A
1245 2713 1395 2736 commoveri.

1099 2744 1118 2757 ¹⁵
1135 2745 1201 2767 Eccli.
1220 2744 1261 2773 15,
1280 2745 1300 2766 l.
1318 2745 1360 2766 Pro
1380 2744 1506 2767 Dominum
1525 2744 1563 2772 (ita
1581 2744 1608 2773 A)
1626 2744 1682 2767 Bon.
1706 2750 1759 2767 cum
1783 2744 1881 2772 Vulgata

1035 2779 1057 2798 et
1074 2776 1111 2798 ed.
1130 2776 1138 2797 «l
1162 2776 1242 2798 Deum.
1260 2787 1291 2792 —
1307 2776 1419 2803 Superius
1436 2778 1487 2798 ante
1505 2774 1586 2805 utique
1603 2782 1628 2798 ex
1646 2776 1665 2798 A
1682 2775 1845 2804 supplevimus
1857 2775 1882 2799 ti-

1035 2812 1139 2832 morem,
1157 2809 1179 2829 et
1197 2810 1248 2834 post
1264 2806 1320 2836 quui
1338 2807 1470 2830 addidimus
1486 2806 1553 2830 sieut.

1098 2837 1118 2850 ¹⁶
1135 2838 1188 2860 Luc.
1211 2839 1228 2865 l,
1247 2838 1282 2860 47.
1300 2844 1348 2867 seq.
1366 2851 1396 2854 —
1413 2838 1470 2861 Cod.
1487 2839 1505 2860 A
1523 2844 1583 2867 quae
1600 2837 1627 2861 de
1643 2844 1667 2861 se
1683 2838 1724 2862 ait.

1098 2868 1117 2881 ²⁷
1135 2868 1199 2892 Cant.
1216 2869 1242 2896 14,
1258 2869 1288 2891 7:
1307 2870 1363 2892 Tota
1381 2869 1459 2898 pulcra
1477 2875 1509 2898 es,
1526 2869 1598 2892 amica
1617 2875 1679 2897 mea,
1691 2872 1713 2892 et
1730 2870 1818 2892 macula
1836 2876 1880 2891 non

1035 2903 1069 2922 est
1086 2900 1109 2922 in
1127 2903 1154 2923 te.
1173 2912 1203 2917 —
1221 2900 1253 2922 De
1269 2907 1318 2929 seq.
1336 2901 1493 2929 propositione
1510 2902 1550 2923 cfr.
1569 2901 1687 2927 Damaso„
1705 2901 1787 2923 ilomil.
1815 2902 1833 2924 Ι.
1858 2901 1880 2923 in

1036 2932 1201 2954 Dormitionem
1222 2932 1244 2953 B.
1263 2933 1289 2954 V.
1307 2932 1403 2959 Mariae,
1421 2938 1443 2955 n.
1460 2932 1486 2960 7,
1504 2935 1527 2954 et
1543 2932 1642 2960 Bouav„
1660 2933 1696 2955 lv.
1720 2932 1782 2954 Scnt.
1800 2932 1823 2954 d.
1843 2933 1880 2954 30.

1035 2969 1058 2992 (1.
1076 2964 1105 2990 ‘23
1124 2963 1177 2985 vide
1195 2963 1262 2985 etiam
1282 2963 1337 2986 infra
1356 2970 1378 2986 n.
1397 2964 1433 2986 63.

1757 3043 1786 3064 ην,

1898 292 1942 334 231⁴ss
1956 292 2029 335 ’ἓὲἳέ11

1899 1791 1945 1810 Item
1957 1791 1981 1809 ad
1994 1791 2016 1810 B.

1927 1815 1950 1833 V.
1964 1814 1989 1833 Μ.
